4004 5340
1675 22 2504 155 ELENCHUS

525 345 1037 412 AUCTORUM
1077 348 1198 411 ET
1239 350 1632 416 OPERUM
1673 355 1832 431 QUI
1874 355 1974 417 IN
2007 357 2194 420 HOC
2225 358 2488 420 ’.ιόΠο
2521 357 2890 420 (XXXIII
2929 359 3609 426 communia.

1701 615 2494 656 ——-—.<>.————

1461 833 1524 895 S.
1572 833 1740 895 ODO
1784 835 2038 896 ABBAS
2081 835 2670 904 CLUNIACENSIS.

681 955 982 1036 Elogium
1023 935 1405 1020 historicum
1439 962 1700 1022 auctore
1727 958 2125 1023 Mabillonio.
3431 973 3473 1034 9

678 1056 952 1122 Morales
983 1060 1058 1121 In
1083 1057 1226 1122 Job.
3356 1074 3472 1135 105

670 1155 763 1217 De
789 1155 861 1218 B.
885 1154 1162 1219 Martino
1190 1156 1336 1218 Anti
1343 1156 1574 1237 phonae
1608 1175 1722 1220 xu.

2479 1209 2495 1222 ..
2555 1213 2641 1249 μ’
2932 1214 2980 1224 .-
3353 1179 3469 1239 513

681 1253 924 1333 Hymni
956 1261 1256 1334 quatuor.

3353 1284 3470 1346 513

670 1351 1089 1420 Collationes.
3355 1389 3472 1450 517

679 1456 772 1518 De
804 1456 951 1520 Vita
981 1458 1188 1521 sancti
1217 1459 1466 1525 Geraldi
1497 1465 1962 1534 Auriliacensis
1994 1473 2272 1540 comitis.
2937 1559 2940 1564 ν
3353 1491 3472 1550 639

668 1554 1014 1620 Sermones
1046 1559 1361 1641 quinque.
2937 1559 2940 1564 ’
3353 1591 3472 1651 709

670 1654 1003 1736 Opuscula
1037 1659 1119 1724 de
1148 1661 1418 1728 Musica.
3350 1691 3462 1752 751

1587 1785 1970 1852 CAPPIDUS
2015 1791 2160 1854 STA
2173 1795 2553 1862 VRIENSIS.
2979 1893 2985 1898 ι

675 1895 770 1958 De
809 1895 952 1960 Vita
989 1901 1194 1962 sancti
1231 1901 1444 1966 Odulﬁ
1474 1908 1858 1988 presbyteri.
2979 1895 2985 1898 ⁷
3347 1938 3466 2001 858

1695 2034 2056 2100 MARINUS
2097 2040 2300 2103 PAPA
2349 2043 2431 2106 ιι.
2929 2031 2984 2064 ”⁷

673 2146 982 2225 Epistolae
1014 2157 1074 2212 et
1107 2150 1467 2232 privilegia.
3340 2190 3465 2251 863

1403 2275 1720 2343 COSMAS
1762 2282 2116 2349 JAPYGUS
2159 2289 2711 2360 MATERIENSIS.

675 2387 970 2454 Carmen.
3345 2429 3463 2490 879

1142 2508 1518 2575 'JOANNES
1561 2515 1849 2580 ITALUS
1894 2521 2461 2589 CLUNIACENSIS
2503 2531 2962 2600 MONACHUS.

674 2631 984 2711 Prologus
1015 2633 1083 2696 in
1116 2635 1382 2699 Librum
1413 2655 1605 2700 suum
1640 2640 1720 2703 de
1749 2642 2098 2709 Miraculis.
3341 2677 3460 2738 883

1283 2759 1788 2827 LAURENTIUS
1830 2766 2329 2837 CASSINENSIS
2371 2779 2808 2848 MONACHUS

667 2877 892 2940 Sermo
935 2876 1004 2939 in
1048 2877 1288 2958 vigiliis
1327 2881 1390 2943 S.
1435 2883 1790 2950 Benedicti.
3344 2923 3465 2985 335

1635 3011 2090 3094 AGAPETUS
2134 3022 2336 3086 ΡΛΡΛ
2383 3027 2463 3088 II.

676 3126 984 3197 Epistolae
1013 3137 1072 3194 et
1102 3132 1464 3214 privilegia.
1680 3106 1693 3122 ’
1815 3209 1818 3213 _

3342 3173 3461 3236 889

1236 3252 1298 3312 S.
1345 3252 1513 3315 ODO
1555 3255 2227 3329 AﬁCHIEPISCOPUS
2269 3270 2920 3345 CANTUARIENSIS.

668 3368 974 3448 Epistola.
3343 3423 3461 3485 9/15

667 3466 1203 3536 Conslitutiones.

669 3569 954 3647 Epistola
989 3574 1343 3653 synodalis.

1377 3701 1675 3768 RORICO
1723 3709 2269 3780 LAUDUNENSIS
2310 3723 2750 3792 EPISCOPUS.

666 3810 1082 3878 Constitutio.

3340 3865 3451 3928 951

1197 3937 1687 4009 ARTHALDUS
1729 3950 2185 4018 RHEMENSIS
2230 3959 2922 4035 ARCHIEPISCOPUS.

672 4047 962 4127 Epistola
1002 4054 1080 4116 ad
1117 4063 1441 4136 synodum
1472 4069 1644 4147 apud
1674 4071 2028 4151 Ingelheim
2061 4090 2528 4160 congregatam.
3340 4111 3458 4174 958

1215 4159 1671 4269 οΡΑιΒιρυξ
1713 4173 2170 4242 RHEMENSIS
2212 4185 2900 4269 ARCHIEPISCOPUS.
2953 4243 2956 4248 -

664 4246 994 4314 Sententia
1027 4261 1246 4320 contra
1273 4259 1452 4325 fures
1485 4267 1856 4347 sacrilegos.

3339 4311 3456 4370 965

884 4373 1392 4446 SIGEHABDUS
1433 4387 1874 4454 MONACHUS
1918 4396 2202 4461 SANCTI
2247 4405 2639 4472 ΜΑΧΙΜΙΝΙ
2687 4417 3228 4488 TREVIRENSIS.

671 4491 762 4554 De
799 4495 1136 4564 miraculis
1169 4505 1375 4568 sancti
1405 4509 1764 4575 Maximini.
3337 4556 3454 4616 965

1199 4632 1752 4717 ERIDEGODUS
1799 4640 2376 4714 BENEDICTINUS
2417 4656 2876 4727 MONACHUS.

660 4741 752 4804 De
789 4745 931 4809 Vita
962 4753 1165 4815 sancti
1203 4732 1512 4821 Wilfridi.
3336 4805 3454 4865 979

1661 4888 2017 4956 JOANNES
2059 4898 2152 4958 PA
2166 4899 2266 4960 ΡΛ
2307 4902 2448 4964 XII.

667 4983 964 5062 Epistolae
1002 4997 1060 5053 et
1094 4997 1429 5079 privilegia
1973 5016 1984 5028 “
3302 5052 3454 5112 1013
