4004 5340
1259 315 1537 327 ~-

1546 315 1788 327 ι*-

285 380 290 382 _
348 319 353 380 Ι
663 317 822 330 ___
921 317 1415 372 ἐξεῖπε-η
1484 318 1599 327 ___

1792 312 2112 324 ——-—-—-——0

1079 313 3528 374 Ἥ

1079 358 1907 371 “ﬂ

1474 447 1645 489 ANNO
1692 445 1923 489 DOMINI
1968 445 2319 490 DCCCCXLIJ.

772 756 789 771 .
943 607 2166 776 SANCTUS
2323 611 2844 776 ODO

1518 879 1743 936 ABBAS
1778 880 2295 939 CLUNIACENSIS.

1295 1002 2502 1212 ΡΒΟιΕξὸΜΕΝΑ.

1715 1323 2125 1337 *α-

457 1451 546 1551 S.
628 1449 974 1551 ODONIS
1043 1447 1477 1549 ELOGIUM
1548 1444 2138 1545 HISTORICUM
2210 1442 2663 1543 AUCTORE
2718 1444 3354 1551 MABILLONIO.

1107 1649 1249 1710 (Acta
1274 1650 1559 1699 Sanctorum
1582 1648 1768 1699 ordinis
1792 1648 1843 1698 S.
1877 1646 2152 1708 Benedicti,
2188 1658 2305 1700 saec.
2331 1646 2391 1706 V,
2417 1658 2529 1709 pag.
2552 1643 2685 1709 124.)

370 1911 498 1969 Cn.
531 1909 574 1966 ι.
613 1938 684 1949 -
732 1906 867 1963 Vita:
912 1916 1214 2031 σενψιῖτρε,
1256 1906 1471 1981 ejusque
1505 1915 1745 1984 parentes

927 1990 974 2031 et
1012 1996 1074 2031 ua
1106 1994 1207 2031 na.

927 1990 974 2033 et
1011 1990 1207 2048 patrm.

253 2110 258 2113 -
338 2077 384 2132 l.
427 2083 542 2134 Etsr
589 2082 680 2129 res
727 2088 759 2128 a
808 2078 996 2126 sancto
1047 2070 1236 2127 Odone
1287 2080 1468 2143 gestas
1533 2073 1852 2144 scripserint

265 2174 515 2222 auctores
542 2163 666 2231 duo,
696 2160 933 2217 Joannes
959 2160 1164 2217 scilicet
1190 2169 1350 2231 atque
1371 2161 1662 2234 Nalgodus,
1690 2164 1850 2221 ambo

265 2256 515 2313 monachi
545 2254 961 2320 Cluniacenses;
994 2251 1160 2308 multa
1202 2251 1553 2309 nihilominus
1605 2256 1673 2310 ab
1721 2256 1850 2325 ipsis

262 2346 628 2421 praetermissa
657 2354 803 2413 sunt,
835 2362 954 2417 qua:
980 2345 1031 2400 in
1062 2346 1481 2402 commentarios
1526 2344 1714 2401 referri
1743 2362 1851 2402 me-

261 2453 475 2497 rentur.
509 2441 850 2510 Quapropter
887 2455 957 2495 ne
989 2439 1094 2493 viri
1150 2439 1218 2495 de
1254 2453 1314 2495 re
1368 2438 1582 2509 publica
1624 2439 1852 2494 Benedi-

258 2532 409 2588 ctina
436 2547 601 2601 quam
631 2530 831 2601 optime
858 2529 1037 2584 meriti
1076 2527 1220 2584 facta
1268 2530 1508 2601 segniter
1549 2531 1849 2600 exquisisse

260 2623 565 2686 videamur,
624 2620 832 2677 duobus
885 2618 991 2675 illis
1044 2618 1399 2689 scriptoribus
1452 2620 1682 2688 elogium
1734 2619 1850 2687 ejus

261 2712 583 2768 historicum
627 2711 959 2783 praemittere
986 2708 1157 2780 juvat,
1206 2710 1260 2764 in
1298 2725 1406 2779 quo
1433 2725 1518 2765 res
1544 2711 1611 2766 ab
1640 2710 1721 2764 eis
1762 2710 1847 2764 in-

262 2812 423 2859 tacta:
448 2843 463 2869 ,
496 2810 589 2856 aut
622 2815 729 2856 non
759 2800 892 2856 satis
937 2800 1217 2871 explicatae
1255 2799 1583 2869 exponenda:
1620 2807 1764 2854 sunt.

332 2891 404 2955 Et
445 2892 620 2961 primo
666 2891 884 2961 quidem
926 2891 1095 2946 ordiri
1149 2890 1303 2945 decet
1351 2890 1419 2945 ab
1476 2888 1594 2944 istis
1641 2890 1848 2945 duobus

256 2968 602 3053 auctoribus,
626 3002 855 3057 quorum
882 2986 1090 3057 primus
1117 2983 1352 3041 Joannes
1388 2983 1658 3040 fortunam
1694 3002 1848 3042 suam

261 3080 384 3149 ipse
406 3077 849 3133 commemoravit
868 3077 1098 3146 sparsim
1127 3075 1181 3131 in
1211 3075 1384 3131 tribus
1405 3076 1470 3130 de
1492 3075 1678 3131 Odone
1697 3075 1849 3131 libel-

260 3170 352 3236 lis,
383 3185 523 3240 quos
570 3168 628 3223 in
674 3170 809 3225 duos
854 3167 1123 3224 contrahit
1164 3168 1337 3222 codex
1393 3168 1843 3237 compcndiensis.

1874 1921 1925 1980 Α
1956 1906 2092 1961 ricm
2131 1912 2432 1975 temporum
2461 1903 2796 1959 factorumre
2829 1902 3075 1959 ordinem
3096 1905 3232 1960 satis
3260 1905 3533 1964 observat.

2015 1998 2071 2053 2.
2118 1996 2212 2051 llis
2239 1994 2590 2051 incommodis
2611 2008 2899 2050 occurrere
2920 1994 3104 2049 volens
3130 1993 3400 2067 Nalgodus
3422 2014 3538 2055 mo~

1946 2089 2170 2152 nachus,
2201 2085 2426 2143 Joannis
2453 2085 2882 2142 lucubrationem
2916 2086 2969 2140 in
2997 2088 3373 2156 compendium
3424 2104 3539 2146 me-

1948 2180 2244 2249 lioremque
2293 2179 2541 2233 ordinem
2603 2177 2850 2248 redigere
2888 2191 3184 2251 aggressus
3244 2188 3347 2244 est,
3393 2181 3539 2249 quod

1948 2269 2078 2324 item
2112 2268 2366 2339 praestitit
2390 2268 2457 2322 de
2497 2267 2668 2321 sancti
2698 2266 2876 2320 Maioli
2903 2269 3032 2322 vita.
3066 2266 3362 2337 Nalgodum
3391 2268 3538 2324 Odo—

1947 2357 2033 2413 nis
2064 2375 2082 2409 ι
2109 2356 2428 2425 discipulum
2457 2375 2477 2408 ι
2520 2356 2754 2425 appellat
2798 2356 2989 2411 Petrus
3013 2357 3076 2410 de
3107 2358 3241 2412 ltivo
3270 2358 3325 2411 in
3369 2358 3534 2413 chro~

1947 2449 2071 2504 nico
2112 2447 2477 2513 Cluniacensi,
2532 2461 2766 2517 euntque
2813 2460 2933 2501 esse
2984 2449 3166 2513 tradit,
3213 2448 3306 2517 qui
3364 2467 3381 2500 ι
3410 2453 3537 2518 post

1948 2541 2232 2597 decessum
2262 2539 2432 2609 ipsius
2480 2537 2652 2592 sancti
2693 2536 2899 2594 Odonis
2920 2537 3086 2592 vitam
3114 2539 3229 2609 ejus
3270 2549 3325 2594 et
3365 2539 3535 2595 mira-

1948 2633 2071 2688 cula
2101 2631 2400 2687 luculenter
2423 2627 2727 2699 descripsit.
2755 2648 2775 2682 ι
2806 2627 3134 2684 Godel‘ridns
3162 2628 3537 2686 lienschenius

1949 2725 2003 2779 in
2030 2724 2168 2779 Maio
2195 2724 2249 2778 id
2284 2724 2672 2791 interpretatur
2696 2719 2762 2773 de
2788 2720 2897 2773 vita
2933 2720 3108 2773 sancti
3140 2718 3341 2785 Maioli,
3372 2718 3529 2788 cujus

1949 2815 2268 2885 discipulum
2294 2812 2462 2868 fuisse
2506 2810 2804 2882 Nalgodum
2833 2810 3106 2880 opinatur.
3141 2808 3338 2863 Verum
3379 2810 3537 2866 annis

1946 2917 2069 2980 post
2094 2906 2334 2964 Odonem
2384 2923 2402 2957 ‹
2429 2904 2546 2960 fere
2573 2904 2821 2958 ducentis
2840 2943 2856 2969 ,
2884 2922 2903 2955 ι
2934 2911 3055 2972 post
3086 2902 3334 2957 Maiolum
3374 2901 3537 2972 paulo

1947 3002 2150 3066 minus,
2175 3000 2386 3055 vivebat
2412 2996 2703 3069 Nalgodus,
2732 2996 2785 3051 id
2808 2997 2951 3066 quod
2970 2996 3083 3065 ipse
3105 2997 3304 3052 diserte
3331 2998 3529 3052 asserit

1947 3108 2100 3148 num.
2116 3090 2208 3157 29,
2223 3089 2478 3145 nimirum
2494 3088 2712 3144 Urbano
2724 3086 2958 3143 secundo
2977 3086 3249 3156 pontifice,
3267 3097 3360 3143 aut
3379 3094 3528 3143 certe

1948 3192 2072 3254 post
2097 3183 2296 3253 ipsum,
2335 3196 2402 3236 ex
2434 3194 2583 3234 num.
2607 3177 2696 3232 25.
2721 3178 2974 3233 Auctoris
2997 3178 3152 3233 istius
3183 3179 3531 3248 scriptionem

265 3257 388 3314 Fuit
408 3260 456 3315 is
482 3259 703 3315 natione
744 3257 930 3325 Italus,
965 3257 1142 3330 patria
1185 3259 1478 3324 Romanus,
1507 3259 1845 3329 professione

1951 3275 2120 3329 tribus
2146 3272 2368 3329 Joannis
2397 3270 2593 3326 libellis
2613 3269 2893 3324 minutiori
2931 3268 3244 3324 charactere
3268 3268 3538 3337 subjicere

265 3351 581 3417 canonicus,
619 3366 779 3422 quem
807 3349 923 3406 Odo
961 3350 1189 3406 Romam
1228 3364 1369 3405 anno
1392 3350 1517 3430 .959
1548 3350 1843 3421 profectus,

265 3460 446 3501 secum
486 3446 614 3499 inde
668 3444 893 3499 adduxit
935 3443 1183 3500 Ticinum
1217 3457 1409 3514 usque,
1441 3443 1621 3515 ibique
1661 3460 1847 3500 mona-

276 3536 436 3591 chum
468 3534 726 3600 instituit,
753 3548 822 3590 ex
860 3535 952 3590 lib.
980 3551 998 3590 1
1050 3550 1200 3591 num.
1230 3534 1265 3589 2
1291 3543 1346 3591 et
1382 3534 1436 3590 4.
1472 3534 1609 3589 Tum
1639 3551 1763 3591 eum
1791 3536 1847 3590 in

268 3621 724 3701 peregrinationis
766 3627 970 3683 socium
1000 3642 1306 3692 assumens,
1341 3626 1463 3682 dein
1491 3628 1726 3697 priorem
1758 3643 1849 3682 or-

271 3720 493 3785 dinavit,
530 3725 593 3773 ut
615 3717 811 3789 legitur
839 3732 948 3773 non
979 3716 1147 3773 semel
1173 3716 1229 3772 in
1263 3714 1358 3771 lib.
1390 3732 1455 3780 ιι,
1481 3730 1670 3785 nempe
1695 3731 1845 3771 num.

271 3808 325 3878 4,
353 3810 384 3865 7
410 3818 467 3866 et
494 3808 583 3876 10,
616 3808 877 3874 Cluniaei,
923 3823 993 3863 an
1034 3806 1221 3864 Romae
1251 3807 1319 3863 ad
1359 3805 1418 3862 S.
1448 3806 1694 3873 Paulum,
1730 3823 1851 3879 quae

272 3902 536 3959 dubitatio
582 3901 717 3958 oriri
768 3908 948 3972 potest
994 3900 1293 3957 conferenti
1340 3916 1486 3955 num.
1549 3899 1617 3955 10
1658 3909 1712 3956 et
1756 3900 1847 3956 21.

273 3990 513 4063 Denique
539 3990 775 4049 Joannes
801 4008 861 4049 se
886 3992 1164 4065 Neapolim
1217 4012 1237 4045 ‹
1262 3995 1579 4050 monasterii
1630 3995 1713 4050 sui
1760 4010 1852 4050 co-

271 4095 430 4158 gente
458 4088 784 4143 necessitate
816 4086 1040 4141 missum
1063 4106 1081 4140 ι
1126 4085 1293 4143 fuisse
1319 4094 1547 4142 testatur
1575 4103 1725 4142 num.
1758 4086 1849 4142 21.

270 4174 559 4233 Biennium
592 4177 947 4249 eomputatin
973 4176 1066 4233 lib.
1127 4192 1210 4242 tu,
1257 4192 1405 4232 num.
1438 4175 1491 4242 5,
1523 4186 1693 4234 totum
1723 4176 1852 4233 illud

271 4268 533 4339 temporis
557 4268 811 4339 spatium,
851 4282 959 4338 quo
985 4267 1187 4324 Odonis
1228 4268 1408 4325 socius
1440 4268 1561 4323 fuit.
1586 4268 1690 4324 Per
1710 4267 1853 4325 istud

272 4358 616 4415 intervallum
661 4360 922 4431 quidquid
952 4361 1007 4415 in
1035 4359 1244 4417 Odonis
1279 4362 1344 4416 de
1370 4361 1485 4430 ipso
1520 4362 1677 4416 dictis
1699 4361 1853 4430 quid-

273 4448 396 4518 quid
428 4451 486 4503 in
516 4447 681 4505 factis
711 4448 824 4518 (sic
872 4450 1018 4505 enim
1073 4450 1186 4506 lere
1227 4448 1525 4521 prrefatur)
1564 4449 1854 4506 observare

271 4539 465 4606 potuit,
497 4549 685 4609 postea
719 4538 916 4595 litteris
944 4540 1238 4607 mandavit,
1269 4540 1388 4594 aliis
1412 4542 1572 4595 rebus
1609 4542 1849 4607 omissis,

1944 3363 2231 3419 statuimus
2257 3369 2479 3431 propter
2508 3358 2791 3414 nonnullas
2831 3358 2899 3414 de
2944 3366 3120 3414 morte
3161 3369 3216 3413 et
3260 3359 3536 3429 sepultura

1947 3455 2149 3512 Odonis
2183 3453 2439 3524 aliasque
2456 3450 2917 3516 circumstantias,
2944 3466 3064 3521 qua:
3106 3450 3246 3521 apud
3274 3450 3538 3506 Joannem

1947 3565 2056 3604 non
2086 3547 2357 3620 leguntur.
2388 3543 2594 3601 Odonis
2625 3554 2748 3600 cum
2792 3543 2951 3599 laude
2986 3543 3351 3599 meminerunt
3379 3541 3537 3599 multi

1946 3636 2038 3690 alii
2072 3643 2341 3698 auctores,
2365 3648 2597 3702 quorum
2639 3630 2873 3687 indicem
2919 3631 3140 3687 exhibet
3179 3630 3441 3686 Chesnius
3480 3632 3537 3686 in

1949 3726 2090 3780 notis
2115 3725 2183 3779 ad
2232 3723 2619 3779 bibliothecam
2662 3710 3095 3779 Cluniacensem.
3123 3722 3182 3775 ln
3212 3723 3296 3777 his
3322 3721 3441 3778 fuse
3467 3722 3535 3778 de

1948 3825 2135 3871 sancto
2152 3813 2336 3870 Odone
2358 3814 2470 3884 agit
2497 3812 2690 3868 Petrus
2716 3813 2996 3883 Equilinus
3031 3812 3085 3866 in
3115 3810 3208 3868 lib.
3227 3827 3281 3877 κ,
3320 3827 3442 3883 cap.
3473 3811 3533 3872 8.

2018 3906 2073 3960 5.
2109 3905 2412 3974 Antequam
2436 3903 2502 3958 de
2522 3902 2709 3958 Odone
2736 3901 3079 3957 Cluniacensi
3100 3902 3283 3957 dicere
3311 3902 3534 3973 incipio,

1949 4012 2056 4052 non
2097 3995 2164 4051 ab
2193 4010 2252 4051 re
2280 3994 2384 4050 erit
2416 3994 2727 4058 observare,
2761 3994 2894 4047 duos
2938 3993 3075 4046 alios
3118 4002 3315 4064 praeter
3356 3994 3537 4063 ipsum

1950 4088 2138 4143 eodem
2164 4100 2279 4141 aevo
2305 4083 2584 4140 exstitisse
2613 4083 2854 4138 illustres
2893 4081 3134 4151 ejusdem
3172 4083 3407 4139 nominis
3436 4086 3537 4140 ab-

1949 4177 2122 4243 butes,
2155 4191 2321 4230 unum
2357 4174 2799 4237 Masciaccnsem,
2828 4171 3057 4227 alterum
3086 4174 3253 4228 sancti
3283 4172 3540 4230 Maxentii

1951 4268 2090 4338 apud
2112 4266 2382 4322 Pictones.
2416 4266 2493 4320 De
2514 4262 2865 4320 Masciacensi
2891 4265 3031 4336 apud
3056 4265 3327 4337 Biturigas
3356 4281 3538 4323 coeno-

1953 4360 2041 4413 bio
2069 4358 2369 4413 revocanda
2402 4366 2528 4412 sunt
2555 4372 2619 4411 ea
2650 4372 2769 4427 qua:
2795 4357 2846 4411 in
2870 4348 3044 4427 elogio
3071 4356 3335 4412 Bernonis
3371 4358 3536 4414 abba-

1955 4451 2023 4505 tis
2053 4449 2302 4521 superius
2332 4450 2587 4505 diximus.
2616 4450 2705 4504 lsti
2736 4449 2853 4503 loco
2882 4460 3003 4519 post
3038 4449 3341 4503 Bernonem
3370 4446 3537 4504 suﬂ‘e-

1954 4553 2073 4598 ctus
2127 4541 2244 4597 Odo
2285 4542 2681 4607 Cluniacensis,
2733 4541 3083 4611 proabbatem
3133 4538 3208 4594 ibi
3257 4542 3541 4595 constituit

274 4642 405 4696 quas
434 4641 551 4684 tum
588 4630 658 4685 ab
703 4629 930 4686 Arnulfo
982 4632 1236 4702 magistro
1266 4646 1386 4696 suo,
1445 4639 1556 4686 tum
1602 4632 1670 4687 ab
1704 4632 1851 4687 Huc-
1881 4620 1926 4682 Ο
1957 4634 2060 4689 sibi
2087 4634 2483 4704 cognominem,
2526 4635 2617 4704 qui
2652 4652 2671 4685 ι
2707 4649 2848 4687 anno
2872 4632 2975 4687 935
3005 4634 3172 4689 abbas
3202 4635 3482 4688 ordinatus
3514 4655 3533 4688 ›

274 4719 423 4776 berto
451 4718 741 4776 Tiburtino
763 4723 1033 4792 episcopo,
1063 4734 1174 4778 tum
1213 4738 1243 4777 a
1277 4722 1545 4778 Laudrico
1588 4725 1855 4780 monacho

276 4818 330 4865 et
350 4810 714 4867 Hildebranno
758 4813 1049 4883 prteposito
1074 4829 1171 4869 suo
1215 4814 1281 4869 de
1311 4813 1496 4871 OJone
1539 4816 1853 4871 resciverat.

278 4899 477 4974 Nempe
500 4904 546 4959 is
570 4904 793 4960 suismet
819 4906 1082 4960 duntaxat
1107 4905 1275 4961 oculis
1302 4913 1462 4976 atque
1489 4904 1690 4963 Odonis
1716 4908 1856 4963 rela-

277 4995 355 5049 tui
403 4994 622 5060 ﬁdebat,
669 4995 874 5049 utinam
902 4994 1080 5050 minus
1125 4997 1455 5066 suspiciosus
1484 4995 1549 5051 de
1590 4996 1696 5051 ﬁde
1726 4996 1856 5052 alic-

280 5096 369 5135 na.
417 5082 569 5139 Hanc
602 5082 876 5152 jacturam
926 5094 1197 5155 utcunque
1259 5087 1468 5142 sarcire
1510 5087 1850 5143 conabimur.

282 5169 323 5184 Α
376 5181 381 5184 .

1958 4734 2291 4779 memoratur
2315 4725 2368 4778 in
2394 4724 2653 4779 chronico
2681 4723 3031 4779 Maseiaeensi
3077 4724 3216 4793 apud
3259 4722 3538 4778 Labbeum

1958 4815 2012 4869 in
2030 4826 2174 4872 tomo
2201 4814 2246 4870 ll
2275 4815 2620 4871 Bibliotheca
2646 4830 2816 4870 novae.
2866 4812 2943 4867 De
2966 4811 3120 4882 cujus
3142 4813 3364 4867 secundi
3395 4812 3544 4867 Odo-

1956 4905 2042 4962 nis
2067 4906 2216 4963 obit'u
2257 4905 2456 4960 ibidem
2483 4905 2648 4959 etiam
2695 4903 2811 4959 hmc
2839 4902 3128 4973 leguntur:
3168 4921 3187 4953 ‹
3215 4900 3370 4955 Anno
3414 4899 3543 4965 967,

1955 5012 2054 5051 vnt
2087 4995 2210 5052 Idus
2234 4995 2381 5051 Junii
2410 4994 2500 5051 hic
2528 4996 2663 5050 obiit
2700 4993 2814 5049 Odo
2846 4994 3015 5048 abbas
3055 4994 3210 5048 boum
3245 4990 3546 5057 memoriae,

1957 5096 2013 5142 et
2044 5086 2311 5142 Arduicus
2361 5085 2658 5139 monachus
2708 5080 2876 5138 Nonis
2928 5079 3284 5150 Septembris.
3317 5098 3336 5130 ι
3390 5078 3550 5133 Diem
