4004 5340
473 299 535 359 Η

1527 293 1584 350 S.
1625 295 1758 354 ODO
1796 294 2016 356 ABBAS
2054 292 2567 352 CLUMACENSIS.

3646 300 3715 357 l2

540 410 637 466 His
677 406 987 481 praemissis,
1039 409 1195 463 venio
1224 409 1291 464 ad
1337 406 1576 465 Odonem
1620 425 1715 465 seu
1760 408 2035 465 Oddonem
2063 415 2109 473 Α
2140 407 2356 465 famulis
2384 409 2603 480 dignum
2639 423 2744 464 non
2769 407 3051 481 denegabit
3075 418 3301 482 patrem.
3332 410 3485 479 Quod
3506 414 3716 472 scilicet

472 503 722 558 abbatem
751 499 1181 566 Cluniacenscm,
1227 499 1380 569 cujus
1424 500 1653 569 patriam
1696 508 1752 555 et
1787 507 2043 569 parentes
2142 513 2273 553 sane
2297 500 2763 555 considerantibus
2800 500 2911 556 sole
2948 500 3177 557 lucidius
3222 512 3390 573 patet,
3433 504 3559 560 dum
3602 508 3714 563 vita

441 587 454 656 ⁸,
471 593 706 663 primum
737 591 1061 661 inveStigare
1088 607 1306 648 necesse
1334 600 1435 649 est.
1466 592 1613 646 Patri
1651 607 1845 648 nomen
1876 592 2041 649 fuisse

444 664 702 748 ‘lAbboni,
731 682 951 736 militari
980 683 1168 738 ordine
1188 685 1431 754 praedito,
1453 698 1516 738 ex
1546 681 1754 737 Joanne
1778 684 2039 739 monacho

467 771 693 842 aliisque
716 781 952 839 constat,
983 773 1123 844 apud
1148 788 1283 842 quos
1312 774 1453 828 nulla
1492 773 1696 829 mentio
1726 773 1792 829 de
1822 773 2039 829 nomine

466 860 669 917 Odonis
693 862 901 917 matris.
952 861 1191 918 Ahbonis
1228 864 1460 932 elogium
1486 863 1721 918 Joannes
1759 878 1827 919 ex
1853 862 2039 919 Odone

467 962 857 1008 commemorat
885 952 1039 1009 initio
1068 954 1193 1009 libri
1218 969 1258 1010 ι.
1306 954 1606 1024 Utrumque
1635 962 1914 1024 parentem
1942 953 2035 1008 ﬁlii

464 1044 686 1099 monitis
708 1045 775 1099 ad
802 1046 1155 1101 monasticam
1182 1045 1346 1100 vitam
1383 1060 1444 1102 se
1473 1047 1740 1116 recepisse
1766 1045 2039 1117 Nalgodus

462 1134 627 1190 habet
647 1147 712 1189 ex
740 1132 964 1201 Joanne,
1013 1136 1105 1205 qui
1152 1136 1379 1191 recitato
1407 1136 1666 1191 miraculo
1696 1135 1762 1192 de
1790 1135 1945 1190 micis
1981 1135 2033 1189 in

386 1213 397 1222 ”
461 1226 784 1297 margaritas
799 1227 1097 1292 conversis,
1133 1227 1249 1281 haec
1274 1226 1451 1281 subdit
1475 1227 1526 1281 in
1552 1226 1644 1281 lib.
1677 1243 1717 1292 ι,
1743 1241 1892 1281 num.
1924 1224 1992 1280 33
2018 1244 2029 1279 :

469 1333 487 1365 ε
524 1314 605 1368 Ex
635 1313 857 1384 illojam
886 1316 1316 1387 tempore'coepit
1343 1314 1481 1370 infra
1528 1316 1760 1385 seipsum
1804 1325 2035 1372 aestuare

462 1414 684 1475 propter
709 1405 1011 1477 genitorum
1040 1420 1259 1462 suorum
1276 1405 1627 1476 creptioncm,
1654 1414 1919 1476 quatenus
1939 1421 2032 1463 eos

459 1502 644 1563 posset
695 1494 764 1550 ab
814 1492 972 1563 hujus
1019 1495 1202 1551 szeculi
1250 1494 1475 1551 nexibus
1502 1495 1840 1550 subtrahere.
1879 1493 2032 1551 Unde

459 1582 661 1637 factum
698 1591 801 1647 est,
847 1592 906 1639 ut
936 1599 1042 1639 non
1088 1584 1257 1640 multo
1302 1595 1422 1656 post
1449 1593 1668 1655 accepta
1698 1585 1913 1640 licentia
1964 1585 2031 1640 ad

457 1680 665 1744 patrem
691 1689 846 1728 suum
869 1673 1061 1741 abiret,
1089 1689 1319 1744 eumque
1349 1675 1416 1730 ad
1452 1674 1843 1730 monasterium
1866 1673 2028 1729 duce-

2139 596 2194 643 et
2223 589 2502 644 conversio
2532 590 2712 644 domni
2740 589 3027 662 Heymardi
3070 594 3206 648 satis
3243 595 3457 649 abunde
3498 597 3714 666 experi-

2138 687 2376 732 mentum
2418 678 2640 749 praebet.
2669 679 2956 749 Hucusque
3000 681 3268 750 siquidem
3315 683 3381 738 de
3422 685 3555 738 tanti
3607 684 3712 740 viri

2138 767 2399 822 laudanda
2428 769 2703 824 nobilitate
2731 771 2879 825 brevi
2903 759 3486 841 pcroratum'sul‘ficiat,
3514 782 3708 843 quate-

2136 871 2238 911 nus
2285 871 2352 911 ex
2400 859 2505 913 hoc
2552 858 2902 930 intelligatur,
2960 870 3291 931 quantopere
3343 871 3557 932 Oportet
3610 877 3711 917 nos

2135 946 2402 1003 inhaerere
2429 948 2572 1003 illius
2601 949 2770 1013 scitis,
2803 965 2959 1021 quem
2985 966 3084 1021 pro
3118 952 3315 1006 merito
3343 967 3450 1007 non
3486 952 3710 1022 ambigi-

2137 1040 2256 1091 mus
2285 1036 2546 1093 insertum
2592 1038 2899 1110 angelorum
2945 1041 3151 1095 cuneis.
3182 1060 3205 1094 ι
3243 1041 3519 1097 Hactenus
3555 1053 3711 1099 vetus

2134 1138 2343 1197 auctor,
2378 1131 2470 1200 qui
2516 1138 2759 1201 tempore
2806 1130 3051 1188 0dilonis
3090 1133 3322 1198 abbatis,
3372 1132 3427 1187 id
3461 1143 3544 1188 est
3589 1140 3713 1203 post

2134 1233 2301 1273 annos
2331 1219 2398 1274 ab
2425 1219 2626 1276 Odonis
2659 1222 2807 1276 obitu
2838 1232 3077 1289 centum,
3107 1223 3211 1279 hoc
3242 1224 3475 1294 elogium
3504 1225 3711 1280 chartis

2134 1309 2233 1362 sub
2250 1309 2434 1366 Odone
2451 1310 2684 1366 conditis
2709 1312 2968 1382 praemisit
2988 1313 3039 1367 in
3054 1312 3326 1368 chartario
3347 1312 3708 1369 Cluniacensi.

2130 1418 2258 1474 CAP.
2317 1419 2380 1476 ll.
2418 1449 2490 1461 —
2534 1420 2734 1476 Odonis
2783 1422 3008 1491 pueritia
3034 1425 3102 1478 ἐι
3154 1424 3504 1480 adolescentia
3533 1465 3549 1492 ,
3606 1427 3708 1481 vita

2638 1493 2914 1557 canonica,
2940 1494 3135 1547 studia.
3433 1517 3441 1521 ·

2200 1579 2250 1634 5.
2291 1578 2405 1636 Odo
2433 1580 2594 1636 alitus
2611 1590 2694 1636 est
2720 1597 2853 1652 puer
2874 1584 3069 1652 partim
3092 1584 3230 1653 apud
3255 1584 3567 1651 Fulconem,
3591 1599 3712 1654 ejus

2129 1670 2363 1725 nominis
2395 1672 2689 1727 secundum
2710 1711 2724 1737 ,
2759 1671 3201 1742 Andegavensem
3236 1675 3507 1741 comitem,
3546 1691 3707 1746 quem

456 1771 564 1830 ret,
593 1772 755 1835 atque
782 1765 1103 1820 monachum
1132 1766 1411 1822 ordinaret
1437 1780 1454 1820 :
1476 1774 1702 1820 matrem
1724 1780 1853 1822 vero
1879 1765 2029 1820 indui
2063 1766 2104 1828 Β
2131 1762 2201 1817 ob
2229 1761 2283 1817 id
2304 1763 2693 1819 collactaneum
2730 1778 2887 1819 suum
2936 1765 2988 1819 in
3019 1765 3243 1835 epistola
3269 1776 3460 1852 vocat;
3508 1768 3707 1837 partim

454 1853 587 1910 fecit
612 1869 769 1911 sacro
797 1855 1090 1920 velamine,
1118 1855 1269 1925 cujus
1297 1857 1484 1921 vitam,
1528 1856 1575 1911 si
1616 1856 1856 1911 licuisset
1897 1857 2030 1911 scri-

455 1944 584 1999 bere
611 1962 630 1996 ι
660 1944 885 2015 (utinam
913 1959 1042 2000 vero
1061 1944 1346 2018 libuisset),
1381 1965 1399 1997 ‹
1435 1947 1605 2018 magis
1638 1946 1861 2002 historia
1883 1947 2030 2002 vide-

453 2042 607 2089 retur
632 2049 752 2090 esse
780 2050 940 2104 quam
967 2035 1241 2090 schedula.
1273 2054 1292 2089 ›
1330 2035 1551 2092 Talibus
1578 2037 1757 2107 itaque
1788 2037 2028 2106 parenti-

454 2126 556 2180 bus
568 2133 728 2179 natus
743 2133 825 2179 est
839 2123 953 2179 Odo
969 2140 1107 2179 anno
1124 2125 1249 2191 879,
1267 2125 1528 2196 siquidem
1555 2142 1696 2182 anno
1710 2125 1907 2182 Christi
1925 2127 2028 2183 959

454 2214 839 2284 sexagenarius
866 2224 1008 2279 crat,
1034 2228 1101 2268 ex
1135 2214 1341 2271 Joanne
1364 2215 1517 2269 initio
1544 2216 1664 2271 libri
1701 2232 1737 2282 ι,
1788 2232 1937 2270 num.
1971 2216 2027 2271 4.
2060 2250 2065 2255 -

522 2303 577 2357 4.
604 2303 843 2359 Natalem
875 2305 923 2359 ei
952 2305 1134 2360 sedem
1171 2305 1336 2361 fuisse
1382 2306 1521 2375 apud
1564 2306 1900 2361 Turonorum
1932 2323 2023 2362 ur-

449 2394 573 2451 bem
605 2395 860 2466 colligere
889 2396 1016 2451 licet
1040 2411 1107 2450 ex
1154 2397 1334 2450 innata
1385 2398 1555 2467 patris
1596 2396 1818 2467 ejusque
1861 2399 2023 2454 devo-

449 2486 596 2541 tione
618 2499 745 2555 erga
781 2494 1025 2539 sanctum
1056 2483 1366 2551 Martinum,
1403 2487 1487 2540 cui
1536 2486 1604 2541 ab
1649 2486 1867 2542 ineunte
1892 2488 2021 2541 ado-

450 2576 705 2632 lescentia
730 2589 849 2632 sese
874 2576 1110 2643 devovit,
1141 2577 1280 2646 apud
1307 2574 1565 2630 Joannem
1611 2592 1758 2630 num.
1787 2578 1838 2633 9.
1887 2576 2024 2633 Con-

441 2667 708 2736 jecturam
739 2675 900 2738 auget
933 2667 983 2723 id
1020 2667 1162 2737 quod
1194 2666 1334 2721 idem
1359 2676 1546 2722 auctor
1574 2667 1628 2721 in
1660 2667 1753 2724 lib.
1783 2684 1846 2735 ιι,
1873 2683 2020 2724 num.

447 2757 536 2824 16,
565 2765 832 2813 memorat
869 2758 937 2813 de
982 2757 1205 2827 parvulo
1247 2756 1449 2812 Odonis
1480 2767 1677 2828 nepote
1728 2767 1882 2829 rapto
1927 2775 2025 2830 per

446 2847 831 2912 Nortmannos,
860 2863 983 2903 cum
1030 2864 1049 2898 ι
1098 2846 1347 2902 Turoniae
1392 2846 1526 2903 fines
1582 2866 1602 2901 ι
1654 2848 2019 2904 devastarent.

446 2938 588 3009 Ergo
614 2937 669 2992 in
697 2937 933 2995 Turonia
964 2937 1283 2992 versabatur
1312 2936 1429 3007 ejus
1472 2952 1655 3008 nepos.
1686 2937 1939 2993 Attamen
1966 2937 2019 2992 in

445 3027 618 3083 veleri
648 3027 916 3084 chartario
942 3026 1282 3083 Cluniacensi
1305 3027 1500 3099 legitur
1536 3027 1737 3084 Odonis
1766 3028 2016 3100 elogium,

2138 1869 2156 1903 ι
2189 1851 2331 1906 intra
2374 1852 2592 1907 domum
2625 1851 2897 1908 Guillelmi
2952 1853 3106 1909 ducis
3146 1851 3468 1921 Aquitanize,
3503 1874 3522 1907 ι
3574 1865 3709 1912 teste

2130 1939 2335 1997 Joanne
2381 1942 2538 1997 initio
2580 1942 2702 1998 libri
2745 1943 2928 2014 primi.
2984 1944 3087 2013 Qui
3132 1944 3467 2013 Guillelmus,
3509 1961 3710 2016 cogno-

2130 2041 2311 2087 mento
2334 2031 2480 2094 Pius,
2511 2051 2528 2086 ε
2558 2048 2624 2089 eo
2673 2041 2912 2104 tempore
2953 2033 3332 2104 Aquitaniam,
3381 2034 3708 2106 Gutiamque

2130 2136 2228 2175 suo
2252 2121 2373 2191 jure
2398 2121 2634 2188 tenebat,
2672 2140 2692 2175 ι
2724 2122 2770 2177 is
2799 2137 2960 2193 quem
2991 2122 3363 2178 Cluniacensis
3389 2126 3705 2180 monasterii

2129 2209 2477 2264 fundamenta
2501 2211 2697 2279 jecisse
2725 2211 2961 2266 diximus
2987 2210 3039 2264 in
3063 2210 3238 2282 elogio
3260 2210 3541 2268 Bcrnonis.
3563 2213 3707 2269 Sane

2127 2299 2266 2369 apud
2288 2300 2459 2368 ipsum
2485 2297 2825 2352 Guillehnum
2850 2298 3031 2352 multa;
3054 2300 3393 2356 auctoritatis
3417 2310 3535 2358 erat
3552 2302 3705 2357 Abbo

2127 2390 2328 2445 Odonis
2381 2397 2532 2459 pater
2574 2388 2716 2459 apud
2766 2387 3029 2444 Joannem
3074 2390 3271 2445 ibidem
3300 2408 3452 2447 num.
3502 2393 3555 2448 5.
3603 2392 3705 2450 Hic

2126 2480 2365 2536 Odonem
2419 2478 2746 2534 ablactatum
2782 2495 2801 2529 ι
2839 2478 3051 2533 cuidam
3103 2495 3200 2536 suo
3244 2482 3579 2554 presbytero,
3612 2483 3702 2554 qui

2125 2569 2179 2623 in
2211 2568 2489 2623 remotiori
2516 2567 2768 2623 manebat
2804 2566 2942 2632 loco,
2990 2568 3215 2624 tradidit
3260 2570 3618 2635 educandum,
3647 2579 3704 2627 et

2124 2660 2422 2716 litterarum
2450 2659 2640 2716 studiis
2671 2660 3040 2726 imbuendum,
3078 2679 3098 2713 ι
3149 2676 3300 2717 num.
3337 2661 3391 2715 7.
3438 2661 3551 2717 Sub
3586 2662 3700 2716 haec

2125 2752 2178 2806 in
2207 2751 2328 2806 aula
2356 2750 2625 2807 Guillelmi
2678 2769 2696 2803 ι
2728 2751 3051 2807 militaribus
3089 2751 3366 2807 exercitiis
3399 2770 3419 2805 ι
3460 2752 3701 2823 applica-

2122 2856 2228 2914 tus,
2259 2849 2325 2903 ad
2348 2848 2674 2904 sanctiorem
2702 2836 2952 2903 militiam
2977 2864 3008 2903 a
3037 2848 3253 2905 Christo
3280 2850 3507 2905 Domino
3535 2865 3699 2905 voca-

2125 2948 2209 2994 tus
2237 2945 2320 2993 est
2349 2938 2403 2992 in
2433 2936 2610 2993 Natali
2659 2936 2911 3004 Domini,
2957 2955 2977 2990 ί
3013 2938 3249 2994 instante
3290 2947 3445 2995 sexto
3489 2938 3700 2994 decimo

2120 3027 2293 3083 aetatis
2327 3042 2437 3082 suae
2481 3042 2654 3091 anno,
2684 3045 2704 3080 ι
2754 3026 2938 3083 dolore
2970 3028 3164 3098 capitis
3192 3041 3291 3098 per
3335 3029 3611 3083 biennium
3643 3028 3700 3083 in

449 3133 609 3189 quem
647 3128 837 3174 auctor
882 3133 949 3173 ex
1005 3132 1142 3188 pago
1195 3117 1596 3173 Cenomannico
1646 3127 1823 3175 ortum
1869 3119 2016 3175 dicit.
2046 3116 2089 3178 C
2120 3117 2308 3188 patriis
2335 3116 2540 3172 aedibus
2568 3114 2878 3172 aﬂlictatus.

446 3208 691 3278 Elogium
723 3208 828 3263 hoc
863 3207 1107 3264 Odilonis
1135 3208 1346 3264 abbatis
1373 3215 1610 3279 tempore
1649 3209 1905 3278 scriptum
1936 3219 2019 3265 est

448 3298 516 3353 ab
541 3312 627 3363 eo,
658 3298 749 3368 qui
795 3297 1086 3369 ejusjussu
1128 3298 1348 3355 chartas
1394 3298 1730 3369 superiorum
1765 3298 2017 3354 abbatum

448 3388 502 3441 in
542 3388 785 3443 ordinem
815 3389 1040 3460 redegit.
1070 3386 1345 3458 Praecipua
1391 3387 1550 3458 elogii
1595 3388 1709 3443 haec
1757 3404 1966 3444 summa
1999 3407 2013 3443 :

446 3485 473 3528 ἰ
508 3476 634 3531 Fuit
664 3477 847 3548 igitur,
876 3486 933 3532 ut
962 3477 1198 3532 veridica
1241 3478 1482 3549 priorum
1525 3476 1786 3534 relatione
1826 3477 2017 3545 fertur,

446 3567 614 3624 nobili
637 3567 886 3638 prosapia
914 3575 1088 3633 satus,
1114 3566 1499 3623 Cinomannica
1531 3568 1750 3638 regione
1778 3577 2015 3634 exortus,

448 3659 648 3713 artium
698 3658 999 3713 liberalium
1046 3658 1289 3729 apprime
1336 3658 1536 3730 regulis
1578 3659 1834 3725 imbutus,
1890 3658 2016 3713 almi

448 3748 661 3809 Martini
688 3748 1017 3804 Turonensis
1062 3747 1299 3803 basilicae
1344 3749 1591 3817 aedituus,
1623 3763 1872 3804 sermone
1912 3749 2020 3805 cla-

451 3855 565 3906 rus,
593 3847 700 3893 etc.
734 3838 1016 3894 Dclibutus
1062 3838 1286 3908 proinde
1335 3839 1500 3895 odore
1542 3839 1831 3905 virtutum,
1857 3854 2018 3909 quem

454 3931 509 3986 id
560 3930 821 3998 temporis
865 3929 1236 3985 Cluniacensis
1282 3944 1466 3983 rumor
1523 3928 1653 3999 (imo
1701 3929 2019 4000 Balmcnsis)

449 4026 811 4096 pretiosorum
848 4039 999 4080 more
1027 4032 1354 4089 aromatum,
1391 4024 1547 4096 longe
1595 4024 1808 4096 lateque
1845 4026 2022 4096 profu-

450 4114 628 4178 derat,
660 4123 842 4169 mente
866 4122 1112 4185 prompta
1157 4114 1298 4183 quod
1337 4114 1429 4169 diu
1473 4117 1842 4186 concupierat,
1875 4126 2022 4173 tene-

449 4204 594 4260 brosi
643 4204 859 4275 reliquit
892 4221 1043 4271 rura,
1084 4206 1298 4277 lugente
1326 4207 1441 4262 cive
1478 4206 1532 4262 in
1574 4209 1768 4278 patria,
1809 4208 2022 4264 laetante

450 4295 664 4351 Christo
694 4296 748 4350 in
770 4295 958 4368 gloria,
999 4297 1180 4352 divino
1202 4296 1330 4369 jugo
1361 4298 1512 4353 mitia
1553 4301 1833 4368 supposuit
1861 4299 2018 4355 colla.

452 4385 726 4442 Tirocinio
747 4387 976 4457 denique
997 4403 1105 4442 sua:
1130 4388 1499 4443 conversionis
1518 4404 1621 4443 non
1646 4390 1881 4459 segniter
1898 4406 2014 4461 per-

2188 3207 2241 3263 6.
2279 3208 2628 3263 Postmodum
2652 3216 2842 3263 sancto
2869 3207 3100 3263 Martino
3127 3207 3475 3280 semetipsum
3501 3223 3567 3264 ex
3603 3224 3700 3280 pa-

2120 3299 2218 3354 tris
2246 3307 2369 3355 voto
2420 3288 2679 3355 addicens
2734 3315 2877 3355 anno
2924 3299 3101 3355 artatis
3146 3316 3289 3355 nono
3333 3300 3561 3366 decimo,
3606 3298 3699 3372 qui

2117 3389 2319 3446 Christi
2338 3389 2450 3446 fere
2478 3390 3064 3461 undenongentcsimus
3090 3398 3229 3455 erat,
3248 3390 3477 3446 clericus
3500 3391 3697 3446 ibidem

2117 3489 2279 3552 atque
2313 3480 2608 3537 canonicus
2659 3479 2835 3535 factus
2878 3489 2960 3535 est
3004 3480 3059 3535 in
3108 3479 3372 3552 frequenti
3420 3482 3615 3536 civium
3645 3488 3701 3535 et

2118 3585 2426 3648 magnatum
2456 3584 2619 3630 cmtu.
2656 3592 2675 3626 ι
2713 3575 2857 3629 Inter
2891 3575 2990 3628 hos
3018 3589 3148 3629 vero
3177 3574 3345 3628 adfuit
3366 3588 3549 3629 comes
3571 3573 3699 3628 Ful-

2118 3682 2203 3733 co,
2234 3668 2325 3737 qui
2363 3682 2484 3722 eum
2523 3666 2809 3730 nutrierat,
2857 3685 2877 3717 ›
2907 3665 3062 3734 eique
3094 3683 3113 3716 ί
3154 3679 3277 3719 mox
3311 3665 3504 3719 cellam
3539 3662 3696 3734 juxta

2118 3761 2178 3816 Β.
2213 3759 2427 3815 Martini
2463 3760 2649 3815 tribuit
2678 3760 2983 3826 ecclesiam,
3013 3768 3067 3814 et
3092 3760 3460 3831 quotidianum
3493 3762 3698 3817 victum

2118 3867 2186 3909 ex
2236 3854 2424 3907 eadem
2477 3854 2734 3907 canonica
2784 3854 3092 3922 acquisivit,
3143 3853 3299 3920 eique
3343 3854 3624 3907 concessit.
3671 3871 3693 3906 ι

2117 3944 2361 4009 Fulconi,
2391 3943 2539 3998 Bono
2581 3958 2878 4015 cognomen
2923 3950 3073 4007 erat,
3106 3943 3173 3996 de
3204 3956 3312 4012 quo
3352 3942 3516 3997 multa
3559 3958 3698 4012 prte-

2120 4035 2265 4091 clara
2304 4035 2356 4089 in
2393 4034 2557 4104 gestis
2588 4035 2862 4089 consulum
2890 4034 3356 4104 Andcgavcnsium
3390 4034 3441 4088 in
3471 4033 3698 4104 Spicile—

2120 4126 2190 4198 gii
2217 4124 2360 4180 tomo
2376 4125 2446 4191 Χ,
2468 4140 2590 4195 pag.
2615 4125 2720 4179 402
2746 4134 2799 4180 et
2818 4125 2945 4191 454,
2971 4125 3062 4178 ubi
3081 4125 3193 4179 haec
3219 4126 3381 4180 verba
3402 4141 3520 4197 pag.
3549 4125 3652 4181 455
3677 4142 3696 4182 :

2126 4233 2145 4265 ι
2175 4213 2303 4267 Boni
2329 4214 2493 4284 msius
2521 4228 2697 4269 mores
2720 4212 2863 4268 domi
2889 4222 2945 4268 et
2972 4212 3175 4268 militia:
3207 4213 3525 4269 colebantur
3551 4230 3565 4269 :
3607 4213 3699 4285 jus

2121 4303 2341 4368 bonum,
2369 4301 2659 4357 concordia
2689 4302 2920 4357 maxima
2944 4343 2958 4367 ,
2987 4302 3211 4357 minima
3246 4303 3471 4359 avaritia
3502 4305 3554 4360 in
3582 4306 3700 4376 ipso

2122 4402 2257 4452 erat.
2300 4415 2319 4450 ι
2355 4394 2490 4451 Tum
2503 4395 2567 4450 de
2593 4393 2813 4451 Odone:
2844 4414 2862 4448 ί
2899 4395 3006 4450 Iste
3032 4396 3254 4451 nutrivit
3280 4407 3527 4452 sanctum
3557 4397 3697 4453 Odo-

454 4489 596 4546 acto,
627 4481 938 4552 precatione
977 4482 1148 4552 patris
1190 4483 1608 4548 circumventus,
1638 4483 1791 4552 cujus
1815 4485 2026 4540 institu-
2047 4470 2100 4530 Ῑ)
2126 4505 2265 4553 nem,
2283 4489 2398 4545 etei
2420 4488 2770 4559 ccllamjuxta
2788 4488 2929 4543 beati
2957 4487 3168 4543 Martini
3194 4488 3694 4559 tribuitecclcsiam,

452 4577 524 4630 tis
560 4574 735 4629 fuerat
772 4577 1130 4646 mancipatus,
1169 4576 1355 4633 volens
1392 4577 1711 4649 nolensque,
1756 4586 1817 4633 ut
1845 4580 2025 4635 verius

452 4666 653 4720 dictum
689 4665 780 4730 sit,
806 4665 1015 4731 nolens,
1053 4667 1219 4721 totius
1250 4666 1605 4722 fraternitatis
1630 4668 1697 4723 ad
1728 4670 2023 4739 regendum

451 4756 687 4826 suscepit
720 4770 966 4811 examen.
1002 4756 1209 4823 Quanta
1253 4758 1481 4826 denique
1526 4758 1819 4813 acrimonia
1849 4758 2024 4813 excel-

452 4860 547 4901 sos
574 4845 781 4899 animos
823 4853 1066 4901 sternere
1089 4886 1104 4911 ,
1137 4846 1348 4916 qualive
1378 4847 1586 4902 cautela
1616 4848 1844 4902 virtutes
1886 4849 2028 4904 inse-

457 4949 577 4991 rere
607 4934 832 4999 studuit,
863 4950 968 4989 non
993 4935 1207 5006 ignorat
1234 4936 1404 5003 italia,
1431 4946 1761 5007 prolestatur
1783 4940 2029 5009 Burgun-

457 5022 566 5085 dia,
594 5022 858 5092 simulque
882 5022 1045 5077 refert
1065 5024 1257 5079 Gallia.
1282 5026 1581 5096 PrOphctiaa
1601 5029 1833 5099 denique
1854 5029 2030 5100 gratia

457 5111 689 5168 suffusus
711 5127 776 5166 ex
798 5111 899 5165 hoc
927 5112 1226 5168 certissime
1248 5118 1595 5184 approbatur,
1618 5118 1743 5172 dum
1777 5133 2026 5187 suprema

456 5211 605 5256 sorte
664 5208 997 5270 praeventus,
1064 5203 1372 5258 contatione
1420 5205 1647 5260 fratrum
1696 5209 2029 5278 requisitus,

457 5289 580 5336 nnis
631 5305 696 5336 ex
734 5298 884 5336 tanta
938 5289 1162 5336 collegiis
1216 5295 1425 5336 nmini-ie
1466 5297 1857 5336 ηντιιηριινοιηνο
1920 5301 2028 5336 ηιιη

2122 4592 2176 4635 et
2196 4581 2565 4650 quotidianum
2579 4581 2778 4636 victum
2805 4596 2869 4635 ex
2882 4582 3069 4636 eadem
3093 4596 3328 4646 camera,
3345 4580 3436 4651 qui
3459 4590 3695 4651 postmo-

2123 4667 2249 4721 dum
2277 4666 2535 4736 magister
2567 4666 2765 4720 schola:
2792 4675 2844 4721 et
2867 4675 3166 4736 praecentor
3191 4665 3427 4733 ejusdem
3456 4665 3697 4722 ecclesias

2122 4756 2309 4812 eodem
2334 4756 2552 4810 consule
2580 4755 2992 4810 adminiculante
3029 4757 3351 4822 constitutus
3378 4764 3481 4812 est.
3516 4775 3536 4808 ι

2195 4847 2248 4900 7.
2287 4845 2521 4900 Joannes
2542 4843 2732 4897 deinde
2758 4859 2787 4895 a
2813 4859 2954 4897 num.
2987 4845 3057 4899 12
3079 4855 3264 4899 narrat
3288 4844 3491 4902 Odonis
3517 4844 3693 4900 studia

2129 4944 2185 4992 et
2212 4937 2470 4999 virtutes,
2515 4932 2895 5004 profectionem
2935 4933 3206 4999 Parisios,
3236 4934 3326 4989 ubi
3367 4942 3695 5003 praeceptore

2130 5024 2374 5094 Remigio
2399 5022 2852 5078 Autissiozlorensi
2878 5024 3142 5078 monacho
3167 5030 3311 5077 artes
3345 5022 3612 5089 liberales,
3637 5023 3693 5078 in

2132 5116 2215 5171 bis
2242 5114 2526 5184 Augustini
2555 5131 2573 5164 ι
2613 5110 2949 5166 dialecticam
2969 5112 3242 5167 Adeodato
3263 5112 3371 5166 filio
3393 5112 3637 5179 missam,
3667 5131 3688 5165 ι

2131 5208 2338 5273 didicit.
2371 5205 2616 5260 Turonos
2648 5218 2900 5259 reversus
2922 5244 2937 5269 ,
2977 5202 3202 5257 moralia
3236 5202 3477 5272 Gregorii
3506 5202 3691 5274 ‘Magni

2131 5300 2184 5336 in
2229 5299 2321 5336 lnh
2350 5298 2403 5336 in
2443 5293 2817 5336 nnmnnndinm
2851 5294 3051 5336 νρδρσίί
3076 5332 3087 5336 -
3137 5293 3276 5336 mind
3318 5292 3691 5336 nnmnnmiinm

3716 5011 3747 5049 τ.
