4004 5340
304 316 369 377 i3
1211 312 1745 372 PROLEGOMENA.
1787 343 1851 353 —

1991 308 2199 367 oeten
2235 310 2293 365 S.
2334 310 2602 367 ODUNIS.
3471 318 3541 372 η

300 442 555 491 suorum;
583 440 811 496 cumque
837 425 1176 481 restitantem
1199 427 1318 480 viso
1344 429 1409 483 ad
1436 428 1537 484 hoc
1560 426 1875 489 animatum,
1908 435 1953 492 Α
1981 422 2089 479 Res
2118 423 2171 481 in
2216 422 2370 493 pejus
2402 423 2532 478 abiit
2559 431 2680 492 post
2725 426 3012 482 secundam
3039 426 3153 498 ejus
3176 428 3278 486 loci
3306 430 3547 491 basilice

301 520 523 575 tametsi
562 516 677 574 Odo
706 519 756 572 in
787 515 1100 589 praefatione
1130 533 1225 573 sua
1265 520 1487 588 duplici,
1522 518 1766 590 prosaica
1790 517 1874 571 vi-

300 608 496 663 delicet
531 622 596 662 ac
639 609 886 672 metrica,
917 607 1051 662 nihil
1098 606 1205 661 tale
1232 616 1661 672 commemorat,
1694 606 1877 661 forsan

299 699 579 753 modestia:
623 712 782 753 causa
829 715 843 751 ε
901 698 997 753 sed
1043 698 1186 754 istud
1231 699 1385 769 quasi
1436 714 1533 754 sua
1583 706 1771 769 sponte
1816 713 1878 754 se

302 802 619 858 aggressum
668 787 832 844 fuisse
877 788 1054 844 innuit
1100 790 1184 845 his
1225 790 1407 845 verbis
1439 808 1451 843 :
1481 808 1500 842 ι
1548 790 1681 846 Cum
1722 789 1876 860 juxta

302 876 656 944 capacitatem
701 876 986 946 parvitatis
1036 891 1168 932 mete
1212 877 1397 932 seculo
1442 876 1659 932 lectioni
1710 892 1879 933 sacrae

302 979 526 1033 operam
569 965 785 1029 darem;
839 966 1073 1035 quadam
1117 966 1204 1020 die
1253 966 1503 1021 manibus
1548 966 1880 1036 paupertatis

304 1069 439 1109 mea:
464 1054 602 1109 liber
628 1053 882 1117 adhaesit,
912 1069 943 1107 a
968 1054 1029 1109 B.
1071 1053 1333 1126 Gregorio
1357 1055 1533 1110 editus
1557 1056 1614 1109 in
1655 1054 1879 1110 historia

305 1144 635 1209 sanctissimi
683 1144 806 1200 Job.
848 1145 899 1201 Is
928 1146 1125 1201 etenim
1171 1147 1360 1202 doctor
1401 1148 1651 1218 egregius
1698 1148 1882 1203 divino

305 1234 516 1290 alllatus
559 1236 879 1304 spiramine,
915 1244 1078 1305 atque
1115 1234 1181 1290 de
1205 1234 1350 1292 fonte
1380 1246 1596 1306 potatus
1623 1251 1880 1306 superno,

308 1342 407 1379 ceu
437 1326 670 1380 rutilans
697 1324 895 1381 flumen
929 1327 980 1381 in
1006 1325 1215 1396 pra-fati
1241 1326 1342 1380 viri
1370 1326 1651 1380 historiam
1684 1325 1881 1381 dill‘un-

308 1417 462 1479 deus,
497 1425 644 1472 tanto
666 1431 787 1473 eam
815 1418 1044 1473 facundo
1067 1418 1353 1487 protelavit
1382 1417 1619 1486 eloquio,
1647 1425 1706 1473 ut
1728 1431 1793 1471 ex
1818 1432 1881 1472 ea

310 1506 458 1560 velut
488 1505 758 1562 clariﬁcos
801 1508 974 1572 soles,
1025 1508 1244 1577 triginta
1287 1514 1343 1561 et
1369 1506 1606 1576 quinque
1655 1506 1884 1561 ediderit

309 1594 496 1659 libros,
547 1610 683 1664 quos
722 1595 774 1649 in
808 1596 1085 1651 codicibus
1129 1610 1223 1652 sex
1254 1604 1464 1649 arctare
1505 1593 1763 1648 decrevit.
1813 1593 1886 1648 At

310 1685 433 1739 dum
472 1698 572 1753 ego
617 1699 684 1738 ex
724 1683 808 1738 his
836 1686 1063 1755 primam
1106 1683 1331 1753 legendo
1356 1697 1728 1753 percurrerem
1753 1697 1879 1751 par-

1976 513 2431 573 combustionem,
2463 513 2529 568 de
2575 527 2682 580 qua
2731 528 3036 570 sermonem
3079 518 3248 573 edidit
3289 518 3543 588 Odojatn

1976 600 2270 656 monachus
2293 608 2481 670 rogatu
2508 600 2911 655 eanonicorum.
2951 620 2970 653 ι
3004 601 3136 658 Nam
3171 614 3294 675 post
3310 606 3481 673 illam,
3516 627 3539 664 ι
3624 639 3629 644 -

1978 690 2170 759 inquit,
2199 708 2217 741 ι
2253 689 2554 760 pridianam
2607 692 3033 758 succensionem,
3087 695 3258 751 muris
3294 710 3417 752 cum
3460 698 3546 754 in-

1978 779 2123 851 genti
2181 778 2359 833 studio
2405 779 2697 848 compactis
2744 790 2891 850 septa
2937 785 3251 839 monasterii
3302 801 3546 842 commu-

1977 869 2135 924 nistis
2155 910 2169 933 ,
2200 868 2304 924 hoc
2340 869 2592 924 nimirum
2622 885 2928 940 praecavere
2953 872 3193 930 volentes
3214 915 3230 941 ,
3261 891 3328 932 ne
3361 887 3547 934 sancta

1980 960 2170 1015 domus
2200 961 2340 1016 ultra
2372 971 2554 1032 posset
2580 963 2647 1017 ab
2679 963 2921 1020 hostibus
2967 963 3107 1021 lmdi.
3138 965 3244 1021 Sed
3272 983 3383 1022 non
3415 970 3548 1025 satis

1980 1052 2338 1121 attendentes,
2385 1053 2437 1107 in
2465 1062 2664 1123 quanta
2702 1056 2999 1111 reverentia
3030 1067 3248 1113 sanctus
3274 1059 3374 1115 iste
3400 1060 3550 1116 locus

1981 1142 2048 1195 ab
2078 1142 2313 1213 antiquis
2344 1144 2676 1213 temporibus
2704 1143 2983 1211 elfulserit,
3026 1148 3272 1217 protinus
3294 1149 3552 1220 religione

1982 1232 2166 1287 relicta
2197 1250 2480 1290 commune
2525 1236 2879 1292 diversorium
2910 1253 3028 1294 esse
3072 1243 3429 1309 permisistis,
3474 1244 3550 1298 ita

1981 1335 2042 1381 ut
2071 1326 2282 1382 feminis
2305 1328 2371 1382 ad
2393 1330 2741 1385 hauriendam
2763 1345 2955 1400 aquam
2981 1341 3036 1387 et
3056 1333 3550 1397 addiscurrendum

1984 1433 2089 1487 quo
2132 1419 2433 1483 voluerint,
2466 1420 2836 1507 portariionon
2869 1424 3159 1478 resistant:
3209 1441 3329 1479 cum
3357 1425 3555 1481 videri-

1985 1521 2137 1571 mus,
2170 1509 2310 1577 quod
2355 1509 2484 1563 nulli
2516 1510 2656 1565 intra
2698 1512 3011 1566 monasterii
3039 1522 3224 1582 portas
3246 1514 3329 1568 vel
3360 1529 3550 1583 parum

1987 1593 2189 1649 intrare
2212 1594 2446 1659 licuerit,
2490 1615 2509 1648 ι
2538 1606 2642 1651 etc.
2677 1597 2794 1654 Huc
2836 1606 3043 1669 spectat
3067 1600 3265 1656 Leonis
3297 1618 3447 1672 papae
3468 1602 3558 1660 VII

1988 1682 2214 1751 epistola
2256 1682 2321 1736 ad
2367 1683 2641 1753 Hugonem
2673 1685 2969 1756 principem
3009 1696 3065 1743 et
3104 1690 3386 1755 abbatem,
3414 1692 3559 1747 edita

310 1785 438 1842 tem,
493 1778 662 1832 nimio
710 1792 969 1833 accensus
1016 1791 1231 1841 amore,
1264 1776 1630 1845 pellectusque
1672 1774 1748 1828 ita
1790 1781 1875 1829 est
1900 1775 1947 1837 Β
1976 1772 2029 1826 in
2051 1772 2319 1844 Spicilegii
2344 1782 2485 1830 tomo
2508 1773 2902 1844 ll,sancientis,
2933 1797 2952 1830 ‹
2977 1788 3244 1848 quatenus
3266 1798 3361 1851 per
3382 1789 3551 1838 totum

308 1869 521 1923 animus
550 1869 831 1924 dulcedine
852 1868 1102 1937 quadam,
1134 1876 1192 1921 ut
1230 1876 1400 1931 totum
1431 1882 1596 1937 sagax
1624 1865 1802 1931 vellet,
1833 1864 1880 1919 si

309 1967 510 2029 posset,
542 1959 801 2013 mandere
835 1957 1053 2012 librum.
1095 1957 1144 2012 ls
1174 1958 1373 2013 etenim
1403 1956 1664 2011 mirabilis
1695 1956 1883 2010 doctor

306 2048 505 2104 divinis
545 2049 810 2105 imbribus
852 2057 1065 2114 auctus,
1096 2048 1301 2103 studuit
1351 2046 1621 2102 luculento
1648 2046 1883 2101 enodare

308 2138 498 2204 aifatu,
549 2155 751 2209 easque
803 2138 856 2193 in
894 2139 1212 2209 exponendo
1262 2138 1431 2191 menti
1482 2137 1885 2193 occurrentium

308 2232 606 2286 sententias
652 2231 872 2285 Patrum
901 2247 915 2283 :
945 2244 1015 2284 ex
1053 2228 1249 2297 quibus
1280 2227 1550 2297 protensis
1599 2240 1884 2281 numerosa

308 2318 364 2374 in
402 2318 688 2388 praefatam
739 2319 1022 2373 historiam
1071 2317 1349 2373 contraxit
1396 2315 1699 2381 volumina,
1750 2330 1886 2385 quos

313 2428 507 2483 nempe
535 2421 755 2475 norunt,
785 2411 982 2482 quibus
1011 2425 1166 2466 sacra
1209 2425 1317 2463 non
1354 2408 1485 2464 latet
1513 2407 1789 2478 Scriptura
1809 2448 1824 2471 ,
1855 2422 1886 2463 a

312 2514 503 2559 sancto
549 2505 689 2567 viro,
716 2504 935 2560 Paterio
960 2503 1199 2568 nomine,
1232 2501 1463 2556 mirabili
1491 2515 1657 2570 opere
1681 2498 1890 2555 abstra-

312 2606 452 2661 ctas,
497 2595 836 2665 propriisque
877 2593 1233 2649 voluminibus
1281 2591 1552 2656 redditas,
1584 2589 1759 2644 lucida
1786 2589 1885 2643 sibi

314 2685 624 2754 reposuisse
651 2684 946 2737 volumina.
988 2682 1069 2737 Ex
1106 2682 1301 2752 quibus
1344 2687 1398 2735 et
1445 2679 1561 2749 ipse
1586 2686 1711 2732 ante
1740 2678 1890 2732 hien-

319 2775 470 2829 nium
497 2774 552 2828 in
579 2772 890 2844 Regnorum
920 2771 1057 2826 libro
1081 2770 1381 2841 aggregatis
1400 2768 1651 2823 omnibus
1673 2766 1890 2821 Patrum

316 2861 641 2932 sententiis,
676 2864 910 2920 maxime
960 2872 1140 2918 autem
1188 2861 1514 2917 sanctissimi
1568 2875 1717 2931 papa:
1759 2858 1893 2914 Gre-

315 2959 492 3027 gorii,
534 2973 702 3012 unum
743 2972 903 3026 quem
948 2969 1059 3009 non
1094 2962 1223 3023 puto
1267 2950 1612 3007 temnendum
1644 2947 1893 3018 coniunxi

321 3048 582 3104 libellum.
611 3049 949 3118 Quapropter
973 3044 1280 3115 fragilitatis
1318 3042 1500 3099 sensui
1545 3042 1894 3111 corporisque

1982 1863 2183 1917 veteris
2225 1864 2367 1917 muri
2419 1864 2678 1919 ambitum
2728 1880 2898 1936 usque
2945 1868 3011 1923 ad
3054 1868 3221 1932 viam.
3249 1885 3367 1937 quae
3400 1871 3556 1941 juxta

1984 1951 2123 2007 latus
2151 1951 2391 2008 basilica:
2419 1954 2736 2024 aquilonare
2762 1957 2955 2027 vergit,
2986 1956 3131 2018 nulla
3158 1958 3355 2014 femina
3392 1959 3559 2016 lieen-

1986 2041 2113 2094 tiam
2144 2042 2339 2095 habeat
2364 2044 2765 2107 commorandi,
2793 2044 2885 2099 sed
2916 2060 3017 2100 nec
3047 2046 3279 2102 intrandi
3307 2049 3519 2118 quidem
3539 2090 3556 2115 ,

1986 2129 2089 2183 nisi
2126 2130 2291 2185 solius
2318 2146 2479 2186 causa
2514 2132 2793 2188 orationis.
2826 2154 2844 2186 ο
2886 2132 3079 2190 Subdit
3105 2134 3221 2191 Odo
3250 2154 3263 2190 :
3312 2154 3331 2187 ‹
3374 2137 3560 2208 Neque

1986 2220 2090 2275 hoc
2122 2237 2308 2290 parum
2355 2223 2619 2293 displicet,
2648 2224 2791 2295 quod
2832 2227 3050 2296 quidam
3104 2228 3157 2282 in
3202 2230 3389 2283 eodem
3437 2230 3557 2285 loco

1986 2312 2209 2395 nutriti,
2259 2328 2316 2366 se
2350 2315 2666 2382 quihusdam
2700 2316 2980 2373 laicalibus
3003 2318 3090 2373 vel
3141 2319 3365 2373 nimium
3407 2335 3561 2392 pom-

1989 2400 2133 2468 posis
2179 2402 2418 2456 vestibus
2462 2403 2815 2458 dehonestent
2859 2422 2871 2457 :
2926 2421 3047 2461 cum
3090 2408 3211 2463 talis
3262 2424 3381 2465 esse
3430 2425 3565 2467 con-

1991 2490 2225 2543 sueverit
2273 2504 2458 2545 eorum
2503 2494 2871 2559 conversatio,
2902 2505 2963 2549 ut
3003 2497 3141 2551 hanc
3171 2499 3331 2554 etiam
3378 2500 3564 2557 Roma:

1990 2578 2196 2635 laudari
2238 2581 2602 2649 audiverimus
2630 2623 2645 2647 ,
2705 2602 2723 2634 ι
2762 2593 2868 2638 etc.
2913 2585 3116 2656 Nempe
3164 2590 3452 2646 canonicos
3495 2592 3566 2646 ad

1992 2670 2268 2725 meliorem
2313 2671 2518 2739 frugem
2559 2683 2908 2729 revocaverat
2948 2674 3063 2731 Odo
3091 2692 3213 2731 cum
3239 2678 3417 2746 dictis,
3447 2688 3563 2735 tum

1995 2760 2257 2831 exemplo,
2284 2762 2422 2831 apud
2457 2759 2718 2837 Joannem
2760 2763 2812 2817 in
2850 2764 2944 2819 lib.
2974 2782 3016 2831 ι,
3049 2781 3195 2820 num.
3229 2767 3317 2821 17.

2064 2875 2195 2931 Cap.
2234 2874 2318 2929 Ill.
2364 2906 2433 2914 —
2461 2873 2769 2930 Monasticw
2810 2878 2926 2931 vita:
2953 2878 3278 2945 tirocinium,
3326 2880 3495 2945 socii,

2590 2947 2957 3000 sacerdotium.

2067 3036 2153 3090 ll).
2193 3034 2329 3091 Cum
2373 3038 2425 3091 in
2474 3052 2570 3092 suo
2605 3038 2745 3107 apud
2796 3038 2968 3093 sancti
3021 3036 3235 3095 Martini
3285 3041 3563 3098 basilicam

317 3143 425 3197 moi
456 3140 780 3205 inﬁrmitati,
808 3138 1023 3207 meique
1049 3137 1308 3193 similium
1344 3134 1565 3189 utilitati
1585 3132 1892 3197 consulens,
1922 3126 1967 3188 C
1998 3142 2209 3184 secessu
2256 3128 2564 3183 lectitandis
2604 3128 3031 3197 meditandisque
3069 3130 3319 3185 Patribus
3344 3146 3565 3201 operam

318 3232 468 3288 erexi
510 3246 597 3287 me
628 3238 819 3287 contra
864 3236 1087 3294 memet,
1121 3243 1225 3283 non
1253 3226 1395 3281 fastu
1426 3223 1747 3294 arrogantia:
1778 3230 1895 3277 tur-

319 3323 497 3395 gidus,
527 3338 626 3379 nec
654 3321 920 3392 superbiae
954 3320 1147 3391 spiritu
1185 3318 1443 3381 tumidus,
1472 3315 1713 3370 ventosis
1747 3312 1897 3368 lavo.

319 3413 470 3468 ribus
489 3413 668 3467 nitens
690 3411 1024 3476 incumbere,
1053 3410 1195 3463 Deus
1219 3408 1358 3462 scit:
1385 3406 1481 3461 sed
1506 3406 1628 3477 igne
1650 3402 1897 3458 lectionis

319 3502 558 3573 prmfatre
596 3500 837 3556 historia:
875 3500 1148 3571 ﬂagrans,
1189 3513 1354 3567 quam
1390 3504 1504 3552 toto
1533 3496 1652 3549 nisu
1694 3508 1899 3549 memo~

322 3595 489 3659 riter,
537 3600 597 3646 ut
630 3591 959 3646 intellectum
1003 3589 1237 3644 retinere
1277 3585 1505 3651 valeam,
1535 3585 1679 3639 hunc
1721 3583 1899 3653 operis

323 3687 475 3758 parvi
520 3685 767 3743 contraxi
799 3682 1055 3740 libellum.
1092 3702 1111 3736 ι
1142 3680 1433 3750 Hucusque
1473 3677 1588 3736 Odo
1621 3678 1677 3732 in
1707 3676 1897 3748 pratia-

325 3774 473 3831 tione
505 3775 811 3845 compendii
836 3773 941 3830 sui.

392 3864 448 3920 8.
487 3864 619 3920 Post
659 3865 775 3920 hazc
799 3878 947 3918 num.
987 3862 1052 3916 21
1078 3875 1380 3918 sermonem
1421 3857 1899 3914 reﬂectitJoannes

330 3954 396 4011 ad
412 3955 667 4010 comitem
696 3953 1012 4017 Fulconem,
1040 3965 1197 4022 quem
1224 3949 1294 4006 ob
1323 3949 1532 4005 sublata
1559 3963 1625 4003 ex
1648 3949 1901 4004 thesauro

332 4046 510 4101 sancti
551 4043 772 4099 Martini
816 4042 1061 4099 ecclesias
1094 4042 1199 4097 duo
1241 4038 1459 4096 vascula
1501 4053 1664 4093 aurea
1714 4036 1899 4092 lethali

330 4137 521 4192 morbo
564 4135 863 4200 aﬂlictum,
908 4143 1070 4204 atque
1122 4132 1323 4189 Odonis
1376 4131 1629 4202 precibus
1682 4129 1901 4185 sanitati

330 4229 636 4284 restitutum
665 4224 914 4281 afﬁrmat.
943 4224 1263 4296 Repugnant
1283 4223 1524 4277 nonnulli
1550 4223 1897 4285 recentiores,

329 4320 526 4391 pietate
566 4318 784 4375 adducti
835 4316 1120 4379 Fulconis,
1172 4314 1259 4370 cui
1304 4314 1438 4368 Boni
1488 4320 1900 4384 cognomentum

329 4412 444 4466 bare
467 4411 643 4467 virtus
672 4408 838 4465 dedit.
864 4406 936 4462 At
960 4414 1085 4462 sunt
1112 4405 1276 4460 etiam
1301 4405 1353 4459 in
1398 4403 1510 4459 sole
1536 4418 1645 4458 sum
1675 4401 1897 4465 umbrm,

2000 3219 2292 3274 insumeret
2319 3219 2453 3281 Odo,
2484 3219 2668 3273 incidit
2706 3220 2759 3273 in
2786 3221 3023 3290 regulam
3051 3222 3221 3276 sancti
3251 3221 3521 3279 Benedicti
3548 3242 3564 3291 ;

1998 3324 2063 3363 ex
2096 3310 2247 3380 cujus
2275 3310 2589 3380 praescripto
2631 3324 2727 3379 per
2760 3311 3046 3366 triennium
3077 3313 3328 3368 decubuit
3361 3316 3565 3382 nudus,

2005 3418 2023 3452 ς
2060 3408 2113 3455 et
2159 3402 2387 3456 necdum
2436 3401 2734 3455 monachus
2776 3403 3163 3456 monachorum
3202 3403 3317 3459 leve
3361 3404 3574 3462 ferebat

1991 3488 2200 3561 jngum.
2251 3509 2271 3543 ι
2305 3499 2439 3545 teste
2461 3488 2664 3545 Joanne
2692 3507 2838 3545 num.
2872 3491 2954 3546 15.
2992 3491 3278 3549 Fulconem
3310 3495 3565 3550 comitem

2000 3585 2066 3640 ad
2101 3600 2229 3639 suas
2279 3593 2461 3653 partes
2499 3583 2635 3639 forte
2681 3585 3033 3648 invitaverat,
3070 3602 3193 3641 cum
3225 3585 3311 3642 ille
3337 3587 3566 3642 necdum

2002 3682 2212 3744 tempus
2241 3689 2358 3728 esse
2382 3674 2620 3744 allegans
2645 3715 2659 3739 ,
2684 3674 3051 3745 Adhegrinum
3096 3677 3381 3745 quemdam
3428 3676 3573 3731 mili-

2000 3766 2129 3830 tem,
2146 3765 2311 3821 armis
2324 3774 2624 3832 strenuum,
2639 3765 2807 3822 Odoni
2823 3752 3120 3836 designavit
3139 3768 3573 3838 conciliavitque.

2000 3857 2174 3911 Ambo
2201 3857 2381 3926 itaque
2426 3874 2444 3908 ‹
2498 3857 2820 3928 parvissimo
2851 3857 3062 3927 tugurio
3109 3858 3390 3921 contenti,
3444 3878 3463 3910 ι
3499 3859 3569 3914 ad

2001 3949 2298 4002 monastiea
2324 3954 2447 4001 vota
2490 3947 2542 4001 in
2573 3947 2686 4001 dies
2720 3946 3060 4001 anhelabant.
3093 3944 3198 4000 Sed
3234 3962 3339 4002 non
3380 3962 3573 4003 occur-

2002 4039 2155 4096 rebat
2182 4040 2259 4095 eis
2289 4039 2468 4101 locus,
2502 4038 2555 4091 in
2585 4052 2692 4106 quo
2719 4037 2922 4105 vigeret
2951 4051 3013 4089 ea
3044 4036 3343 4106 disciplina.
3373 4034 3568 4093 Missus

2002 4130 2228 4184 Romam
2259 4128 2628 4198 Adhcgrinus,
2660 4134 2720 4180 ut
2753 4125 2982 4194 aliquem
3012 4125 3346 4195 exploraret,
3390 4128 3444 4182 in
3485 4127 3577 4182 iti-

2003 4238 2133 4277 nere
2158 4219 2395 4274 Balmam
2424 4217 2671 4272 devertit.
2713 4216 2905 4270 Arrisit
2936 4216 3035 4286 ipsi
3072 4215 3282 4272 abbatis
3320 4217 3573 4271 humaniu

2005 4321 2105 4373 tas,
2144 4326 2207 4365 ac
2230 4308 2614 4365 monachorum
2645 4307 2831 4377 religio
2861 4325 2874 4361 :
2911 4322 3082 4373 eoque
3109 4306 3348 4362 Odonem
3388 4322 3573 4364 secum

2001 4395 2409 4475 pertraxit,'qui
2444 4418 2464 4452 ι
2500 4399 2728 4470 sumptis
2754 4414 2935 4455 secum
2974 4408 3186 4453 centum
3216 4397 3576 4456 voluminibus

328 4506 384 4553 et
408 4499 644 4570 scriptor
672 4498 796 4554 libri
830 4497 895 4552 de
924 4497 1089 4568 gestis
1108 4494 1386 4551 consulum
1414 4490 1899 4563 Andcgavensium,
1931 4472 1978 4531 D
2005 4472 2262 4551 ii‘hromm
2318 4511 2337 4544 ι
2391 4493 2458 4547 ad
2517 4491 2658 4546 istud
2726 4490 3108 4546 mcnasterium
3168 4488 3568 4557 commigravit.

328 4597 419 4667 qui
455 4605 562 4650 tam
595 4594 763 4650 multa
802 4593 870 4649 de
892 4572 1120 4648 Fulcore
1168 4591 1427 4663 prazclara
1483 4597 1898 4653 commemorat,

330 4688 492 4743 etiam
521 4687 624 4742 hoc
642 4684 845 4740 factum
876 4687 1117 4741 inserere
1146 4698 1250 4739 non
1277 4683 1540 4739 dubitavit
1561 4699 1575 4749 ;
1596 4682 1739 4752 quod
1755 4682 1902 4737 dixe-

334 4778 435 4833 rim
469 4780 536 4834 ad
575 4793 729 4845 suam
757 4775 949 4832 Joanni
984 4774 1357 4832 auctoritatem
1398 4774 1763 4828 asset-endam.
1794 4810 1795 4813 η

400 4870 456 4924 9.
498 4868 679 4924 Redeo
722 4868 790 4922 ad
837 4865 1036 4921 Odonis
1082 4866 1245 4920 vitam
1294 4863 1702 4928 canonicalem,
1753 4862 1903 4930 cujus

335 4974 580 5029 quaenam
613 4957 779 5012 fuerit
810 4970 875 5011 eo
910 4964 1151 5026 tempore
1181 4955 1320 5025 apud
1365 4952 1712 5007 Martinianos
1738 4951 1899 5006 disci-

338 5050 505 5120 plina,
533 5049 718 5120 paucis
741 5061 1013 5118 exponere
1032 5045 1204 5113 iuvat.
1242 5042 1424 5114 Viguit
1448 5056 1513 5097 eo
1542 5043 1595 5095 in
1635 5040 1754 5095 loco
1784 5049 1905 5107 post

338 5142 459 5172 uzlm
492 5141 798 5172 manando-mn
838 5137 1223 5172 nkﬂinnlinnnm
1257 5134 1500 5172 nnmrlnn‘t
1537 5129 1702 5172 fnrmn
1747 5143 1906 5172 νησα-

2009 4603 2029 4630 ο
2064 4585 2191 4638 Erat
2217 4590 2392 4637 autem
2418 4591 2577 4637 aetate
2604 4580 2946 4645 tricenarius,
2977 4599 2995 4632 ι
3032 4593 3153 4634 cum
3177 4578 3376 4634 Christi
3397 4594 3573 4634 annus

2004 4676 2116 4731 fere
2138 4674 2238 4729 909
2278 4680 2611 4728 excurreret.
2640 4671 2761 4725 [hee
2783 4671 3009 4740 carptim
3041 4684 3109 4724 ex
3133 4668 3339 4724 Joanne
3369 4682 3399 4722 a
3421 4685 3575 4723 num.

2004 4769 2092 4822 ‘21.
2126 4768 2197 4821 De
2227 4765 2409 4818 Balma
2457 4764 2656 4818 dictum
2688 4761 2740 4815 in
2778 4760 2949 4830 elogio
2978 4759 3258 4814 Bernouis.
3306 4758 3420 4814 Odo
3444 4774 3575 4828 pro-

2006 4859 2220 4912 batione
2263 4854 2404 4910 facta
2441 4867 2728 4923 puerorum
2775 4866 2868 4905 seu
2916 4850 3237 4904 novitiorum
3289 4863 3474 4904 curam
3514 4858 3575 4903 et

2006 4948 2378 5005 educationem
2409 4946 2463 4999 in
2495 4960 2552 5000 se
2572 4943 2829 5011 suscepit,
2857 4956 2991 5011 quos
3023 4960 3041 4991 ι
3075 4940 3271 4995 schola:
3310 4958 3328 4990 ι
3359 4937 3577 4993 nomine

2009 5034 2241 5093 Joannes
2272 5036 2531 5105 designat,
2561 5044 2622 5088 ut
2652 5032 2791 5103 apud
2824 5040 3033 5086 veteres
3064 5046 3165 5084 non
3200 5043 3345 5083 raro.

2082 5129 2167 5172 Η.
2211 5124 2563 5172 Adherzrinns.
2611 5121 2812 5172 Odonis
2861 5119 3080 5172 socius.
3140 5136 3158 5168 ι
3211 5116 3265 5168 in
3311 5127 3470 5168 unam
3519 5128 3581 5168 se
