4004 5340
400 348 467 407 15
1457 328 1516 389 5.
1555 328 1694 390 ODO
1729 324 1955 384 ABBAS
1989 317 2507 380 CLUNIACENSIS.
3589 301 3658 365 ιο

396 465 658 522 Joannem
688 476 719 517 a
754 475 903 515 num.
947 458 1041 524 23,
1068 455 1157 526 qui
1192 468 1341 510 num.
1375 451 1474 519 28,
1508 454 1625 508 hac
1650 451 1719 506 de
1743 465 1810 506 eo
1839 446 1974 502 seri-
2001 448 2050 510 Α
2084 460 2103 495 ι
2138 443 2375 497 instante
2390 452 2535 494 anno
2688 453 2708 489 ι
2731 431 2920 526 scribit
2939 426 3233 526 chronieon
3253 422 3608 526 hlalleaeense
3638 439 3657 479 :

397 560 532 615 here
559 554 754 628 pergit.
789 571 802 608 :
834 570 853 605 t
908 550 1046 607 Sunt
1092 550 1352 605 hactenus
1393 544 1632 611 evoluti,
1681 544 1734 598 ni
1774 539 1933 596 fallor
1959 579 1977 606 ,

393 647 681 721 plusquam
714 643 935 715 triginta
957 639 1108 705 anni,
1139 655 1207 696 ex
1232 654 1338 710 quo
1366 637 1508 692 intra
1534 636 1707 705 ipsam
1737 645 1981 688 eremum

398 739 600 810 deguit,
621 734 912 793 Dominicis
930 741 1136 788 tantum
1162 732 1349 796 diebus
1366 737 1458 783 aut
1477 726 1760 799 praecipuis
1780 723 1984 780 festivi-

399 830 679 887 tatibusad
711 826 1100 883 monasterium
1127 824 1295 880 sancti
1318 822 1483 886 Petri,
1500 821 1641 892 quod
1666 820 1982 875 Cluniacum

398 922 615 986 dicitur,
643 920 768 989 quia
789 918 997 974 duobus
1019 916 1135 971 fere
1164 914 1405 971 millibus
1431 928 1596 984 prope
1618 919 1720 978 est,
1747 910 1986 966 assuevit

400 1011 747 1076 descendere,
786 1017 998 1078 sumpta
1031 1006 1277 1062 videlicet
1307 1004 1520 1060 modica
1554 1002 1747 1065 farina,
1778 1016 1845 1057 ex
1878 1015 1984 1069 qua

400 1102 500 1158 sibi
532 1117 722 1174 panem
752 1100 1022 1155 coniicere
1067 1098 1203 1153 solet
1231 1138 1245 1161 ,
1291 1103 1347 1151 et
1389 1094 1525 1150 faba:
1552 1094 1738 1165 paucis
1766 1092 1981 1163 granis,

400 1208 526 1248 mox
582 1193 649 1247 ad
699 1206 943 1247 eremum
990 1188 1298 1244 revertitur.
1352 1184 1489 1239 Vino
1538 1199 1639 1239 nec
1693 1180 1984 1251 aliquando

402 1285 571 1340 utitur
597 1299 611 1338 :
643 1283 800 1352 adipe
826 1297 954 1337 vero
982 1280 1065 1335 vel
1088 1280 1206 1335 oleo
1236 1277 1359 1347 ejus
1388 1278 1540 1333 cibus
1575 1292 1681 1331 non
1713 1275 1984 1331 conditur.

402 1376 624 1433 Patitur
651 1374 797 1430 omni
831 1384 1072 1443 tempore
1118 1370 1289 1440 frigus
1331 1377 1388 1423 et
1436 1368 1716 1424 calorem:
1747 1365 1985 1420 calorem

399 1466 546 1522 inter
595 1466 888 1536 scapulas,
936 1463 1106 1534 frigus
1157 1462 1302 1523 inter
1334 1475 1526 1515 manus
1574 1467 1630 1513 et
1671 1458 1917 1513 brachia.
1960 1473 1980 1509 ι

399 1556 667 1612 Praeclara
689 1555 908 1610 omnino
937 1556 1001 1608 de
1022 1552 1357 1623 Adltegrino,
1380 1565 1539 1619 quem
1570 1549 1622 1602 in
1651 1547 1830 1602 album
1857 1561 1985 1601 san-

398 1655 609 1701 ctorum
640 1643 866 1699 relatum
906 1656 1026 1697 esse
1050 1640 1313 1697 Chesnius
1342 1638 1395 1692 in
1423 1638 1565 1691 notis
1583 1644 1832 1691 testatur.
1866 1633 1976 1689 Me—

397 1739 562 1794 ritum
593 1752 697 1792 non
744 1735 954 1791 inlicior
982 1754 995 1789 :
1023 1733 1400 1790 auctoritatem
1426 1746 1632 1801 quaero.
1673 1728 1816 1784 Nihil
1841 1728 1984 1784 enim

2084 540 2141 586 at
2178 530 2419 585 rationes
2451 543 2480 581 a
2529 524 2685 580 nobis
2713 520 2958 577 adductae
2985 516 3131 572 aliud
3163 515 3391 571 suadent
3420 531 3434 567 :
3460 513 3660 584 quibus

2081 620 2293 676 accedit
2322 613 2760 687 Martyrologium
2784 608 3174 664 Lemovicense
3201 619 3231 659 a
3257 603 3491 660 Cbesnio
3514 598 3658 658 rela-

2084 718 2197 764 tum
2229 708 2283 762 in
2318 706 2461 762 notis
2488 705 2554 759 ad
2590 700 2974 758 bibliothecam
3006 696 3438 752 Cluniaeensem.
3479 691 3657 749 Odoni

2084 798 2373 854 commissa
2420 795 2572 851 fuere
2611 792 2715 848 tria
2753 788 3103 852 monasteria,
3148 784 3524 850 Cluniaceuse,
3554 782 3662 838 Ma-

2084 893 2366 948 sciacense
2411 904 2477 945 ae
2500 887 2749 944 Dolense.
2804 882 3023 939 Widoni
3049 881 3311 937 Bernonis
3339 879 3663 950 consangui-

2086 995 2188 1036 neo
2215 989 2469 1050 quatuor,
2501 976 2877 1045 Gigniaeense,
2902 972 3204 1035 Balmense,
3237 968 3571 1035 Etlticense,
3596 982 3663 1022 ac

2087 1072 2223 1126 cella
2248 1072 2420 1126 sancti
2451 1068 2703 1133 Lauteni,
2731 1066 2785 1120 in
2816 1064 2989 1119 fusius
3019 1061 3328 1132 expositum
3358 1069 3443 1115 est
3468 1060 3523 1114 in
3553 1058 3664 1115 elo-

2087 1164 2174 1235 gio
2194 1164 2363 1233 ipsius
2387 1159 2675 1216 Bernonis.

2092 1238 2097 1243 ’
2156 1254 2243 1310 15.
2274 1253 2537 1309 Praeclara
2550 1250 2767 1306 omnino
2782 1264 2846 1304 ac
2874 1250 3042 1303 multa
3060 1254 3184 1303 sunt
3206 1260 3324 1315 quae
3349 1242 3465 1299 Odo
3489 1243 3661 1299 abbas

2087 1346 2273 1418 gessit.
2325 1342 2697 1400 Cluniacensis
2744 1340 3061 1396 monasterii
3115 1335 3394 1408 perfectio,
3441 1332 3665 1404 ejusque

2088 1438 2376 1503 dedicatio,
2427 1435 2734 1505 privilegia,
2767 1433 2923 1498 ritus,
2958 1440 3012 1487 et
3040 1439 3231 1487 exacta
3258 1428 3564 1500 disciplina,
3595 1427 3665 1481 ad

2089 1530 2241 1601 cujus
2273 1541 2519 1583 normam
2554 1532 2734 1581 erecta
2768 1533 2862 1578 aut
2886 1523 3136 1593 adjuncta
3171 1521 3275 1575 alia
3301 1519 3654 1584 monasteria,

2088 1640 2157 1680 θ’(
2185 1623 2383 1694 quibus
2435 1616 2868 1691 congregationis
2910 1613 3285 1671 Cluniacensis
3307 1626 3502 1681 corpus
3531 1625 3664 1666 eon-

2088 1717 2270 1771 llatum
2301 1722 2415 1779 est;
2446 1712 2687 1767 Romana
2717 1708 2910 1764 itinera
2951 1706 3205 1761 Ecclesia}
3225 1705 3365 1759 bono
3381 1709 3664 1770 suscepta,

400 1830 467 1885 de
493 1827 798 1897 Adhegrino
826 1827 881 1880 in
912 1824 1307 1897 Martyrologiis
1329 1830 1421 1876 aut
1446 1794 1733 1876 breviariis
1755 1819 1988 1883 invenio,
2023 1811 2067 1869 B
2096 1806 2383 1863 concordia
2416 1803 2740 1897 principum,
2777 1799 3012 1897 Charitas
3049 1799 3103 1897 in
3136 1794 3668 1897 pauperesraliaque

396 1919 598 1974 nullam
633 1917 699 1972 de
745 1916 861 1986 ejus
908 1915 1047 1971 festo
1083 1913 1393 1984 reliquiisve
1437 1911 1577 1982 apud
1614 1910 1995 1966 Cluniacenses

397 2018 614 2066 nostros
666 2007 1008 2063 memoriam.
1048 2004 1243 2060 Nescio
1290 2019 1358 2059 an
1412 2002 1655 2071 ejusdem
1699 2002 1755 2056 in
1810 2014 1993 2059 eremo

395 2102 577 2157 socius
608 2100 769 2157 fuerit
796 2099 971 2154 Droco
991 2095 1351 2171 Floriacensis
1377 2094 1673 2151 monachus
1692 2094 1993 2165 piissimus,

396 2192 487 2261 qui
527 2191 581 2246 in
610 2189 928 2247 coenobitiea
962 2187 1371 2243 conversatione
1393 2187 1667 2255 probatus,
1686 2187 1855 2240 eremi
1879 2186 1991 2240 sin-

396 2281 639 2350 gularem
658 2293 943 2352 aggressus
965 2287 1049 2334 est
1073 2292 1302 2348 pugnam
1328 2292 1393 2332 eo
1417 2278 1471 2331 in
1490 2277 1628 2343 loco,
1651 2295 1671 2329 ‹
1692 2277 1783 2346 qui
1806 2276 1991 2331 Balma

395 2371 614 2435 dicitur,
647 2390 666 2423 ι
701 2379 837 2426 teste
859 2369 1110 2424 Aimoino
1134 2369 1186 2423 in
1213 2366 1509 2437 superioris
1533 2366 1685 2434 tomi,
1710 2381 1832 2437 pag.
1863 2365 1989 2421 561.

465 2463 555 2515 12.
591 2461 763 2517 Odoni
816 2475 914 2530 pro
961 2457 1274 2529 Adhegrino
1339 2456 1547 2512 socium
1598 2455 1989 2510 Teutbelonem

396 2552 644 2624 adjungit
678 2552 972 2608 chronicon
998 2550 1391 2605 Malleacense':
1430 2567 1448 2599 ι
1479 2548 1681 2602 Eodem
1718 2555 1982 2616 tempore,

395 2640 577 2698 adhuc
630 2643 842 2698 vivente
891 2642 1185 2710 Turpione,
1217 2637 1333 2695 Odo
1364 2647 1419 2693 et
1439 2638 1703 2693 Teutltelo
1734 2639 1986 2694 canonici

396 2732 570 2787 sancti
592 2731 806 2786 Martini
830 2730 1204 2795 illustrissimi,
1234 2728 1592 2798 adimplentes
1612 2729 1985 2799 evangelicum

396 2829 754 2892 prteceptum,
793 2818 1069 2875 derelictis
1111 2817 1368 2873 omnibus
1394 2817 1507 2871 suis
1552 2831 1822 2887 pauperes
1856 2832 1987 2887 pau-

395 2926 580 2981 perem
601 2910 879 2966 Christum
907 2907 1080 2964 secuti
1111 2918 1256 2970 sunt,
1292 2918 1345 2963 et
1370 2906 1631 2962 Cluniaco
1669 2917 1860 2963 saneto
1889 2908 1987 2962 ba-

398 3002 511 3057 bitu
541 3009 597 3056 et
637 3000 747 3055 vita
794 2999 966 3054 induti
997 3007 1141 3054 sunt.
1193 2997 1345 3054 Unde
1386 3007 1520 3052 nutu
1556 2998 1650 3053 Dei
1696 2997 1812 3054 Odo
1843 2997 1983 3053 abba

395 3092 614 3163 praefuit
661 3091 1060 3156 sanctissimus,
1115 3090 1257 3145 sicut
1299 3089 1654 3160 sequentibus
1694 3090 1978 3145 dicemus:

2098 1897 2150 1952 id
2177 1912 2348 1968 genus
2369 1893 2569 1950 eximia
2605 1891 2869 1955 facinora,
2898 1889 3102 1946 Odonis
3130 1887 3331 1942 famam
3361 1886 3562 1955 ubique
3582 1899 3674 1939 ce-

2095 1989 2298 2045 lebrem
2332 1986 2702 2042 reddiderunt.
2746 1982 2978 2054 Legendi
3012 1982 3096 2036 bis
3140 1981 3207 2036 de
3235 1980 3395 2035 rebus
3434 1977 3672 2034 Joannes

2095 2083 2148 2136 in
2175 2082 2268 2136 lib.
2299 2096 2361 2135 ιιι
2387 2089 2439 2135 et
2464 2077 2738 2148 Nalgodus
2765 2061 2782 2130 ἐ
2809 2090 2874 2130 ex
2926 2074 3121 2144 quibus
3149 2072 3393 2144 quaedam
3422 2072 3526 2126 hoc
3553 2069 3673 2125 loco

2094 2172 2370 2227 illustrare
2425 2167 2674 2232 sufﬁciat,
2717 2179 2913 2235 nempe
2953 2162 3325 2219 Cluniacensis
3356 2159 3675 2216 monasterii

2093 2264 2231 2316 ritus
2256 2276 2320 2316 ac
2358 2260 2697 2329 dignitatem,
2735 2256 2965 2311 aliorum
2995 2254 3448 2310 monasteriorum
3487 2265 3674 2307 emen-

2093 2351 2367 2407 dationem
2411 2365 2505 2405 seu
2554 2346 2969 2410 institutionem,
3021 2343 3266 2399 Romana
3306 2343 3521 2397 itinera.
3561 2339 3677 2394 Pri-

2090 2457 2238 2497 mum
2273 2442 2362 2496 hic
2393 2439 2622 2509 expedio
2663 2455 2677 2493 :
2723 2439 2818 2494 sed
2847 2437 2998 2508 prius
3035 2436 3103 2491 de
3129 2434 3413 2490 monastiei
3468 2431 3676 2490 ordinis

2088 2547 2187 2601 per
2206 2532 2261 2586 id
2297 2541 2506 2600 tempus
2539 2529 2591 2584 in
2623 2527 2795 2584 Gallia
2827 2536 2972 2584 statu
2999 2527 3263 2598 agendum
3286 2533 3389 2580 est.

2161 2620 2248 2675 16.
2279 2620 2571 2690 Postquam
2603 2629 2833 2690 augusta
2886 2616 2978 2671 illa
3017 2616 3220 2686 capita,
3264 2613 3489 2670 Carolus
3516 2611 3586 2667 Μ.
3614 2621 3673 2668 et

2087 2712 2392 2768 Ludovicus
2442 2711 2592 2777 Pius,
2650 2713 2718 2766 de
2772 2710 3111 2766 restituendo
3157 2708 3212 2762 in
3242 2706 3434 2762 melius
3480 2706 3672 2761 ordine

2088 2801 2553 2858 sanctiBenedicti
2581 2801 2724 2856 serio
2746 2800 3005 2871 egissent,
3026 2812 3325 2868 eorumque
3347 2796 3671 2852 auctoritate

2086 2893 2141 2949 id
2168 2890 2434 2948 eﬂecisset
2460 2890 2788 2947 Benedictus
2823 2891 2990 2945 abbas
3033 2888 3388 2951 Anianensis,
3418 2896 3476 2942 ut
3500 2885 3672 2958 plera-

2085 3000 2190 3056 que
2207 2983 2396 3040 Galliaz
2423 2982 2755 3038 monasteria
2780 2982 2878 3036 sub
2900 2996 3006 3036 uno
3031 2981 3209 3051 capite
3236 2979 3397 3035 veluti
3417 2994 3522 3033 una
3543 2992 3671 3033 eou-

2085 3077 2325 3149 gregatio
2382 3074 2634 3145 religiose
2679 3073 2953 3137 viverent;
3004 3071 3329 3141 sperandum
3386 3071 3670 3123 videbatur

397 3160 660 3239 i‘euthelo
685 3180 909 3251 jubente
937 3182 1134 3236 abbate
1172 3195 1271 3236 suo
1301 3181 1744 3251 archiepiscopus
1779 3180 1982 3235 invitus

2090 3183 2205 3223 eam
2242 3165 2581 3236 disciplinam
2640 3165 2729 3219 ditt
2758 3164 3135 3228 substituram,
3190 3163 3244 3215 ni
3276 3163 3543 3216 exstincto
3569 3160 3674 3215 Bc»

396 3284 748 3333 consecratur
769 3274 1023 3339 Turonis,
1067 3292 1086 3324 ι
1122 3282 1226 3330 etc.
1258 3272 1458 3328 Verum
1498 3272 1549 3326 id
1599 3272 1666 3327 de
1691 3272 1985 3327 Teutelone

399 3382 493 3423 seu
520 3354 812 3422 Teotolone
851 3364 1045 3421 falsum
1081 3379 1204 3421 esse
1227 3380 1293 3419 ex
1332 3364 1705 3433 superioribus
1727 3362 1985 3434 intelligi-

401 3467 509 3521 tur,
547 3467 708 3525 atque
734 3455 964 3526 amplius
994 3470 1060 3511 ex
1083 3454 1543 3524 consequentibus
1573 3454 1875 3524 apparebit.

471 3550 561 3604 l3.
592 3549 723 3604 Post
750 3548 1083 3618 aliquantum
1112 3546 1370 3616 temporis
1408 3545 1649 3601 Odonem
1676 3543 1986 3600 sacerdotio

399 3641 619 3711 dignum
650 3647 907 3710 reputans
935 3637 1132 3702 Berno,
1176 3654 1196 3688 ι
1237 3636 1508 3707 promovit
1532 3650 1689 3701 eum;
1718 3642 1773 3690 et
1799 3647 1987 3689 accer-

400 3731 506 3787 sito
534 3731 833 3800 .episcopo,
862 3729 978 3784 sine
1010 3742 1108 3783 suo
1135 3725 1273 3782 velle
1323 3741 1647 3782 consecrare
1677 3740 1800 3780 eum
1852 3725 1984 3781 fecit

376 3820 754 3900 sacerdotem.
806 3839 825 3872 ι
861 3818 995 3872 Rem
1027 3818 1262 3887 explicat
1304 3816 1541 3873 Joannes
1579 3832 1730 3871 num.
1763 3815 1855 3882 57,
1888 3817 1985 3873 sed

400 3909 651 3980 episcopo
681 3909 822 3964 haud
847 3908 1142 3963 nominato.
1187 3927 1206 3959 ‹
1238 3908 1677 3963 Bisuntineusem
1707 3908 1986 3979 archiepi-

400 4016 625 4072 scOpum
688 4020 708 4054 ι
739 4000 982 4073 suggerit
1038 3998 1332 4070 Nalgodus,
1387 3999 1481 4053 sed
1511 4014 1814 4068 perperam.
1843 3999 1987 4055 Con-

402 4102 512 4151 stat
563 4092 828 4163 siquidem
875 4106 940 4147 ex
970 4090 1197 4147 Joannis
1235 4089 1354 4144 loco
1399 4089 1702 4159 praecitato,
1742 4088 1987 4145 Odonem

402 4194 594 4256 rogatu
625 4182 860 4253 episcopi
889 4182 1221 4237 ordinatoris
1251 4180 1333 4235 sui
1379 4194 1443 4234 ac
1471 4187 1742 4248 praecepto
1773 4179 1987 4234 abbatis

401 4273 770 4342 composuisse
810 4281 918 4327 tres
959 4271 1168 4326 libellos
1189 4271 1255 4326 de
1282 4269 1655 4326 sacerdotibus
1686 4287 1704 4320 ι
1735 4284 1803 4324 ex
1839 4267 1992 4325 Jere—

402 4368 527 4421 mite
552 4364 829 4429 vaticinio,
869 4384 887 4417 ι
921 4365 975 4419 id
1010 4373 1115 4429 est,
1154 4373 1265 4418 tres
1293 4363 1645 4419 collationum
1676 4363 1865 4428 libros,
1896 4362 1989 4432 qui

404 4457 666 4529 Turpioni
704 4458 959 4529 episcopo
1008 4455 1389 4512 Lemovicensi
1442 4456 1685 4525 inscripti
1739 4464 1882 4510 sunt.
1938 4455 1989 4510 Is

2085 3259 2321 3323 nedicto,
2352 3258 2445 3327 qui
2505 3255 2624 3327 ejus
2653 3265 2843 3311 auctor
2886 3270 2950 3311 ac
2999 3253 3314 3324 praesidium
3338 3258 3479 3316 erat,
3505 3248 3671 3306 bello-

2083 3364 2204 3405 rum
2226 3362 2350 3403 cum
2383 3347 2642 3411 civilium,
2680 3357 2792 3401 tum
2835 3355 3184 3400 externorum
3219 3349 3584 3412 tempestates,
3614 3348 3673 3394 et

2084 3454 2253 3511 regno
2286 3440 2559 3505 universo,
2586 3447 2642 3494 et
2670 3439 2747 3492 rei
2791 3447 2899 3492 tam
2949 3436 3225 3506 prmclarte
3252 3436 3558 3491 vastitatem
3589 3434 3674 3488 in-

2087 3532 2357 3586 tulissent.
2388 3529 2522 3585 Nam
2550 3545 2671 3586 cum
2699 3530 2766 3583 de
2791 3542 3002 3582 suunua
3037 3534 3218 3581 rerum
3241 3527 3381 3580 inter
3416 3523 3671 3579 Ludovici

2084 3621 2168 3677 Pii
2194 3621 2354 3688 ftlios,
2386 3622 2584 3677 nedum
2618 3618 2949 3674 Ludovicum
2982 3615 3472 3687 ipsum,atrocibus
3505 3613 3666 3667 dissi-

2088 3713 2192 3769 diis
2220 3713 2649 3784 disceptaretur;
2684 3727 2747 3766 ex
2781 3709 3072 3780 improviso
3097 3706 3415 3762 Nortmanni
3441 3720 3508 3760 ex
3536 3704 3672 3775 Sep-

2089 3805 2358 3859 tentrione
2398 3804 2452 3857 in
2512 3802 2742 3861 Galliam
2802 3801 3063 3871 irrupere,
3109 3797 3207 3868 qui
3260 3796 3668 3867 rempublicam,

2081 3891 2195 3962 jam
2225 3893 2380 3949 bellis
2406 3893 2715 3947 domesticis
2742 3891 3021 3955 violatam,
3051 3904 3149 3959 per
3193 3904 3364 3944 annos
3393 3886 3673 3956 sexaginta

2089 3985 2288 4039 misere
2333 3982 2747 4037 labefactarunt.
2781 3979 2933 4035 Tunc
2957 3980 3154 4050 quippe
3180 3980 3299 4048 pagi
3330 3979 3383 4032 in
3429 3976 3673 4032 solitudi-

2090 4086 2215 4126 nem
2266 4070 2489 4135 redacti,
2513 4071 2677 4125 urbes
2703 4079 3022 4139 expugnatae
3061 4078 3117 4123 et
3146 4067 3398 4131 incensre,
3431 4065 3673 4121 ecclesia;

2089 4160 2144 4216 in
2169 4160 2400 4230 praedam
2439 4160 2597 4225 datm,
2646 4158 2994 4228 pessumdata
3036 4154 3399 4223 monasteria,
3417 4157 3671 4212 monachi

2089 4250 2286 4320 partim
2323 4249 2522 4314 necati,
2548 4249 2745 4318 partim
2795 4248 2983 4320 fugati,
3007 4248 3099 4319 qui
3154 4246 3394 4304 collectis
3454 4256 3673 4302 sancto-

2091 4359 2211 4399 rum
2239 4342 2486 4414 reliquiis
2513 4342 2740 4411 aliisque
2782 4342 3109 4409 sarcinulis;
3133 4356 3241 4413 quo
3278 4340 3405 4397 belli
3437 4341 3672 4410 impetus

2099 4434 2365 4499 vertebat,
2389 4433 2512 4488 inde
2537 4447 2594 4488 se
2618 4432 2992 4504 proripientes,
3025 4432 3095 4489 ad
3126 4433 3346 4499 tutiora,
3373 4434 3418 4487 si
3442 4447 3561 4502 qua:
3584 4445 3675 4485 oc-

413 4515 542 4618 ergo
590 4515 1083 4618 episcopus-Odoni
1139 4547 1502 4603 sacerdotium
1559 4515 1786 4600 contulit
1834 4544 1996 4615 paulo
2024 4515 2076 4575 D
2103 4525 2424 4618 Ψηίεδθηίν
2455 4522 2574 4618 Ῑίξθτι
2619 4523 2986 4618 ἀεοηξιεώέηί»
3036 4530 3129 4578 θυι
3180 4522 3470 4594 Ρειίίλδυηάῖ
3507 4521 3673 4576 mam

410 4649 537 4695 ante
561 4639 886 4694 abbatialem
910 4639 1254 4709 dignitatem.

404 4728 532 4784 Car.
552 4727 1014 4784 lV.—Abbatialis
1026 4728 1276 4798 dignitas,
1295 4725 1569 4781 monastici
1585 4724 1782 4779 ordinis
1807 4732 1994 4779 status.

478 4822 566 4876 M.
607 4818 741 4876 Nam
775 4841 793 4873 ι
824 4836 919 4892 per
941 4821 1070 4876 illud
1095 4829 1303 4892 tempus
1329 4819 1530 4875 exitiali
1556 4818 1813 4888 languore
1834 4818 1999 4887 coepit

408 4913 729 4970 decumbere
777 4922 932 4983 pater
957 4912 1188 4977 Bernus,
1242 4931 1262 4965 ι
1305 4911 1396 4979 qui
1431 4928 1451 4962 ‹
1480 4924 1604 4964 mox
1632 4908 1843 4963 vicinos
1872 4909 1989 4977 epi-

407 5013 606 5075 scbpos
655 5004 962 5070 accersivit,
1014 5004 1165 5060 etab
1192 5002 1341 5057 omni
1374 5001 1565 5055 ordine
1617 5014 1676 5054 se
1718 4998 1984 5069 deposuit.

411 5094 656 5164 Rogabat
688 5094 829 5148 inter
873 5094 989 5147 haec
1013 5092 1178 5146 verba
1228 5089 1446 5153 fratres,
1472 5097 1531 5142 ut
1557 5087 1846 5157 sibiquem
1876 5085 1989 5143 vel-

406 5183 541 5248 lent,
570 5191 781 5252 patrem
809 5180 1092 5250 eligerent.
1119 5179 1272 5235 Tunc
1302 5177 1556 5232 manibus
1585 5175 1838 5241 fratrum,
1864 5194 1882 5228 ι
1903 5176 1988 5230 in-

407 5274 527 5310 nuit
564 5272 792 5310 Inonnan
825 5285 953 5310 unm
980 5267 1052 5310 X7
1109 5288 1128 5310 ι
1149 5277 1303 5310 ηειιρτ
1317 5276 1502 5310 nnctpr
1518 5276 1724 5310 nnnlnc-
1753 5276 1807 5310 et
1833 5267 1986 5310 attnsi

2103 4616 2358 4670 miseram
2388 4615 2673 4670 traducere
2720 4615 2808 4669 vix
2837 4614 3171 4670 sinebantur.
3205 4613 3389 4669 Sicubi
3429 4628 3558 4667 vero
3592 4612 3672 4682 eis

2102 4710 2363 4778 tantisper
2392 4709 2663 4778 respirare
2696 4723 3013 4763 concessum
3043 4715 3195 4773 erat,
3229 4722 3383 4763 casas
3428 4720 3529 4776 pro
3552 4720 3673 4760 mo-

2101 4801 2228 4857 dulo
2256 4816 2323 4857 ac
2358 4810 2596 4870 tempore
2618 4801 2945 4866 sarciebant,
2971 4801 3025 4855 in
3055 4801 3251 4870 quibus
3282 4815 3385 4854 non
3415 4808 3522 4852 tam
3546 4812 3672 4851 nor-

2099 4907 2201 4947 ma:
2246 4891 2504 4963 regulari,
2532 4905 2691 4959 quam
2722 4891 2842 4945 vitae
2874 4905 2939 4946 ac
2976 4891 3135 4945 saluti
3182 4891 3490 4960 prospicere
3515 4902 3673 4958 coge—

2090 4981 2308 5037 bantur.
2351 4982 2680 5049 Quibusdam
2724 4982 2777 5036 in
2822 4981 2973 5048 locis,
3015 4983 3107 5037 ubi
3147 4980 3429 5036 monastici
3457 4979 3667 5035 ordinis

2091 5072 2279 5128 incola:
2310 5072 2644 5135 deficiebant,
2678 5072 2891 5143 pauculi
2916 5087 3037 5127 sese
3062 5072 3326 5143 collegere
3348 5072 3557 5137 clerici,
3578 5074 3670 5141 qui

2089 5170 2328 5217 veterem
2347 5163 2730 5218 monachorum
2756 5163 3150 5231 possessionem
3175 5163 3505 5227 insederunt,
3528 5176 3671 5216 eam-

2091 5267 2198 5310 aue
2234 5254 2396 5309 rebus
2444 5255 2608 5308 etiam
2649 5253 2914 5309 serenatis
2965 5255 3067 5310 sibi
3116 5255 3477 5309 retinuerunt.
3535 5253 3671 5309 Hinc
