4004 5340
325 386 392 440 r7
552 464 560 467 ἡ
1239 400 1775 464 PBOLEGOMENA.
1815 440 1886 452 -
1923 413 2229 477 ELOGIUM
2267 424 2325 479 s.
2362 412 2647 486 oneras?

3386 458 3391 467 λ
3472 439 3567 527 ιε

394 501 481 555 "-
529 506 678 560 Ῐιῑιθτ
700 519 833 612 ηεαδ
864 506 1387 625 Οσοηθιρτωεθτιῖηι
1430 521 1644 588 abbale.
1672 524 1889 581 Clunia-
1916 540 1966 601 Α
1992 534 2111 591 dem
2162 538 2390 597 farinam
2445 560 2582 617 aqua
2640 548 2963 605 nitidissima
3008 553 3419 625 conspergebat,
3474 554 3565 611 alii

318 605 444 648 cum
496 610 661 665 super
686 601 864 653 omnia
893 602 1136 658 coenobia
1169 618 1333 677 caput
1376 612 1566 667 extulit
1595 612 1738 669 fama
1767 616 1893 671 reli-

317 682 512 754 gionis,
561 701 722 757 quam
752 689 867 745 Odo
896 702 1021 761 post
1065 694 1362 754 Bernoncm
1397 701 1591 757 ibidem
1643 705 1892 762 instituit.

314 770 581 829 Fervebat
604 791 671 832 eo
696 779 751 862 in
790 780 910 836 loco
937 784 1196 841 virtutum
1227 792 1520 859 aunulatio,
1577 798 1810 852 studium
1839 800 1893 855 in

316 874 404 916 res
446 878 653 931 sacras,
687 869 882 938 regula:
922 886 1176 929 accurata
1213 880 1542 948 observatio,
1573 885 1812 943 charitas
1834 888 1892 944 in

312 965 600 1022 pauperes,
630 958 767 1012 adeo
813 968 873 1014 ut
920 981 940 1013 ι
984 966 1365 1035 septemdecim
1398 971 1564 1025 millia
1594 988 1891 1045 pauperum

312 1041 366 1094 in
397 1044 575 1112 capite
611 1045 1049 1119 Quadragesimte
1093 1070 1200 1111 uno
1238 1072 1381 1114 anno
1406 1064 1545 1130 apud
1576 1041 1890 1122 Cluniacum

308 1130 711 1205 eleemosynam
755 1140 1064 1210 habuerint,
1113 1155 1172 1200 et
1216 1148 1476 1206 ducentas
1497 1154 1885 1228 quinquaginta

306 1238 513 1292 pernas
560 1233 892 1299 acceperint,
947 1253 967 1286 ι
994 1244 1134 1291 teste
1164 1238 1417 1297 Udalrico
1442 1244 1495 1297 in
1541 1245 1635 1300 lib.
1666 1263 1724 1301 ιιι
1747 1248 1889 1303 Con-

307 1317 648 1373 suetudinum
678 1321 1108 1380 Cluniaeensium
1131 1342 1248 1398 cap.
1283 1331 1371 1384 ll.
1407 1334 1546 1400 Quin
1576 1337 1739 1390 etiam
1772 1337 1887 1393 sedi

307 1408 614 1473 apostolica:
658 1412 956 1468 subsidium
1007 1417 1123 1472 haec
1157 1420 1350 1476 domus
1378 1425 1605 1492 praebuit
1648 1441 1753 1481 non
1800 1444 1885 1484 se-

305 1497 427 1561 mel,
457 1497 601 1553 haud
652 1516 811 1558 secus
837 1513 1001 1575 atque
1028 1521 1315 1564 commune
1342 1513 1607 1580 quoddam
1642 1515 1884 1572 ecclesia:

303 1589 553 1644 crarium
587 1609 601 1644 :
633 1592 824 1650 Petrus
863 1600 1186 1655 venerabilis
1212 1613 1418 1656 auctor.
1455 1603 1610 1660 [litus
1638 1606 1882 1677 plerique

299 1678 564 1748 desumpti
589 1681 656 1735 ab
676 1683 888 1739 Euticio
907 1687 1142 1743 abbate:
1175 1691 1354 1745 caeteri
1384 1706 1415 1744 a
1442 1693 1708 1762 Bernone,
1739 1696 1881 1752 Odo-

298 1781 385 1831 nc,
417 1768 647 1839 aliisque
676 1774 844 1827 additi
898 1788 1046 1831 sunt.
1077 1777 1320 1834 Euticius
1350 1794 1461 1835 non
1505 1782 1642 1839 alius
1668 1786 1881 1840 videtur

296 1873 459 1927 quam
515 1860 843 1919 Benedictus
875 1867 1222 1935 Anianeusis,
1268 1869 1363 1940 qui
1400 1880 1646 1927 veterum
1690 1890 1879 1931 mona-

293 1951 521 2006 chorum
550 1953 798 2010 instituta
840 1957 1076 2030 collegit,
1125 1963 1347 2031 suisque
1375 1963 1633 2019 imitanda
1682 1982 1874 2038 propo-

294 2040 423 2094 suit.
484 2041 566 2095 Ex
619 2044 707 2098 bis
751 2046 946 2102 ritibus
985 2051 1272 2107 nonnullos
1319 2054 1519 2108 delibat
1557 2054 1793 2113 Joannes
1817 2060 1872 2115 in

290 2127 381 2183 lib.
415 2143 457 2194 ι,
490 2147 641 2185 num.
682 2133 772 2199 25,
804 2139 1104 2204 praesertim
1133 2156 1284 2196 num.
1314 2141 1383 2195 50
1405 2151 1462 2197 et
1500 2147 1867 2213 sequentibus.

290 2219 521 2286 Quidam
555 2225 625 2278 ad
656 2225 890 2281 alliciunt
920 2229 1183 2297 divinum,
1224 2233 1439 2303 quidam
1470 2234 1536 2289 ad
1569 2235 1869 2306 regularem

291 2310 635 2381 disciplinam
677 2324 730 2369 et
764 2318 995 2375 virtutes
1035 2323 1395 2388 monastieas;
1424 2326 1606 2379 caeteri
1637 2326 1705 2380 ad
1735 2327 1868 2381 edu-

288 2403 559 2459 cationem
602 2405 862 2475 juvenum
898 2411 1234 2481 aliorumque
1262 2413 1658 2470 institutionem
1697 2416 1870 2485 perti-

289 2496 508 2550 nebant.
565 2496 767 2554 Omnes
798 2499 1083 2559 Udalricus
1117 2507 1414 2560 monachus
1464 2517 1706 2573 sanctus,
1744 2516 1868 2577 post

287 2583 623 2643 Bernardum
668 2590 908 2658 ejusdem
941 2594 1042 2650 loci
1094 2597 1445 2662 cwnobitam,
1476 2610 1730 2655 accurate
1768 2602 1864 2655 de-

288 2675 476 2730 scribit
504 2677 679 2734 tribus
703 2680 878 2747 libris,
902 2686 991 2754 qui
1020 2685 1089 2740 ab
1109 2687 1342 2742 Acherio
1366 2700 1552 2744 nostro
1578 2691 1720 2761 typis
1740 2691 1861 2745 vul-

296 2766 406 2833 gati
435 2772 633 2823 suntin
660 2769 931 2843 Spicilegii
958 2783 1100 2830 torno
1125 2776 1214 2832 Ν.
1238 2778 1295 2831 In
1321 2777 1460 2833 libro
1483 2782 1656 2850 primo
1685 2783 1864 2852 agitur

287 2855 352 2906 de
366 2854 669 2922 psalmodia
683 2869 738 2914 et
757 2877 1043 2917 missarum
1059 2864 1360 2933 solemniis,
1376 2869 1548 2937 deque
1563 2871 1723 2924 variis
1735 2872 1860 2925 anni

284 2945 691 3005 celebritatlbus
721 2968 735 3003 :
762 2953 815 3006 in
842 2956 1079 3030 secundo
1099 2957 1165 3011 de
1193 2958 1477 3028 disciplina
1508 2961 1777 3030 regulari:
1803 2965 1857 3017 in

284 3037 448 3093 tertio
460 3041 526 3093 de
548 3040 886 3098 oﬂicialibus.
901 3045 1046 3101 Duas
1064 3048 1259 3103 missas
1283 3050 1611 3105 solemnesin
1634 3052 1748 3107 dies
1768 3067 1857 3107 ce-

281 3129 474 3187 lebrari
500 3150 619 3190 mos
640 3145 760 3191 erat
784 3154 797 3190 :
819 3138 1046 3207 privatis
1064 3141 1258 3207 sacris,
1287 3142 1387 3197 nisi
1417 3154 1570 3198 extra
1609 3144 1851 3199 divinum

278 3221 510 3279 ofﬁcium
537 3235 594 3280 et
622 3225 882 3294 majorem
908 3230 1126 3285 missam
1147 3270 1164 3296 ,
1192 3232 1405 3301 operari
1428 3233 1634 3303 religio.
1667 3234 1855 3300 Quoti-
1880 3245 1925 3308 ρ

280 3316 361 3371 die
378 3332 507 3372 suas
525 3319 757 3389 quisque
772 3322 973 3377 hostias
987 3338 1050 3377 ex
1072 3322 1334 3380 alterutro
1346 3325 1849 3395 choro_oll‘erebant:

282 3410 490 3464 tametsi
506 3411 749 3481 quinque
771 3420 975 3468 tantum
990 3414 1181 3470 diebus
1198 3415 1491 3471 Dominicis
1510 3426 1621 3473 tres
1643 3417 1852 3474 feriatis

276 3504 751 3559 oommunicabant
780 3522 794 3557 :
824 3507 1003 3562 caeteri
1044 3509 1252 3563 hostias
1283 3510 1596 3565 benedictas
1646 3511 1699 3565 in
1739 3527 1853 3567 mo-

277 3593 405 3646 dum
425 3594 762 3665 eulogiarum
806 3608 933 3651 ante
963 3611 1302 3654 communem
1336 3600 1514 3655 cibum
1544 3604 1847 3656 sumebant.

275 3683 328 3737 ln
364 3686 549 3741 missis
595 3687 972 3742 defunctorum
1022 3690 1354 3746 solemnibus
1401 3702 1563 3762 atque
1590 3695 1643 3748 in
1671 3694 1850 3749 triduo

277 3776 636 3847 Rogatiouum
666 3787 893 3848 uterque
930 3780 1130 3835 chorus
1161 3782 1764 3840 oblationem-faciebat.
1790 3785 1847 3839 In

274 3867 565 3935 majoribus
588 3871 761 3924 sacris
786 3871 1047 3926 diaconus
1079 3886 1293 3942 semper
1318 3875 1755 3930 communicabat
1780 3892 1843 3931 ex

273 3961 446 4015 hostia
485 3965 789 4039 sacerdotis
839 3979 854 4018 :
921 3967 1284 4023 subdiaconus
1336 3970 1552 4025 nonnisi
1603 3986 1668 4025 ex
1725 3972 1847 4028 aliis

272 4054 482 4112 hostiis.
530 4057 852 4114 Communia
886 4062 1134 4117 omnibus
1181 4064 1521 4134 praebebatur
1570 4066 1624 4121 in
1669 4068 1846 4124 triduo

272 4152 398 4200 ante
417 4145 625 4204 Pascha
658 4166 671 4202 :
695 4150 787 4219 qui
816 4146 1054 4206 Sabbato
1076 4164 1263 4208 sancto
1282 4163 1408 4210 ante
1430 4155 1687 4225 majorem
1712 4159 1843 4214 mis-

279 4254 395 4294 sam
448 4241 701 4309 privatim
770 4241 1049 4300 celebrare
1086 4246 1331 4312 volebat,
1380 4266 1400 4299 ι
1448 4264 1553 4303 non
1594 4252 1845 4307 utebatur

266 4330 517 4395 candela,
542 4334 668 4401 quia
686 4348 857 4388 novus
880 4334 1017 4405 ignis
1033 4337 1266 4391 nondum
1292 4347 1791 4398 eratconsecratus.
1816 4362 1835 4395 ι

268 4424 372 4479 Sed
407 4426 461 4479 in
488 4426 573 4480 his
603 4426 737 4481 nihil
763 4428 934 4499 magis
957 4430 1390 4485 consideratione
1411 4432 1649 4503 dignum,
1679 4449 1840 4504 quam

266 4512 410 4583 quod
464 4514 532 4568 de
582 4516 922 4571 confectione
959 4516 1257 4571 hostiarum
1288 4519 1483 4589 legitur
1523 4521 1571 4573 in
1628 4519 1720 4576 lib'.
1756 4539 1837 4588 Ill,

261 4619 383 4673 cap.
433 4604 520 4659 i5.
546 4604 754 4677 Quippe
797 4608 1126 4663 frumentum
1177 4625 1197 4660 ι
1232 4611 1497 4680 granatim
1521 4613 1836 4682 eligebatur,

265 4703 317 4748 et
342 4695 619 4751 lavabatur
656 4699 896 4753 studiose
928 4714 1024 4769 per
1054 4701 1196 4770 ipsos
1227 4701 1442 4757 fratres.
1482 4722 1501 4754 ι
1546 4704 1840 4776 Colligeba-

269 4796 353 4842 tur
388 4791 581 4846 deinde
626 4794 677 4847 in
728 4793 1003 4849 sacculum
1058 4814 1076 4847 ι
1119 4798 1185 4852 ad
1231 4798 1334 4853 hoc
1383 4800 1551 4853 solum
1599 4818 1841 4857 reserva-

270 4884 378 4931 tum
410 4893 424 4932 :
467 4897 487 4931 ι
517 4890 624 4936 tum
654 4893 931 4952 portatum
956 4885 1020 4937 ad
1044 4885 1406 4943 molendinum
1434 4904 1463 4941 a
1491 4889 1687 4945 famulo
1712 4908 1837 4962 pro-

270 4965 413 5036 bato,
457 4974 551 5041 qui
593 4976 790 5029 molam
832 4974 1049 5029 lavabat
1097 4986 1403 5049 utramque,
1456 4983 1838 5052 operiebatque

277 5074 296 5106 ι
330 5074 539 5115 sursum
584 5072 636 5118 et
686 5066 944 5119 deorsum
1000 5066 1243 5134 cortinis,
1285 5088 1303 5121 ι
1353 5084 1417 5123 ac
1444 5071 1678 5139 seipsum
1716 5072 1836 5126 alba

274 5148 517 5188 ‘nrlnnhor
589 5157 787 5188 nm:nlol
834 5154 1032 5188 ΐηιιῖαηι
1079 5167 1277 5188 numin-
1314 5160 1494 5188 Αιιηὶιικ
1542 5163 1687 5188 Α..-κὲ
1709 5172 1813 5188 ...ιιι

1997 626 2103 683 duo
2141 630 2344 689 hostias
2383 636 2433 689 in
2474 656 2491 688 ‹
2528 636 2859 695 ferramento
2884 642 3258 701 characteralo
3290 664 3309 698 ι
3364 660 3566 716 coque-

1993 715 2142 772 bant.
2186 720 2356 776 Tanta
2412 725 2517 779 erit
2570 727 3005 786 Cluniaeensium
3069 715 3460 789 monachorum
3507 736 3569 796 in

1994 804 2202 863 Eucbat
2218 811 2590 885 istiam'pietas
2614 834 2677 873 ac
2699 823 2992 876 veneratio.

2064 901 2149 956 18.
2180 901 2297 957 Jam
2336 921 2464 961 vero
2490 908 2540 961 in
2562 911 2898 981 regularibus
2949 914 3135 972 ofﬁciis
3156 933 3259 974 non
3283 920 3459 977 minor
3477 920 3562 977 di-

1991 989 2235 1060 sciplina.
2262 994 2542 1051 Silentium
2568 1000 2695 1072 juge
2719 1002 2970 1070 interdiu,
2991 1017 3148 1062 noctu
3171 1010 3303 1065 adeo
3325 1026 3560 1080 sacrum,

1990 1090 2049 1133 ut
2073 1080 2198 1135 illud
2227 1091 2351 1137 ante
2371 1084 2605 1142 Primam
2631 1090 2818 1147 violari
2855 1095 3075 1149 omnino
3101 1096 3360 1153 ducerent
3389 1100 3560 1167 nefas,

1989 1179 2323 1243 mortemque
2367 1175 2534 1243 ipsam
2584 1180 2763 1247 potius
2809 1193 3144 1253 appeterent.
3192 1187 3327 1243 llinc
3361 1189 3564 1245 locutio

1986 1276 2084 1329 per
2129 1262 2303 1333 signa,
2335 1281 2453 1335 qua:
2485 1277 2662 1323 tamen
2697 1287 2799 1325 non
2843 1276 3062 1330 omnino
3099 1279 3345 1346 probavit
3389 1278 3561 1350 Gnigo

1986 1351 2283 1407 Cbartusiae
2309 1356 2456 1424 prior
2486 1360 2723 1427 quintus,
2757 1367 3098 1430 quantumvis
3126 1376 3179 1421 ct
3206 1368 3317 1438 ipse
3347 1370 3561 1425 silentio

1986 1441 2254 1508 addictus,
2304 1462 2323 1496 ι
2382 1446 2624 1504 sullicere
2676 1462 2871 1521 putans
2910 1454 3142 1527 linguam
3194 1459 3398 1523 'solam,
3451 1477 3560 1518 non

1984 1531 2146 1585 etiam
2174 1542 2398 1590 czeteros
2433 1547 2582 1594 artus
2624 1543 2863 1598 rentibus
2890 1545 3169 1614 implicare
3219 1548 3492 1618 loquendi,
3532 1570 3554 1603 ι

1983 1629 2042 1675 ιιι
2076 1622 2187 1691 ipse
2225 1625 2277 1678 in
2307 1624 2637 1684 Stalutorum
2670 1648 2787 1702 cap.
2822 1633 2910 1699 5i,
2946 1635 3204 1706 loquitur.
3244 1637 3326 1693 Ab
3376 1638 3569 1696 Idibus

1981 1707 2298 1767 Novembris
2354 1718 2685 1773 meditationi
2730 1721 2969 1777 seniores
3016 1734 3133 1794 post
3173 1735 3461 1783 nocturnos
3500 1728 3558 1784 in

1981 1801 2208 1857 ecclesia
2250 1808 2547 1875 vacabant,
2594 1811 2717 1865 dum
2765 1815 2915 1883 pueri
2958 1818 3138 1871 cantui
3180 1834 3398 1888 operam
3448 1835 3550 1875 na-

1906 1902 1951 1960 B
1980 1895 2178 1949 valiant
2218 1897 2271 1951 in
2314 1899 2579 1968 Capitulo.
2648 1900 2795 1971 Opus
2847 1921 3098 1961 manuum
3164 1925 3286 1964 cum
3330 1910 3554 1981 psalmis

1975 1984 2157 2052 ﬁebat,
2180 1990 2533 2058 proclamatio
2557 1996 2834 2065 culparum
2865 2009 2981 2054 erat
3008 2001 3058 2055 in
3089 2017 3209 2057 usu.
3237 2002 3365 2059 Post
3394 2004 3554 2060 Com-

1971 2078 2260 2148 pletorinm
2296 2084 2533 2154 hospites
2570 2104 2673 2143 non
2714 2091 3167 2161 admittebantur,
3221 2111 3320 2153 nec
3365 2097 3551 2155 [ιλιι-ἰ-

1971 2168 2072 2223 bus
2104 2174 2416 2229 comedendi
2452 2177 2785 2235 tribuebatur
2824 2182 3072 2240 facultas.
3110 2186 3324 2258 Insigne
3359 2180 3549 2245 citem-4

1969 2257 2116 2327 plum
2164 2260 2450 2321 Udalricus
2482 2268 2547 2322 de
2590 2270 2869 2327 eellerario
2918 2274 3107 2341 refert,
3154 2257 3246 2347 qui
3283 2294 3404 2334 cum
3439 2288 3550 2335 tota

1969 2347 2055 2402 die
2094 2349 2146 2404 in
2177 2353 2485 2421 recipiendo
2511 2359 2638 2412 vino
2666 2360 2855 2417 fuisset
2885 2376 3198 2435 occupatus,
3226 2370 3549 2439 permissum

1966 2447 2089 2507 post
2133 2438 2551 2511 Completorium
2612 2450 2803 2504 edendi
2866 2453 3157 2524 impetrare
3221 2438 3289 2514 ab
3353 2460 3549 2517 abbate

1972 2548 2077 2587 non
2100 2536 2291 2604 potuit.
2318 2538 2516 2594 Eadem
2544 2542 2597 2595 in
2624 2543 2818 2600 officiis
2845 2546 3040 2604 divinis
3067 2552 3345 2606 severitas.
3370 2553 3548 2610 lturus

1967 2621 2129 2689 foras,
2163 2635 2218 2681 et
2252 2643 2448 2698 equum
2487 2647 2613 2687 mox
2656 2651 3000 2703 ascensurus,
3044 2641 3087 2694 si
3130 2641 3293 2696 officii
3334 2643 3546 2714 signum

1964 2714 2314 2783 insonuisset,
2349 2723 2415 2775 ad
2459 2722 2585 2777 illud
2620 2740 2912 2795 properare
2953 2729 3256 2785 tenebatur.
3298 2731 3373 2786 De
3403 2730 3546 2801 jeju-

1962 2805 2067 2860 niis
2106 2807 2159 2861 id
2205 2807 2319 2864 fere
2365 2815 2685 2869 servabatur
2726 2819 2867 2888 quod
2908 2821 3150 2892 prmeipit
3194 2832 3412 2879 sanctus
3450 2824 3544 2879 Be-

1961 2896 2224 2950 nedictus.
2286 2897 2369 2953 Ab
2426 2900 2608 2957 Idibus
2642 2903 3001 2977 Septembris
3047 2925 3150 2964 una
3195 2917 3401 2966 tantum
3446 2926 3541 2967 co-

1958 2986 2189 3052 mestio,
2231 2988 2337 3042 nisi
2381 2990 2434 3043 in
2482 2990 2632 3047 festis
2676 2995 2955 3051 duodecim
3002 2998 3334 3064 lectionum;
3377 3009 3432 3056 et
3476 3002 3533 3057 in

1956 3076 2159 3129 octavis
2216 3074 2424 3133 Natalis
2462 3080 2691 3139 :Domini
2740 3091 2798 3137 et
2856 3084 3169 3155 Epiphania:
3214 3088 3428 3158 duplex.
3481 3089 3539 3144 la

1957 3163 2061 3218 illis
2108 3166 2264 3229 festis
2310 3169 2595 3226 duodecim
2652 3171 2942 3230 lectionum
2993 3187 3113 3248 post
3150 3179 3431 3249 prandium
3482 3191 3541 3240 et

1956 3255 2244 3314 lectionem
2288 3261 2340 3315 in
2384 3262 2663 3327 claustro,
2717 3266 2859 3321 dicta
2907 3267 3076 3335 Nona,
3109 3270 3290 3327 ibatur
3350 3273 3404 3327 in
3450 3289 3539 3329 re-

1950 3346 2236 3405 fectorium
2282 3352 2349 3406 ab
2410 3353 2697 3411 bibendum
2782 3376 2795 3412 :
2872 3359 2926 3413 in
2994 3362 3185 3417 diebus
3256 3364 3536 3434 privatis,

1949 3449 2073 3510 post
2120 3441 2383 3514 Vesperas
2455 3446 2656 3515 lectio,
2730 3449 2852 3505 inde
2908 3454 3201 3521 pergebant
3265 3454 3319 3507 in
3393 3455 3537 3512 refe-

1950 3531 2178 3586 ctnrium
2232 3535 2299 3588 ad
2337 3535 2648 3605 bibendum,
2703 3550 2891 3611 postea
2946 3544 3140 3598 iterum
3187 3545 3370 3612 lectio,
3409 3547 3537 3606 inde

1949 3619 2163 3676 collatio
2188 3624 2465 3692 spiritalis.
2492 3626 2751 3699 Reliquia:
2777 3633 2932 3703 panis
2971 3642 3026 3687 et
3062 3635 3169 3689 vini
3198 3636 3265 3691 ab
3295 3637 3531 3693 eleemo-

1947 3712 2163 3782 synario
2189 3713 2243 3767 in
2272 3716 2479 3784 pedites
2501 3723 2814 3790 peregrinos
2836 3725 3222 3795 erogabantur.
3256 3727 3531 3784 Praaterea

1945 3804 2242 3860 octodecim
2279 3823 2541 3877 pauperes
2573 3813 2812 3881 quotidie
2845 3815 2984 3884 apud
3032 3815 3343 3871 Cluniacum
3390 3818 3527 3874 aliti.

1945 3892 2021 3947 Ea
2048 3908 2175 3950 vero
2220 3906 2337 3951 erat
2381 3899 2490 3954 vini
2536 3903 2905 3971 parcimonia,
2955 3915 3015 3960 ut
3068 3924 3086 3956 ι
3119 3916 3242 3963 octo
3286 3908 3527 3965 carradae

1944 3984 2055 4041 vini
2099 3987 2380 4059 plusquam
2415 3992 2630 4063 triginta
2664 3994 2921 4052 fratribus
2956 4014 3054 4068 per
3095 4015 3294 4055 annum
3326 4002 3380 4057 in
3410 4019 3528 4060 mo-

1944 4079 2181 4133 nasterio
2227 4079 2517 4137 Charitatis
2565 4082 2901 4150 sull‘ecerint,
2949 4106 2967 4140 ι
3014 4089 3155 4157 apud
3215 4089 3527 4149 Udalricum

1942 4168 1998 4223 in
2033 4168 2124 4223 lib.
2170 4186 2264 4235 ιιι,
2301 4186 2415 4241 cap.
2457 4172 2480 4225 l
2516 4191 2529 4226 :
2559 4173 2640 4227 Ad
2684 4175 2798 4229 haec
2842 4190 2906 4230 ex
2954 4178 3129 4233 sancti
3158 4178 3359 4236 Odonis
3386 4196 3523 4251 pra:-

1943 4260 2165 4329 scripto,
2183 4260 2444 4329 jejunium
2466 4271 2697 4332 quatuor
2723 4274 3018 4336 temporum
3051 4285 3236 4327 mense
3269 4271 3517 4341 Septem-

1941 4351 2043 4413 bri,
2080 4352 2169 4406 ubi
2209 4352 2323 4408 dies
2353 4355 2694 4433 exaltationis
2721 4367 2923 4414 sanctae
2950 4359 3140 4416 Crucis
3170 4373 3364 4433 quarta
3392 4379 3519 4420 sex-

1944 4448 2066 4495 tave
2092 4440 2228 4497 feria
2259 4453 2351 4497 aut
2381 4443 2615 4502 Sabbato
2643 4450 2983 4512 occurrebat,
3018 4451 3068 4504 in
3113 4467 3174 4506 ea
3218 4453 3517 4523 septimana

1866 4585 1918 4644 D
1942 4534 2318 4604 peragebatur,
2354 4554 2373 4587 ι
2409 4545 2467 4591 ιιι
2494 4553 2630 4593 crux
2677 4555 2705 4593 a
2744 4539 2974 4609 jejeunis
3017 4544 3350 4599 adoraretur.
3386 4564 3403 4597 ι
3432 4545 3516 4600 An

1942 4634 2120 4680 autem
2184 4626 2298 4683 Odo
2351 4629 2630 4684 medicina:
2678 4646 2832 4685 usum
2886 4630 3146 4687 fratribus
3190 4634 3514 4699 indulserit,

1945 4717 2193 4773 dubitare
2249 4718 2375 4773 licet
2420 4736 2485 4774 ex
2524 4721 2747 4777 Joannis
2806 4722 2899 4778 lib.
2947 4740 3003 4785 ιι,
3053 4740 3205 4780 num.
3251 4725 3356 4789 Μ,
3408 4726 3516 4779 imo

1942 4815 1997 4860 et
2040 4822 2106 4862 ex
2159 4809 2303 4865 Petri
2356 4809 2687 4868 Venerabilis
2727 4814 2818 4870 lib.
2867 4831 2954 4880 vr,
2995 4816 3215 4883 epistola
3257 4816 3343 4870 '59.
3383 4814 3517 4871 Car-

1942 4897 2265 4967 thusienses,
2302 4906 2441 4954 teste
2477 4901 2718 4972 Guigone
2764 4905 2815 4958 in
2852 4921 2970 4975 cap.
3002 4906 3091 4970 59,
3144 4925 3162 4956 ι
3208 4905 3512 4970 medicinis,

1942 4996 2166 5054 excepto
2212 4990 2455 5045 cauterio
2509 5001 2562 5046 et
2614 4994 2891 5063 sanguinis
2931 4997 3247 5060 minutione,
3288 5010 3512 5064 perraro

1940 5077 2246 5132 utebantur.
2295 5096 2314 5130 ι
2360 5076 2735 5135 Minuebantur
2774 5097 2934 5153 porro
2961 5084 3011 5137 in
3040 5099 3178 5137 anno
3207 5082 3511 5152 quinquies.
