4004 5340
430 434 513 491 19
1508 432 1566 486 8.
1605 430 1740 487 ODO
1776 428 1996 484 ABBAS
2031 423 2543 484 CLUNIACENSIS.
3602 421 3673 477 20

443 563 512 602 ex
541 546 632 613 lib,
663 562 743 611 tu,
774 561 891 617 cap.
929 546 980 601 8.
1014 546 1292 601 Postremo
1328 545 1624 617 disciplina:
1662 545 1820 616 hujus
1867 542 2007 597 ratio
2033 545 2082 602 Α
2109 536 2288 592 sanxit
2316 538 2369 591 in
2392 538 2507 591 hare
2549 538 2755 592 verba:
2790 555 2808 588 ι
2844 535 3163 592 Sacerdotes
3190 534 3382 600 nostri,
3425 534 3533 589 imo
3559 519 3675 589 iure

446 634 920 690 administrabatur
956 635 1059 689 sub
1088 635 1280 689 abbate
1320 651 1416 704 per
1452 636 1684 704 priorem
1730 634 2009 702 majorem,

445 728 694 790 decanos,
723 727 954 797 priorem
981 725 1342 790 claustralem,
1370 726 1682 792 circatores,
1721 741 2011 795 puerorum

448 817 755 886 magistros,
780 823 1166 885 praecentorem
1194 823 1248 868 et
1276 816 1586 879 armarium,
1604 816 1798 884 quibus
1826 815 2009 880 libros,

449 906 681 959 maxime
717 904 884 961 choro
922 905 1244 971 destinatos,
1291 906 1343 959 in
1391 908 1627 961 armario
1673 908 2007 970 asservabat,

448 997 825 1063 eamerarium,
849 999 933 1053 cui
964 999 1402 1053 vestimentorum
1429 1016 1578 1066 cura,
1603 1002 2012 1074 apocrisarjum,

447 1086 536 1140 cui
578 1086 821 1142 ecclesiae
873 1088 1155 1145 thesaurus
1204 1090 1611 1148 commendatus
1653 1102 1809 1159 erat,
1857 1092 2015 1149 celle-

446 1178 672 1244 rarium,
687 1178 1057 1246 stabularlum,
1074 1180 1555 1252 eleemosynarium
1570 1190 1623 1237 et
1635 1183 2012 1240 inlirmarium.

518 1271 606 1325 i9.
645 1271 727 1326 Ad
774 1270 877 1326 loci
925 1271 1258 1343 disciplinam
1306 1274 1435 1328 item
1478 1275 1710 1344 pertinet
1750 1274 2016 1332 libertatis

446 1363 820 1433 praerogativa,
834 1377 993 1433 quam
1012 1363 1269 1421 Cluniaco
1292 1374 1478 1436 rogatu
1498 1364 1751 1421 Willelmi
1776 1368 2017 1422 condito-

448 1453 527 1509 ris
564 1454 648 1507 sui
686 1453 951 1523 primum,
992 1455 1116 1510 dein
1163 1455 1417 1511 abbatum
1460 1455 1690 1511 Romani
1734 1458 2017 1526 pontifices

449 1542 812 1596 contulerunt.
844 1540 1095 1598 Callistus
1125 1559 1258 1614 papa
1282 1544 1324 1598 ll
1354 1546 1406 1599 in
1434 1544 1630 1600 litteris
1672 1545 1783 1600 suis
1825 1545 2016 1601 Pontio

452 1631 638 1686 abbati
659 1632 931 1703 inscriptis
958 1632 1035 1686 ait
1073 1632 1408 1705 privilegium
1441 1634 1543 1688 hoc
1571 1632 1824 1688 Cluniaco
1850 1633 2016 1690 fuisse

450 1736 766 1777 concessum
798 1742 817 1774 ι
850 1724 915 1776 ah
942 1723 1057 1793 ipso
1082 1722 1414 1778 fundationis
1430 1739 1541 1780 sua:
1567 1726 1820 1791 exordio;
1856 1745 1875 1776 ›
1903 1741 2018 1781 me-

449 1823 732 1882 moratque
763 1813 1046 1881 pontifices
1083 1814 1176 1884 qui
1208 1814 1334 1869 illud
1360 1815 1833 1882 confirmaverunt,
1865 1834 2015 1873 nem-

2112 634 2298 680 sancta
2340 627 2574 696 synodus
2617 636 2954 696 cognoscat,
2998 626 3139 696 quod
3180 624 3309 679 licet
3354 624 3464 678 sint
3510 622 3679 678 multa

2113 716 2434 770 monasteria
2465 716 2528 769 ad
2558 716 2814 771 honorem
2859 715 2952 770 Dei
2992 712 3376 785 omnipotentis
3415 721 3470 767 et
3506 713 3680 767 beata:

2112 805 2335 874 virginis
2383 804 2587 860 utiliter
2628 814 2684 860 et
2729 805 2974 878 religiose
3007 804 3270 871 fundata;
3320 804 3459 858 inter
3497 801 3679 858 omnia

2113 896 2383 965 quoddam
2422 897 2525 952 illis
2560 898 2613 951 in
2647 900 2894 968 partibus
2934 898 3248 953 Cluniacum
3289 906 3409 961 est,
3452 904 3508 951 et
3551 910 3679 965 pro-

2112 988 2289 1056 prium
2332 988 2393 1041 Β.
2447 989 2651 1056 Petro,
2700 999 2756 1045 et
2808 991 2935 1046 huic
2990 990 3235 1045 ecclesire
3277 988 3495 1058 speciali
3557 988 3683 1059 jure

2115 1088 2392 1142 adhxerere
2432 1088 2783 1160 dignoscitur.
2848 1088 2999 1145 Unde
3053 1087 3315 1143 honorem
3358 1094 3415 1141 et
3460 1086 3683 1140 tutelam

2115 1175 2275 1246 hujus
2303 1185 2503 1232 sanctae
2530 1185 2583 1233 et
2608 1177 2916 1247 apostolicae
2945 1178 3090 1234 sedis
3114 1179 3182 1233 ab
3208 1176 3340 1247 ipsis
3374 1174 3686 1245 primordiis

2116 1268 2313 1323 meruit
2353 1269 2666 1325 obtinere...
2715 1270 2783 1325 Et
2811 1269 3031 1326 favente
3059 1270 3240 1325 divina
3264 1268 3558 1325 clementia
3583 1266 3686 1322 sub

2117 1357 2379 1428 religiosis
2401 1368 2454 1414 et
2475 1360 2676 1415 sanctis
2688 1360 2971 1416 abbatibus
2982 1361 3047 1416 ad
3064 1360 3116 1415 id
3143 1375 3312 1430 usque
3337 1359 3613 1430 dignitatis
3631 1364 3689 1413 et
3723 1361 3730 1366 ’

2114 1446 2296 1517 religic
2308 1448 2390 1502 nis
2415 1450 2681 1519 pervenit,
2708 1459 2766 1505 ut
2799 1453 3010 1506 caeteris
3035 1451 3405 1516 monasteriis,
3442 1451 3690 1521 quamvis

2117 1539 2283 1594 multo
2308 1539 2729 1609 antiquioribus,
2754 1551 3014 1612 quantum
3055 1544 3171 1614 ipse
3207 1557 3493 1613 cognosco,
3516 1543 3569 1596 in
3596 1541 3689 1595 Dei

2117 1632 2333 1688 servitio
2346 1645 2400 1691 et
2417 1631 2679 1703 spirituali
2693 1631 2905 1689 fervore
2923 1634 3214 1702 prtecellat,
3236 1633 3503 1688 etnullum
3531 1632 3615 1687 illa
3635 1631 3690 1687 in

2118 1735 2263 1783 terra
2292 1727 2455 1799 (quod
2477 1740 2577 1796 ego
2596 1725 2784 1793 sciam)
2811 1725 2938 1780 huic
2958 1726 3178 1780 omnino
3199 1725 3375 1780 valeat
3392 1724 3688 1795 adaequari.

2116 1818 2302 1876 Nullus
2342 1822 2487 1877 enim
2542 1820 2708 1875 abbas
2747 1835 2984 1890 unquam
3033 1820 3105 1873 ibi
3154 1819 3291 1885 fuit,
3344 1821 3438 1888 qui
3468 1828 3691 1875 sanctus

447 1917 517 1973 pe
562 1901 823 1958 Joannem
859 1902 950 1970 Xl,
996 1904 1126 1958 item
1172 1904 1433 1960 Joannem
1476 1906 1586 1974 XII,
1624 1908 1910 1978 Agapitum
1947 1910 2011 1977 ll,
2048 1899 2090 1955 Β
2118 1928 2223 1968 non
2239 1910 2940 1967 fueritnPrmclarumsane
2957 1911 3188 1980 elogium
3207 1926 3274 1965 ex
3294 1925 3388 1965 ore
3405 1909 3691 1981 pontiﬁcis.

448 1992 681 2048 Leonem
725 1991 817 2057 1X,
849 1992 1138 2064 Gregorios
1180 1996 1246 2051 VI
1287 2011 1351 2051 ac
1391 1998 1501 2065 VII,
1540 1998 1903 2055 Alexandrum
1948 2001 2011 2069 ll,

450 2081 787 2154 Stephanum
829 2083 897 2151 Χ,
944 2084 1215 2141 Victorem
1245 2087 1331 2152 ill,
1362 2087 1634 2144 Urbanum
1669 2091 1734 2158 ll,
1780 2091 2015 2149 Pascha-

447 2174 554 2231 lem
602 2175 646 2229 ll
698 2184 753 2231 et
795 2174 1068 2231 Gelasium
1126 2177 1191 2232 ll.
1257 2176 1410 2234 Unde
1450 2179 1642 2237 Petrus
1692 2184 2020 2240 venerabilis

447 2264 768 2334 quibusdam
811 2263 1212 2336 olrjicientibus,
1267 2267 1410 2338 quod
1463 2267 1847 2326 Cluniacenses
1895 2289 2021 2343 pro-

447 2354 628 2425 prium
672 2369 780 2409 non
833 2355 1095 2411 baberent
1148 2358 1458 2428 episcopum
1490 2398 1506 2424 ,
1567 2359 1871 2417 Romanum
1916 2363 2017 2417 sibi

452 2446 733 2514 proprium
777 2459 899 2500 esse
950 2446 1259 2516 respondet.
1291 2466 1309 2498 ‹
1353 2447 1507 2503 Hunc
1530 2464 1730 2516 unum,
1764 2470 1784 2503 ι
1816 2452 2016 2521 inquit,

454 2552 475 2588 ι
506 2536 676 2591 solum
722 2546 779 2590 et
820 2536 1111 2590 maximum
1157 2550 1256 2592 nos
1312 2536 1511 2592 habere
1556 2540 1865 2609 episcopum
1908 2542 2016 2612 ειοι

448 2628 768 2684 riamur.....
803 2632 916 2688 Hoc
967 2634 1136 2704 ipsius
1184 2644 1387 2691 sanctae
1438 2638 1582 2692 sedis
1635 2638 2022 2711 irrefragabilis

451 2720 633 2774 sanxit
667 2722 987 2791 auctoritas,
1023 2740 1142 2797 nec.
1163 2726 1320 2781 unius
1350 2735 1578 2795 tantum,
1607 2730 1701 2785 sed
1732 2731 2020 2788 multorum

450 2814 667 2870 decreta
733 2818 859 2872 inde
919 2819 1061 2889 apud
1122 2829 1361 2877 nostram
1405 2823 1686 2879 matricem
1739 2824 2020 2881 ecclesiam

453 2917 867 2963 conservantur.
917 2908 1043 2966 Haec
1084 2911 1187 2983 ipsi
1240 2913 1315 2969 ita
1364 2916 1762 2982 condiderunt,
1810 2932 1918 2972 non
1964 2926 2022 2974 ut

450 2998 615 3063 hanc,
674 2999 739 3054 de
785 3014 889 3069 qua
940 2999 1227 3071 loquimur,
1277 3003 1685 3063 Cluaiacensem
1738 3009 2019 3065 ecclesiam

453 3086 609 3142 alteri
637 3089 888 3160 episcopo
915 3092 1067 3161 prius
1102 3108 1222 3149 eam
1250 3097 1549 3165 possidenti
1574 3082 1851 3154 auferrent
1878 3116 1894 3166 ;
1925 3101 2021 3155 sed

453 3192 487 3232 a
514 3176 906 3248 fundatoribus,
924 3183 1015 3252 qui
1040 3198 1159 3238 eam
1187 3184 1243 3239 in
1264 3188 1484 3257 proprio
1508 3187 1686 3244 alodio
1710 3199 2020 3246 construxe-

454 3275 608 3335 rant,
660 3270 833 3342 rogati
879 3271 932 3325 in
966 3274 1242 3344 pr0priam
1296 3277 1676 3344 retinuerunt,
1727 3287 1890 3348 atque
1924 3280 2024 3334 soli

452 3356 699 3416 Romano
739 3364 977 3433 pontifici
1022 3380 1142 3421 eam
1189 3367 1243 3422 in
1300 3376 1559 3425 aeternum
1611 3371 1889 3441 subjacere
1938 3372 2028 3427 de-

458 3459 761 3519 cernentes,
789 3453 1031 3522 pluribus
1052 3456 1154 3511 boc
1181 3458 1476 3527 privilegiis
1499 3460 2019 3515 confirmaverunt...

460 3539 575 3597 Hoc
616 3557 723 3596 non
771 3543 869 3599 soli
914 3544 1297 3603 Cluniacenses
1326 3549 1592 3617 obtinent,
1624 3551 1716 3606 sed
1765 3559 1820 3604 et
1865 3566 2028 3621 quam
2068 3605 2075 3611 .

454 3630 697 3703 pluribus
727 3632 908 3687 datum
947 3635 1221 3692 cernimus
1248 3654 1261 3690 :
1290 3646 1343 3692 et
1373 3638 1530 3709 longe
1558 3649 1685 3696 ante
1714 3639 2027 3696 Cluniacum

460 3722 733 3777 conditam
775 3723 959 3779 multis
988 3724 1109 3779 aliis
1145 3729 1488 3784 monasteriis
1533 3729 1601 3784 ab
1646 3731 1836 3785 eadem
1892 3746 2026 3802 apo-

456 3811 647 3868 stolica
679 3812 806 3868 sede
841 3828 1155 3868 concessum
1192 3814 1452 3871 videmus.
1487 3834 1506 3868 ›
1540 3816 1618 3871 lta
1645 3817 1835 3875 Petrus
1864 3821 2029 3876 abbas

457 3900 516 3955 in
553 3901 645 3956 lib.
688 3916 726 3969 ι,
758 3902 985 3971 epistola
1010 3902 1101 3958 28.
1137 3902 1400 3975 Pleraque
1443 3904 1704 3973 ejusmodi
1752 3907 2028 3978 privilegia

459 3990 661 4046 videsis
690 3992 746 4046 in
790 3991 1024 4047 Bullario
1060 3992 1422 4061 Cluniacensi,
1468 4008 1537 4050 ex
1580 3994 1773 4065 quibus
1825 4005 2030 4067 septem

460 4092 587 4137 sunt
631 4081 801 4139 Odoui
840 4084 1019 4139 abbati
1066 4100 1359 4153 concessa,
1409 4101 1575 4142 unum
1617 4086 1821 4142 scilicet
1866 4085 2033 4143 Joan-

458 4171 547 4226 nis
574 4169 643 4237 Χ,
673 4171 778 4227 duo
818 4170 1040 4228 Joannis
1065 4174 1358 4242 undecimi,
1390 4191 1555 4230 unum
1585 4173 1782 4231 Leonis
1807 4176 1893 4243 Vl,
1927 4178 2032 4231 tria

458 4263 590 4319 item
628 4263 822 4320 Leonis
852 4262 964 4329 VII,
1010 4264 1232 4321 Joannis
1261 4266 1454 4322 decimi
1497 4266 1856 4338 privilegium,
1888 4268 2033 4338 quod

459 4356 744 4411 undecimo
773 4370 1055 4427 perperam
1084 4356 1355 4424 tribuitur,
1386 4358 1589 4413 editum
1638 4367 1721 4414 est
1756 4359 1810 4413 in
1859 4358 2031 4430 elogio

461 4447 747 4505 Bernouis.
780 4449 836 4503 1n
871 4450 1047 4518 primo
1083 4448 1303 4504 Joannis
1318 4449 1403 4504 ’Χι
1425 4460 1619 4519 praeter
1648 4450 1750 4505 alia
1777 4450 2032 4507 Cluniaco

460 4541 551 4611 jus
564 4539 916 4595 confirmatur
931 4560 949 4592 ι
972 4549 1201 4595 moneta:
1221 4558 1239 4591 ι
1260 4555 1290 4593 a
1310 4539 1539 4595 Rodulfo
1557 4540 1890 4596 Francorum
1907 4557 2033 4613 rege

462 4613 780 4685 concessum
808 4670 825 4697 ,
882 4631 1200 4699 additurque
1237 4647 1249 4683 :
1282 4648 1302 4682 ι
1347 4630 1410 4686 Et
1449 4632 1574 4701 quia
1602 4673 1617 4697 ,
1677 4632 1817 4687 sicut
1873 4634 2034 4688 nimis

468 4729 805 4788 compertum
842 4726 953 4785 est,
989 4717 1099 4787 jam
1130 4734 1266 4788 pene
1295 4730 1486 4775 cuncta
1517 4722 1843 4777 monasteria
1871 4739 1900 4777 a
1932 4738 2032 4778 suo

462 4811 745 4883 proposito
791 4812 1246 4881 praevaricantur,
1298 4813 1663 4879 concedimus,
1713 4820 1771 4867 ut
1817 4814 1862 4867 si
1910 4814 2030 4884 quis

465 4901 764 4956 monachus
801 4915 867 4955 ex
909 4901 1146 4970 quolibet
1178 4902 1500 4957 monasterio
1532 4904 1598 4957 ad
1633 4913 1869 4957 vestram
1900 4919 2030 4958 con-

464 4991 823 5046 versationem
864 4992 979 5047 solo
1022 4993 1282 5047 duntaxat
1322 4993 1665 5049 meliorandte
1695 4995 1816 5049 vitae
1853 4995 2027 5049 studio

464 5084 850 5118 Iamne-ninam“:
865 5083 1089 5120 υηῐηιιιοῗι
1131 5086 1213 5120 ιιιιῖ
1233 5085 1475 5120 υἶιΙΔΙῖηΔΙ
1500 5102 1626 5122 crine
1642 5088 1803 5122 ahlvuc
1825 5087 2001 5124 σοαπ-11η
2015 5114 2032 5124 .

2186 2004 2276 2058 21.
2316 2004 2452 2058 llinc
2480 2020 2499 2054 ι
2527 2002 2876 2057 Cluuiacense
2919 2004 3307 2057 monasterium
3332 2041 3347 2067 ,
3414 2001 3691 2071 religione,

2119 2093 2424 2163 disciplina,
2472 2093 2780 2151 severitate.
2826 2092 3057 2147 fratrum
3105 2093 3527 2157 numerositate,
3579 2108 3698 2147 om-

2119 2185 2283 2255 nique
2321 2182 2603 2237 monastici
2652 2182 2861 2238 ordinis
2898 2183 3275 2238 observatione
3301 2221 3317 2248 ,
3388 2191 3503 2237 toto
3558 2196 3699 2252 pene

2117 2277 2249 2331 orbe
2290 2275 2631 2330 notissimum
2684 2293 2704 2327 ι
2750 2275 2941 2340 evasit,
2987 2282 3123 2329 teste
3187 2274 3349 2329 Petro
3391 2273 3697 2330 Venerabili

2121 2369 2174 2423 in
2207 2367 2301 2423 lib.
2331 2384 2348 2422 ι
2376 2367 2442 2421 de
2464 2366 2759 2432 miraculis,
2791 2381 2908 2436 cap.
2932 2365 3242 2436 9,adeoque
3282 2386 3301 2417 ‹
3330 2366 3599 2436 singulare
3633 2381 3698 2421 ac

2124 2471 2415 2513 commune
2457 2464 2807 2525 peccatorum
2852 2454 3138 2525 refugium,
3189 2470 3287 2525 per
3338 2456 3479 2524 quod
3532 2455 3698 2511 multa

2122 2544 2309 2601 inferis
2354 2545 2547 2600 damna
2610 2544 2797 2611 illata,
2858 2553 2915 2601 et
2962 2546 3141 2616 regnis
3187 2545 3493 2601 coelestibus
3533 2559 3695 2615 quam

2121 2636 2352 2706 plurima
2395 2635 2511 2691 loca
2550 2636 2745 2692 collata
2787 2645 2932 2692 sunt.
2978 2636 3053 2691 lbi
3093 2636 3388 2692 innumem
3423 2636 3698 2691 hominum

2122 2726 2533 2793 multitudines,
2578 2742 2773 2797 graves
2818 2727 3001 2782 mundi
3056 2727 3299 2782 sarcinas
3344 2728 3412 2782 ab
3461 2727 3701 2782 humeris

2123 2818 2239 2873 suis
2277 2815 2619 2885 abjicientes,
2652 2817 2803 2872 suavi
2833 2816 3034 2871 Christi
3083 2817 3212 2887 jugo
3254 2816 3393 2871 colla
3438 2817 3700 2871 submise-

2122 2916 2269 2964 rnnt.
2326 2909 2404 2964 lbi
2450 2908 2691 2964 onmium
2734 2908 3172 2979 professionum,
3233 2909 3594 2978 dignitatum,
3645 2917 3701 2963 et

2122 2999 2373 3056 ordinum
2416 3014 2660 3068 persona:
2705 2998 2903 3053 fastum
2949 2999 3242 3070 luxumque
3289 2999 3597 3054 saecularem
3645 2997 3700 3052 in

2125 3090 2385 3145 humilem
2431 3096 2487 3143 et
2539 3102 2829 3158 pauperem
2876 3090 3263 3143 monachorum
3320 3088 3485 3141 vitam
3552 3102 3702 3142 com-

2126 3188 2491 3235 mutaverunt.
2549 3178 2626 3232 lhi
2679 3178 2921 3248 ipsarum
2968 3179 3318 3233 ecclesiarum
3362 3178 3703 3233 venerabiles

2127 3270 2345 3333 Patres,
2392 3266 2557 3322 etiam
2610 3268 3099 3326 ecclesiasticorum
3143 3267 3479 3339 negotiorum
3533 3282 3703 3322 onera

2126 3366 2411 3437 fugientes,
2462 3363 2631 3419 tutius
2657 3366 3000 3435 quietiusque
3027 3366 3229 3429 vivere,
3260 3362 3543 3435 magisque
3578 3363 3702 3417 sub-

2128 3474 2247 3514 esse
2275 3474 2436 3527 quam
2468 3471 2701 3530 praeesse
2727 3456 3119 3527 elegerunt.....
3176 3454 3317 3509 Hinc
3349 3453 3514 3509 effusa
3545 3452 3703 3523 spiri-

2130 3550 2357 3605 tualium
2405 3551 2667 3605 virtutum
2720 3546 2917 3614 nardo,
2962 3545 3181 3616 impleta
3229 3554 3313 3599 est
3359 3550 3470 3599 tota
3518 3541 3702 3597 mundi

2127 3639 2319 3694 domus
2345 3654 2410 3694 ex
2437 3640 2602 3695 odore
2629 3637 2908 3707 unguenti,
2939 3637 3064 3691 dum
3096 3634 3371 3704 religionis
3397 3632 3703 3687 monasticae

2129 3727 2329 3793 fervor,
2373 3729 2465 3799 qui
2517 3728 2609 3782 illo
2644 3735 2889 3795 tempore
2932 3741 3071 3796 pene
3116 3726 3456 3795 refriguerat,
3488 3723 3702 3778 illorum

2126 3820 2368 3876 virorum
2417 3818 2667 3889 exemplo
2701 3819 2987 3888 studioque
3021 3817 3265 3873 recaluit.
3310 3816 3484 3871 Gallia
3508 3856 3523 3880 ,
3567 3814 3704 3871 Ger-

2130 3911 2305 3965 mania
2336 3950 2351 3976 ,
2398 3910 2757 3965 transmarina
2803 3922 3017 3979 quoque
3062 3906 3340 3961 Britannia
3394 3906 3497 3959 hoc
3543 3913 3704 3959 testa-

2130 4008 2218 4054 tur
2247 4017 2260 4054 :
2292 3999 2571 4070 Hispania,
2596 3998 2769 4064 Italia,
2804 4007 3019 4066 totaque
3042 3996 3256 4064 Europa
3302 3993 3519 4060 fatetur,
3546 3994 3705 4064 plena

2130 4091 2473 4146 monasteriis
2530 4090 2599 4146 ab
2642 4092 2724 4147 eis
2772 4097 2865 4163 aut
2922 4088 3131 4143 noviter
3173 4086 3441 4151 fundatis,
3493 4094 3587 4140 aut
3633 4086 3704 4141 ab

2134 4182 2358 4251 antiquo
2393 4182 2548 4238 senio
2575 4182 2933 4253 reparatis....
2968 4178 3074 4235 Sed
3117 4178 3245 4248 quid
3276 4176 3481 4245 aliquas
3519 4173 3704 4230 mundi

2132 4270 2334 4341 partesf
2354 4271 2660 4327 enumero?
2701 4286 2824 4325 cum
2865 4269 2933 4325 de
2973 4278 3158 4323 nostro
3186 4267 3375 4322 ultimo
3401 4264 3693 4321 Occidente

2132 4375 2304 4431 usque
2356 4361 2423 4415 ad
2461 4362 2633 4432 ipsum
2683 4360 2958 4418 Orientem
3014 4357 3158 4413 fama
3209 4358 3324 4412 haec
3373 4354 3702 4427 pervenerit,

2133 4468 2234 4510 nec
2289 4454 2518 4524 aliquem
2571 4452 2865 4509 Christiani
2916 4452 3062 4507 orbis
3110 4449 3363 4518 angulum
3400 4447 3633 4502 latuerit.
3678 4463 3697 4497 ι

2060 4580 2110 4638 D
2138 4544 2426 4615 Hucusque
2454 4544 2651 4599 Petrus
2675 4541 3038 4607 Venerabilis,
3066 4538 3221 4609 cujus
3259 4538 3387 4594 dicti
3423 4537 3705 4592 veritatem

2136 4638 2368 4705 probare
2398 4644 2544 4690 esset
2570 4635 2623 4688 in
2649 4642 2926 4704 promptu,
2953 4633 3000 4688 si
3040 4646 3147 4686 non
3185 4629 3291 4685 alio
3329 4644 3428 4684 nos
3465 4626 3704 4698 proposi-

2138 4738 2252 4783 tum
2298 4733 2533 4781 vocaret.
2564 4723 2668 4778 Sed
2700 4733 2878 4777 tamen
2915 4737 2983 4776 ne
3011 4722 3114 4775 hoc
3142 4726 3538 4790 argumentum,
3562 4714 3705 4785 quod

2135 4831 2265 4873 sane
2305 4816 2372 4870 ad
2414 4812 2785 4869 Cluniacensis
2825 4811 3052 4876 ordinis,
3096 4809 3339 4879 adeoque
3366 4806 3482 4875 ejus
3513 4813 3701 4859 aucto-

2134 4911 2210 4965 ris
2237 4908 2439 4965 Odonis
2478 4906 2687 4961 laudem
2725 4904 2961 4958 maxime
2989 4901 3242 4973 pertinet,
3288 4899 3501 4970 penitus
3548 4897 3705 4950 dese-

2140 5002 2316 5055 ruisse
2342 4999 2651 5063 videamur,
2684 4996 2773 5050 hic
2795 4995 2862 5049 de
2890 4991 3232 5049 monasteriis
3258 4992 3328 5046 ab
3355 5004 3419 5045 eo
3446 4985 3707 5043 institutis

2136 5101 2223 5124 nuo
2262 5091 2528 5124 -Mctmcta
2561 5090 2822 5124 ouantium
2852 5095 2931 5124 nc!
3007 5086 3257 5124 idammm
3305 5082 3373 5124 ΑΩ
3415 5079 3538 5124 aliis
3581 5076 3703 5124 (ἶιιι-
