4004 5340
271 422 336 479 et
1197 425 1739 496 ¹Ριιοιιιεροιιιτδυι⁸
1775 452 1847 468 σ-

1944 425 2190 482 LOGIUM
2231 426 2289 481 S.
2330 425 2597 483 ODONIS.
3435 430 3507 486 22

271 532 512 605 Quaque
539 534 681 590 enim
711 536 1037 592 monasteria
1066 536 1122 591 in
1152 552 1339 593 eorum
1371 537 1566 592 finibus
1591 545 1834 593 constru-
1867 543 1915 599 Α
1944 536 2204 592 adductus
2231 536 2423 592 fuerat.
2461 538 2631 608 llujus
2665 539 2741 593 rei
2777 539 3011 609 diploma
3049 554 3079 594 a
3118 539 3344 595 Rodulfo
3381 555 3507 613 rege

268 633 357 682 cla
385 634 576 692 erant,
601 625 709 697 juri
738 627 910 697 patris
937 627 1110 682 nostri
1133 642 1197 684 ea
1228 627 1538 693 tradebant,
1571 636 1631 682 ut
1661 635 1844 682 nostro

1943 639 2257 681 concessum
2290 625 2458 681 habes
2491 626 2544 680 in
2575 626 2849 682 additione
2892 628 2954 682 V.
2998 626 3059 683 C.
3104 626 3361 699 Stephani
3398 629 3503 685 Ba-

270 729 423 771 more
453 716 750 785 corrigeret
777 726 832 770 et
853 716 1152 773 ordinaret.
1179 736 1198 769 ι
1231 717 1671 772 Monasteriornm
1700 715 1863 785 ejus-‘
1945 715 2073 770 luzii
2113 716 2417 772 Tutelensis
2444 719 2513 772 ad
2541 716 2635 771 lib.
2677 731 2773 772 vni
2814 718 2881 772 de
2920 718 3220 774 Concordia
3242 734 3360 790 cap.
3407 719 3499 776 35.

270 804 415 859 modi
438 812 752 860 accuratam
778 807 1040 861 rationem
1066 806 1204 862 inire
1230 806 1442 861 dillicile
1468 804 1660 860 fuerit:
1689 804 1846 859 obvia

272 905 466 951 notare
500 895 748 951 sufﬁciat.
785 897 843 952 ln
874 897 1048 953 Gallia
1086 897 1304 952 invenio
1352 898 1493 967 apud
1531 896 1846 953 Lemovices

271 984 664 1041 Aureliaccnse
692 995 747 1041 et
773 986 1086 1054 Tutelense,
1118 986 1429 1043 Sarlatense
1470 988 1524 1041 in
1564 1001 1702 1058 pago
1744 985 1845 1041 Pe-

270 1076 629 1132 trocoricensi
653 1117 670 1143 ,
694 1076 749 1131 in
778 1076 1108 1134 Biturieensi
1127 1077 1354 1134 Dolense
1377 1087 1431 1133 et
1458 1077 1841 1143 Masciaeense,

272 1168 325 1222 in
350 1167 738 1223 Aurelianensi
783 1168 1165 1235 Floriacense,
1197 1170 1339 1240 apud
1378 1168 1623 1225 Senonas
1650 1169 1710 1225 S.
1740 1170 1842 1226 Pe-

266 1255 336 1309 tri
364 1254 485 1310 Viri
508 1296 525 1322 ,
555 1255 698 1325 apud
728 1256 971 1312 Turonos
995 1258 1051 1313 8.
1075 1257 1274 1313 Juliani
1295 1300 1309 1324 ,
1332 1259 1384 1312 in
1408 1274 1547 1330 pago
1566 1258 1841 1314 Waldensi

272 1344 541 1400 ahbatiam
571 1346 963 1402 Romanensem
987 1388 1003 1415 ,
1030 1348 1084 1402 in
1114 1347 1497 1403 Matisconensi
1526 1347 1842 1403 Carilocen-

270 1449 380 1489 sem
409 1449 535 1489 cum
563 1433 702 1490 aliis.
740 1435 799 1490 in
833 1436 985 1491 Italia
1024 1436 1253 1506 legimus
1286 1438 1427 1505 apud
1459 1435 1727 1491 Joannem
1751 1436 1843 1491 Ti-

270 1527 489 1580 cinense
529 1525 700 1581 sancti
725 1527 1043 1597 Augustini,
1088 1528 1388 1583 Romanum
1428 1528 1604 1583 sancti
1652 1527 1839 1594 Pauli,

269 1614 673 1680 Adventinnm,
730 1614 1263 1686 Subpentonianum,
1309 1626 1365 1671 et
1413 1616 1838 1672 Salernitanum.

272 1704 347 1760 De
373 1705 460 1760 bis
489 1705 742 1759 omnibus
768 1706 1015 1775 quaedam
1044 1707 1275 1762 strictim
1301 1708 1660 1763 observanda.

334 1793 604 1853 Geraldus
636 1810 821 1852 comes
845 1795 1242 1852 Aureliacensis
1271 1797 1290 1868 (
1315 1797 1628 1869 d’Aurillac)
1652 1798 1836 1870 piissi-

273 1904 392 1943 mus
412 1929 428 1955 ,
464 1906 483 1940 α
514 1896 801 1959 postquam
830 1889 1011 1944 divino
1040 1888 1208 1944 cultui
1238 1904 1360 1947 sese
1388 1890 1720 1961 mancipavit
1747 1907 1845 1964 per

267 1981 473 2047 omnia,
507 1991 565 2036 ut
592 1996 689 2037 sua
717 1996 931 2052 quoque
960 1982 1188 2037 Domino
1216 1990 1592 2049 consecraret,
1617 1983 1847 2039 Romam

267 2073 544 2143 profectus
568 2084 682 2140 est,
711 2083 768 2129 et
793 2073 1137 2129 Aureliacum
1165 2074 1374 2146 insigne
1398 2076 1658 2145 praedium
1687 2077 1847 2132 beato

267 2161 429 2217 Petro
461 2163 827 2233 apostolorum
863 2164 1128 2235 principi,
1156 2164 1300 2220 facto
1333 2165 1649 2221 solemniter
1681 2175 1848 2223 testa-

271 2262 456 2308 mento
492 2254 795 2327 delegavit,
826 2273 950 2313 cum
992 2259 1155 2314 tantis
1189 2259 1441 2314 videlicet
1478 2259 1845 2330 appendiciis,

269 2362 391 2418 qua:
431 2348 749 2414 monachis,
786 2363 922 2419 quos
958 2350 1157 2405 ibidem
1193 2364 1528 2421 congregare
1567 2350 1847 2420 disposue-

274 2443 393 2502 rat,
428 2436 497 2491 ad
525 2451 683 2492 omne
716 2438 1042 2508 stipendium
1069 2438 1316 2495 sufﬁcere
1343 2446 1583 2508 possent.
1612 2428 1846 2494 Gensum

273 2543 485 2599 quoque
514 2528 909 2600 delegavit,qui
939 2532 1212 2586 ad-urnam
1231 2532 1375 2586 beati
1396 2530 1543 2586 Petri
1569 2531 1845 2586 annuatim

274 2619 609 2685 redderetur,
646 2638 665 2673 ι
700 2635 891 2691 nempe
917 2641 935 2673 ‹
967 2622 1150 2677 decem
1180 2622 1503 2687 solidorum,
1526 2641 1545 2675 ι
1574 2636 1641 2677 ex
1659 2620 1848 2678 Odone

280 2706 331 2760 in
366 2705 460 2761 lib.
488 2722 530 2761 ιι
572 2707 641 2761 de
667 2705 784 2776 ejus
811 2707 931 2764 V'ita
978 2723 1097 2779 cap.
1142 2709 1177 2764 4
1218 2719 1274 2764 et
1317 2710 1399 2764 l7.
1442 2709 1560 2765 Odo
1596 2710 1748 2765 addit
1789 2711 1846 2767 in

274 2813 389 2869 cap.
411 2798 809 2872 6,magnopere
833 2801 1053 2857 anxium
1083 2800 1248 2858 fuisse
1277 2802 1567 2858 Geraldum
1596 2803 1662 2859 de
1694 2817 1849 2873 repe-

275 2888 482 2943 riundis
507 2889 791 2945 monachis
818 2891 1059 2960 probatis
1076 2930 1092 2956 ,
1119 2890 1209 2961 qui
1242 2890 1418 2945 locum
1442 2889 1766 2954 incolerent;
1793 2899 1849 2944 et

271 2995 395 3032 cum
417 2994 519 3034 non
545 2979 861 3049 reperisset,
885 2998 903 3031 ι
926 2980 1132 3036 nobiles
1148 2981 1405 3050 quosdam
1426 2995 1624 3049 pueros
1650 2980 1718 3035 ad
1735 2980 1839 3035 Va-

275 3067 467 3122 brense
482 3066 788 3121 cmnobium
825 3066 1173 3122 temonastére
1200 3068 1263 3124 de
1298 3067 1489 3140 Vabre)
1514 3069 1796 3135 direxisse,
1822 3088 1841 3122 ι

276 3157 364 3211 ubi
400 3175 419 3208 ι
453 3157 717 3228 regularis
756 3156 1116 3213 observantiae
1165 3156 1346 3213 fervor
1412 3157 1789 3222 incalescebat,
1820 3177 1840 3212 ι

276 3257 333 3302 ιιι
362 3268 378 3300 ι
401 3248 501 3303 sub
528 3263 717 3303 norma
748 3247 1041 3320 regulari,jn
1068 3249 1265 3305 ibidem
1291 3250 1661 3305 imbuerentur
1686 3265 1701 3314 ;
1751 3249 1846 3304 sed
1872 3232 1917 3293 (ἶ

278 3352 545 3406 reversos,
574 3339 728 3410 «quia
760 3339 1003 3410 magistri
1031 3339 1337 3404 defuerunt,
1364 3359 1383 3392 ι
1419 3354 1542 3394 mox
1573 3357 1592 3391 r
1623 3338 1849 3409 puellari

277 3430 505 3485 mollitia
532 3431 831 3498 resolutos,
860 3432 1093 3503 rigorem
1129 3431 1427 3501 disciplinae
1455 3432 1794 3502 neglexisse:
1823 3451 1842 3484 ι

276 3530 517 3576 attamen
552 3538 718 3576 unum
753 3522 833 3577 eis
863 3537 928 3576 ex
961 3523 1286 3578 necessitate
1312 3522 1626 3593 praefectum
1653 3522 1848 3589 fuisse,

275 3613 368 3683 qui
415 3611 488 3668 ob
535 3611 771 3669 laxiores
818 3629 996 3670 mores
1020 3614 1250 3670 Geraldo
1280 3631 1533 3686 magnum
1563 3629 1851 3675 mterorem

275 3702 475 3757 attulit.
519 3701 710 3758 Nescio
751 3718 819 3758 an
852 3703 898 3759 is
926 3712 1046 3759 erat
1080 3704 1408 3775 Adalgerus,
1440 3719 1599 3775 quem
1622 3705 1854 3776 primum

274 3792 545 3848 Aureliaci
573 3795 820 3848 abbatem
856 3796 1097 3863 suggerit
1121 3797 1414 3851 chronicon
1448 3796 1851 3862 Aureliacense.

276 3881 480 3936 editum
522 3882 575 3936 in
606 3890 751 3936 tomo
775 3881 818 3935 ﬂ
841 3880 1255 3938 Analectorum:
1281 3884 1365 3939 cui
1392 3885 1572 3940 abbati
1601 3883 1856 3940 suffectus

276 3967 515 4024 Joannes
545 3960 613 4024 ex
642 3970 811 4040 stirpe
839 3969 1008 4039 ipsius
1036 3969 1274 4039 Geraldi,
1302 3989 1322 4023 ‹
1353 3972 1503 4028 Oddo
1532 3973 1855 4028 venerabilis

277 4060 449 4115 abbas
476 4061 667 4115 tertius
690 4060 1091 4116 Anreliacensis
1121 4070 1176 4117 et
1205 4062 1597 4130 Cluniacensis,
1638 4074 1856 4133 rogatus

1943 806 2093 860 Tunc
2120 820 2249 860 vero
2288 821 2408 861 mos
2442 815 2591 871 erat,
2623 816 2681 860 ut
2722 807 2849 875 quia
2890 806 3131 877 pluribus
3167 809 3508 867 monasteriis

1945 912 2082 951 unus
2125 896 2272 951 haud
2316 894 2562 951 suﬂicere
2611 906 2825 965 poterat
2879 898 3048 952 abbas
3100 896 3503 963 Cluniacensis;

1936 986 2133 1041 iisdem
2174 985 2292 1056 ejus
2330 985 2451 1040 vice
2479 985 2801 1056 proabbates
2830 1000 2925 1041 seu
2954 986 3242 1042 coabbates
3270 986 3508 1056 praeﬁce-

1942 1084 2151 1141 rentnr,
2183 1076 2381 1146 quibus
2406 1083 2591 1145 postea
2618 1074 2791 1131 solum
2817 1076 3015 1155 prioris
3043 1090 3236 1131 nomen
3262 1076 3506 1131 relictum

1939 1176 2045 1224 est.
2075 1166 2211 1223 illud
2251 1173 2399 1237 patet
2427 1180 2495 1221 ex
2522 1164 2705 1220 Clario
2733 1166 2785 1219 in
2816 1165 3076 1220 chronico
3112 1165 3170 1219 8.
3212 1165 3358 1220 Petri
3387 1164 3507 1219 Viri
3606 1180 3609 1183 '

1940 1258 2081 1328 apud
2108 1258 2374 1323 Senonas,
2397 1272 2506 1328 quo
2530 1257 2582 1312 in
2610 1256 2729 1312 loco
2755 1255 3002 1311 Samsoni
3033 1257 3211 1311 abbati
3241 1274 3259 1307 ι
3291 1270 3509 1311 succes—

1940 1348 2013 1402 sit
2037 1356 2259 1402 sanctus
2283 1345 2417 1413 Odo,
2445 1345 2536 1417 qui
2559 1347 2868 1401 aceersiens
2889 1345 3219 1400 Willelmum
3245 1344 3515 1414 archiepi-

1940 1451 2196 1508 sc0pum,
2229 1452 2350 1492 cum
2381 1452 2647 1493 consensu
2673 1437 3062 1493 monachorum
3091 1436 3151 1493 8.
3190 1435 3336 1493 Petri
3363 1450 3501 1505 prae-

1939 1528 2071 1586 fecit
2102 1528 2279 1585 eidem
2315 1531 2563 1585 ctenobio
2599 1530 2929 1602 Arigaudum
2976 1530 3259 1594 abbatem,
3294 1528 3511 1597 religio-

1939 1634 2061 1677 sum
2099 1628 2152 1674 et
2190 1620 2469 1675 timentem
2517 1621 2717 1687 Deum,
2748 1620 3072 1676 monachum
3119 1619 3177 1675 8.
3231 1617 3508 1675 Benedicti

1940 1725 2101 1780 supra
2127 1710 2384 1781 Ligerim.
2423 1729 2444 1764 ι

2010 1803 2101 1858 25.
2135 1802 2281 1857 Idem
2320 1801 2390 1857 ab
2428 1801 2614 1858 Odone
2649 1800 2948 1873 praestitum
2982 1809 3109 1870 puto
3150 1799 3202 1853 in
3242 1796 3513 1854 Turonico

1872 1882 1917 1942 Β
1944 1894 2117 1951 sancti
2142 1892 2340 1950 Juliani
2370 1893 2654 1957 coenobio,
2683 1892 2826 1963 quod
2862 1900 3100 1961 tempore
3128 1888 3373 1958 Gregorii
3400 1887 3513 1957 epi-

1943 1989 2092 2059 scopi
2122 1996 2524 2052 constrnctum,
2554 1987 2648 2043 sed
2679 2000 2710 2040 a
2741 1984 3089 2041 Nortmannis
3128 1991 3315 2053 postea
3357 1994 3513 2036 ever-

1942 2096 2099 2145 sum,
2144 2095 2268 2135 cum
2309 2077 2534 2134 Teotolo
2576 2077 3048 2146 archiepiscopus,
3080 2071 3355 2129 Gersende
3394 2068 3512 2138 ejus

1943 2183 2131 2226 sorore
2173 2169 2449 2238 suppetias
2485 2166 2726 2231 ferente,
2756 2166 3145 2227 instaurasset,
3173 2179 3193 2213 ‹
3223 2160 3508 2216 ecclesiam

1943 2259 1998 2314 in
2040 2260 2301 2314 honorem
2330 2258 2424 2313 Dei
2454 2256 2731 2328 genitricis
2757 2255 3040 2324 sanctique
3067 2252 3262 2310 Juliaui
3293 2249 3509 2306 dedica-

1943 2347 2057 2412 vit;
2087 2355 2145 2401 et
2184 2345 2499 2400 eoadunatis
2539 2344 2797 2399 fratribus
2839 2344 3087 2399 abbatem
3112 2340 3389 2411 praeficere
3414 2353 3511 2393 cn-

1943 2437 2134 2507 piens,
2177 2435 2419 2491 Odonem
2460 2434 2747 2498 abbatem,
2789 2432 2882 2501 qui
2923 2441 3050 2488 tunc
3093 2430 3234 2501 apud
3261 2437 3509 2485 sanctum

1942 2523 2297 2580 Benedictum
2352 2520 2687 2587 morabatur,
2737 2520 2984 2576 advocat.
3019 2538 3037 2572 ι
3074 2516 3515 2590 Martyrologium

1945 2612 2120 2669 sancti
2151 2611 2352 2667 Juliani
2386 2610 2437 2665 id
2468 2609 2671 2665 factum
2701 2608 2868 2664 refert
2897 2627 2915 2660 ι
2944 2622 3085 2662 anno
3109 2607 3229 2670 945,
3258 2612 3514 2675 regnante

1945 2702 2218 2759 Ludovico
2245 2716 2374 2773 rege
2400 2715 2542 2756 anno
2567 2700 2622 2757 8.
2646 2720 2666 2754 ι
2696 2698 2803 2756 Sed
2831 2700 2885 2755 id
2919 2709 3129 2769 tempus
3156 2706 3241 2754 est
3266 2696 3511 2752 donatio-

1946 2795 2030 2850 nis
2068 2811 2099 2849 a
2142 2794 2434 2849 Teotolone
2481 2801 2536 2847 ct
2576 2791 2853 2848 Gersende
2892 2792 3080 2855 factae,
3131 2803 3239 2844 non
3283 2785 3515 2843 instituti

1947 2888 2086 2957 apud
2111 2895 2358 2941 sanctum
2381 2884 2655 2941 Juliauum
2700 2882 2934 2948 Odonis,
2966 2895 3126 2951 quem
3152 2894 3295 2936 anno
3321 2890 3519 2949 prame-

1946 2978 2138 3041 dente,
2195 2976 2250 3031 id
2292 2985 2376 3031 est
2424 2990 2567 3030 anno
2595 2973 2733 3040 942,
2773 2974 2976 3029 obiisse
3016 2979 3251 3026 constat.
3291 2967 3343 3024 ls
3382 2982 3515 3023 vero

1948 3070 2002 3124 in
2033 3067 2209 3124 sancti
2232 3066 2432 3122 Juliani
2461 3065 2689 3121 ecclesia
2719 3080 2843 3120 cum
2874 3062 3166 3118 Teotolone
3189 3058 3518 3129 sepulturam

1947 3159 2213 3225 obtinuit,
2240 3166 2301 3213 ut
2324 3164 2512 3227 postea
2533 3156 2796 3211 dicemus.
2822 3153 2950 3224 Legi
2975 3153 3091 3222 ejus
3114 3150 3217 3207 loci
3241 3148 3479 3205 chronici
3501 3187 3517 3212 ,

1950 3261 2077 3307 ante
2120 3266 2293 3307 annos
2327 3251 2651 3321 quingentos
2689 3248 2907 3319 scripti,
2951 3248 3308 3319 fragmentum
3329 3284 3345 3310 ,
3374 3241 3518 3311 quod

1950 3343 2247 3401 chronicon
2281 3343 2510 3397 divisum
2537 3351 2658 3397 erat
2688 3341 2743 3396 in
2770 3341 2905 3397 duos
2930 3339 3136 3396 libellos
3167 3356 3179 3391 :
3204 3348 3433 3406 quorum
3460 3332 3515 3385 in

1950 3436 2125 3507 primo
2151 3454 2169 3488 ι
2197 3435 2426 3491 abbatis:
2451 3433 2622 3504 prima
2644 3432 2936 3499 institutio,
2964 3430 3316 3486 institutionis
3340 3424 3503 3494 impia

1952 3526 2278 3595 destructio,
2314 3524 2693 3581 destructionis
2740 3523 2828 3593 pia
2868 3522 3189 3578 restauratio
3216 3540 3237 3575 ι
3262 3520 3505 3576 contine-

1897 3602 1911 3613 ’
1952 3617 2109 3671 ba'tur
2134 3634 2146 3670 :
2180 3615 2237 3670 in
2274 3615 2511 3671 secundo
2540 3613 2778 3682 ejusdem
2800 3620 2972 3668 status
3001 3612 3069 3666 al)
3099 3612 3509 3666 instauratione.

1953 3707 2031 3762 Ex
2071 3706 2233 3777 primi
2273 3705 2438 3761 libelli
2476 3704 2751 3761 laciniosis
2787 3702 3115 3758 membranis
3171 3700 3517 3771 intelligimus

1955 3798 2121 3853 multa
2147 3806 2456 3853 sanctorum
2495 3811 2720 3866 corpora
2750 3795 2804 3849 in
2847 3795 3019 3849 sancti
3059 3792 3256 3847 Iuliani
3298 3791 3525 3846 ecclesia

1954 3889 2205 3958 primitus
2233 3888 2466 3958 reposita
2487 3928 2502 3955 ,
2532 3887 2806 3941 Danorum
2835 3893 3076 3954 tempore
3115 3881 3223 3936 alte
3252 3881 3399 3935 humi
3431 3880 3522 3936 deo

1958 3982 2101 4036 fossa
2145 3978 2312 4036 fuisse
2334 3998 2356 4035 :-
2401 3995 2468 4035 ex
2515 3979 2710 4048 quibus
2756 3975 3000 4047 quaedam
3051 3982 3159 4028 tum
3206 3971 3513 4034 restabant,

1957 4086 2149 4141 nempe
2174 4079 2485 4126 sanctorum
2527 4066 2863 4137 Bleviliguati
2906 4063 3138 4133 episcopi
3163 4061 3514 4125 Venetensis,

276 4169 309 4206 a
336 4149 612 4221 Turpione
638 4151 1009 4207 Lemovicensi
1038 4153 1291 4224 episcopo
1319 4162 1374 4207 et
1401 4154 1468 4207 ab
1492 4154 1721 4209 Aimone
1745 4155 1853 4209 Tu-
1957 4162 2117 4218 Lauri
2154 4163 2397 4227 abbatis,
2437 4170 2492 4215 et
2530 4157 2749 4214 Antonii
2794 4154 3061 4212 monachi.
3107 4153 3184 4210 De
3222 4153 3398 4224 primo
3441 4153 3523 4209 ait

283 4243 482 4298 telensi
515 4243 710 4298 abbate
735 4238 1209 4314 descripsitjvitam
1237 4243 1377 4298 beati
1398 4243 1633 4299 Geraldi.
1659 4243 1858 4299 Habuit
1957 4260 2158 4313 auctor,
2210 4250 2351 4321 quod
2376 4248 2647 4320 «pontifex
2669 4246 2989 4303 Morvannus
3009 4287 3024 4310 ,
3058 4266 3077 4299 ι
3106 4262 3137 4300 a
3162 4244 3514 4315 Bleviligueto

278 4336 601 4391 coabbatem
627 4333 931 4389 Arnulfum.
966 4354 985 4387 ι
1024 4334 1103 4390 Ex
1126 4334 1494 4389 Anreliacensi
1529 4334 1859 4389 monasterio
1966 4338 2295 4407 «septimus»
2332 4334 2948 4405 Venetcnsis,qua:dam
2972 4335 3076 4391 sibi
3098 4333 3340 4389 retulerit
3360 4333 3527 4387 mira-

281 4425 582 4480 arcessitus
610 4433 695 4479 est
721 4422 866 4488 Odo,
899 4430 1035 4478 teste
1063 4423 1312 4479 Aimoino
1342 4424 1395 4477 in
1427 4422 1519 4476 lib.
1556 4438 1574 4477 t
1604 4423 1669 4477 de
1696 4422 1847 4477 mira-

1960 4428 2076 4483 cula
2097 4468 2112 4494 ,
2161 4444 2279 4498 quae
2300 4435 2697 4483 commemorat.
2731 4445 2750 4479 ι
2779 4427 3123 4482 Blinlivetum
3153 4445 3171 4478 ι
3198 4432 3391 4490 vocat,
3414 4440 3523 4479 non

281 4518 418 4574 culis
444 4517 619 4573 sancti
650 4516 924 4571 Benedicti
958 4532 1076 4586 cap.
1100 4515 1165 4584 4,
1190 4516 1255 4571 ad
1284 4515 1669 4571 restituendam
1698 4514 1859 4569 disci-
1899 4585 1906 4586 ί
1963 4528 2204 4574 sanctum
2220 4519 2496 4586 {Albertus
2542 4520 2608 4575 de
2648 4517 2826 4574 Monte
2863 4518 3098 4584 Relaxo,
3141 4529 3371 4586 eumque
3417 4524 3530 4571 sta-

282 4608 488 4678 plinam
516 4609 571 4662 in
592 4607 840 4663 coenobio
857 4585 1222 4672 Floriaccnsi,
1249 4615 1571 4677 procurante
1593 4606 1860 4662 Eliziardo
1889 4585 1937 4645 Ῑ)
1971 4611 2072 4665 tuit
2118 4611 2452 4681 trigesimum
2507 4611 2724 4665 tertium
2778 4609 3089 4683 episcopum
3131 4585 3482 4662 Venetensem
3515 4621 3531 4659 :

285 4701 518 4765 comite,
548 4709 733 4771 postea
764 4700 1057 4764 monacho,
1085 4714 1150 4753 ex
1180 4696 1384 4753 Joanne
1407 4698 1543 4753 infra
1574 4699 1627 4753 in
1661 4698 1750 4753 lib.
1779 4714 1862 4764 Ill,
1970 4703 2324 4759 Morvaunum
2367 4717 2500 4758 vero
2548 4700 3018 4771 quadragesimum
3070 4714 3290 4754 nonum.
3344 4696 3538 4751 Subdit

289 4804 439 4842 num.
472 4787 528 4843 8.
560 4788 760 4843 Eodem
797 4796 1066 4856 tempore,
1100 4786 1152 4841 id
1184 4796 1267 4841 est
1297 4794 1556 4858 regnante
1594 4785 1867 4842 Ludovico
1958 4784 2258 4863 'fragmenti
2298 4792 2550 4860 scriptor,
2586 4788 2855 4854 Laurum,
2895 4797 2965 4842 ex
3004 4786 3282 4840 Britannia
3322 4791 3534 4845 ortum,

293 4875 701 4944 Transmarino,
734 4878 1039 4933 Bernardus
1061 4876 1520 4933 Petrocoricensis
1535 4892 1718 4945 comes
1744 4892 1867 4932 san-
1969 4879 2198 4950 patriam
2229 4886 2590 4948 parentesque
2616 4876 2917 4931 deseruisse
2935 4914 2950 4941 ,
2981 4873 3075 4929 sed
3103 4888 3203 4944 pro
3233 4873 3362 4943 ipsis
3390 4871 3539 4924 inve-

292 4968 363 5021 cti
399 4966 698 5025 Salvatoris
727 4967 1113 5023 monasterium
1144 4967 1449 5022 Sarlatense
1473 4967 1574 5037 (de
1598 4967 1819 5037 Sarlat)
1849 5005 1864 5031 ,
1968 4971 2118 5025 nisse
2144 4968 2516 5039 «:Judicaelem
2538 4968 2839 5023 Brittonum
2857 4966 3050 5022 ducem
3073 4967 3334 5035 optimum
3354 5002 3370 5027 ,
3402 4979 3422 5012 ι
3447 4958 3537 5025 qui

298 5057 439 5127 quod
469 5058 682 5113 tandem
706 5058 759 5113 in
790 5058 974 5113 sedem
996 5056 1377 5126 "episcopalem
1403 5056 1594 5120 evasit,
1649 5056 1867 5111 tradidit
1965 5060 2082 5130 ejus
2120 5059 2174 5113 in
2191 5059 2442 5115 omnibus
2470 5058 2680 5128 adjutor
2707 5057 2994 5112 exstiterit.
3028 5073 3047 5107 ι
3079 5054 3246 5125 Cujus
3273 5048 3540 5122 adjutorio

306 5166 324 5198 ι
354 5149 553 5204 domno
599 5149 809 5207 Oddoni
859 5147 1198 5205 Cluniacensi
1246 5147 1426 5202 abbati
1468 5156 1627 5216 atque
1664 5145 1869 5201 Adacio
1970 5149 2113 5206 facto
2156 5150 2506 5212 monasterio,
2551 5148 2605 5201 in
2643 5148 2792 5202 omni
2821 5147 3108 5202 sanctitate
3136 5160 3256 5201 cum
3288 5137 3546 5209 subjectis

300 5242 545 5286 malthnti
575 5242 707 5286 ρῑιις-
732 5261 750 5286 1
768 5240 989 5286 Liuerm
1010 5239 1110 5286 hac
1135 5240 1201 5286 de
1231 5254 1288 5286 re
1313 5245 1529 5286 exstant
1552 5237 1604 5286 in
1631 5247 1777 5286 tnmn
1797 5234 1867 5286 ιν
1973 5237 2188 5286 floruit.
2219 5246 2274 5286 et
2302 5249 2410 5286 lam
2436 5236 2603 5286 verbo
2633 5251 2794 5286 uuam
2817 5234 3064 5286 exemplo
3094 5234 3325 5286 multum
3355 5226 3543 5285 multis
