4004 5340
454 296 526 353 εδ
1574 293 1632 351 S.
1672 294 1809 353 ODO
1842 295 2062 352 ABBAS
2100 293 2610 353 CLUNIACENSlS.
3629 289 3698 349 24

455 408 586 475 illo,
618 422 725 478 quo
749 407 883 463 exiit
926 420 954 462 e
995 402 1233 461 saeculo:
1266 404 1353 461 ubi
1386 419 1482 476 per
1519 406 1668 476 signa
1701 422 1820 477 qua:
1861 405 2024 473 ﬁunt,
2054 439 2101 497 Α
2131 407 2463 477 degentium:
2513 423 2574 461 ea
2618 405 2876 461 duntaxat
2922 413 3137 473 ratione,
3199 414 3255 461 ut
3302 404 3402 477 ipsi
3435 407 3699 474 monachi,

457 499 669 553 cineres
699 496 816 565 ejus
842 495 1051 550 vivunt.
1090 513 1109 546 ι
1139 494 1346 555 Forsan
1377 495 1764 549 monasterium
1797 505 1881 551 est
1909 511 2026 551 sau-

458 591 529 646 cti
556 590 781 645 Joannis
806 590 871 643 de
893 587 1089 653 Caelo,
1119 588 1262 657 quod
1287 585 1529 641 Judicael
1555 587 1897 641 instauravit.
1922 606 1940 638 ι
1960 588 2028 642 Ει

458 683 713 752 quoniam
743 681 908 735 vitam
937 679 1055 749 ejus
1084 679 1240 733 docet
1268 679 1405 732 liber
1445 679 1572 732 vitae
1611 680 1729 748 ejus
1751 720 1764 741 ,
1797 678 2028 733 sutiiciat

455 772 866 829 commendasse
915 786 1183 825 summam
1234 769 1421 824 saltem
1472 785 1583 825 sure
1625 771 1768 824 vine.
1812 789 1830 822 ι
1865 770 2019 825 Hune

458 862 654 919 librum
681 862 950 918 excidisse
977 871 1230 931 putamus
1263 878 1275 913 :
1310 876 1483 929 neque
1514 861 1807 930 quidquam
1839 861 2024 929 (quod

452 951 647 1023 sciam)
678 953 816 1021 apud
848 951 1123 1004 Albertum
1173 949 1366 1019 legitur
1388 949 1454 1003 de
1481 948 1537 1003 S.
1563 949 1758 1002 Laure.
1788 949 2027 1017 Denique

455 1042 902 1111 ehronographus
948 1040 1036 1094 ille
1070 1039 1261 1094 scribit
1310 1039 1603 1094 Antonium
1645 1041 1844 1094 vixisse
1887 1040 2026 1109 apud

454 1129 721 1184 Turonos.
760 1147 778 1180 ι
807 1128 1003 1184 Fertur
1030 1128 1082 1182 in
1117 1136 1190 1192 te,
1230 1127 1435 1197 inquit,
1477 1136 1722 1183 sanetum
1753 1129 2027 1183 habitasse

453 1220 781 1285 Antonium,
810 1218 1058 1288 quamvis
1104 1217 1260 1273 nobis
1287 1219 1553 1273 incertum
1593 1219 1698 1285 sit,
1731 1228 1911 1273 utrum
1942 1219 2026 1273 vel

461 1321 527 1362 ex
557 1316 609 1363 te
632 1306 830 1374 fuerit,
859 1308 944 1364 vel
973 1307 1189 1363 aliunde
1216 1308 1454 1372 venerit,
1482 1308 1572 1378 qui
1621 1307 1878 1363 solitaria:
1903 1308 2027 1362 vita:

457 1399 761 1455 delectatus
805 1400 1124 1465 dulcedine,
1169 1414 1269 1470 pro
1292 1400 1404 1454 vita
1447 1399 1686 1455 solitaria
1717 1398 1903 1453 mundi
1933 1399 2026 1454 de—

457 1491 638 1573 spexit
663 1491 888 1562 quadra.
933 1491 1102 1557 Quem
1138 1490 1461 1545 inbabitavit
1504 1490 1658 1546 locus
1705 1490 1932 1560 pulcher
1971 1499 2027 1544 et

458 1584 711 1653 quietus,
751 1594 806 1638 et
846 1584 1085 1654 undique
1127 1583 1263 1638 silva
1306 1583 1554 1639 cinctus:
1585 1581 1739 1651 cujus
1768 1583 1819 1637 in
1853 1583 2027 1653 lapide

455 1673 663 1744 sculpta
692 1673 796 1729 fuit
820 1681 874 1729 et
903 1682 987 1728 est
1015 1688 1159 1727 nunc
1188 1673 1393 1741 capella
1414 1713 1429 1736 ,
1458 1673 1510 1726 in
1540 1686 1645 1742 qua
1675 1672 1783 1727 duo
1812 1672 2021 1726 altaria.

2125 508 2276 567 prout
2297 500 2579 568 potuerint,
2594 499 2760 567 ipsum
2783 499 3153 552 monasterium
3173 514 3263 568 per
3282 498 3700 552 intercessionem

2125 589 2517 659 apostolorum,
2566 587 2770 643 Christo
2819 591 3146 659 propitiante,
3213 590 3267 644 in
3313 590 3537 659 priorem
3587 596 3704 643 stu—

2123 676 2277 730 deant
2306 677 2591 744 reformare
2641 686 2853 731 statum.
2896 675 3187 730 Prtedictus
3221 694 3337 731 vero
3362 675 3542 739 abbas,
3572 675 3702 730 dum

2125 767 2397 831 adrixerit,
2427 778 2472 821 et
2502 767 2597 836 ipsi
2633 767 2871 819 monachi
2904 767 3039 819 idem
3063 767 3438 821 monasterium
3474 766 3547 819 ita
3575 781 3696 834 pos-

2124 856 2344 917 sideant,
2374 866 2427 908 ut
2450 857 2685 926 quamvis
2735 855 3030 925 apostolicis
3054 857 3181 919 sedi,
3213 858 3345 911 sicut
3384 866 3429 909 et
3477 854 3700 909 Clunia-

2126 960 2260 1005 rum,
2288 944 2579 1013 delegatum
2628 944 2717 1008 sit,
2747 959 2946 1012 semper
2969 954 3140 998 tamen
3182 944 3317 998 velut
3348 961 3452 998 una
3481 960 3700 1014 congre-

2124 1034 2264 1102 gatio
2302 1036 2400 1109 sub
2452 1051 2556 1088 uno
2587 1045 2743 1105 agant
2791 1044 2944 1105 atque
2993 1036 3341 1101 disponantur
3385 1036 3570 1090 abbate
3597 1055 3616 1102 ;
3643 1038 3699 1090 in

2126 1134 2347 1189 tantum,
2402 1135 2457 1179 ut
2487 1142 2602 1179 cum
2650 1127 2759 1196 ipse
2807 1128 3119 1192 discesserit,
3172 1145 3275 1183 non
3306 1127 3411 1182 illis
3465 1136 3555 1182 aut
3585 1129 3701 1195 istis

2125 1213 2279 1267 liceat
2309 1215 2421 1269 sine
2441 1217 2701 1268 communi
2726 1233 2978 1271 consensu
3025 1217 3262 1272 abbatem
3290 1219 3386 1272 sibi
3412 1218 3700 1288 pra’ﬁcere,

2127 1322 2218 1358 nec
2241 1306 2451 1375 privati,
2475 1306 2613 1375 quod
2660 1307 2816 1371 absit,
2847 1307 2935 1360 isti
2978 1307 3141 1361 alium
3191 1309 3291 1362 nisi
3331 1308 3519 1378 ipsum,
3548 1322 3701 1377 quem

2126 1393 2204 1448 illi
2225 1395 2522 1462 habuerint,
2564 1397 2874 1451 substituere
2896 1406 3235 1468 prazsumant,
3279 1399 3522 1469 quoniam
3554 1395 3701 1450 valde

2124 1488 2377 1558 injustam
2400 1496 2553 1554 esset,
2574 1489 2618 1542 si
2645 1489 2724 1541 illi
2751 1491 2840 1560 qui
2856 1490 2993 1558 forte
3014 1490 3150 1544 velut
3181 1489 3281 1559 ﬁlii
3305 1489 3550 1543 Romanis
3588 1504 3699 1542 mo-

2126 1578 2351 1632 nasterio
2379 1580 2741 1645 succreverint,
2774 1579 3117 1634 socialitatem
3144 1579 3584 1643 Clu‘uiacensium,
3609 1577 3702 1650 qui

2125 1670 2279 1724 veluti
2304 1679 2476 1735 patres
2503 1669 2673 1724 locum
2704 1672 3032 1732 resuscitant,
3064 1671 3350 1740 aliquando
3377 1671 3698 1725 disciderint.

454 1762 569 1818 Deo
594 1764 666 1817 ibi
697 1762 788 1816 Dei
812 1777 999 1818 servus
1024 1763 1295 1817 serviebat
1314 1763 1580 1818 assiduus.
1604 1762 1684 1817 Ad
1710 1762 1911 1817 fontem
1931 1760 2022 1831 qui
2054 1779 2099 1839 Β
2128 1759 2269 1815 Sane
2296 1760 2349 1814 in
2370 1762 2662 1815 ordinando
2685 1761 2868 1816 abbate
2895 1763 3192 1816 constitutio
3237 1762 3404 1816 sancti
3431 1761 3698 1815 Benedicti

452 1852 511 1908 in
536 1850 737 1921 capella
757 1851 899 1907 nulla
916 1851 1356 1907 acceditfeniina.
1372 1871 1390 1903 ι
1416 1850 1916 1915 Visituristeloeus,
1931 1850 2023 1921 qui

450 1941 724 2011 prioratus
749 1949 835 1996 est
855 1981 869 2006 ,
901 1941 1075 1996 tribus
1100 1956 1130 1995 a
1159 1939 1522 1996 Caesaroduuo
1543 1941 1823 1996 Turonum
1850 1941 2020 1997 leueis

452 2048 644 2088 versus
673 2033 1070 2088 Cenomannos.
1118 2032 1174 2088 S.
1215 2033 1486 2088 Antonius
1515 2034 1710 2088 colitur
1744 2049 1798 2087 tv
1839 2032 2023 2088 Nonas

450 2121 579 2177 Maii
623 2123 677 2178 in
728 2123 1112 2196 Martyrologio
1156 2122 1459 2179 Gallicana.
1513 2123 1690 2180 Unum
1733 2139 1801 2180 ex
1848 2124 2023 2179 sancti

460 2211 637 2268 Mauri
664 2214 874 2270 abbatis
899 2214 1172 2270 sodalibus
1212 2214 1381 2271 fuisse
1424 2215 1643 2286 quidam
1692 2215 2024 2270 recentiores

455 2306 669 2369 ferunt,
703 2305 953 2360 abbatem
982 2305 1154 2360 sancti
1198 2304 1396 2360 Juliani
1438 2307 1567 2360 dicit
1607 2306 2024 2360 instrumentum

451 2392 678 2449 Joannis
700 2395 1030 2450 Turonensis
1055 2395 1444 2466 areliiepiscOpi
1465 2436 1480 2460 ,
1513 2411 1656 2451 anno
1686 2396 1818 2451 1407
1844 2397 2024 2451 condi-

456 2496 569 2546 tum
592 2524 607 2550 ,
636 2485 689 2538 in
718 2498 825 2553 quo
849 2486 1026 2554 agitur
1052 2485 1117 2539 de
1153 2485 1398 2555 reliquiis
1427 2485 1485 2541 S.
1514 2486 1731 2540 Antonii
1759 2494 1813 2540 et
1849 2486 2023 2540 sancti

456 2573 643 2630 Lauri.
686 2574 851 2630 Nobis
903 2577 1154 2646 ignorare
1194 2576 1356 2630 liceat
1404 2578 1545 2646 quod
1592 2577 1855 2647 ignoravit
1893 2578 2026 2631 auti-

456 2667 653 2736 quitas.
684 2665 762 2721 De
790 2667 1122 2721 monasterio
1153 2665 1211 2721 S.
1242 2664 1438 2720 Juliani
1472 2667 1665 2722 iterum
1697 2668 1859 2722 infra.

522 2759 614 2814 24.
652 2759 799 2813 Inter
836 2758 1084 2813 emuobia
1110 2772 1229 2827 qua:
1254 2757 1369 2813 Odo
1395 2773 1492 2813 suo
1519 2756 1765 2828 regimini
1795 2758 2023 2827 adjecit,

451 2856 537 2905 est
566 2848 938 2914 Romaneuse,
984 2849 1144 2902 situm
1187 2848 1241 2902 in
1283 2849 1541 2903 comitatu
1586 2849 1860 2905 Waldeusi
1903 2850 2023 2920 pagi

447 2939 835 3005 Lausanensis,
860 2939 1003 3008 quod
1025 2938 1333 2994 Rodull‘usl
1364 2939 1684 3011 Burgundio:
1716 2956 1806 2995 rex
1834 2940 2023 3011 Aleydi

452 3032 625 3088 sorori
657 3046 769 3086 suae
797 3031 1099 3094 concessit,
1129 3030 1327 3086 litteris
1353 3031 1493 3085 datis
1523 3051 1540 3083 ‹
1571 3047 1624 3086 tv
1652 3032 1776 3087 ldus
1804 3032 2022 3099 Juuias,

2125 1868 2323 1922 semper
2344 1852 2606 1906 emineat:
2635 1854 2765 1906 adeo
2802 1863 2857 1905 ut
2886 1855 2932 1907 si
2972 1854 3050 1907 vel
3076 1852 3242 1916 illius,
3276 1852 3353 1907 vel
3397 1853 3546 1905 istius
3574 1868 3699 1905 con-

2125 1944 2439 2014 gregationis
2488 1942 2705 1996 minima
2755 1959 2876 2013 pars
2921 1943 3119 1996 saniori
3172 1941 3388 1996 consilio
3438 1942 3703 1995 meliorem

2123 2048 2399 2102 personam
2435 2033 2624 2102 eligere
2671 2031 2909 2096 voluerit,
2960 2033 3134 2086 caeteri
3162 2032 3319 2101 juxta
3372 2029 3601 2102 regulam
3629 2029 3704 2085 eis

2125 2128 2464 2182 consentiant.
2504 2127 2581 2181 De
2621 2126 2872 2196 fratribus
2903 2143 3019 2180 vero
3062 2125 3138 2181 vel
3165 2127 3286 2181 hinc
3313 2126 3436 2191 illic,
3469 2125 3548 2180 vel
3584 2125 3705 2180 inde

2125 2222 2225 2274 huc
2254 2237 2348 2290 pro
2378 2219 2606 2274 utilitate
2655 2219 3086 2284 transmutandis,
3131 2219 3238 2273 sive
3281 2219 3436 2272 etiam
3484 2219 3547 2271 de
3575 2218 3705 2270 sub-

2124 2314 2293 2378 sidiis,
2327 2329 2443 2384 qure
2472 2312 2606 2382 forte
2650 2313 2742 2365 uni
2788 2312 2901 2365 loco
2953 2311 3228 2382 plusquam
3270 2310 3423 2365 alteri
3467 2310 3705 2363 abunda-

2125 2407 2310 2470 verint,
2341 2406 2561 2459 vicissim
2591 2420 2654 2459 ea:
2706 2404 2871 2459 altera
2899 2406 2955 2457 in
2984 2403 3206 2458 alterum
3238 2402 3613 2471 transferendis
3647 2402 3704 2455 in

2124 2507 2372 2567 potestate
2424 2496 2624 2550 abbatis
2671 2496 2757 2550 sit.
2813 2494 2879 2547 Et
2910 2505 2963 2548 ut
3011 2495 3147 2548 inter
3180 2510 3263 2548 eos
3292 2494 3587 2563 germanior
3619 2508 3703 2545 so-

2125 2589 2283 2641 cietas
2330 2596 2632 2657 perseveret,
2684 2588 2824 2657 ipsas
2866 2602 3065 2657 quoque
3107 2583 3293 2638 divinm
3326 2583 3579 2638 servitutis
3610 2591 3702 2635 aut

2125 2675 2565 2745 eleemosgnarum
2610 2691 2698 2728 seu
2743 2673 3017 2745 cujuslibet
3070 2675 3189 2728 boni
3217 2672 3383 2743 operis
3410 2673 3701 2725 sanctiones

2124 2769 2198 2820 ita
2241 2767 2585 2819 communiter
2617 2773 2844 2829 teneant,
2885 2773 2940 2816 ut
2970 2764 3108 2833 quod
3134 2780 3227 2832 pro
3262 2763 3409 2816 bona:
3437 2762 3702 2815 memoriae

2125 2856 2411 2921 Willelmo,
2441 2855 2516 2911 vel
2543 2865 2677 2910 certe
2699 2855 2838 2917 aliis,
2869 2865 2958 2909 aut
2989 2856 3130 2918 vivis,
3160 2864 3249 2908 aut
3278 2854 3533 2924 defunctis
3562 2850 3700 2922 apud

2127 2946 2434 3002 Cluniacnm
2465 2947 2682 3014 geritur,
2713 2944 2857 3000 nobis
2880 2953 3036 3015 atque
3080 2944 3393 3012 nostratibus
3419 2944 3701 3013 proﬁciat:

2125 3038 2332 3109 etquod
2368 3037 2617 3091 Romanis
2647 3036 2962 3090 monasterio
2990 3052 3082 3104 pro
3132 3035 3276 3088 nobis
3315 3034 3476 3104 juxta
3521 3032 3705 3087 volun-

448 3118 664 3178 Rodulll
702 3121 937 3192 piissimi
965 3120 1108 3192 regis
1134 3135 1275 3176 anno
1300 3122 1476 3191 primo
1495 3162 1510 3187 ,
1541 3122 1609 3176 ab
1647 3122 2021 3176 luearnatione
2050 3128 2093 3189 C
2124 3136 2280 3182 tatem
2304 3127 2513 3181 Domini
2532 3136 2730 3197 gestum
2752 3126 2929 3196 fuerit,
2951 3125 3049 3194 ipsi
3069 3123 3283 3193 adtvque
3304 3122 3697 3193 participentur.

445 3213 661 3270 Domini
686 3213 810 3283 888,
844 3212 1137 3270 indictione
1163 3213 1261 3279 11,
1290 3230 1311 3266 ι
1346 3212 1487 3282 apud
1517 3211 1895 3268 Vabrevillam.
1926 3212 2016 3267 Ila:

445 3303 644 3358 littera:
667 3343 683 3368 ,
724 3316 951 3373 quarum
994 3304 1262 3372 integrum
1290 3304 1682 3374 autograpbum
1713 3317 1878 3372 penes
1922 3318 2023 3360 nos

449 3397 539 3453 est
564 3436 583 3463 ,
606 3395 766 3451 editae
790 3403 915 3450 sunt
941 3394 996 3448 in
1026 3394 1168 3449 uotis
1196 3395 1263 3448 ad
1286 3393 1670 3449 bibliothecam
1705 3392 2023 3448 Cluniacen-

448 3502 564 3545 sem
583 3528 598 3553 ,
636 3488 731 3543 sed
759 3501 883 3542 cum
909 3486 1042 3541 vitio
1068 3487 1368 3541 centenarii
1399 3486 1645 3551 numeri,
1674 3486 1763 3541 ubi
1808 3500 1906 3557 pro
1929 3502 2025 3541 au-

450 3593 526 3634 no
554 3578 659 3635 800
686 3578 884 3650 legitur
908 3576 1031 3632 900.
1076 3575 1267 3631 Postea
1307 3574 1468 3647 Aleys
1508 3591 1602 3632 seu
1642 3576 1870 3648 Adeleys
1909 3577 2022 3647 ipsa

461 3672 741 3730 comitissa
775 3671 1050 3726 abbatiam
1075 3669 1218 3724 illam
1247 3669 1498 3725 Romanis
1524 3670 1720 3725 dictam
1748 3670 1916 3727 Odoni
1945 3681 2026 3727 at-

446 3763 637 3818 tribuit
656 3762 872 3834 cgregio
892 3761 1180 3831 diplomate
1196 3774 1216 3827 ,‘
1235 3762 1376 3833 quod
1400 3762 1655 3819 ineditum
1687 3762 1793 3819 huc
1822 3764 2025 3820 referre

444 3853 601 3924 juvat
626 3856 691 3909 ad
720 3856 941 3910 histora:
967 3854 1376 3911 illustratiouem
1404 3874 1416 3910 :

522 3942 738 3997 Cunctis
763 3961 889 3998 sane
918 3944 1362 3998 considerantibus
1392 3944 1571 4015 liquet,
1594 3954 1692 4001 etc.
1718 3945 1891 4017 Igitur
1911 3964 2025 4001 om-

449 4034 600 4088 nibus
646 4034 702 4087 in
728 4036 925 4088 unitate
954 4035 1081 4106 ﬁdei
1134 4036 1431 4100 viventibus,
1477 4035 1772 4109 Christique
1822 4039 2023 4092 miseri-

450 4124 686 4178 cordiam
727 4124 1148 4192 prarstolantibus
1198 4137 1377 4180 notum
1424 4126 1510 4189 sit,
1543 4127 1683 4197 quod
1722 4144 1843 4198 ergo
1890 4126 2028 4181 Ade-

449 4213 634 4283 leydis,
659 4213 796 4266 dono
827 4213 923 4266 Dei
968 4215 1250 4276 comitissa,
1297 4233 1379 4269 res
1418 4217 1560 4285 juris
1589 4219 1711 4282 mei,
1753 4234 1869 4283 qua:
1902 4218 2027 4271 mihi

449 4320 547 4374 per
577 4314 889 4375 pra’ceptum
939 4303 1148 4358 Domini
1197 4305 1409 4373 Rodulﬁ
1442 4310 1597 4377 regis,
1650 4310 1749 4362 ntei
1795 4309 2027 4363 videlicet

453 4395 742 4450 dulcissimi
766 4402 919 4466 atque
949 4394 1283 4449 dilectissimi
1302 4398 1554 4467 germani,
1582 4398 1909 4463 obvenerunt,
1934 4400 2030 4454 hoc

2127 3217 2281 3273 Hanc
2310 3233 2429 3288 ergo
2479 3218 2811 3272 donationem
2856 3233 2948 3286 pro
2983 3214 3079 3269 Dei
3116 3230 3292 3268 amore
3328 3221 3374 3267 et
3401 3222 3701 3266 sanctorum

2124 3309 2480 3380 apostolorum
2530 3311 2585 3363 in
2612 3309 2793 3379 primis
2840 3309 3001 3378 facio,
3033 3306 3220 3361 deinde
3246 3321 3339 3376 pro
3369 3304 3545 3356 anima
3586 3317 3703 3371 ger-

2123 3403 2267 3456 mani
2309 3411 2356 3455 et
2395 3401 2684 3455 dulcissimi
2712 3399 2814 3455 mei
2842 3399 3019 3453 domui
3062 3396 3272 3466 Rodulﬁ
3320 3396 3472 3464 regis,
3514 3394 3702 3447 harum

2124 3492 2356 3547 videlicet
2388 3508 2559 3547 rerum
2587 3490 2891 3562 largitoris;
2923 3500 3032 3543 tum
3060 3505 3180 3543 vero
3208 3503 3301 3556 pro
3326 3484 3497 3556 requie
3521 3481 3702 3536 domui

2124 3584 2225 3637 mei
2267 3582 2368 3652 pia:
2415 3582 2681 3636 memoria:
2718 3580 2965 3651 principis
3014 3577 3284 3642 Richardi,
3312 3593 3373 3630 ac
3400 3591 3493 3647 pro
3535 3570 3702 3627 Willa

2128 3675 2329 3744 regina,
2377 3674 2561 3727 dehinc
2590 3688 2684 3742 pro
2711 3688 2792 3726 me
2820 3678 2868 3724 et
2911 3670 3102 3723 domno
3153 3665 3383 3736 Rodulfo
3434 3681 3550 3735 rege
3590 3661 3703 3731 ﬁlio

2125 3783 2262 3831 meo,
2284 3776 2330 3820 et
2352 3766 2472 3819 item
2500 3762 2726 3834 Rodulfo
2750 3778 2865 3833 rege
2887 3771 3065 3832 nepote
3084 3776 3219 3823 meo,
3244 3774 3336 3826 pro
3359 3755 3477 3809 aliis
3502 3769 3705 3824 quoque

2124 3857 2250 3927 ﬁliis
2288 3858 2436 3921 meis,
2474 3854 2714 3925 Hugone,
2742 3853 2964 3917 Bosone,
2996 3862 3043 3905 et
3066 3849 3327 3903 Ludovico
3361 3855 3574 3913 nepote;
3610 3843 3702 3898 sed

2125 3960 2173 4004 et
2212 3966 2304 4019 pro
2351 3948 2551 4002 creteris
2599 3944 2994 4016 consanguineis
3028 3942 3241 4004 nostris,
3289 3948 3440 4009 atque
3485 3936 3567 3990 his
3613 3936 3703 4006 qui

2127 4041 2331 4096 servitio
2359 4047 2536 4093 nostro
2564 4039 2829 4092 adhtcrent
2853 4054 2871 4102 ;
2897 4053 2990 4106 pro
3017 4035 3246 4105 genitore
3289 4032 3442 4085 etiam
3470 4046 3532 4082 ac
3558 4028 3704 4099 geni-

2128 4132 2254 4185 trice
2278 4146 2417 4194 mea,
2457 4139 2503 4184 et
2532 4129 2721 4182 domno
2768 4126 2989 4198 Hugone
3017 4125 3208 4196 insigni
3247 4122 3450 4185 abbate,
3479 4136 3568 4173 seu
3597 4134 3702 4173 ca:-

2129 4221 2251 4275 teris
2278 4219 2467 4273 nostris
2497 4218 2763 4288 utriusque
2786 4232 2939 4271 sexus
2959 4214 3258 4286 propinquis
3282 4225 3300 4262 :
3330 4219 3587 4281 postremo
3607 4222 3703 4276 pro

2129 4312 2235 4366 illis
2279 4311 2368 4383 qui
2420 4310 2744 4380 adjutorium
2802 4306 2877 4362 vel
2924 4306 3275 4376 defensionem
3326 4299 3594 4355 monachis
3631 4295 3702 4348 ibi

2133 4400 2527 4457 consistentibus
2576 4398 2954 4469 prtestiterint;
2985 4412 3080 4465 pro
3106 4403 3246 4448 statu
3298 4407 3497 4461 quoque
3545 4387 3702 4441 totius

451 4495 527 4539 est
559 4487 929 4539 monasterium
963 4485 1101 4555 quod
1152 4485 1399 4539 Romanis
1446 4496 1675 4551 vocatur,
1712 4489 1848 4557 quod
1875 4490 2030 4542 situm
2058 4469 2108 4528 D
2135 4492 2398 4561 religionis
2422 4499 2469 4543 et
2508 4505 2600 4559 pro
2644 4488 2881 4541 omnibus
2910 4484 3182 4539 catholicis
3222 4482 3296 4536 vel
3325 4479 3465 4542 vivis,
3507 4476 3584 4532 vel
3613 4477 3703 4530 de-

450 4585 529 4630 est
552 4576 607 4629 in
647 4590 778 4645 pago
810 4574 1110 4639 Waldense,
1153 4591 1270 4628 cum
1300 4575 1442 4629 omni
1471 4576 1680 4630 abbatia
1710 4587 1756 4630 et
1793 4578 2029 4633 omnibus

452 4668 604 4721 rebus
627 4677 673 4719 et
695 4667 1054 4736 adjacentibus
1084 4668 1152 4719 ad
1173 4668 1337 4735 ipsam
1360 4668 1619 4722 abbatiam
1658 4671 2028 4740 pertinentibus

453 4761 654 4814 dudum
697 4776 729 4813 a
766 4760 959 4813 sanctis
1005 4757 1251 4812 Patribus
1295 4759 1406 4812 illic
1448 4761 1833 4829 pra'ordinatis.
1877 4761 2029 4827 Quod

457 4868 583 4905 sane
614 4849 866 4904 Romanis
899 4849 1177 4918 prazfntum
1210 4850 1580 4903 monasterium
1609 4850 1732 4904 olim
1754 4852 1807 4905 in
1833 4853 2029 4905 honore

452 4936 807 5009 apostolorum
859 4939 1104 5007 principis
1129 4937 1276 4993 Petri
1300 4939 1490 4993 scilicet
1536 4951 1582 4993 et
1615 4940 1773 4994 Pauli
1796 4940 1889 4995 sub
1919 4958 2032 4995 mo-

451 5028 652 5082 nastica
690 5027 1007 5096 professione
1034 5028 1205 5096 fuerat
1253 5037 1603 5082 constructum
1631 5043 1648 5080 :
1674 5029 1763 5082 sed
1789 5030 1940 5082 modo
1966 5029 2029 5083 ab

450 5132 632 5171 eorum
661 5115 980 5170 habitatione
1022 5117 1278 5183 privatum
1323 5119 1547 5186 penitus,
1601 5134 1694 5187 pro
1723 5133 1898 5169 amore
1926 5116 2033 5169 Do-

451 5204 582 5258 mini
630 5205 796 5259 nostri
823 5205 950 5258 Jesu
990 5203 1183 5258 Christi
1227 5221 1289 5257 ac
1323 5205 1619 5257 earumdem
1654 5203 2026 5272 apostolorum,

454 5293 519 5340 de
552 5308 666 5340 meo
700 5294 813 5340 iure
848 5304 897 5340 et
937 5294 1290 5340 dominatione
1329 5295 1442 5340 inm
1468 5310 1560 5340 erm
1590 5294 1696 5340 iam
1721 5293 1860 5340 diem
1888 5293 2026 5340 Ade-

2134 4582 2349 4652 functis.
2396 4579 2646 4633 Mouachi
2675 4593 2791 4631 vero
2835 4577 2964 4630 inibi
2994 4574 3327 4629 consistentes
3350 4569 3557 4623 modum
3581 4582 3703 4620 con—
3762 4602 3763 4605 η

2132 4670 2434 4727 versationis
2464 4668 2632 4729 istius,
2661 4683 2777 4736 quae
2803 4682 2939 4719 nunc
2968 4665 3039 4718 ad
3082 4661 3475 4733 informandum
3498 4673 3583 4711 eos
3615 4655 3704 4725 qui

2131 4760 2295 4830 futuri
2337 4769 2457 4812 sunt
2485 4757 2550 4810 de
2595 4756 2870 4819 Cluniaco,
2899 4754 3239 4824 transfertur,
3281 4750 3354 4803 ita
3383 4754 3701 4808 conservent,

2131 4860 2185 4903 ut
2210 4848 2446 4902 eumdem
2481 4846 2692 4900 modum
2737 4844 2792 4897 in
2842 4843 2976 4898 victu
3013 4853 3169 4914 atque
3213 4841 3423 4905 vestitu,
3455 4838 3510 4891 in
3541 4836 3704 4890 absti-

2134 4937 2329 4997 nentia,
2353 4936 2409 4987 in
2431 4932 2744 5004 psalmodia,
2776 4931 2833 4985 in
2878 4931 3109 4996 silentio,
3137 4931 3191 4984 in
3235 4926 3610 4997 hospitalitate,
3648 4923 3702 4975 in

2132 5036 2315 5079 mutua
2336 5025 2610 5078 dilectione
2629 5033 2676 5077 et
2700 5022 3039 5092 subjectione,
3068 5031 3221 5091 atque
3242 5020 3372 5072 bono
3400 5015 3703 5070 obedienttte

2133 5117 2431 5171 nullatenus
2466 5116 2799 5169 imminuent.
2833 5110 3043 5167 Placuit
3068 5114 3223 5165 etiam
3244 5109 3364 5162 huic
3397 5112 3701 5160 testamento

2132 5209 2312 5274 inseri,
2346 5217 2401 5262 ut
2431 5209 2494 5262 ab
2541 5209 2639 5261 hac
2684 5207 2770 5261 die
2798 5222 2891 5260 nec
2926 5215 3124 5269 nostro,
3170 5216 3261 5255 nec
3297 5206 3573 5268 parentum
3612 5209 3704 5247 no-

2134 5311 2357 5340 strarum
2412 5317 2505 5340 nar
2537 5299 2756 5340 fastibus
2788 5296 2942 5340 rauim
2970 5289 3370 5340 magnitudinis.
3398 5301 3489 5340 nec
3526 5283 3704 5340 ειιὶιιιο
