4004 5340
270 299 342 357 25
1211 295 1747 357 PROLEGOMENA.
1783 321 1855 338 --
1886 290 2198 350 ELOGIUM
2237 290 2298 350 S.
2338 289 2608 350 ODONIS.
2677 292 2683 299 ’
3234 361 3240 367 ¹
3468 290 3543 348 20

270 419 393 473 etin
422 415 676 482 Domino,
702 429 874 473 omnes
904 425 1114 471 sanctos
1142 417 1279 486 ejus,
1305 427 1354 471 et
1392 415 1645 470 tremendi
1659 409 1851 483 judicii
1879 411 1929 472 Α
1956 407 2239 479 Wlitgerii,
2296 408 2535 479 Rodulﬁ.
2584 407 2725 464 Data
2770 422 2906 465 xvm
2967 407 3192 465 Kalend.
3239 407 3394 464 Julii.
3424 406 3539 480 Ego

268 507 406 560 diem
434 516 703 560 contestor
730 516 777 560 et
820 507 1093 576 deprecor,
1120 506 1333 559 invadat
1366 521 1444 559 res
1480 506 1711 575 ipsorum
1758 499 1856 555 Dei

267 610 566 657 servorum,
591 611 695 649 non
724 595 1005 659 distrahat,
1029 611 1135 648 non
1163 594 1386 657 minuat,
1421 610 1522 648 non
1547 591 1853 662 procamiet,

266 701 371 739 non
405 686 674 755 beneﬁciet
696 686 876 751 alicui,
903 703 1008 741 non
1037 686 1265 751 aliquem
1287 684 1562 754 prarlatum
1588 698 1744 752 super
1767 697 1854 735 eos

262 788 449 832 contra
481 794 661 830 eorum
685 777 998 831 voluntatem
1044 777 1348 831 constituat.
1389 775 1455 828 Et
1500 784 1555 827 ut
1585 774 1681 827 hoc
1704 772 1854 841 nefas

263 871 510 925 omnibus
564 870 852 923 temerariis
908 879 959 923 et
1005 868 1253 937 improbis
1301 868 1469 920 actius
1520 866 1849 929 inhibeatur,

263 960 439 1013 adhuc
468 961 608 1013 idem
630 959 898 1013 inculcans
926 959 1208 1028 subjungo.
1240 956 1468 1011 Obsecro
1496 973 1599 1017 vos,
1631 972 1662 1009 o
1683 952 1853 1009 sancti

261 1046 489 1116 apostoli
512 1057 561 1100 et
589 1047 804 1115 gloriosi
827 1048 1085 1117 principes
1114 1058 1302 1111 terrw,
1336 1044 1491 1099 Petre
1510 1055 1557 1098 et
1586 1042 1774 1107 Paule,
1801 1051 1850 1098 et

260 1146 311 1188 te
335 1137 579 1205 pontifex
607 1137 914 1206 pontiﬁcum
955 1137 1256 1205 apostolica:
1282 1137 1444 1200 sedis,
1474 1146 1529 1189 ut
1553 1151 1647 1206 per
1668 1144 1852 1189 aucto-

262 1228 468 1280 ritatem
517 1228 830 1279 canonicam
874 1235 921 1280 et
951 1226 1295 1295 apostolicam
1325 1242 1483 1295 quam
1506 1243 1539 1277 a
1570 1223 1678 1278 Deo
1701 1238 1850 1278 acce—

254 1319 399 1387 pisti,
429 1316 632 1371 alienes
658 1334 690 1371 a
711 1310 971 1371 consortio
996 1327 1193 1372 sancta:
1213 1317 1309 1371 Dei
1325 1315 1572 1371 Ecclesia:
1594 1326 1640 1370 et
1657 1315 1849 1384 sempi-

257 1419 418 1465 terna?
448 1410 570 1463 vitae
596 1410 868 1480 praedones
907 1418 957 1463 et
1002 1410 1265 1463 invasores
1309 1417 1465 1478 atque
1509 1406 1845 1461 distractores

253 1500 442 1554 harum
465 1516 664 1565 rerum,
694 1517 824 1565 quas
846 1501 1163 1569 supradictis
1188 1500 1347 1554 servis
1369 1498 1464 1553 Dei
1494 1496 1656 1551 hilari
1675 1504 1845 1552 mente

252 1600 602 1661 promptaque
627 1591 894 1644 voluntate
937 1590 1075 1644 dono
1119 1605 1138 1643 :
1185 1590 1402 1659 sitisque
1434 1598 1631 1643 tutores
1656 1604 1719 1641 ac
1745 1587 1841 1641 de-

251 1679 485 1749 {ensores
497 1680 620 1749 jam
649 1680 775 1733 dicti
805 1679 908 1733 loci
952 1679 1225 1744 Romanis,
1265 1690 1313 1734 et
1348 1696 1616 1734 servorum
1648 1678 1742 1732 Dei
1767 1677 1840 1731 ibi

1956 496 2355 553 llildebrannus
2380 497 2627 553 sacerdos
2653 498 2723 552 ad
2751 498 2910 554 vicem
2941 496 3249 553 cancellarii
3270 499 3456 568 scripsi
3490 505 3541 552 et

1964 589 2251 659 subscripsi
2269 604 2409 643 anno
2429 588 2635 658 quinto,
2650 597 2899 659 regnante
2912 587 3146 658 Rodulfo
3167 586 3539 659 gloriosissimo

1955 694 2090 749 rege,
2112 678 2394 733 indictione
2417 694 2478 734 ll.
2512 678 2703 733 Actum
2723 679 2925 748 publice
2948 679 3004 732 in
3027 678 3150 733 villa
3174 678 3395 733 Boiaco.

2030 771 2120 825 25.
2170 770 2443 827 Hactenus
2491 770 2749 841 diploma.
2780 771 2859 826 De
2908 770 3157 826 Romano
3206 769 3541 827 monasterio

1952 864 2067 919 hare
2105 863 2269 919 habet
2304 863 2441 917 liber
2489 862 2826 933 prioratuum
2868 861 2920 916 in
2961 860 3286 916 bibliotheca
3316 859 3538 915 Clunia-

1950 955 2142 1010 censi:
2178 972 2197 1005 ι
2247 954 2529 1008 Priuratus
2579 951 2809 1007 Romani
2872 951 3187 1007 monasterii
3245 948 3538 1020 (Romans-

1951 1044 2225 1115 monstier)
2275 1043 2638 1098 Lausanensis
2682 1042 2961 1108 dimcesis,
3007 1042 3099 1097 ubi
3144 1041 3338 1095 debent
3380 1055 3534 1103 esse,

1948 1134 2130 1204 priore
2157 1143 2495 1205 computato,
2540 1134 2729 1204 viginti
2781 1134 2888 1188 duo
2940 1134 3215 1196 monachi,
3246 1132 3371 1186 licet
3395 1131 3537 1185 anti-

1947 1226 2129 1294 quitus
2159 1225 2363 1281 fuerint
2389 1225 2592 1295 plures,
2630 1224 2771 1279 sicut
2814 1224 3109 1295 reperitur,
3136 1232 3193 1279 et
3217 1220 3536 1278 debentibi-

1945 1317 2068 1373 dem
2089 1318 2351 1373 celebrari
2381 1326 2494 1373 tres
2517 1318 2695 1373 missa:
2721 1333 2846 1373 cum
2874 1325 3024 1382 nota,
3054 1336 3073 1369 ι
3107 1325 3215 1372 etc.

2014 1410 2104 1464 26.
2145 1409 2328 1465 Redeo
2352 1410 2419 1465 ad
2448 1426 2642 1482 pagum
2673 1410 3147 1475 Matisconcusem,
3178 1408 3333 1479 cujus
3363 1406 3533 1464 abba-

1952 1501 2109 1566 tiam,
2140 1500 2447 1557 Carilocum
2471 1502 2669 1557 dictam
2700 1500 3013 1574 (Cliarlieu),
3038 1501 3273 1558 Joannes
3300 1516 3435 1572 papa
3464 1497 3535 1554 X1

1945 1594 2118 1651 Odoni
2157 1595 2272 1650 sive
2302 1594 2630 1650 monasterio
2664 1594 3029 1661 Cluniacensi,
3078 1592 3387 1662 postulante
3423 1592 3535 1647 Hu-

1943 1701 2079 1757 goue
2116 1685 2440 1757 Burgundio:
2482 1700 2610 1757 rege
2648 1700 2742 1741 seu
2790 1684 2948 1747 duce,
2993 1684 3199 1763 addixit
3241 1702 3259 1735 ι
3310 1699 3383 1738 vu
3410 1681 3530 1739 Kal.

251 1775 694 1826 commorantium
746 1790 809 1827 ac
864 1774 1333 1838 commanentium,
1393 1774 1583 1827 harum
1637 1786 1836 1843 quoque

1944 1776 2205 1842 Januarii,
2228 1791 2371 1832 anno
2393 1776 2450 1830 Η
2476 1776 2840 1846 pontiﬁcatus,
2866 1775 3053 1831 iudict.
3081 1773 3138 1840 5,
3164 1794 3182 1825 ι
3205 1774 3258 1828 id
3284 1782 3365 1828 est
3390 1785 3533 1826 anno
3598 1772 3613 1787 ‘

252 1865 486 1919 omnium
516 1864 833 1933 facultatum
868 1874 1077 1935 propter
1110 1864 1489 1935 eleemosynam
1533 1872 1582 1917 et
1620 1862 1842 1917 clemen-

250 1956 377 2009 tiam
408 1973 474 2009 ac
519 1956 936 2010 misericordiam
984 1955 1206 2025 piissimi
1251 1954 1607 2025 Redemptoris
1654 1953 1839 2009 nostri.

251 2045 308 2102 Si
333 2048 467 2117 quid
497 2047 655 2117 forte,
713 2046 852 2117 quod
877 2046 1029 2111 absit,
1052 2055 1100 2100 et
1133 2046 1273 2117 quod
1294 2062 1384 2115 per
1411 2044 1509 2099 Dei
1553 2045 1845 2099 misericor-

248 2138 393 2191 diam
424 2147 476 2191 et
503 2138 801 2207 patrocinia
824 2137 1182 2207 apostolorum
1227 2138 1432 2192 evenire
1482 2154 1587 2191 non
1613 2138 1836 2203 aestimo,

250 2240 304 2284 ut
331 2246 398 2285 ea:
416 2230 726 2300 propinquis
772 2240 863 2283 aut
891 2231 1173 2296 extraneis,
1202 2231 1277 2284 vel
1303 2246 1368 2284 ex
1392 2228 1624 2300 qualibet
1654 2228 1838 2283 condi-

250 2324 408 2387 tione,
462 2323 570 2377 sive
612 2331 867 2392 potestate
914 2322 1263 2393 qualicunque
1317 2322 1608 2376 calliditate
1658 2328 1840 2375 contra

250 2413 342 2470 hoc
368 2422 758 2477 testamentum,
785 2414 925 2484 quod
954 2430 1049 2483 pro
1089 2429 1267 2467 amore
1311 2412 1410 2467 Dei
1450 2412 1838 2482 omnipotentis,

249 2522 310 2561 ac
341 2506 677 2561 veneratione
707 2506 1001 2575 principum
1045 2504 1400 2575 apostolorum
1431 2502 1577 2557 Petri
1598 2513 1646 2558 et
1681 2502 1840 2558 Pauli

248 2596 365 2664 ﬁeri
387 2596 611 2658 sancivi,
645 2594 880 2666 aliquam
906 2596 1298 2650 concussionem
1328 2594 1522 2665 inferre
1546 2595 1840 2664 tentaverit,

247 2688 471 2757 primum
491 2687 702 2757 quidem
729 2686 864 2741 iram
892 2686 987 2742 Dei
1009 2690 1369 2758 omnipotentis
1397 2689 1652 2754 incurrat,
1685 2688 1840 2758 aufe-

249 2786 430 2847 ratque
458 2776 720 2831 Dominus
770 2787 971 2847 patrem
1011 2779 1126 2849 ejus
1170 2779 1233 2833 de
1271 2789 1412 2834 terra
1464 2780 1762 2842 viventium,
1789 2788 1839 2834 et

250 2867 420 2921 deleat
450 2884 639 2922 nomen
674 2867 788 2936 ejus
837 2869 903 2921 de
935 2867 1068 2922 libro
1120 2869 1258 2933 vitai,
1294 2869 1490 2939 ﬁatque
1536 2885 1659 2938 pars
1694 2867 1838 2922 illius

249 2974 368 3011 cum
393 2958 477 3012 bis
495 2958 588 3029 qui
608 2958 852 3012 dixerunt
882 2957 994 3013 Deo
1016 2972 1036 3010 :
1064 2958 1308 3026 Domine,
1339 2959 1518 3014 recede
1540 2977 1571 3012 a
1595 2958 1765 3022 nobis,
1788 2966 1837 3012 et

247 3064 363 3102 cum
389 3047 606 3102 Datban
634 3057 683 3103 et
708 3049 923 3115 Abiron,
965 3066 1093 3121 quos
1136 3059 1276 3103 terra
1306 3059 1485 3119 aperto
1532 3066 1620 3104 ore
1648 3048 1831 3119 deglu-

246 3141 378 3204 tirit,
405 3148 457 3193 et
480 3139 618 3193 vivos
660 3137 898 3207 infernus
948 3139 1234 3215 absorbuit,
1280 3155 1555 3210 perennem
1598 3138 1831 3193 incurrat

244 3230 640 3285 damnationem
666 3269 682 3295 ,
752 3230 1025 3301 sociusque
1075 3229 1236 3284 Iuda:
1280 3230 1566 3300 proditoris
1617 3227 1832 3283 Domini

242 3322 485 3391 eiectus,
516 3321 729 3375 aeternis
771 3320 1090 3374 cruciatibus
1117 3329 1353 3374 retrusus
1382 3327 1637 3373 teneatur.
1671 3317 1741 3372 Et
1769 3332 1833 3372 ne

239 3411 289 3467 ei
304 3414 361 3466 in
383 3413 632 3481 pra'senti
656 3410 850 3466 saeculo
870 3411 1120 3465 humanis
1146 3410 1314 3465 oculis
1334 3411 1545 3481 impune
1570 3409 1827 3473 videatur,

237 3501 292 3555 in
321 3502 540 3572 proprio
564 3501 774 3572 quidem
826 3517 1039 3571 corpore
1086 3501 1281 3571 futuras
1320 3501 1676 3555 damnationis
1723 3511 1832 3554 tor-

236 3599 413 3644 menta
459 3591 717 3659 patiatur,
768 3591 983 3645 sortitus
1028 3591 1286 3660 duplicem
1333 3591 1673 3661 direptionem
1712 3607 1830 3646 cum

233 3677 534 3733 Heliodoro
553 3689 602 3733 et
630 3679 909 3746 Antiocho,
940 3697 1163 3751 quorum
1196 3680 1332 3735 alter
1375 3682 1507 3735 diris
1535 3681 1829 3737 verberibus

230 3773 492 3825 coercitus
513 3771 599 3827 via:
621 3773 896 3827 semivivus
916 3774 1075 3827 evasit
1104 3786 1123 3825 :
1148 3772 1283 3827 alter
1303 3790 1419 3829 vero
1443 3784 1574 3829 nutu
1601 3792 1827 3846 superno

226 3878 555 3930 percussus,
602 3865 1019 3934 putrescentibus
1074 3866 1317 3919 membris
1346 3906 1361 3931 ,
1422 3876 1469 3920 et
1508 3867 1827 3923 scatentibus

227 3954 498 4007 vermibus
526 3955 819 4009 miserrime
861 3956 1081 4022 interiit,
1124 3957 1423 4027 cceterisque
1450 3957 1716 4027 sacrilegis
1739 3956 1829 4029 qui

226 4046 487 4099 (narium
537 4046 725 4100 domus
777 4045 985 4100 Domini
1040 4057 1293 4101 temerare
1338 4058 1824 4121 prtesumpserunt,

225 4137 494 4206 particeps
517 4138 746 4191 existat:
776 4136 986 4203 habeat,
1016 4138 1117 4192 nisi
1148 4140 1442 4208 resipuerit,
1471 4140 1827 4195 archiclavum

227 4228 392 4281 totius
450 4229 775 4282 monarchice
816 4228 1191 4295 ecclesiarum,
1249 4230 1435 4299 juncto
1495 4231 1595 4285 sibi
1642 4241 1825 4286 sancto

228 4316 425 4384 Paulo,
453 4320 780 4385 obstitorem,
813 4329 861 4374 et
891 4321 1082 4375 amoeni
1101 4322 1338 4390 paradisi
1360 4322 1537 4378 aditus
1558 4324 1825 4377 contradi-

228 4419 446 4475 ctorem,
478 4426 608 4479 quos
639 4410 764 4474 sibi,
810 4411 855 4463 si
895 4410 1065 4476 vellet,
1096 4411 1285 4465 habere
1326 4423 1530 4480 poterat
1560 4414 1824 4482 piissimos

1944 1869 2067 1925 932.
2117 1867 2261 1924 Idem
2296 1868 2545 1937 praestitit
2577 1866 2881 1922 Ludovicus
2930 1864 3349 1920 Transmarinus
3397 1878 3531 1917 con-

1939 1960 2109 2017 cessis
2152 1960 2367 2026 litteris,
2409 1975 2545 2030 quas
2592 1959 2758 2014 habet
2794 1958 3122 2014 bibliotheca
3162 1954 3534 2026 Cluniapensis

1939 2050 2044 2107 col.
2074 2050 2199 2105 276.
2222 2050 2506 2105 Abbatiam
2539 2050 2679 2105 hanc
2708 2057 2899 2120 rogatu
2928 2047 3123 2103 Siraldi
3150 2046 3365 2103 comitis
3390 2044 3533 2100 Boso

1939 2157 2037 2198 rex
2066 2141 2349 2197 monachis
2378 2142 2712 2206 restituerat,
2741 2150 2802 2196 ut
2824 2148 2973 2211 patet
3009 2153 3077 2193 ex
3105 2140 3297 2194 charta
3331 2153 3359 2191 a
3394 2136 3529 2193 Gui-

1939 2231 2182 2288 chenone
2199 2232 2341 2286 edita
2367 2231 2419 2285 in
2435 2232 2656 2292 historia
2679 2231 2974 2287 Sebusiana
2998 2246 3121 2301 pag.
3137 2230 3263 2295 575,
3305 2229 3396 2284 ubi
3427 2227 3529 2283 Ca-

1940 2322 2092 2377 riloci
2143 2323 2533 2378 monasterium
2582 2322 2816 2377 dicatum
2867 2322 3069 2377 dicitur
3121 2341 3140 2374 ι
3200 2321 3255 2376 in
3313 2321 3524 2375 honore

1942 2413 1999 2469 S.
2020 2413 2303 2484 Stephani,
2326 2434 2343 2467 ι
2364 2412 2632 2483 situmque
2651 2432 2669 2465 ‹
2689 2413 2742 2467 iu
2772 2414 3031 2469 comitatu
3046 2412 3351 2469 Matiscensi
3371 2423 3533 2481 super

1942 2505 2155 2561 Surnan
2173 2504 2413 2560 (luvium.
2447 2524 2466 2557 ι
2498 2505 2741 2573 Diploma
2759 2507 2941 2561 datum
2962 2514 3046 2561 est
3075 2523 3097 2559 ι
3127 2522 3188 2561 ιιι
3223 2505 3360 2559 Νοη.
3392 2504 3522 2558 Dec.

1941 2600 2132 2656 indict.
2159 2599 2248 2664 12,
2279 2614 2420 2654 anno
2432 2599 2606 2669 primo
2628 2599 2855 2655 Bosonis
2874 2597 3120 2655 Cariloco
3134 2596 3488 2659 monasterio,
3503 2613 3523 2647 ι

1944 2691 1996 2747 id
2017 2700 2254 2747 estanno
2268 2690 2392 2746 8'79.
2412 2690 2491 2746 De
2509 2690 2758 2747 Cariloco
2776 2693 2970 2747 iterum
2988 2691 3039 2745 in
3056 2688 3349 2760 Aymardo,
3365 2686 3526 2742 infra.

2008 2782 2098 2838 27.
2139 2782 2381 2852 Denique
2437 2790 2634 2852 praeter
2691 2782 2838 2846 alia,
2896 2795 3127 2852 quorum
3179 2786 3529 2835 monumenta

1951 2872 2110 2928 nobis
2141 2872 2370 2935 desunt,
2402 2873 2729 2928 monasteria
2755 2872 3054 2936 Gallicana,
3084 2868 3534 2925 Cluniacensibus

1939 2964 2038 3019 sub
2072 2961 2259 3017 Odone
2288 2977 2586 3027 concessa;
2620 2961 2864 3032 quaedam
2898 2959 3025 3014 item
3075 2958 3260 3014 Italica
3313 2958 3366 3011 in
3405 2956 3533 3012 Clu-

1939 3050 2077 3105 niaci
2112 3059 2433 3121 potestatem
2488 3058 2599 3103 tum
2652 3059 2939 3114 venerunt,
2988 3062 3183 3119 nempe
3228 3046 3536 3117 Suppeuto—

1859 3115 1906 3178 C
1935 3115 2146 3204 niense,
2190 3140 2574 3205 Adventinum,
2621 3146 2677 3194 et
2723 3138 2896 3193 sancti
2943 3137 3095 3193 Pauli
3116 3115 3430 3201 'Romanut
3458 3149 3529 3191 ex

1932 3229 2139 3286 Joanne
2167 3229 2513 3286 manifestum
2553 3237 2658 3295 est,
2708 3237 2872 3299 atque
2916 3228 3342 3287 Salernitauum.
3377 3224 3530 3293 cujus

1932 3325 2191 3381 fratribus
2214 3323 2448 3379 Joannes
2492 3323 2696 3379 Odonis
2720 3323 2887 3376 vitam
2916 3320 3203 3376 dedicavit.
3224 3318 3525 3376 Verisimil-

1931 3416 2119 3471 limum
2158 3424 2241 3470 est
2268 3415 2430 3470 etiam
2464 3414 2753 3469 Ticinense
2798 3411 2856 3467 S.
2906 3410 3052 3466 Petri
3099 3425 3167 3465 ex
3193 3425 3260 3465 eo
3301 3422 3530 3465 numero

1930 3508 2115 3575 fuisse,
2143 3524 2265 3564 cum
2292 3508 2410 3564 Odo
2436 3508 2607 3563 Roma
2633 3514 2917 3563 revertens
2933 3504 3195 3560 Joannem
3221 3511 3332 3558 tum
3357 3515 3527 3558 cano-

1939 3599 2144 3659 nicum.
2182 3609 2371 3671 postea
2412 3600 2761 3664 monachum,
2797 3597 2870 3653 ibi
2918 3595 3272 3653 erudiendum
3298 3593 3530 3664 relique-

1940 3690 2033 3755 rit,
2060 3697 2120 3743 ut
2149 3690 2263 3759 ipse
2288 3689 2355 3745 de
2395 3703 2453 3744 se
2482 3696 2712 3743 testatur
2740 3688 2793 3742 in
2823 3687 2915 3743 lib.
2945 3702 2987 3751 ι,
3010 3685 3240 3741 num..4.
3273 3683 3418 3740 Istud
3445 3692 3531 3742 est

1928 3782 2317 3837 monasterium
2336 3781 2508 3836 sancti
2526 3780 2672 3835 Petri
2692 3781 2744 3834 in
2768 3778 3113 3836 Caelo-aureo
3133 3784 3525 3864 nuncupatum,

1928 3881 2040 3927 tum
2086 3872 2256 3928 sancti
2293 3871 2579 3942 Augustini
2609 3870 2678 3926 ab
2719 3868 2834 3938 ejus
2880 3868 3232 3924 translatione
3272 3866 3524 3936 corporis

1928 3964 1982 4020 in
2005 3979 2129 4029 eum
2149 3964 2353 4028 locum,
2373 3963 2439 4018 de
2458 3977 2563 4033 qua
2583 3961 2821 4016 diximus
2841 3961 2894 4015 in
2924 3959 3104 4015 smculi
3132 3958 3275 4013 tertii
3306 3968 3459 4029 parte
3480 3974 3520 4015 ι.

1998 4059 2090 4115 28.
2131 4059 2208 4114 De
2233 4058 2477 4115 ecclesiae
2502 4057 2561 4113 S.
2585 4057 2735 4112 Pauli
2758 4069 2925 4126 prope
2945 4055 3171 4111 Romam
3198 4055 3520 4126 primordiis

1925 4151 2078 4205 varie
2107 4149 2351 4205 scribunt
2376 4157 2643 4202 auctores.
2681 4144 2820 4200 Sunt
2858 4145 2949 4214 qui
2997 4145 3228 4217 primam
3259 4144 3377 4215 ejus
3402 4146 3518 4202 ori-

1927 4242 2105 4312 ginem
2139 4239 2204 4293 ad
2237 4237 2556 4292 Silvestrum
2602 4251 2796 4307 papam
2825 4244 2882 4291 et
2905 4235 3314 4292 Constantinum
3341 4236 3510 4306 impe-

1926 4340 2165 4386 ratorem
2197 4326 2455 4384 referunt.
2480 4327 2539 4382 In
2564 4343 2626 4382 ea
2656 4327 2923 4383 sententia
2950 4337 3035 4383 est
3057 4326 3166 4383 Leo
3195 4327 3422 4381 Allatius
3453 4325 3510 4381 in

1927 4423 2021 4478 lib.
2051 4439 2068 4477 ι
2096 4422 2161 4477 de
2188 4421 2542 4476 consensione
2564 4420 2846 4489 utriusque
2872 4420 3114 4476 ecclesia:
3145 4435 3268 4490 cap.
3297 4417 3331 4474 6
3362 4434 3517 4475 num.

227 4501 613 4554 intercessores.
675 4497 977 4554 Secundum
1027 4516 1145 4554 vero
1197 4501 1517 4555 mundialem
1552 4501 1714 4572 legem
1741 4504 1822 4556 his
1851 4471 1902 4531 D
1927 4513 2018 4577 26,
2051 4512 2141 4567 ubi
2182 4512 2260 4567 ait
2300 4511 2576 4567 basilicam
2616 4510 2677 4566 δ,
2722 4471 2873 4566 plauli
2928 4510 3011 4565 via
3057 4471 3295 4567 ostieasi
3342 4507 3520 4564 forma

228 4592 415 4662 quibus
442 4592 686 4646 intulerit
745 4592 1088 4659 calumniam,
1147 4603 1351 4648 centum
1397 4596 1517 4648 auri
1546 4594 1705 4650 libras
1729 4612 1820 4651 co-

228 4693 372 4750 gente
388 4684 688 4749 judicinria
731 4692 983 4751 potestate
1021 4685 1315 4756 compulsus
1344 4685 1593 4751 exsolvat,
1625 4695 1674 4741 et
1703 4703 1825 4741 con-

231 4774 426 4841 gressio
455 4774 603 4829 illius
635 4775 896 4843 frustrata
948 4776 1150 4831 nullum
1198 4779 1408 4831 omnino
1448 4778 1674 4832 obtineat
1700 4779 1824 4849 e/fe—

232 4874 371 4919 ctum
396 4883 415 4920 :
444 4867 535 4921 sed
565 4866 731 4935 hujus
760 4866 986 4935 ﬁrmitas
1013 4870 1308 4922 testamenti
1332 4869 1476 4924 omni
1510 4869 1824 4924 auctoritate

229 4959 446 5027 suffulta
493 4976 702 5031 semper
752 4959 1003 5014 inviolata
1048 4978 1110 5014 ac
1161 4962 1471 5015 inconcussa
1514 4969 1815 5031 permaneat

793 5047 806 5066 1
863 5048 910 5065 ἀ
990 5045 1024 5066 Π
1086 5049 1197 5066 ιιι
1283 5051 1294 5066 ι

1928 4602 2058 4657 olim
2086 4599 2275 4672 eopyla
2298 4639 2313 4664 ,
2358 4598 2410 4653 id
2455 4608 2540 4653 est
2569 4609 2729 4669 porta
2766 4600 2818 4654 in
2839 4612 2842 4615 ‘
2862 4598 3126 4654 orientem
3161 4613 3419 4653 conversa
3439 4637 3454 4664 ,
3485 4611 3520 4652 a

1931 4693 2192 4750 Silvestro
2250 4689 2837 4747 constructam'fuisse
2877 4708 2891 4743 :
2929 4689 3023 4743 sed
3076 4688 3517 4744 Valentinianum

1932 4783 2341 4853 imperatorem,
2371 4780 2552 4836 Siricii
2583 4781 2853 4850 pontiﬁcis
2897 4779 3268 4850 dispositione,
3306 4778 3372 4832 ad
3397 4790 3519 4832 eam

1931 4889 2095 4944 quam
2141 4873 2303 4927 hodie
2352 4872 2601 4926 videmus
2643 4878 2969 4927 structuram
3005 4868 3296 4933 eotholam,
3342 4868 3522 4921 fronte

1926 4964 1993 5019 ad
2024 4964 2288 5018 orientem
2335 4977 2519 5027 versa,
2568 4963 2737 5036 redigi
2797 4962 3093 5015 curavisse.
3134 4959 3334 5015 Contra
3375 4970 3506 5010 vero

1924 5056 1963 5066 α
2165 5055 2202 5066 σι
2302 5054 2315 5066 ι
2398 5056 2411 5066 .
2548 5053 2581 5066 ,ο
2959 5051 2992 5066 ,α
3043 5049 3084 5066 ἢ
3124 5058 3135 5066 .
3174 5050 3185 5063 σ
3242 5044 3518 5066 ι--ειε--..-
