4004 5340
481 353 566 441 er
1408 402 1413 407 .
1595 347 1655 405 s.
1694 345 1830 405 uno
1865 344 2084 401 ABBAS
2118 342 2628 406 (:anacsnsns.
3641 343 3713 400 es

475 462 569 520 uls
583 460 904 533 octingentis
932 457 1155 529 scripto,
1177 455 1271 529 qui
1306 455 1494 513 lsidori
1516 453 1867 526 etymologias
1896 467 2045 509 com-
2072 458 2120 515 Α
2149 448 2512 527 Πηηιιιᾚιιςο
2540 457 2908 513 Cluniacensis
2950 455 3245 512 monachus
3282 454 3334 509 in
3372 449 3601 523 epistola
3645 454 3712 508 ad

477 550 773 623 plectitur;
814 549 903 605 ubi
938 550 1051 605 haec
1074 549 1278 606 verba:
1317 567 1338 602 ι
1370 547 1428 604 1η
1454 549 1677 605 basilica
1705 550 1877 606 sancti
1899 550 2049 606 Pauli

484 649 713 722 apostoli
740 648 925 704 Roma:
937 687 953 712 ,
983 646 1076 703 ubi
1103 661 1315 702 sacrum
1331 644 1448 715 ejus
1460 646 1725 716 sepultum
1737 655 1819 703 est
1831 660 2047 717 corpus,

539 741 815 792 Teudoslus
834 742 1000 802 cmpit,
1028 738 1236 800 perfecit
1273 739 1515 802 Honorius
1546 738 1721 802 aulam,

540 802 762 853 Doctoris
782 800 944 851 mundi
965 808 1199 850 sacratam
1222 812 1426 863 corpore
1458 800 1612 850 Pauli.
1636 817 1658 845 ι

552 883 629 939 Eo
655 890 864 954 spectat
904 881 1250 948 Prudentius,
1296 890 1482 938 auctor
1507 882 1749 953 aequalis,
1778 884 1831 937 in
1854 883 2054 955 hymno

482 974 551 1031 l2
580 974 646 1030 de
669 976 843 1031 beatis
865 974 1026 1030 Petro
1052 983 1106 1029 et
1129 973 1315 1031 Paulo.

542 1071 690 1139 Parte
713 1073 1015 1139 aliatitulum
1040 1074 1180 1139 Pauli
1206 1076 1278 1139 via
1310 1078 1479 1139 servat
1514 1071 1778 1139 Ostiensis,

605 1134 709 1194 Qua
726 1134 924 1195 stringit
946 1138 1085 1185 annis
1102 1136 1623 1195 cespitem‘sinistrum.

544 1193 702 1258 Regia
726 1193 893 1258 pompa
906 1196 998 1246 loci
1015 1206 1092 1246 est
1112 1210 1125 1247 :
1152 1193 1381 1258 princeps
1403 1196 1558 1246 bonus
1574 1198 1661 1246 has
1675 1195 1880 1247 sacravit
1896 1207 2054 1257 arces,

611 1257 849 1319 Lnsitque
878 1258 1069 1313 magnis
1099 1257 1333 1308 ambitum
1356 1258 1566 1307 talentis.

548 1316 817 1379 Brauooias
839 1319 1056 1368 trabibus
1078 1318 1305 1379 sublevit,
1332 1325 1389 1368 nt
1407 1321 1565 1369 omnis
1587 1316 1841 1369 aurulenta

610 1378 868 1442 Luxiesset
893 1382 1039 1438 intus,
1056 1392 1151 1442 ceu
1176 1378 1313 1442 iubar
1334 1382 1425 1429 sub
1445 1388 1576 1442 ortu,

549 1438 774 1502 subdidit
792 1447 843 1489 et
870 1443 1029 1502 parias
1050 1439 1191 1491 fulvis
1212 1441 1524 1502 laquearibus
1547 1438 1812 1502 columnas,

614 1501 879 1562 Distinguit
909 1501 1006 1551 illic
1027 1515 1145 1564 quas
1167 1501 1431 1564 quaternus
1452 1505 1589 1552 ordo.

551 1560 674 1625 Tum
697 1560 917 1613 camuros
933 1560 1075 1625 hyalo
1098 1560 1271 1621 insigni
1296 1568 1428 1614 Varie
1450 1566 1665 1615 cucurrit
1684 1575 1842 1613 arcus.

613 1624 694 1674 Sic
721 1633 855 1686 prata
892 1624 1050 1675 terms
1072 1625 1269 1675 tioribus
1292 1627 1536 1677 renident.

560 1711 686 1769 llaec
709 1716 775 1770 de
794 1716 999 1787 origine
1026 1717 1262 1772 basilica).
1295 1735 1308 1771 :
1337 1733 1457 1787 qua:
1476 1732 1583 1787 quo
1610 1726 1849 1787 tempore
1877 1730 2062 1771 mona-

2148 545 2397 602 Pontium
2420 549 2667 604 abbatem
2688 548 2772 605 his
2797 549 3011 603 verbis:
3045 564 3064 601 α
3093 545 3207 602 Hoc
3234 551 3412 600 autem
3444 551 3713 598 monaste-

2150 635 2312 701 rium,
2359 655 2380 689 ι
2432 652 2626 708 nempe
2668 638 2838 693 sancti
2892 636 3066 702 Pauli,
3103 653 3124 688 ι
3160 633 3505 705 sequentibus
3557 632 3716 687 annis

2150 725 2496 781 commissum
2521 734 2605 781 est
2627 735 2815 781 sancto
2842 725 3015 781 Odoni
3058 734 3151 779 tuo
3190 722 3598 794 praedecessori,
3623 721 3716 777 ubi

2150 829 2248 886 per
2267 829 2388 869 eum
2411 814 2722 885 aliquandiu
2746 815 3117 871 Cluniacensis
3137 814 3289 884 vigor
3310 812 3515 868 ordinis
3542 812 3716 866 radia-

2150 904 2249 958 vit.
2289 902 2528 960 Tandem
2560 905 2831 960 seditiosis
2856 905 2990 960 urbe
3034 890 3245 957 turbata
3286 902 3538 965 motibus,
3582 915 3720 970 quos

2152 992 2242 1047 illa
2275 994 2465 1049 civitas
2509 992 2742 1050 infausto
2789 1008 2890 1048 usu
2933 991 3262 1049 creberrime
3305 991 3525 1060 patitur,
3562 989 3721 1045 malis

2152 1084 2466 1154 urgentibus
2501 1084 2747 1140 monachi
2785 1084 3143 1149 discedentes,
3170 1099 3269 1138 vas
3303 1082 3431 1138 illud
3467 1082 3725 1152 apOStoli-

2154 1190 2339 1231 corum
2378 1176 2641 1242 cinerum,
2688 1176 2894 1232 scilicet
2921 1175 2979 1231 S.
3011 1175 3183 1242 Pauli,
3230 1190 3385 1231 saera
3424 1189 3605 1231 secum
3636 1174 3722 1244 pi-

2157 1280 2323 1337 gnora
2358 1264 2668 1320 detulerunt
2698 1284 2711 1319 :
2742 1266 2927 1335 sicque
2958 1264 3269 1321 Cluniacum
3293 1279 3519 1334 propere
3541 1278 3729 1334 perve-

2158 1366 2374 1412 nerunt.
2408 1376 2428 1411 »
2466 1357 2771 1413 Monasterii
2815 1358 2986 1413 sancti
3027 1357 3178 1412 Pauli
3228 1357 3396 1411 abbas
3425 1356 3524 1409 fuit
3553 1354 3727 1409 Adam

2159 1445 2269 1510 ille,
2312 1445 2465 1515 cujus
2494 1447 2822 1502 mentionem
2864 1445 2995 1501 fecit
3022 1445 3206 1501 Victor
3228 1461 3364 1516 papa
3390 1444 3456 1498 lll
3483 1445 3534 1498 in
3565 1444 3657 1498 lib.
3688 1459 3730 1500 ιι

2162 1534 2227 1591 de
2251 1535 2522 1592 miraculis
2549 1537 2719 1591 sancti
2744 1536 3012 1591 Benedicti
3037 1550 3154 1604 cap.
3181 1534 3272 1599 25,
3295 1535 3362 1588 ad
3374 1549 3530 1603 quem
3556 1533 3730 1588 locqu

2162 1626 2470 1695 scrupulum
2516 1634 2695 1681 movet
2734 1624 2968 1681 Joannes
2996 1625 3235 1695 Baptista
3260 1624 3469 1688 Marus,
3514 1623 3732 1679 cuinam

2165 1725 2279 1772 tum
2301 1718 2597 1789 subjectum
2624 1717 2787 1773 fuerit
2811 1718 2981 1773 sancti
3005 1716 3153 1773 Pauli
3175 1716 3583 1780 monasterium,
3608 1730 3735 1770 eon-

416 1848 429 1862 .
492 1803 609 1858 chis
637 1819 889 1861 concessa
916 1806 1007 1871 sit,
1032 1806 1461 1876 investigandum
1484 1815 1584 1862 est.
1613 1806 1670 1860 ld
1704 1804 1902 1861 factum
1940 1812 2066 1859 anle
2094 1806 2138 1865 Β
2168 1810 2467 1880 gregationi
2499 1808 2858 1872 Cluniacensi,
2890 1825 2959 1863 au
3001 1808 3302 1864 Casinensi.
3337 1807 3622 1863 Dubitandi
3648 1821 3738 1861 ra-

490 1892 731 1949 Odonem
764 1895 937 1950 innuit
966 1895 1202 1952 Joannes
1233 1897 1285 1951 in
1315 1898 1409 1953 lib.
1452 1914 1496 1963 ι,
1528 1912 1679 1961 num.
1724 1897 1818 1962 27,
1861 1897 1951 1952 ubi
1991 1896 2069 1950 ait

496 1981 737 2039 Odonem
774 2004 791 2037 ‹
836 1996 962 2040 ante
1003 1987 1454 2058 quinquennium,
1488 2006 1507 2040 ι
1535 2003 1695 2058 quam
1739 1988 1856 2058 ejus
1900 1988 2067 2041 vitam

494 2073 773 2140 scriberet,
800 2095 816 2127 ι
846 2075 1070 2131 Romam
1096 2078 1425 2148 perrexisse,
1443 2093 1505 2133 ac
1529 2077 1912 2133 monasterium
1930 2077 2072 2129 intra

500 2164 782 2220 ecclesiam
818 2166 1113 2224 beatissimi
1149 2168 1299 2223 Pauli
1329 2169 1555 2240 apostoli
1589 2169 1671 2241 (ut
1704 2170 1832 2224 olim
1866 2167 2068 2239 fuerat)

496 2258 877 2326 reasdiiicasse,
907 2272 1128 2331 cogente
1150 2262 1345 2317 domno
1372 2277 1532 2333 papa,
1563 2272 1617 2317 et
1651 2261 1917 2317 universis
1935 2262 2074 2315 ordi-

497 2349 656 2405 nibus
679 2365 849 2406 sacrae
883 2353 1047 2416 sedis.
1084 2372 1103 2406 ι
1138 2352 1278 2424 Ergo
1309 2372 1328 2405 ‹
1360 2353 1487 2408 olim
1513 2350 1690 2408 fuerat
1726 2370 1744 2403 ι
1785 2350 1857 2405 ibi
1883 2364 2070 2404 mona-

498 2439 721 2495 chorum
753 2443 928 2509 sedes,
959 2443 1152 2512 quibus
1182 2456 1301 2496 eam
1336 2442 1573 2498 restituit
1598 2440 1712 2499 Odo
1737 2442 1838 2497 sub
1875 2456 2073 2496 annum

497 2529 623 2597 9'57,
670 2548 778 2602 quo
816 2531 997 2588 Romae
1024 2541 1160 2599 erat,
1203 2542 1262 2588 ut
1306 2541 1492 2602 postea
1537 2546 1887 2602 exponemus.
1932 2531 2076 2585 Idem

498 2616 734 2675 Joannes
766 2621 929 2676 variis
979 2623 1032 2676 in
1081 2622 1214 2678 locis
1261 2621 1317 2677 S.
1359 2622 1512 2676 Pauli
1560 2621 1970 2688 monasterium,
2013 2635 2078 2676 ac

502 2708 795 2764 monachos
847 2719 1131 2778 memorat,
1186 2710 1541 2779 abbatemque
1576 2709 1891 2764 Balduinum
1928 2728 1941 2763 :
1980 2707 2079 2764 sed

501 2806 556 2851 ct
587 2807 829 2853 sanctum
860 2797 1098 2854 Odonem
1127 2798 1349 2867 ibidem,
1376 2814 1499 2855 cum
1528 2798 1715 2853 Romae
1744 2806 2077 2863 versaretur,

503 2887 698 2958 degere
727 2888 943 2943 solitum
989 2887 1158 2944 fuisse
1202 2889 1387 2955 tradit,
1435 2874 1834 2960 praesertim‘in
1881 2887 1975 2942 lib.
2014 2902 2079 2954 li,

504 2994 654 3034 num.
680 2977 746 3032 2i
789 2986 844 3033 et
872 2978 963 3032 22.
996 2979 1181 3050 Neque
1212 2982 1315 3035 hoc
1341 2981 1396 3035 in
1428 2979 1647 3036 dubium
1670 2980 1852 3035 vocari
1883 2986 2079 3050 potest,

504 3068 941 3139 quandoquidem
966 3067 1200 3124 Joannes
1216 3070 1327 3139 ipse
1347 3084 1470 3124 cum
1486 3067 1671 3125 Odone
1694 3069 1815 3123 istic
1840 3077 2081 3123 moratus

2167 1901 2244 1957 tio
2268 1901 2468 1970 petitur
2491 1915 2557 1956 ex
2584 1917 2650 1956 eo
2676 1900 2816 1970 quod
2841 1899 3054 1955 abbatia
3096 1898 3155 1954 S.
3182 1897 3363 1963 Pauli,
3395 1906 3529 1953 teste
3558 1896 3738 1951 Leone

2169 1992 2471 2048 Marsicano
2500 1994 2553 2047 in
2576 1992 2669 2046 lib.
2696 2009 2713 2047 ι
2741 1991 2997 2046 Chronici
3021 1989 3334 2046 Casinensis
3349 2004 3469 2058 cap.
3499 1986 3587 2051 58,
3618 1985 3740 2039 Bal-

2171 2083 2336 2139 duino
2364 2083 2544 2139 abbati
2570 2098 2602 2137 a
2628 2081 2835 2136 Marino
2858 2096 2993 2152 papa
3018 2080 3305 2136 commissa
3333 2087 3433 2134 est.
3467 2077 3617 2133 Unde
3640 2076 3740 2131 De-

2170 2174 2401 2232 siderius
2428 2189 2522 2230 seu
2554 2174 2741 2229 Victor
2768 2188 2926 2244 papa,
2974 2172 3065 2243 qui
3124 2180 3178 2227 et
3225 2171 3391 2226 abbas
3436 2168 3741 2224 Casinensis

2171 2274 2308 2331 erat,
2358 2264 2529 2320 sancti
2565 2263 2716 2318 Pauli
2754 2262 3139 2318 monasterium
3174 2279 3193 2314 ι
3229 2268 3475 2316 nostrum
3510 2277 3530 2311 ι
3563 2268 3737 2313 vocat.

2175 2356 2374 2413 Verum
2403 2358 2477 2412 ita
2501 2355 2646 2425 loqui
2674 2355 2848 2425 potuit
2870 2354 3056 2410 habita
3084 2352 3297 2407 ratione
3322 2350 3625 2407 communis
3651 2364 3744 2403 or-

2174 2448 2334 2514 dinis,
2376 2463 2499 2504 cum
2531 2446 2677 2501 nulla
2704 2454 2833 2500 tunc
2857 2451 3002 2501 esset
3033 2440 3380 2512 congregatio
3409 2438 3741 2503 Casinensis,

2173 2541 2285 2595 imo
2328 2554 2503 2609 neque
2544 2538 2915 2594 Cluniacensis
2950 2550 3016 2592 eo
3068 2535 3252 2601 modo,
3283 2548 3390 2604 quo
3423 2541 3611 2604 postea
3642 2532 3743 2587 sub

2177 2628 2235 2683 S.
2262 2627 2482 2699 Hugone
2520 2628 2765 2682 instituta
2796 2635 2901 2682 est.

2245 2718 2337 2774 29.
2378 2716 2473 2773 llis
2508 2717 2758 2772 omnibus
2800 2717 3028 2786 aliisque
3064 2714 3309 2785 pluribus
3336 2711 3600 2770 ccenobiis
3623 2712 3745 2767 uni-

2179 2805 2405 2862 formem
2458 2806 2671 2861 vivendi
2715 2820 2981 2871 normam,
3019 2804 3196 2875 qualis
3245 2805 3387 2873 apud
3429 2801 3749 2857 Cluniacum

2178 2897 2513 2961 servabatur,
2542 2894 2871 2965 praascripsit
2896 2893 3031 2960 Odo,
3074 2893 3263 2963 eisque
3293 2891 3507 2963 praefuit
3534 2906 3639 2946 non
3665 2903 3748 2945 se-

2180 3001 2277 3043 cus
2301 2993 2463 3057 atque
2501 2985 2669 3067 abbas
2704 2982 2986 3053 generalis.
3038 2982 3168 3049 Quae
3202 2997 3290 3037 res
3315 2998 3345 3036 a
3373 2981 3432 3037 S.
3462 2980 3751 3037 Pacbomio

2181 3075 2431 3146 primitus
2457 3075 2703 3129 instituta
2728 3073 2781 3127 in
2807 3071 3043 3135 Oriente,
3068 3071 3124 3125 in
3155 3069 3445 3125 Occidente
3467 3084 3561 3137 per
3580 3068 3754 3124 Bene«

504 3159 593 3215 εἰῑ.
642 3158 709 3212 Εῑ
753 3166 933 3214 tamen
961 3160 1016 3213 in
1045 3159 1261 3230 optimae
1303 3168 1443 3215 notae
1470 3159 1607 3214 libro
1653 3159 1718 3214 de
1759 3158 1865 3213 vita
1907 3157 2079 3211 sancti
2109 3150 2152 3212 C
2183 3167 2384 3222 dictum
2410 3165 2771 3220 Anianensem
2803 3170 3026 3227 tentata,
3056 3161 3270 3215 demum
3309 3158 3376 3213 ab
3415 3157 3598 3214 Odone
3623 3173 3755 3228 per-

505 3248 726 3305 Joannis
746 3250 956 3306 abbatis
976 3249 1282 3306 Gorziensis
1308 3251 1504 3307 dicitur
1522 3249 1765 3305 Andreas
1787 3248 2081 3304 monachus

512 3361 533 3395 ι
578 3341 804 3397 Romam
843 3342 909 3397 ad
937 3342 1354 3413 postulationem
1382 3357 1533 3412 papae.
1561 3341 1772 3412 Agapiti
1811 3359 1827 3392 ι
1864 3340 2079 3404 missus,

507 3435 599 3505 qui
622 3435 878 3505 Agapitus
909 3451 928 3485 ί
961 3449 1081 3488 eum
1107 3433 1297 3487 nuntio
1325 3434 1556 3504 quodam
1579 3433 1771 3487 idoneo
1795 3446 1921 3487 vero
1949 3429 2085 3483 mul-

508 3536 623 3582 tum
644 3541 676 3581 a
706 3526 902 3581 domno
931 3524 1156 3581 Einoldo
1193 3544 1211 3577 ι
1239 3524 1449 3581 (ἓοηίτε
1475 3524 1672 3579 abbate
1706 3540 1727 3576 ι
1763 3522 2085 3593 eiliagitave-

509 3628 614 3686 rat,
645 3620 854 3690 aliquos
875 3619 975 3675 sibi
1000 3617 1298 3690 religiosos,
1326 3632 1462 3689 quos
1498 3616 1554 3671 in
1588 3614 1914 3669 monasterio
1940 3613 2086 3668 beati

511 3702 685 3781 Pauli,
713 3714 855 3784 quod
882 3722 1009 3769 tunc
1038 3713 1105 3768 ad
1144 3712 1499 3768 monasticum
1520 3709 1761 3765 ordinem
1794 3705 2089 3762 transferre

511 3796 887 3873 moliebatur;
917 3822 1038 3862 cum
1085 3805 1286 3860 auxilio
1326 3803 1469 3875 regis
1521 3799 1723 3855 Albrici
1778 3797 2085 3862 collocaret,

513 3897 826 3965 transmitti,
871 3912 977 3969 quo
1017 3912 1139 3952 cum
1190 3895 1359 3948 altero
1407 3893 1641 3962 quodam
1673 3889 1858 3955 fratre,
1900 3889 1989 3960 qui
2021 3904 2085 3942 ex

517 3991 845 4046 monasterio
864 3987 1103 4043 Luxovio
1126 3984 1377 4040 Gorziam
1405 3991 1531 4037 ante
1558 3980 1757 4049 aliquot
1787 3994 1957 4039 annos
1990 3979 2088 4042 ad-

515 4089 760 4144 venerat,
787 4077 1094 4148 perductus,
1141 4073 1370 4146 regulari
1400 4070 1736 4127 institutione
1770 4069 1888 4123 loco
1914 4066 2088 4122 infor-

520 4178 688 4234 mato,
722 4184 828 4224 non
856 4168 1023 4223 multo
1048 4174 1169 4236 post
1195 4172 1444 4233 receptus
1471 4161 1537 4216 ad
1573 4158 1854 4215 Dominum
1892 4156 2089 4211 ibidem

518 4268 603 4315 est
631 4257 942 4313 tumulatus.
976 4276 994 4309 ο
1031 4256 1292 4327 Agapitus
1318 4253 1506 4309 sedere
1534 4249 1697 4321 cmpit
1724 4262 1866 4303 anno
1895 4254 2090 4316 quarto

517 4362 639 4422 post
667 4359 895 4406 mortem
940 4347 1163 4413 Odonis,
1205 4346 1402 4402 Christi
1432 4343 1638 4400 scilicet
1679 4340 1799 4397 9J6.
1835 4339 1933 4406 Qui
1963 4352 2091 4405 ergo

520 4442 636 4497 ﬁeri
666 4441 860 4512 potuit,
896 4450 955 4495 ut
982 4438 1286 4494 caanobium
1322 4436 1380 4491 S.
1413 4435 1583 4501 Pauli,
1614 4434 1757 4504 quod
1783 4433 1881 4487 sub
1908 4430 2093 4486 Odone

522 4498 835 4587 monasticis
855 4530 1117 4584 imbutum
1145 4527 1405 4582 institutis
1434 4498 1649 4589 fuerat;
1667 4524 1840 4578 denuo
1866 4521 2092 4590 Agapito
2125 4498 2172 4557 Ῑ)

523 4619 777 4692 pontiﬁce
804 4638 822 4672 ς
854 4621 923 4675 ad
965 4618 1321 4673 monasticum
1359 4615 1603 4672 ordinem
1641 4610 1921 4666 transferri
1952 4630 1971 4661 ι
2007 4623 2096 4678 po-

524 4712 725 4766 tuerit?
754 4709 860 4765 Sed
885 4711 936 4765 id
958 4712 1023 4765 de
1052 4708 1391 4765 restitutione
1418 4703 1712 4776 disciplina:
1733 4699 1993 4772 regularis
2014 4699 2096 4752 in-

526 4801 888 4873 telligendum,
916 4815 1076 4871 quam
1103 4799 1296 4854 mirum
1319 4805 1402 4852 est
1431 4804 1540 4850 tam
1570 4794 1677 4849 cito
1708 4792 1779 4846 ibi
1811 4788 2090 4845 defecisse.

526 4895 685 4953 Certe
729 4894 1001 4950 deiecerat
1028 4892 1222 4949 Ottone
1263 4880 1307 4946 l‘l
1350 4891 1667 4959 imperante,
1719 4892 1812 4939 aut
1858 4897 1988 4937 sane
2031 4896 2096 4936 eo

526 4999 787 5061 praetextu
816 5004 945 5044 usus
973 4986 1234 5053 est.Otto,
1267 4986 1358 5056 qui
1388 4983 1674 5039 canonicos
1698 4977 1839 5050 apud
1876 4976 1934 5032 S.
1957 4976 2098 5030 Pau-

1659 5072 1849 5098 σεο-ιΑ-ιι
1875 5066 2070 5098 ΜΛΛΞΙΛ

1222 5093 1235 5098 -
1252 5095 1273 5097 Α
1292 5093 1307 5098 -
1325 5078 1378 5098 ..1.
1395 5090 1539 5098 ε-....ι

2180 3256 2321 3312 lecta
2344 3265 2448 3312 est.
2479 3254 2630 3310 Unde
2654 3269 2683 3307 a
2708 3251 2980 3308 nonnullis
3003 3251 3062 3305 S.
3099 3247 3372 3303 Benedicti
3396 3246 3450 3301 in
3471 3245 3642 3302 Gallia
3664 3261 3756 3301 or-

2182 3350 2325 3404 diuis
2356 3357 2545 3403 auctor
2571 3345 2788 3401 habitus
2812 3354 2897 3399 est
2914 3383 2928 3408 ,
2952 3349 3236 3413 propterea
3259 3338 3402 3408 quod
3425 3336 3756 3393 monasteria

2183 3440 2478 3512 complura,
2511 3454 2632 3510 quae
2677 3446 2838 3492 antea
2877 3435 3076 3505 partim
3120 3434 3417 3497 destructa,
3466 3428 3689 3484 omnino
3722 3443 3754 3480 a

2184 3548 2305 3589 sese
2330 3532 2588 3586 distracta
2616 3535 2791 3590 erant,
2833 3525 2888 3579 in
2914 3540 3080 3579 unum
3106 3522 3260 3592 quasi
3287 3535 3485 3590 corpus
3510 3517 3754 3574 adduxit.

2187 3627 2389 3681 Saltem
2419 3640 2449 3679 a
2475 3622 2632 3676 Petro
2660 3616 2966 3675 Venerabili
3009 3634 3028 3667 ι
3071 3627 3317 3669 suuunus
3337 3612 3543 3668 ordinis
3568 3622 3760 3664 mona-

2186 3716 2308 3773 stici
2344 3717 2399 3770 in
2425 3713 2613 3769 Galliis
2639 3717 2935 3779 reparator,
2957 3714 3012 3762 et
3038 3704 3339 3776 praecipuus
3366 3702 3567 3773 regulas
3589 3698 3759 3755 refor-

2187 3815 2364 3862 mator
2393 3824 2411 3858 »
2446 3803 2771 3874 appellatur,
2821 3799 3070 3867 idemque
3100 3816 3118 3847 ι
3150 3795 3358 3865 primus
3390 3791 3760 3848 Cluniaeensis

2188 3896 2395 3952 ordinis
2440 3904 2625 3964 pater,
2672 3892 2763 3961 qui
2804 3897 3109 3945 emortuum
3147 3885 3281 3954 jam,
3310 3893 3366 3938 et
3401 3895 3535 3952 pene
3561 3881 3761 3949 ubique

2188 3985 2455 4054 sepultum
2500 3981 2783 4038 monastici
2826 3978 3087 4050 propositi
3131 3975 3395 4032 fervorem
3439 3970 3761 4027 resuscitare

2192 4090 2474 4149 aggressus
2510 4082 2617 4137 est,
2664 4091 2688 4149 γι
2741 4073 2795 4126 in
2827 4071 2920 4126 lib.
2948 4085 3026 4136 vt,
3053 4069 3213 4138 epist.
3246 4066 3332 4120 i7.
3359 4063 3560 4119 Eodem
3598 4075 3761 4118 sensu

2191 4148 2317 4224 ante
2343 4182 2464 4223 cum
2491 4148 2838 4221 Frodoardus
2871 4164 2925 4218 in
2962 4161 3222 4218 cbronico
3244 4158 3484 4215 Odonem
3511 4173 3531 4207 ι
3569 4152 3764 4209 multo-

2193 4276 2314 4315 rum
2350 4266 2770 4313 restauratorem
2814 4253 3286 4316 monasteriorum,
3331 4255 3635 4316 sanctaque
3672 4257 3763 4299 re-

2192 4349 2327 4420 gulae
2342 4356 2703 4420 reparatorem
2725 4366 2744 4399 ›
2764 4356 2939 4412 vocat;
2957 4354 3014 4401 et
3026 4344 3219 4401 Glaber
3233 4337 3492 4397 Rodulfus
3513 4354 3527 4390 :
3553 4334 3695 4390 c'llic
3708 4334 3764 4388 in

2196 4448 2426 4505 tantum,
2461 4440 2654 4510 inquit,
2700 4438 2859 4509 hujus
2898 4436 3133 4492 instituti
3167 4439 3493 4506 propagator
3534 4426 3764 4490 exstitit,

2195 4541 2312 4588 uta
2348 4530 2724 4586 Beneventana
2752 4528 3043 4599 provincia,
3074 4539 3300 4595 quaeque
3342 4520 3681 4577 habebantur
3707 4516 3765 4571 in

2194 4622 2349 4677 Italia
2401 4629 2457 4676 et
2505 4623 2560 4676 in
2603 4620 2794 4675 Galliis
2841 4633 3011 4688 usque
3056 4615 3331 4672 Oceanum
3374 4624 3524 4666 mare
3554 4606 3767 4678 potiora

2194 4711 2526 4767 monasteria
2548 4749 2564 4775 ,
2605 4710 2749 4764 illius
2777 4708 2967 4763 ditioni
3012 4705 3413 4774 gratularentur
3438 4714 3558 4756 esse
3583 4694 3765 4763 subje-

2197 4811 2305 4857 cta.
2338 4821 2357 4854 ι
2384 4799 2557 4855 Tanta
2591 4801 2805 4855 demum
2833 4806 2955 4853 erat
2975 4795 3089 4860 ejus
3119 4792 3355 4848 nominis
3383 4806 3450 4845 ac
3491 4784 3767 4858 religionis

2197 4889 2503 4954 celebritas,
2528 4897 2586 4943 ut
2613 4886 2681 4942 ad
2708 4901 2830 4941 eum
2851 4900 2956 4940 non
2982 4882 3139 4939 modo
3158 4881 3282 4936 laici
3307 4879 3515 4935 nobiles
3564 4892 3595 4931 e
3662 4872 3770 4929 cle-

2199 4980 2320 5044 rici,
2345 4978 2439 5034 sed
2465 4979 2628 5034 etiam
2655 4976 2889 5046 episcopi
2914 4973 3263 5045 dignitatibus
3322 4967 3588 5025 abdicatis
3641 4977 3767 5020 con-

2199 5071 2293 5092 ﬂ“.
2324 5086 2356 5090 γ-
