4004 5340
211 380 283 438 29
1163 372 1692 432 PROLEGOMENA.
1732 400 1804 412 —-
1838 370 2143 429 ELOGIUM
2179 370 2238 429 S.
2276 370 2543 430 ODONIS.
3375 374 3449 433 50

206 506 314 564 que
354 488 505 545 alibi.
560 487 750 542 Datum
785 506 802 539 ι
838 485 1032 557 Bojaco
1062 485 1183 540 villa
1232 486 1485 541 Kalendis
1540 466 1715 550 Iuliis,
1757 504 1776 538 ι
1808 495 1859 554 Α
1884 486 2284 559 Lngdnnensi,¢
2314 487 2369 541 in
2394 502 2528 559 agro
2552 467 2901 544 Ternatense.
2926 486 3095 546 rItem
3121 490 3304 549 Alrich
3330 495 3449 564 qui-

208 598 353 640 anno
394 580 551 650 regni
581 579 670 645 I0,
699 578 885 633 indict.
932 578 966 631 5
992 576 1079 648 (an
1115 576 1227 646 44),
1266 577 1319 633 id
1352 584 1435 632 est
1485 591 1627 631 anno
1655 576 1778 631 951.

207 676 365 728 Διιηο
413 670 679 740 sequenti,
729 668 905 724 Berno
958 668 1296 723 Matisccnsis
1339 669 1643 738 episcopus,
1689 683 1782 721 ro-

205 771 370 833 gante
395 757 782 815 Archimholdo
807 756 1048 826 prmlato,
1067 757 1119 811 id
1147 768 1252 822 est,
1269 757 1555 828 praeposito
1568 756 1784 811 Clunia-

205 853 383 910 censis
412 851 666 915 caanobii,
699 860 755 905 et
797 849 1180 913 Hildebrando,
1221 850 1414 903 sedens
1445 866 1464 899 ι
1502 849 1555 903 in
1606 848 1785 902 consi-

207 947 377 1004 storio
411 966 431 999 ›
465 947 624 1017 juxta
645 945 929 1001 ecclesiam
963 943 1021 999 S.
1048 942 1317 998 Vincentii
1341 941 1633 996 Matiscone
1663 959 1685 992 ‹
1716 942 1784 996 ad

206 1039 391 1095 divina
430 1047 696 1107 prmcepta
744 1050 895 1090 more
941 1033 1357 1105 prtecedentium
1402 1032 1621 1086 Patrum
1651 1032 1786 1087 diri-

208 1127 428 1189 menda,
461 1148 482 1181 ι
522 1128 791 1183 concessit
832 1125 1071 1180 decimas
1119 1132 1278 1178 terra:
1319 1123 1385 1178 de
1432 1122 1780 1188 Salustriaco,

210 1235 372 1290 quam
399 1217 664 1275 Rolulfus
679 1233 771 1272 rex
791 1217 872 1272 eis
897 1215 1137 1272 dederat.
1156 1212 1267 1269 Sub
1286 1212 1532 1268 eumdem
1559 1227 1783 1278 annum,

210 1309 419 1365 scilicet
459 1323 605 1363 anno
632 1308 696 1362 10
718 1304 928 1362 Rodnlli
952 1305 1113 1376 regis,
1138 1305 1278 1359 idem
1302 1303 1476 1358 Berno
1502 1302 1786 1372 episcOpus

211 1400 551 1455 consecravit
605 1398 863 1468 capellam
917 1396 972 1451 in
1017 1397 1206 1451 eadem
1259 1395 1382 1449 villa
1431 1393 1783 1457 Salustriaco,

214 1505 371 1560 quam
387 1489 650 1559 capellam
667 1507 685 1538 ι
697 1485 1065 1541 Cluniacensis
1077 1484 1295 1555 parvula
1310 1484 1555 1547 societas,
1573 1483 1658 1537 cui
1672 1480 1788 1538 Odo

213 1579 357 1633 mitis
372 1588 529 1649 pater
543 1588 600 1633 et
612 1578 777 1632 abbas
794 1575 1249 1647 patrocinabatur,
1265 1580 1661 1629 construxerat.
1690 1590 1709 1624 ι

279 1669 372 1724 SI.
414 1668 644 1724 Biennio
671 1677 793 1738 post
822 1665 1114 1722 Leotaldus
1142 1679 1327 1720 comes
1354 1662 1791 1727 Matisconensis,

1881 581 2003 638 dam
2047 583 2222 639 eidem
2261 581 2431 640 Odoui
2483 583 2577 638 dat
2622 597 2871 653 campum
2900 596 3023 640 cum
3070 583 3203 642 silva
3230 586 3284 642 in
3309 602 3447 661 pago

1880 674 2246 747 Lugdunensi,
2273 694 2293 727 ι
2330 677 2384 731 in
2413 692 2544 750 agro
2566 676 2908 743 Tarnatensi,
2945 698 2964 732 ι
2996 680 3051 735 in
3075 681 3180 737 fine
3206 683 3451 738 Denada-

1880 766 2038 821 liaeo.
2073 785 2093 819 ι
2130 766 2422 823 Ternatum
2460 788 2480 821 ι
2512 768 2630 823 sine
2656 768 2822 823 dubio
2859 768 3317 836 erat~iSteIocns.
3358 773 3450 829 ubi

1883 858 2047 911 situm
2095 868 2215 913 erat
2264 859 2651 914 monasteninm
2696 857 3051 926 Tarnatense,
3085 864 3226 931 quod
3266 878 3454 919 omnes

1883 947 2212 1004 confundere
2260 947 2436 1002 solent
2488 963 2609 1001 cum
2650 948 2996 1018 .Agaunensi.
3048 950 3120 1005 At
3157 952 3453 1007 'I'crnatum

1883 1038 2026 1092 istud
2052 1037 2210 1092 situm
2235 1045 2318 1091 est
2349 1037 2413 1090 ad
2442 1036 2760 1091 Rhodanum
2790 1038 2844 1091 in
2882 1038 3117 1093 confinio
3159 1034 3279 1110 pagi
3310 1040 3445 1112 Lng-

1886 1126 2140 1182 dunensis
2182 1135 2237 1180 et
2266 1127 2608 1191 Viennensis,
2638 1126 2796 1198 vulgo
2832 1146 2851 1180 ι
2899 1127 3133 1201 Ternay,
3179 1149 3200 1181 ι
3236 1130 3327 1185 ubi
3373 1140 3458 1186 est

1885 1215 2045 1270 modo
2074 1214 2345 1283 prioratus
2365 1214 2574 1269 ordinis
2602 1216 2776 1270 sancti
2799 1216 3094 1273 Benedicti.
3118 1216 3251 1273 Item
3280 1219 3460 1275 Ludo-

1888 1305 2036 1359 vicus
2078 1304 2496 1360 Transmarinas
2544 1319 2686 1359 anno
2733 1308 2883 1377 regni
2911 1307 2995 1362 sui
3022 1310 3183 1363 tertio
3213 1324 3300 1365 res
3327 1310 3458 1365 Citt-

1888 1396 2172 1451 niacenses
2193 1395 2247 1448 in
2277 1393 2547 1461 Querceto
2574 1395 2715 1464 apud
2762 1394 3050 1453 Dociacum
3081 1398 3257 1454 sancit
3283 1398 3454 1469 diplo-

1888 1498 2054 1554 mate,
2086 1490 2229 1558 quod
2259 1497 2437 1545 exstat
2470 1490 2524 1543 in
2571 1490 2895 1546 bibliotheca
2923 1490 3287 1547 Cluniacensi.
3313 1488 3464 1545 Alias

1891 1578 2211 1634 donationes
2275 1580 2595 1635 minutiores
2644 1581 2824 1645 mitto,
2876 1580 3053 1651 qualis
3092 1588 3178 1635 est
3221 1594 3306 1644 ea,
3354 1593 3463 1648 qua

1892 1669 2047 1740 Hugo
2073 1684 2255 1727 comes
2282 1685 2446 1725 unam
2488 1670 2739 1725 ancillam
2770 1671 2841 1726 de
2870 1669 2994 1725 villa
3022 1687 3039 1721 ι
3073 1668 3333 1724 Romanis
3362 1688 3381 1720 ι
3409 1667 3464 1721 in

212 1770 266 1815 et
294 1759 686 1830 Ermengardis
707 1759 823 1829 ejus
858 1773 1016 1823 uxor,
1043 1755 1250 1812 Oddoni
1277 1755 1457 1811 abbati
1482 1754 1610 1810 dant
1637 1753 1792 1823 quid—
1894 1775 2033 1831 pago
2055 1760 2400 1831 Lugdunensi
2459 1760 2624 1815 tradit
2660 1760 3006 1817 Cluniacensi
3056 1759 3385 1814 monasterio
3410 1764 3467 1812 et

212 1850 343 1920 quid
364 1865 555 1904 eorum
588 1847 861 1904 facultatis
905 1855 1023 1901 erat
1055 1866 1072 1897 ι
1108 1845 1161 1900 in
1197 1844 1319 1900 villa
1348 1843 1704 1907 Darbaniaco,
1734 1841 1789 1896 in
1820 1835 1865 1894 Β
1893 1853 2102 1909 oadoni
2129 1854 2336 1917 abbati,
2378 1861 2432 1908 ει
2458 1854 2671 1922 φιίάοω
2711 1870 2729 1903 ε
2779 1867 2920 1908 anno
2973 1860 3127 1906 δεχιο
3158 1869 3176 1901 ,
3210 1848 3464 1905 Ludovici

210 1956 351 2012 pago
385 1939 757 2011 Lugdunensi,
784 1952 946 2007 super
965 1935 1182 1992 ﬂuvium
1211 1934 1454 1999 Salliam,
1494 1953 1515 1988 ι
1553 1943 1612 1989 ut
1649 1935 1791 1988 Deus

1897 1947 2056 2016 regis,
2084 1953 2205 2015 post
2222 1959 2385 2014 quem
2430 1959 2630 1998 annum
2677 1944 2992 1999 donationes
3020 1943 3152 1997 ﬁunt
3207 1940 3464 1995 Aimardo

211 2031 424 2084 animas
467 2037 751 2097 parentum
811 2042 1030 2082 suorum
1082 2025 1319 2081 Alberici
1370 2032 1426 2079 et
1487 2022 1788 2088 Escolante,

211 2118 481 2173 Manassis
515 2128 570 2172 ct
619 2116 982 2187 lrmingardae,
1023 2130 1235 2173 necnon
1264 2113 1488 2170 Gerardi
1521 2113 1680 2168 amici
1707 2112 1791 2168 sui

209 2212 448 2266 liberare
505 2211 755 2281 dignetur
798 2229 818 2262 ι
866 2224 896 2264 a
943 2208 1117 2278 ρωηίε
1158 2206 1377 2261 inferni.
1424 2224 1445 2258 ι
1481 2204 1787 2259 Subscribit

210 2310 333 2372 post
370 2300 691 2381 Leotaldum
741 2306 796 2353 et
839 2298 1227 2368 Irmingardem
1266 2294 1569 2353 Gaufredus
1610 2307 1794 2349 comes

212 2410 334 2447 cum
379 2393 522 2447 aliis.
564 2392 720 2446 Edita
749 2399 834 2445 est
854 2391 969 2445 haec
1006 2389 1192 2444 charta
1222 2402 1343 2442 cum
1391 2384 1594 2454 aliquot
1623 2383 1793 2439 ntevis

213 2484 555 2540 bibliothecae
578 2482 892 2537 Sebusianae
935 2496 1055 2552 pag.
1089 2479 1215 2547 I68,
1237 2477 1371 2534 alias
1392 2476 1636 2546 ejusdem
1658 2476 1794 2531 Leo-

217 2573 343 2627 taldi
377 2572 578 2627 vidcsis
603 2586 725 2640 pag.
756 2569 862 2624 256
889 2579 944 2626 et
971 2569 1098 2626 296.

281 2664 373 2718 32.
405 2663 564 2717 Anno
607 2661 711 2717 956
739 2660 909 2715 Odoni
943 2661 1071 2715 item
1119 2658 1353 2713 donatur
1397 2655 1624 2711 curtilus
1652 2669 1794 2710 unus

215 2756 268 2811 in
292 2754 417 2809 villa
450 2752 675 2807 Ruﬁaco
704 2751 846 2825 (qua:
877 2751 982 2806 sita
1017 2759 1100 2805 est
1128 2763 1295 2819 prope
1346 2747 1708 2817 Cluniacum),
1738 2746 1794 2801 in

217 2861 353 2917 pago
385 2845 737 2910 Matiscense,
765 2862 785 2896 ι
836 2859 1023 2899 mense
1072 2842 1234 2907 Maio,
1265 2842 1480 2911 quando
1530 2839 1795 2895 Rodulfus

217 2954 307 2993 rex
352 2938 659 3009 migravita
687 2937 906 2992 saeculo.
962 2936 1153 2991 Actum
1214 2935 1490 2997 Cluniaco,
1521 2933 1795 2988 firmatum

220 3028 483 3084 Lurduno
527 3028 755 3083 castello
791 3027 1021 3097 publice.
1050 3046 1070 3079 ι
1099 3026 1256 3080 Anno
1277 3027 1513 3081 secundo
1538 3023 1794 3096 Ludovici

216 3120 358 3190 regis
368 3119 486 3174 Odo
500 3118 669 3175 abbas
698 3127 752 3173 ct
771 3118 1018 3173 monachi
1035 3117 1429 3182 Cluniacenscs.
1441 3124 1627 3170 emunt
1649 3128 1794 3169 cam-

1894 2039 2094 2095 abbati.
2118 2038 2318 2093 Omnes
2344 2039 2546 2093 chartae
2570 2038 2668 2092 sub
2690 2035 2876 2092 Odone
2898 2049 3124 2090 numero
3148 2032 3269 2089 188.
3296 2032 3466 2087 Porro

1894 2146 1959 2186 ex
1984 2130 2069 2185 his
2104 2130 2358 2185 omnibus
2412 2129 2636 2193 chartis,
2686 2128 2915 2198 aliisque
2943 2141 3079 2197 quas
3120 2126 3174 2180 in
3203 2124 3464 2178 Aimardo

1897 2221 2213 2285 referemus,
2263 2227 2480 2275 constat
2537 2219 2908 2282 Matisconem,
2952 2217 3112 2286 eique
3148 2214 3466 2269 attributum

1894 2329 2112 2384 pagum,
2158 2314 2270 2383 regi
2311 2313 2668 2379 Francorum,
2695 2325 2803 2367 non
2843 2307 3287 2379 Burgundionum
3334 2310 3469 2358 tunc

1895 2404 2161 2475 paruisSe.

1966 2495 2095 2552 Car.
2128 2492 2193 2548 VI
2215 2494 2313 2547 bis.
2335 2522 2406 2535 —
2431 2491 2630 2547 Odonis
2664 2489 2958 2544 Romanum
2981 2490 3081 2543 iter
3100 2485 3373 2556 multiplex

2465 2561 2695 2617 ecclesia:
2738 2576 2920 2615 causa.

1967 2675 2057 2733 56.
2091 2672 2206 2728 Non
2261 2671 2528 2728 Continuit
2568 2683 2688 2725 sese
2733 2669 2874 2725 intra
2909 2665 3361 2722 monasteriorum
3394 2660 3471 2717 Ia-

1899 2774 2083 2828 tebras
2105 2769 2309 2825 Odonis
2354 2766 2551 2820 ardens
2581 2766 2634 2820 in
2657 2778 2747 2819 res
2791 2762 3003 2818 divinas
3026 2760 3260 2814 studium
3291 2774 3307 2810 :
3338 2755 3467 2825 quin

1899 2862 2061 2920 etiam
2089 2861 2143 2914 in
2175 2857 2426 2912 Ecclesiae
2475 2855 2740 2908 universae
2787 2850 3123 2907 commodum
3162 2846 3308 2902 foras
3334 2859 3469 2915 pro-

1900 2955 2018 3009 diit.
2048 2953 2181 3007 Eum
2209 2951 2404 3021 quippe
2422 2948 2473 3001 in
2499 2946 2706 3000 Italiam
2735 2945 2980 3000 accivere
3003 2939 3165 2996 semel
3185 2948 3241 2993 et
3268 2938 3467 2992 iterum

1897 3043 2127 3101 Romani
2177 3040 2479 3112 pontifices,
2511 3045 2571 3090 ut
2596 3034 2807 3089 afIIictis
2836 3031 3089 3087 Ecclesia:
3137 3029 3296 3083 rebus
3324 3038 3455 3096 pru-

1901 3135 2082 3190 dentia
2112 3141 2167 3187 et
2214 3128 2538 3200 auctoritate
2588 3139 2683 3179 sua
2739 3122 3064 3178 consuleret.
3121 3117 3317 3172 Primae
3353 3114 3472 3183 ejus

218 3186 340 3281 pinu
362 3211 555 3265 subtus
583 3218 823 3265 castrum
848 3209 1105 3273 Lordoni,
1121 3208 1278 3277 vulgo
1298 3226 1314 3259 ι
1337 3206 1636 3271 Lourdon,»
1658 3205 1793 3275 quod

1903 3186 2158 3277 Romana:
2212 3198 2559 3289 profectionis
2590 3215 2707 3268 lucc
2756 3211 2857 3266 fuit
2882 3224 3061 3265 causa.
3108 3206 3243 3263 Cum
3272 3205 3472 3259 Beren-

219 3301 493 3357 casteilum
518 3301 748 3356 Richelii
788 3300 1076 3356 cardinalis
1101 3300 1254 3369 jussu
1284 3301 1601 3355 subversum
1634 3306 1737 3352 est.

284 3396 376 3450 55.
409 3393 613 3448 Eodem
645 3408 789 3449 anno
825 3411 844 3444 ι
877 3407 984 3463 quo
1028 3388 1290 3446 Rodulfus
1340 3403 1437 3442 rex
1484 3387 1748 3458 migravit
1771 3402 1801 3441 a

221 3486 440 3551 sacculo,
480 3506 499 3538 ι
530 3483 834 3541 Gaufredus
871 3497 1053 3539 comes
1095 3491 1152 3536 et
1199 3496 1337 3535 uxor
1371 3478 1488 3547 ejus
1513 3478 1626 3532 Ava
1673 3478 1803 3534 dant

221 3573 507 3630 Escozolas
535 3575 589 3628 in
616 3588 753 3645 pago
774 3572 1035 3627 [Eduensi
1060 3587 1157 3640 pro
1187 3569 1473 3625 animabus
1503 3568 1640 3632 suis,
1674 3582 1693 3617 ι
1742 3572 1801 3620 et

219 3683 317 3737 pro
352 3652 539 3721 anima
564 3665 797 3721 senioris
822 3665 904 3719 sui
936 3663 1216 3728 Willelmi,
1252 3671 1306 3716 et
1339 3660 1454 3729 ejus
1485 3659 1581 3714 filii
1631 3656 1801 3712 Doso-

222 3760 324 3813 nis.
371 3778 390 3811 ι
422 3758 589 3812 Iidem
638 3757 858 3811 tradunt
904 3752 1176 3810 Keitaelos
1215 3754 1268 3807 in
1325 3767 1463 3823 pago
1492 3748 1801 3805 Matiscensi

227 3868 247 3902 ι
283 3851 336 3904 in
363 3850 568 3904 vicaria
624 3846 897 3911 Bufarias,
922 3860 1023 3916 pro
1047 3845 1350 3899 animarum
1382 3857 1602 3896 suarum
1629 3853 1804 3895 reme—

223 3941 337 4003 dio.
378 3950 431 3996 et
472 3938 764 3995 Gauzberti
811 3937 1016 4002 fratris,
1063 3935 1193 3991 dicti
1234 3932 1510 3999 Gaufrcdi,
1555 3952 1573 3985 ›
1604 3947 1745 3987 anno
1769 3931 1804 3988 5

224 4033 483 4088 Ludovici
512 4030 910 4087 Transmarini.

289 4126 384 4181 51.
412 4124 627 4180 Anno?
654 4123 910 4179 Ludovici
963 4120 1204 4190 ejusdem
1259 4119 1618 4175 Maimboldus
1688 4120 1804 4189 cpi-

223 4233 422 4290 scopus
436 4217 772 4273 Matiscensis
792 4216 886 4283 ait,
914 4216 1211 4272 Bernonem
1234 4227 1617 4284 praecessorem
1645 4228 1804 4267 suum

222 4313 674 4369 Cluniacensibus
719 4309 995 4374 tribuisse,
1023 4317 1083 4364 ut
1129 4320 1318 4362 omnes
1337 4321 1527 4361 eorum
1558 4304 1805 4359 ecclesize

222 4420 287 4460 ex
312 4414 430 4459 tom
462 4382 563 4457 sub
621 4401 834 4456 illorum
876 4384 1079 4455 ditione
1133 4399 1493 4454 consisterent
1525 4413 1537 4449 :
1564 4397 1658 4451 sed
1680 4411 1803 4449 cum

221 4504 411 4565 postea
443 4511 463 4545 ι
504 4492 807 4561 irruptione
835 4504 1168 4561 paganorum
1195 4499 1250 4542 et
1270 4486 1473 4542 malitia
1510 4502 1800 4556 pravorum

221 4584 507 4640 hominum
542 4603 562 4636 ι
593 4581 793 4638 excisae
835 4580 1081 4645 fuissent,
1111 4594 1170 4634 se
1206 4579 1271 4633 de
1322 4576 1520 4631 tributo
1565 4576 1803 4646 synodali

221 4675 366 4746 quod
395 4674 719 4736 reddebant,
748 4670 1009 4726 minuere.
1048 4667 1408 4724 Subscribnnt
1450 4666 1718 4734 canonici,
1749 4674 1807 4721 et

220 4766 364 4822 inter
388 4779 487 4819 eos
511 4765 631 4818 Ado
662 4763 849 4827 abbas,
887 4762 978 4829 qui
1026 4775 1165 4814 unus
1184 4773 1214 4813 e
1235 4758 1516 4829 praecipuis
1544 4765 1684 4822 erat,
1714 4756 1806 4811 de-

223 4858 408 4928 ditque
437 4855 698 4911 nonnulla
727 4851 975 4909 ctenobio
1012 4849 1379 4928 Cluniacensi,
1414 4863 1607 4918 nempe
1632 4847 1804 4903 eccle-

221 4926 331 5005 aias
358 4950 419 5005 s.
476 4945 740 5002 Desiderii
771 4952 826 5000 et
874 4926 1183 4999 S.'Juliani'
1212 4944 1263 4995 in
1298 4941 1514 4997 Siviaeo
1543 4948 1593 4995 et
1621 4940 1801 4994 Dava-

218 5041 392 5111 giaco,
438 5052 588 5092 anno
628 5036 696 5089 12
731 5034 901 5104 ipsius
925 5030 1203 5088 Ludovici.
1229 5030 1364 5085 Item
1395 5043 1537 5083 anno
1568 5028 1806 5084 secundo

220 5128 568 5164 nni-nunr‘nc
596 5125 891 5164 aniennnnc
926 5120 1215 5164 Ᾱςῖδηηνηηὶ
1241 5122 1331 5164 (Ini,
1352 5119 1612 5164 nanellam
1632 5118 1801 5164 sancti

1900 3315 2051 3387 gario
2080 3314 2403 3382 imperatore
2456 3316 2691 3369 mortuo,
2734 3303 2888 3373 IIugo
2939 3297 3231 3387 Theobaldi
3281 3294 3471 3387 Arelao

1900 3385 2068 3459 tensis
2104 3398 2318 3454 comitis
2370 3397 2536 3461 Illius,
2566 3408 2773 3451 summa
2811 3404 2990 3448 rerum
3019 3388 3070 3443 in
3098 3386 3246 3442 Italia
3270 3385 3471 3456 potire-

1900 3501 2009 3557 tur,
2062 3488 2318 3553 Marozia,
2372 3485 2590 3541 infamis
2639 3482 2886 3538 Widonis
2920 3478 3125 3534 Tuscia:
3150 3475 3360 3530 comitis
3387 3487 3474 3529 reo

1900 3584 2048 3649 licta,
2077 3597 2197 3653 qua:
2232 3595 2338 3635 una
2387 3593 2511 3634 cum
2563 3577 2815 3633 Alberico
2860 3574 2969 3629 lilio
3003 3586 3195 3627 manus
3230 3570 3282 3624 in
3311 3566 3474 3623 Joan-

1899 3691 2021 3731 nent
2056 3674 2367 3746 pontificem
2413 3670 2689 3740 injecerat,
2721 3670 3055 3737 Romamque
3103 3663 3386 3735 redegerat
3416 3660 3472 3714 in

1901 3781 2052 3821 suam
2110 3772 2458 3835 potestatem,
2503 3762 2677 3831 ipsum
2716 3758 2996 3829 IIugonem
3043 3753 3225 3809 missis
3266 3749 3473 3805 nuntiis

1900 3856 2150 3911 invitavit
2210 3854 2278 3910 ad
2315 3852 2622 3922 coniugium
2671 3864 2827 3905 suum
2875 3856 2942 3902 .et
2989 3844 3138 3899 urbis
3184 3841 3470 3911 imperium

1900 3946 2319 4018 capessendum;
2374 3943 2610 3999 oblatam
2661 3939 3027 3995 conditionem
3078 3932 3269 4001 arripit
3295 3929 3469 4000 Ilngo,

1901 4036 2213 4106 nuptiisque
2242 4033 2557 4096 contractis,
2607 4029 2756 4084 urbis
2806 4026 2989 4081 Romae
3017 4022 3309 4079 dominium
3332 4018 3474 4073 obti-

1900 4137 2011 4184 net.
2071 4126 2294 4182 Interim
2338 4139 2461 4179 cum
2515 4132 2642 4176 ante
2698 4118 2912 4188 epulum
2939 4114 3222 4169 Albericus
3276 4108 3470 4164 matris

1902 4218 2116 4271 hortatu
2139 4228 2336 4284 aquam
2362 4212 2428 4265 ad
2455 4207 2749 4264 abluendas
2764 4204 2970 4273 Ilugoni
2998 4215 3189 4257 manus
3209 4198 3472 4268 prasheret

1904 4320 2008 4360 non
2053 4302 2341 4358 admodum
2369 4299 2520 4360 scite,
2577 4296 2729 4365 Ilugo
2777 4289 3127 4348 correctionis
3157 4300 3322 4342 causa
3349 4297 3473 4345 eum

1905 4396 1960 4449 in
1984 4393 2177 4447 faciem
2207 4389 2421 4446 cecidit.
2455 4387 2567 4455 Qua
2603 4401 2662 4440 re
2705 4382 2943 4439 offensus
2969 4380 3250 4434 Albericus
3271 4375 3471 4428 Roma-

1905 4499 2004 4539 nos
2055 4482 2120 4537 ad
2179 4479 2535 4536 defectionem
2584 4474 2817 4545 impulit,
2878 4481 3039 4540 atque
3093 4467 3370 4537 Hugonem
3405 4470 3474 4519 ex

1907 4575 2056 4631 Urbe
2082 4572 2267 4643 fugere
2294 4560 2508 4638 coegit.’
2535 4567 2610 4622 Eo
2655 4565 2781 4635 fuga
2827 4562 3008 4631 elapso
3032 4557 3313 4613 Albericus
3340 4566 3471 4609 con-

1905 4667 2068 4724 sulari
2103 4671 2369 4735 potestate
2400 4659 2677 4715 civitatem
2717 4650 3120 4709 administravit
3146 4659 3269 4701 cum
3300 4652 3475 4697 matre

1905 4772 2001 4813 sua
2050 4731 2306 4817 Marozia,
2337 4759 2392 4805 et
2424 4737 2660 4805 veterem
2716 4743 2876 4801 Urbis
2923 4739 3258 4808 disciplinam
3315 4731 3476 4787 simul

1904 4863 2027 4904 cum
2052 4844 2332 4901 consulum
2362 4840 2582 4895 nomine
2610 4845 2669 4891 et
2695 4833 2871 4889 oliicio
2903 4825 3311 4897 redintegravit.
3341 4823 3476 4876 Acta

1905 4940 2021 4993 lucc
2073 4944 2198 4992 sunt
2251 4932 2352 4989 sub
2400 4944 2600 4985 annum
2638 4927 2764 4990 929,
2794 4922 3112 4994 pontificatu
3140 4914 3363 4972 Joannis
3401 4909 3472 4975 X,

1905 5027 2102 5084 Leonis
2129 5025 2212 5090 VI,
2253 5039 2318 5078 ac
2366 5018 2628 5089 Stephani
2659 5015 2767 5079 VII,
2820 5012 3016 5081 quibus
3042 5022 3186 5062 anno
3225 5003 3325 5059 931
3356 5013 3478 5065 suc-

1906 5121 2067 5164 ιιρεςῑι
2104 5118 2340 5164 Jnannps
2368 5114 2457 5164 XI.
2491 5109 2742 5164 Μαι-θείω
2775 5119 2842 5160 ex
2868 5101 3044 5164 Sergii
3087 5108 3273 5164 stupro
3315 5091 3476 5154 filius,
