4004 5340
533 392 599 451 st
1650 400 1711 456 s.
1750 398 1885 457 ouo
1922 396 2139 454 ansas
2173 362 2705 460 CLUNIACENSIS.
2808 382 2814 387 ’
3019 486 3050 495 _
3688 395 3756 452 δε

526 518 646 561 sam
695 506 967 575 serrabat,
1003 513 1059 561 et
1093 506 1319 563 Romam
1347 518 1536 564 contra
1585 507 1867 579 nugonem
1908 522 2089 578 regem
2120 509 2169 569 Α
2193 509 2427 568 Joannes
2470 511 2669 567 Odonis
2715 508 2890 564 socius
2934 505 3031 561 fuit
3068 508 3148 575 (ut
3186 505 3412 562 Baronio
3451 505 3620 561 visum
3651 505 3754 574 est)

527 598 764 655 tenebat.
798 619 817 652 ι
848 597 1015 654 Paulo
1046 612 1205 669 post:
1243 620 1262 652 ‹
1308 600 1462 672 Ilugo
1509 616 1603 656 rex
1653 600 1817 655 Italiae
1865 599 2094 654 Romam

524 685 753 743 obsidet.
781 707 800 741 ι
828 688 895 743 Et
920 703 1060 744 anno
1080 688 1184 745 936
1213 707 1233 742 ι
1278 689 1483 746 Joanne
1507 706 1643 761 papa
1675 690 1839 746 fratre
1862 689 2094 746 Alberici

524 775 794 839 defuncto,
826 776 935 833 Leo
960 778 1179 847 quidam
1232 780 1341 834 Deo
1378 795 1567 835 servus
1595 779 1778 834 Romae
1799 794 1934 851 papa
1960 794 2091 834 con-

524 866 788 931 stituitur,
823 886 843 920 ι
874 882 1064 937 nempe
1101 868 1211 923 Leo
1238 867 1327 923 VII
1368 869 1709 925 Frodoardus
1734 885 1857 925 mox
1889 869 2089 924 subdit.

525 970 547 1007 ι
584 952 732 1023 Ilugo
754 955 921 1011 Italia:
957 972 1053 1011 rex
1076 956 1300 1012 Romam
1330 960 1477 1013 nisus
1509 974 1724 1029 capere,
1768 957 1965 1015 aﬂlicto
1994 974 2091 1015 suo

519 1046 765 1100 exercitu
803 1046 946 1101 fame
988 1058 1039 1103 et
1067 1063 1333 1118 equorum
1370 1049 1613 1115 interitu,
1668 1060 1822 1120 pacta
1873 1052 2089 1105 tandem

516 1148 653 1204 pace
676 1130 799 1191 cum
846 1137 1118 1203 Alberico,
1143 1140 1281 1194 dans
1320 1139 1370 1194 ei
1410 1139 1576 1195 ﬁliam
1606 1156 1755 1195 suam
1783 1141 2086 1210 coniugem,

517 1225 584 1281 ab
604 1228 884 1285 obsidione
913 1230 1140 1285 desisﬁt.
1161 1250 1180 1283 ι
1209 1230 1361 1287 Nunc
1382 1232 1668 1287 videndum
1691 1242 1790 1298 est,
1817 1247 1925 1302 quo
1973 1232 2086 1302 pri-

514 1329 663 1371 mum
693 1333 835 1374 anno
863 1319 1088 1375 Romam
1115 1320 1229 1376 Odo
1257 1337 1285 1375 a
1308 1323 1560 1391 pontiﬁce
1580 1323 1870 1378 arcessitus
1901 1322 1993 1377 sit.

584 1407 676 1462 37.
703 1408 757 1462 ld
786 1409 987 1465 factum
1009 1426 1151 1466 anno
1175 1412 1280 1467 956
1300 1411 1564 1467 Baronius
1589 1421 1791 1478 censet,
1818 1427 1925 1482 quo
1944 1426 2087 1468 anno

514 1496 670 1569 Ilugo
713 1515 809 1555 rex
867 1501 1031 1556 ﬁliam
1096 1518 1249 1557 suam
1281 1501 1465 1573 (quam
1520 1503 1713 1557 Aldam
1759 1512 1913 1558 vocat
1939 1502 2086 1557 Liut-

512 1590 752 1658 prandus
782 1590 1040 1648 diaconus
1087 1591 1413 1659 Ticineusis,
1448 1593 1566 1664 ejus
1620 1595 1878 1664 temporis
1915 1594 2086 1664 scrip.

512 1682 620 1752 tor)
643 1684 894 1740 Alberico
922 1687 974 1741 in
1003 1686 1407 1740 matrimonium
1433 1687 1603 1751 dedit,
1642 1686 1830 1756 sicque
1849 1702 1877 1740 a
1901 1685 2085 1740 Romae

510 1772 913 1845 impugnatione
958 1776 1183 1831 destitit.
1214 1776 1281 1830 Et
1330 1785 1480 1831 recte
1514 1776 1730 1845 quidem
1773 1776 2077 1832 Baronius:

2196 601 2249 657 in
2284 602 2456 672 prima
2495 600 2842 673 profectione.
2886 598 3078 654 Subdit
3114 597 3346 654 Joannes
3385 616 3397 651 :
3435 616 3453 648 ι
3484 597 3598 652 Non
3637 605 3757 666 post

2194 693 2363 747 multo
2388 692 2612 747 Romam
2655 690 2876 746 veniens
2901 730 2915 755 ,
2965 705 3053 743 me
3080 688 3135 742 in
3166 687 3371 744 felicem
3407 688 3651 759 dignatus
3674 694 3759 742 est

2194 782 2294 838 sibi
2325 783 2525 838 socium
2557 797 2790 845 sumere,
2820 789 2875 835 et
2904 796 3063 851 quem
3103 780 3418 835 canonicum
3445 779 3758 849 parentibus

2193 871 2381 927 abiens
2426 871 2642 941 rapuit,
2694 871 2905 925 rediens
2941 870 3279 939 postmodum
3313 869 3633 925 monachum
3665 883 3755 923 re-

2192 960 2361 1016 duxit.
2414 979 2434 1012 »
2494 962 2572 1015 Ex
2625 960 2818 1031 quibus
2872 960 3132 1015 Joannem
3201 960 3372 1016 Roma
3448 961 3754 1025 oriundum,

2190 1050 2493 1120 ibidemque
2540 1052 2855 1106 canonicum
2902 1050 3068 1105 fuisse
3119 1050 3451 1120 intelligitur.
3499 1050 3626 1105 Ilzec
3669 1064 3757 1105 reo

2188 1140 2365 1195 versio
2389 1138 2614 1193 Romam
2647 1139 2785 1193 facta
2815 1146 2896 1194 est
2944 1139 3234 1208 superstite
3278 1138 3458 1194 Leone
3504 1154 3661 1210 papa,
3691 1155 3765 1195 ac

2186 1227 2412 1297 proinde
2438 1229 2554 1297 ipso
2581 1243 2721 1283 anno
2746 1226 2868 1292 959,
2900 1236 2990 1282 aut
3020 1228 3207 1283 saltem
3240 1229 3460 1283 ineunte
3486 1229 3758 1298 sequenti,

2185 1317 2368 1372 nescio
2412 1333 2479 1372 an
2525 1318 2833 1388 priusquam
2864 1317 3063 1374 Odoin
3108 1318 3392 1373 Franciam
3440 1327 3756 1375 remeasset.

2186 1406 2335 1461 Hanc
2380 1409 2634 1476 temporis
2679 1409 2941 1462 rationem
2994 1408 3172 1462 ﬁrmat
3221 1408 3455 1464 Joannes
3484 1411 3536 1467 in
3566 1410 3661 1465 lib.
3692 1428 3756 1475 tr,

2185 1513 2332 1552 num.
2360 1497 2392 1551 7
2422 1516 2436 1552 ε
2474 1519 2493 1550 ι
2526 1497 2637 1554 Sub
2666 1500 2805 1554 idem
2837 1511 3045 1569 tempus
3068 1501 3275 1556 Italiam
3323 1503 3470 1557 missi
3513 1519 3698 1559 sumus
3726 1520 3757 1559 a

2185 1584 2365 1643 Leone
2396 1603 2606 1645 summo
2653 1590 2924 1660 pontiﬁce,
2952 1600 3012 1645 ut
3039 1593 3187 1662 pacis
3213 1592 3475 1664 legatione
3505 1594 3755 1666 fungere-

2183 1692 2305 1732 mur
2360 1677 2501 1733 inter
2548 1679 2821 1748 Hugonem
2878 1681 3349 1753 Langobardorum
3421 1702 3637 1757 regem,
3700 1698 3758 1744 et

2180 1769 2488 1826 Albericum
2536 1771 2792 1829 Romana:
2838 1774 2988 1829 urbis
3034 1776 3359 1847 principem.
3411 1797 3431 1830 ι
3487 1790 3590 1834 etc.
3639 1778 3759 1835 Huc

508 1875 634 1915 nam
672 1863 724 1916 in
760 1865 1037 1933 procinctu
1063 1866 1288 1920 Romani
1330 1866 1540 1920 itineris
1572 1865 1686 1921 Odo
1710 1866 2080 1938 Adhegrinum
2108 1854 2155 1913 B
2181 1862 2483 1916 revocanda
2512 1872 2637 1917 sunt
2664 1880 2784 1934 qua:
2810 1862 3045 1921 Joannes
3070 1878 3457 1924 commemorat
3501 1870 3553 1924 in
3585 1870 3677 1924 lib.
3712 1887 3753 1934 ι.

508 1949 714 2017 invisit,
736 1962 793 2009 et
813 1969 877 2009 ex
911 1955 1242 2011 revelatione
1294 1956 1468 2011 sancti
1497 1955 1712 2012 Martini
1763 1958 1831 2013 ab
1855 1973 1921 2014 eo
1946 1958 2085 2013 didi-

506 2045 584 2099 cit
611 2044 868 2102 Ludovici
898 2047 1270 2105 Transmarini
1293 2052 1625 2118 unctionem,
1665 2069 1786 2123 quae
1808 2069 1952 2109 anno
1978 2054 2084 2110 956

506 2129 651 2187 facta
680 2144 783 2189 est.
815 2135 871 2190 Id
901 2152 1031 2192 vero
1065 2139 1280 2195 itineris
1319 2139 1434 2196 Odo
1458 2142 1694 2213 suscepit
1721 2142 1991 2214 duplicem
2014 2143 2084 2199 ob

505 2238 746 2281 causam.
782 2226 989 2295 Prima,
1021 2240 1082 2285 ut
1111 2247 1233 2287 cum
1274 2233 1526 2289 Alberico
1559 2236 1802 2305 principe
1833 2237 2081 2291 reconci-

505 2314 669 2371 liaret
717 2317 996 2390 Rugonem
1028 2337 1233 2394 regem,
1282 2324 1424 2394 apud
1470 2340 1630 2395 quem
1687 2341 1937 2397 magnam
1970 2328 2085 2397 ipse

504 2407 735 2475 gratiam
781 2410 1082 2478 obtinebat,
1133 2423 1194 2469 ut
1238 2424 1386 2484 patet
1440 2431 1507 2471 ex
1564 2418 1736 2473 tribus
1764 2419 2079 2491 privilegiis,

506 2511 627 2566 quae
651 2499 805 2568 IIugo
826 2501 878 2556 in
907 2502 1108 2559 Odonis
1129 2505 1361 2575 gratiam
1385 2522 1413 2561 a
1443 2507 1705 2563 Romanis
1736 2510 2081 2578 pontiﬁcibus

504 2586 836 2658 impetravit,
867 2606 1059 2662 nempe
1094 2610 1122 2648 a
1150 2593 1356 2651 Joanne
1386 2596 1481 2661 XI,
1521 2596 1701 2653 Leone
1725 2599 1790 2654 Vl
1820 2609 1874 2655 et
1905 2600 2081 2657 Leone

506 2674 617 2733 VII.
644 2678 851 2746 Altera,
884 2700 904 2734 ι
940 2690 999 2736 ιιι
1029 2686 1421 2740 monasterium
1462 2687 1603 2740 intra
1631 2687 1913 2743 ecclesiam
1937 2689 2079 2744 beati

504 2763 660 2822 Pauli
690 2769 943 2838 apostoli,
970 2779 1031 2825 ut
1057 2771 1185 2826 olim
1214 2771 1411 2839 fuerat,
1441 2775 1817 2843 rezediﬁcaret,
1856 2788 2082 2848 cogente

503 2855 705 2913 domno
756 2876 916 2930 papa,
946 2870 1003 2917 et
1029 2864 1299 2920 universis
1344 2865 1628 2922 ordinibus
1666 2884 1834 2924 sacra:
1859 2871 2023 2937 sedis,
2054 2888 2072 2922 ι

501 2949 642 3016 apud
684 2949 946 3007 Joannem
990 2953 1041 3007 in
1080 2953 1174 3009 lib.
1225 2969 1262 3020 ι,
1293 2970 1443 3011 num.
1471 2956 1561 3018 27,
1598 2958 1689 3013 ubi
1721 2959 1788 3014 de
1823 2961 2079 3018 unctione

505 3036 767 3096 Ludovici
798 3041 1171 3099 Transmarini
1221 3047 1419 3117 agitur.
1459 3045 1613 3103 Tunc
1646 3051 1818 3105 sancti
1859 3050 2077 3106 Martini

505 3130 701 3185 vitam-
726 3132 909 3189 Romae
934 3136 1001 3190 ad
1042 3134 1103 3191 S.
1160 3136 1384 3192 Paulum
1423 3141 1682 3203 correxit,
1730 3149 1786 3196 et
1829 3142 2080 3212 glossulis

2187 1966 2335 2005 num.
2361 1952 2433 2006 22
2460 1971 2474 2006 :
2512 1972 2530 2004 ι
2560 1952 2698 2008 Ante
2734 1956 2834 2013 hoc
2862 1956 3150 2011 triennium
3186 1959 3310 2013 dum
3343 1974 3586 2015 essemus
3615 1962 3757 2032 apud

2183 2042 2401 2098 beatum
2444 2044 2664 2099 Paulum
2711 2046 2917 2112 Romze,
2970 2067 2989 2100 ι
3046 2058 3149 2104 etc.
3203 2048 3525 2119 (Scribebat
3573 2062 3755 2108 autem

2183 2130 2420 2190 Joannes
2443 2136 2624 2191 statim
2656 2146 2779 2207 post
2812 2147 3037 2193 mortem
3069 2138 3290 2205 Odonis,
3321 2157 3438 2211 qua
3466 2143 3565 2197 sub
3595 2142 3754 2199 ﬁnem

2184 2224 2309 2278 anni
2336 2225 2442 2280 942
2468 2228 2739 2300 contigit),
2766 2237 2822 2284 et
2850 2245 2969 2299 quae
3001 2230 3166 2286 refert
3191 2231 3246 2285 in
3294 2230 3385 2286 lib.
3417 2249 3456 2297 ι,
3487 2249 3637 2287 ηιιιιι.
3665 2233 3751 2289 16.

2183 2309 2386 2369 Forsan
2414 2329 2479 2371 eo
2505 2324 2743 2387 tempore
2772 2318 2824 2373 in
2852 2318 3158 2391 Garganum
3186 2330 3420 2377 montem
3449 2324 3756 2395 peregrina-

2190 2415 2276 2462 tus
2304 2416 2409 2472 est,
2433 2424 2536 2479 qua
2563 2410 2631 2465 de
2656 2425 2715 2465 re
2739 2410 2793 2465 in
2823 2410 2915 2466 lib.
2945 2428 3006 2476 ιι,
3036 2428 3185 2466 num.
3214 2413 3300 2467 15.
3344 2413 3582 2483 Denique
3609 2430 3755 2469 anno

2185 2498 2289 2553 942
2332 2499 2446 2555 Odo
2496 2500 2721 2556 Romam
2787 2502 2947 2557 tertio
3002 2515 3225 2559 vocatus
3270 2510 3351 2559 est
3398 2519 3427 2558 a
3479 2504 3756 2576 Stephano

2187 2604 2323 2659 papa
2354 2588 2423 2643 IX
2448 2631 2463 2653 ,
2513 2597 2573 2644 ut
2619 2590 2822 2646 scilicet
2874 2590 3151 2660 nugonem
3196 2607 3374 2664 regem
3404 2608 3525 2647 cum
3564 2596 3755 2649 eodem

2188 2677 2435 2733 Alberieo
2460 2679 2853 2735 reconciliaret.
2880 2680 3220 2736 Frodoardus
3249 2683 3315 2735 ad
3344 2682 3486 2736 hunc
3516 2697 3710 2737 annum
3738 2701 3751 2735 :

2191 2784 2210 2818 ι
2238 2767 2477 2822 Domnus
2505 2769 2618 2827 Odo
2647 2769 2814 2825 abbas
2839 2785 2937 2839 pro
2960 2785 3091 2839 pace
3139 2771 3343 2841 agenda
3393 2772 3533 2825 inter
3581 2771 3756 2842 Rugo-

2181 2872 2301 2911 nem
2326 2873 2505 2928 regem
2528 2857 2709 2923 Italiae,
2740 2869 2793 2915 et
2813 2860 3120 2915 Albericum
3148 2861 3448 2917 Romanum
3470 2862 3756 2933 patricium

2183 2948 2323 3017 apud
2342 2950 2588 3004 eumdem
2610 2964 2787 3022 regem
2813 2951 3109 3007 laborabat.
3149 2974 3167 3006 ι
3201 2954 3256 3008 1η
3290 2954 3373 3008 bis
3398 2968 3495 3023 pro
3524 2954 3755 3009 ecclesia

2181 3039 2442 3109 susceptis
2464 3039 2738 3096 laboribus
2766 3044 3048 3098 consenuit
3073 3043 3373 3113 defecitque
3396 3044 3482 3099 vir
3510 3053 3753 3111 sanctus,

2181 3136 2236 3182 et
2284 3128 2467 3184 Romae
2505 3139 2783 3186 contracto
2813 3134 3001 3188 morbo
3029 3172 3044 3198 ,
3087 3133 3213 3187 vita:
3259 3147 3289 3185 a
3334 3132 3443 3187 Deo
3488 3134 3752 3201 inducias,

503 3220 819 3289 illustravit,
843 3240 910 3279 ex
934 3225 1025 3281 lib,
1055 3241 1114 3291 ﬂ,
1144 3190 1291 3281 ηωῆ,
1432 3190 2078 3300 λὰ-ὧήιέηιρυεοιιθῖθιτο
2106 3190 2151 3252 c
2181 3218 2353 3273 donec
2384 3219 2631 3275 Turonos
2660 3222 2727 3276 ad
2754 3221 2921 3277 sancti
2949 3221 3159 3275 Martini
3190 3235 3433 3275 reversus
3459 3230 3623 3285 esset,
3654 3223 3760 3277 im-

502 3313 632 3371 licet
658 3315 710 3371 id
733 3317 876 3386 quod
904 3318 955 3372 in
994 3318 1089 3373 lib.
1116 3334 1182 3383 ιι,
1232 3335 1379 3373 ιιιιιιι.
1416 3321 1470 3385 9,
1508 3319 1746 3376 Joannes
1805 3322 1993 3377 scribit
2021 3322 2077 3377 in

512 3407 658 3463 hunc
677 3408 891 3463 modum
921 3427 933 3463 :
958 3428 977 3462 ι
1013 3409 1278 3480 Tempore
1300 3413 1574 3482 praeterito
1606 3413 1733 3468 dum
1758 3414 2077 3471 Romuleam

501 3498 691 3554 urbem
739 3498 810 3554 ob
840 3499 1175 3555 inimicitiam
1222 3502 1457 3558 Alberiei
1507 3502 1620 3572 jam
1680 3504 1774 3559 fati
1816 3506 2076 3577 principis

499 3591 788 3661 praedictus
815 3591 967 3663 Hugo
985 3608 1076 3648 rex
1108 3593 1402 3660 obsideret,
1433 3597 1601 3665 coepit
1625 3596 1714 3652 ille
1732 3597 1873 3651 intra
1894 3610 2075 3655 extra-

501 3691 610 3749 que
633 3679 957 3745 discurrere,
985 3690 1043 3737 et
1090 3685 1238 3752 pacis
1259 3686 1669 3755 concordiaeque
1698 3689 1900 3743 monita
1927 3689 2072 3744 inter

498 3776 759 3838 utrosque
782 3770 1153 3838 disseminare,
1176 3783 1443 3843 quatenus
1463 3784 1644 3845 posset
1664 3776 1900 3831 furorem
1924 3794 2062 3848 prae-

501 3856 627 3913 dicti
656 3860 797 3931 regis
821 3860 1038 3927 sedare,
1067 3869 1123 3917 et
1148 3863 1459 3931 praedictam
1484 3865 1670 3919 urbem
1710 3866 1847 3921 tueri
1868 3881 1898 3920 a
1924 3874 2073 3921 tanta

499 3947 798 4005 obsidione.
850 3951 1057 4007 Interea
1086 3954 1317 4022 quadam
1351 3954 1437 4008 die
1460 3955 1584 4009 dum
1619 3955 1772 4026 juxta
1801 3966 2072 4013 monaste-

502 4039 645 4094 rium
689 4042 833 4096 beati
880 4043 1108 4099 Audrea:
1150 4045 1379 4113 apostoli
1440 4046 1564 4112 iret,
1598 4049 1741 4118 quod
1774 4049 1842 4103 ad
1872 4048 2071 4104 clivum

501 4128 690 4185 Scauri
724 4131 926 4186 dicitur
980 4149 1045 4187 ex
1077 4134 1317 4200 nomine,
1369 4136 1591 4204 quidam
1638 4136 1873 4192 rusticus
1903 4137 2072 4192 voluit

499 4232 622 4274 eum
646 4229 867 4289 propter
888 4220 1227 4292 lagunculam
1254 4240 1407 4295 aquae
1435 4226 1702 4281 occidere.
1741 4246 1761 4279 ι
1788 4226 2068 4283 Rusticum

498 4309 804 4374 Albericus,
836 4312 937 4366 nisi
985 4314 1054 4367 ab
1086 4313 1272 4370 Odone
1319 4318 1620 4387 prohibitus
1650 4317 1856 4385 fuisset,
1892 4328 2071 4377 morte

498 4401 693 4471 punire
711 4401 899 4456 voluit.
945 4403 1115 4458 Tanta
1138 4415 1255 4460 erat
1305 4423 1412 4463 non
1463 4409 1634 4464 solum
1674 4411 1932 4477 IIugonis,
1968 4412 2066 4467 sed

497 4492 661 4546 etiam
713 4492 951 4549 Alberici
990 4494 1043 4547 in
1067 4495 1310 4551 Odonem
1348 4501 1646 4553 veneratio.
1697 4501 1857 4555 Aliud
1905 4502 2066 4558 Albe-

498 4584 598 4639 rici
629 4585 681 4639 in
696 4583 931 4641 Odonem
954 4588 1343 4643 benevolentia:
1375 4582 1750 4661 argumentum
1781 4593 1903 4657 fuit,
1928 4593 2069 4662 quod

499 4662 966 4744 Suppento'niense
1008 4679 1176 4733 sancti
1204 4679 1334 4735 Eliae
1367 4684 1752 4737 monasterium
1801 4683 1849 4738 ci
1899 4683 2071 4738 refor-

496 4767 748 4821 mandum
792 4769 1079 4835 commisit,
1122 4780 1255 4826 teste
1275 4771 1479 4828 Joanne
1524 4775 1575 4829 in
1602 4775 1691 4830 lib.
1723 4792 1806 4843 ιιι,
1839 4792 1985 4833 num.
2013 4778 2067 4832 7.

565 4857 651 4912 ‘58.
691 4859 871 4915 Altera
898 4861 1099 4917 Odonis
1146 4864 1387 4919 Romana
1433 4865 1732 4935 profectio,
1782 4884 1886 4922 nou
1926 4883 2069 4924 anno

496 4947 621 5015 9'58,
656 4950 749 5004 sed
778 4960 1039 5020 sequente
1068 4955 1312 5025 contigit,
1340 4964 1398 5009 ut
1426 4958 1622 5012 diserte
1652 4958 1813 5013 tradit
1836 4956 2069 5014 Joannes

497 5038 653 5094 initio
701 5039 820 5094 libri
853 5056 870 5094 ι
910 5041 993 5096 his
1022 5044 1201 5098 verbis
1241 5062 1254 5097 :
1300 5063 1319 5095 ‹
1349 5044 1504 5099 Αιιιιο
1552 5045 1733 5117 itaque
1778 5046 2073 5103 Dominicaa

494 5126 883 5160 'nnnnnnl:nn:o
932 5133 1336 5162 κΛηκΑηΙΛηῖσν-ιιι
1367 5134 1636 5164 ιιιῖΛΛιιῖηηΑ
1685 5151 1821 5164 “Ann
1878 5145 1924 5164 Α.
1959 5137 2072 5166 Αξιιη

2098 4539 2150 4599 D

2178 3310 2430 3380 petravit,
2457 3320 2517 3365 ut
2544 3326 2608 3366 ex
2632 3310 2839 3379 Joanne
2868 3312 3282 3367 mordicemus.
3314 3310 3371 3366 Si
3396 3328 3536 3366 anno
3564 3312 3670 3368 959
3702 3314 3758 3368 in

2178 3399 2459 3455 Franciam
2510 3417 2617 3457 non
2685 3404 2893 3457 revenit
2944 3402 3095 3470 Odo,
3149 3402 3423 3458 Gerardus
3476 3402 3758 3474 Regiensis

2174 3492 2476 3562 episcopus,
2503 3494 2570 3549 de
2594 3510 2699 3563 quo
2728 3495 2780 3549 in
2809 3494 2944 3549 Vitae
2968 3495 3061 3550 lib.
3091 3510 3152 3561 ιι,
3180 3510 3327 3549 ιιιιιιι.
3352 3495 3408 3559 6,
3439 3495 3537 3564 ipsi
3573 3495 3756 3549 socius

2179 3580 2279 3635 fuit
2312 3583 2363 3637 in
2395 3584 2629 3639 secunda
2661 3603 2674 3638 :
2707 3585 2789 3640 sin
2817 3593 3000 3640 contra
3026 3585 3079 3639 in
3111 3585 3267 3640 tertia
3294 3586 3751 3655 peregrinatione,

2177 3690 2301 3729 nam
2331 3675 2593 3732 Joannem
2641 3693 2763 3733 cum
2797 3679 2877 3733 eis
2923 3675 3089 3731 fuisse
3118 3677 3350 3747 probant
3395 3678 3511 3733 lucc
3538 3679 3702 3734 verba
3736 3698 3751 3731 :

2184 3784 2205 3819 ι
2236 3766 2331 3822 Illo
2375 3768 2518 3823 enim
2572 3778 2810 3839 tempore
2834 3809 2867 3833 ,,
2898 3784 3005 3839 quo
3051 3784 3171 3824 cum
3209 3768 3441 3825 Gcraldo
3472 3770 3755 3842 Regiensis

2177 3856 2433 3914 Ecclesiae
2467 3859 2719 3929 episcopo
2764 3858 2949 3914 Colias
2983 3858 3332 3914 transivimus
3373 3858 3534 3929 Alpes
3563 3869 3618 3914 et
3648 3859 3759 3914 Ro-

2178 3965 2323 4004 mam
2351 3952 2616 4015 venimus,
2656 3969 2675 4003 ι
2721 3961 2827 4007 etc.
2871 3950 2976 4006 Sed
3006 3952 3096 4021 qui
3124 3959 3374 4017 quartum
3419 3948 3622 4006 Odonis
3650 3950 3759 4005 iter

2172 4041 2399 4095 Romam
2423 4051 2546 4097 ante
2565 4051 2895 4112 postremum
2928 4044 3196 4109 statuerit,
3223 4043 3400 4098 forsan
3426 4059 3454 4097 a
3490 4058 3618 4099 vero
3643 4058 3754 4099 non

2172 4128 2470 4184 aberrabit.
2496 4130 2702 4201 Quippe
2732 4132 2834 4186 tria
2864 4133 2979 4187 bazc
3004 4172 3019 4197 ,
3054 4147 3173 4202 qua:
3209 4148 3329 4187 mox
3367 4147 3758 4187 commemora-

2169 4218 2369 4285 vimus,
2395 4221 2637 4277 ecclesize
2660 4236 2821 4278 causa
2839 4231 3083 4293 suscepta
3105 4241 3117 4277 :
3138 4222 3279 4277 aliud
3304 4222 3501 4277 iudicat
3520 4221 3759 4279 Joannes

2171 4310 2226 4365 in
2255 4311 2348 4367 lib.
2392 4329 2541 4368 num.
2588 4313 2675 4381 18,
2707 4315 2960 4369 orationis
2985 4315 3176 4385 gratia.
3215 4315 3286 4370 At
3312 4315 3378 4369 de
3412 4314 3497 4370 bis
3527 4316 3683 4371 satis.

2172 4408 2298 4480 CAP.
2326 4426 2434 4483 VII.
2457 4458 2526 4470 -
2552 4427 2753 4484 Odonis
2775 4431 3004 4494 morbus,
3021 4446 3182 4495 mors,
3206 4428 3495 4500 sepultura,
3519 4430 3755 4500 reliquie

2819 4509 2867 4555 et
2896 4501 3087 4554 cultus.

2256 4590 2345 4646 39.
2386 4591 2519 4647 Cum
2566 4600 2794 4648 mortem
2841 4592 3124 4646 imminere
3167 4590 3488 4659 intelligeret
3513 4592 3596 4647 vir
3630 4606 3756 4647 san-

2177 4694 2321 4750 ctus,
2357 4684 2645 4739 identidem
2690 4684 2989 4752 praeteritas
3041 4683 3357 4739 delictorum
3389 4683 3540 4739 labes
3569 4683 3769 4739 animo.

2179 4775 2485 4836 revocabat,
2518 4772 2751 4826 maxime
2779 4787 2892 4836 eas,
2924 4773 3118 4842 quibus
3145 4773 3196 4826 in
3228 4773 3475 4826 abbatem
3503 4771 3747 4841 privatus

2176 4871 2534 4935 peccaverat,
2586 4862 2660 4916 ita
2710 4860 2969 4937 Joan‘nem
3036 4862 3324 4943 aliquando
3377 4863 3641 4918 allocutus
3695 4863 3748 4916 in

2176 4954 2271 5010 lib.
2296 4970 2377 5019 ιιι,
2406 4968 2554 5007 num.
2583 4952 2617 5006 6
2650 4970 2663 5005 :
2700 4970 2719 5003 ‹
2748 4951 3077 5008 Cbarissime
3106 4953 3200 5017 ﬁli,
3227 4955 3467 5009 ausculta
3494 4969 3612 5023 qua:
3630 4953 3750 5009 dico

2174 5047 2294 5101 tibi.
2319 5045 2536 5101 Gratias
2562 5060 2661 5115 ago
2692 5045 2822 5108 Deo,
2854 5045 2979 5114 quia
3007 5060 3073 5100 ex
3102 5046 3352 5101 omnibus
3377 5046 3610 5115 peccatis
3632 5059 3749 5115 qua

2176 5150 2202 5166 η
2232 5134 2510 5166 ἷηιοιηιΙηΙΛ
2538 5135 2839 5166 annual-nu:
2892 5135 2945 5166 θη
2976 5136 3076 5166 han
3103 5136 3209 5166 νῖιιι
3242 5135 3346 5166 :nm
3376 5135 3630 5166 nlo:nnnm
3662 5148 3746 5166 una-
