4004 5340
2774 157 2942 172 ’κε’-ν·-

214 209 284 269 b3
1158 209 1670 270 PROLEGOMENA
1706 239 1776 294 -_—
1813 205 2117 264 ELOGIUM
2155 204 2213 261 S.
2251 203 2519 262 ODONiS.
3022 293 3058 302 ι,
3390 197 3460 254 38

278 318 372 374 60.
411 315 519 373 Per
557 317 609 374 id
638 324 844 387 tempus
891 330 1047 372 acuta
1077 331 1124 374 et
1154 323 1401 375 continua
1437 321 1578 390 febre
1604 332 1787 374 corre-
1810 320 1862 380 Α
1889 316 2048 371 finem
2075 316 2199 373 anni
2230 315 2613 386 9421θειιιιιιιι*
2642 331 2656 367 :
2692 334 2709 368 ι
2737 313 2978 370 Domnus
3001 312 3116 370 Odo
3142 311 3466 373 venerabilis

211 419 369 480 plus,
409 408 512 462 etsi
549 408 617 462 ad
645 408 916 463 caelestem
943 409 1104 464 vitam
1134 411 1434 475 anhelaret,
1474 426 1671 481 magno
1707 419 1786 464 ta-

210 514 330 554 men
360 499 632 554 desrderio
661 497 881 554 affectus
903 509 986 553 est
1017 501 1282 555 revisendi
1312 501 1570 554 tumulum
1612 501 1785 556 sancti

207 588 473 654 Martini,
522 598 581 642 ut
609 589 717 643 illic
748 589 993 658 spiritum
1026 601 1246 660 ageret,
1295 592 1386 645 ubi
1433 591 1635 660 primos
1685 592 1786 660 pia:

206 683 329 738 vita:
353 696 532 736 annos
557 681 827 737 hauserat.
879 683 946 736 Et
991 698 1049 736 re
1079 684 1296 751 quidem
1332 698 1456 736 vera
1489 684 1541 737 id
1570 683 1784 737 caelitus

204 771 441 826 obtinuit
480 774 667 841 optimi
699 773 910 841 patroni
945 773 1185 837 meritis,
1218 788 1377 841 quem
1420 787 1632 841 semper
1669 781 1784 824 tan-

203 873 392 932 topere
417 863 680 918 coluerat.
733 863 1032 927 Convaluit,
1077 864 1254 928 rediit,
1290 872 1485 932 optatae
1533 863 1646 932 ejus
1692 880 1780 918 so-

201 951 470 1005 lemnitati
520 965 575 1004 tv
620 950 743 1004 ldus
788 949 1105 1005 Novembris
1151 951 1396 1004 interfuit
1427 969 1441 1004 :
1469 953 1563 1006 sed
1591 961 1782 1020 quarta

201 1042 342 1095 intra
389 1051 638 1096 octavam
675 1043 781 1106 die,
821 1043 1044 1114 rediuiua
1087 1042 1226 1110 febre
1256 1043 1431 1096 denuo
1458 1043 1778 1107 accenditur,

200 1133 370 1188 donec
401 1132 617 1187 tandem
648 1133 729 1186 vir
757 1132 944 1187 beatus
977 1132 1152 1186 divina
1191 1132 1285 1185 illa
1319 1143 1365 1185 et
1407 1132 1630 1186 salutari
1666 1132 1783 1201 pin-

198 1223 422 1291 guedine
453 1233 716 1276 recreatus
754 1232 802 1274 et
829 1220 1109 1288 viuiﬁcanti
1137 1220 1345 1290 poculo,
1373 1220 1422 1273 id
1451 1230 1534 1275 est
1562 1220 1778 1285 viatico,

199 1323 466 1382 eegetatus
491 1352 506 1375 ,
556 1311 788 1365 Martiae
835 1311 966 1364 dare
1005 1311 1059 1365 iu
1097 1310 1289 1378 emittm
1323 1311 1518 1382 migrat
1560 1322 1779 1381 quarta-

197 1405 402 1458 decima
449 1406 536 1459 die
572 1413 692 1459 ante
729 1404 1080 1459 Decembrem.
1120 1402 1247 1458 Haec
1273 1403 1517 1474 pluribus
1542 1401 1778 1459 Joannes

197 1497 254 1551 in
286 1496 392 1551 fine
424 1496 517 1550 lib.
549 1512 630 1550 ιιι.

186 1610 188 1612 τ
265 1585 354 1640 41.
415 1585 671 1653 Quaedam
743 1584 1038 1655 singularia
1103 1577 1417 1655 superaddit-
1483 1584 1773 1656 Nalgodus,

1883 407 2072 472 abbas,
2102 409 2391 462 multorum
2415 414 2744 462 restaurator
2766 406 3216 462 monasteriorum
3239 414 3466 460 sanctas-

1883 513 1988 568 que
2031 499 2225 568 regula:
2254 506 2554 568 reparator,
2591 496 2822 551 Turonis
2869 496 3004 552 obiit
3030 507 3086 551 et
3113 495 3354 565 sepultus
3380 502 3465 551 est

1884 591 2022 658 apud
2057 601 2302 644 sanctum
2329 590 2622 645 lulianum.
2672 610 2692 643 ι
2750 589 2893 643 Nihil
2924 589 3248 644 luculentius
3281 587 3458 642 afferri

1882 689 2058 748 potest
2097 689 2207 734 tum
2234 681 2302 733 ad
2332 681 2521 734 mortis
2555 694 2778 743 annum,
2813 690 2923 733 tum
2953 679 3020 732 ad
3065 679 3352 748 sepulturae
3380 677 3458 731 lo-

1882 785 2002 824 cum
2031 769 2388 839 detigendum.
2445 770 2514 824 Et
2544 785 2676 824 sane
2703 771 2790 824 hic
2820 786 2994 826 anuus
3018 771 3367 840 consequitur
3394 785 3461 824 ex

1882 860 2085 915 calculo
2128 860 2374 926 Joannis,
2401 862 2492 931 qui
2537 876 2596 916 se
2625 878 2732 916 non
2761 878 2860 932 per
2891 863 3160 933 integrum
3186 861 3462 917 biennium

1881 953 2050 1009 Odoni
2114 955 2418 1010 convixisse
2482 963 2713 1010 testatur
2779 955 2832 1010 in
2882 954 2973 1008 lib.
3033 969 3141 1019 ιιι,
3189 969 3335 1008 ηιιιιι.
3380 954 3458 1008 5:

1885 1063 1905 1096 ‹
1948 1043 2134 1098 lnfclix
2182 1062 2304 1117 ego,
2352 1047 2446 1111 ait,
2490 1047 2580 1114 qui
2635 1062 2735 1102 nec
2779 1047 2988 1102 duobus
3035 1045 3261 1115 expletis
3307 1045 3465 1100 annis

1881 1135 1955 1190 illi
2007 1137 2178 1191 merui
2228 1136 2499 1191 famulari.
2534 1155 2553 1188 ι
2608 1137 2672 1191 Εἰ
2722 1151 2851 1191 vero
2899 1136 3128 1190 adhaesit
3169 1136 3268 1190 sub
3311 1133 3464 1188 initio

1879 1227 2003 1280 anni
2047 1227 2171 1293 940,
2221 1244 2288 1283 ex
2340 1228 2498 1282 dictis
2550 1227 2604 1280 in
2643 1227 2819 1295 capite
2856 1225 3146 1294 superiori.
3198 1223 3459 1277 Eumdem

1879 1333 2076 1372 annum
2106 1319 2347 1386 assignat
2377 1318 2530 1387 l-lugo
2558 1319 2724 1372 abbas
2768 1315 3188 1370 Flaviniaccnsis
3227 1316 3280 1368 in
3307 1315 3463 1368 chro-

1879 1408 2000 1462 nico
2035 1425 2047 1461 :
2082 1426 2100 1458 ι
2135 1407 2246 1462 Hoc
2277 1424 2418 1462 anno
2441 1409 2668 1462 domnus
2712 1407 2827 1462 Odo
2872 1405 3220 1468 venerabilis,
3271 1403 3464 1458 multo-

1877 1513 1998 1552 rum
2073 1497 2521 1552 monasteriorum
2598 1505 2959 1559 restaurator,
3034 1510 3156 1549 cum
3234 1493 3463 1548 multum

1878 1587 2179 1642 laborasset
2201 1587 2254 1641 in
2285 1587 2632 1640 restauranda
2663 1600 2795 1654 pace
2824 1586 2964 1639 inter
2977 1584 3255 1651 Hugonem
3279 1597 3462 1652 regem

194 1689 392 1744 nempe
421 1674 662 1730 Odonem
693 1676 892 1730 fratres
929 1688 1286 1739 convocasse,
1325 1674 1647 1730 monasteria
1676 1674 1776 1728 sibi
1805 1660 1855 1720 Β
1883 1678 2047 1733 Italiae
2091 1685 2147 1734 et
2189 1678 2496 1734 Albericum
2552 1677 2918 1732 Romanorum
2969 1677 3278 1747 patricium,
3326 1675 3462 1731 obiit

137 1772 143 1774 '
193 1764 489 1818 commissa
514 1765 861 1834 disposuisse,
887 1762 1240 1818 Cluniacense
1264 1763 1598 1817 commisisse
1630 1763 1736 1816 Deo
1761 1781 1774 1816 :

195 1873 212 1905 ι
251 1854 518 1924 capellam
543 1853 876 1909 solummodo
899 1868 1072 1917 suam,
1103 1871 1122 1904 ι
1159 1853 1260 1907 hoc
1289 1861 1370 1908 est
1395 1851 1779 1921 supellectilem

189 1961 432 2010 sacram,
463 1947 530 1999 ad
560 1945 738 2000 missa:
766 1945 1182 2000 celebrationem
1223 1945 1540 2008 retinuisse;
1586 1953 1779 1998 caetera

188 2037 514 2093 Cluniaeum
550 2037 994 2092 retransmisisse.
1041 2035 1132 2090 liae
1177 2035 1356 2090 forsan
1386 2035 1624 2088 auctoris
1650 2049 1782 2088 con-

183 2130 435 2198 jecturae.
489 2128 704 2182 Certius
753 2135 835 2182 est
887 2127 1028 2196 quod
1078 2126 1259 2181 subdit
1303 2124 1568 2193 sepultum
1615 2123 1780 2178 fuisse

187 2217 438 2273 Odonem
487 2217 718 2272 Turonis
769 2237 787 2268 ι
823 2217 877 2271 in
923 2215 1150 2271 ecclesia
1193 2216 1334 2270 beati
1372 2213 1588 2277 Juliani,
1618 2230 1779 2283 quam

186 2309 304 2378 ipse
330 2324 362 2362 a
391 2307 760 2362 fundamentis
780 2316 1178 2369 construxerat,
1212 2325 1230 2358 ι
1266 2305 1316 2358 id
1339 2314 1421 2359 est
1449 2305 1774 2366 restituerat,

187 2409 443 2470 sumptus
493 2399 870 2468 suppeditante
915 2397 1205 2452 Teotolone
1252 2395 1679 2465 archiepiscopo,
1720 2403 1779 2448 ut

186 2489 443 2560 superius
471 2490 671 2545 dictum
703 2497 806 2544 est.
853 2488 950 2544 Hic
978 2488 1228 2558 loquendi
1263 2488 1452 2542 modus
1499 2486 1778 2541 familiaris

190 2583 328 2652 apud
358 2589 614 2635 auctores
636 2580 833 2650 aliique
853 2579 1076 2634 similes.
1107 2578 1214 2633 Sed
1237 2577 1536 2631 audiendus
1560 2577 1778 2644 insuper

189 2673 526 2744 Necrologus
567 2673 803 2728 ceenobii
863 2673 1039 2726 sancti
1088 2669 1286 2725 Juliani
1341 2687 1354 2723 :
1417 2687 1436 2720 ι
1487 2667 1776 2737 Postquam

191 2765 684 2820 reverendissimus
730 2765 814 2818 vir
861 2762 978 2818 Odo
1028 2763 1195 2816 multa
1262 2760 1592 2816 monasteria
1645 2774 1776 2813 con-

188 2865 491 2920 struxerat,
515 2855 746 2925 plurima
776 2863 1107 2916 correxerat,
1137 2851 1334 2907 multos
1359 2851 1541 2906 mundi
1572 2850 1775 2903 ludicra

189 2963 456 3021 spernere
503 2949 801 3011 docuerat,
834 2961 899 3000 ac
957 2945 1110 2999 utilia
1163 2943 1417 2998 Ecclesia:
1463 2941 1772 3010 scripserat,

1881 1769 2133 1826 Turonis.
2191 1789 2212 1824 ι
2270 1771 2342 1824 At
2401 1770 2781 1840 corrigendum
2842 1769 2896 1824 id
2957 1768 3101 1838 quod
3163 1768 3455 1838 sequitur:

1883 1879 1903 1913 ι
1938 1863 2284 1932 sepultusque
2336 1869 2420 1915 est
2466 1862 2534 1915 ad
2581 1872 2827 1916 sanctum
2879 1860 3205 1924 Martinum;
3250 1878 3269 1911 ι
3334 1873 3454 1928 quae

1879 1954 2040 2007 etiam
2069 1952 2228 2008 lectio
2266 1953 2553 2007 adhibetur
2596 1953 2664 2007 ad
2692 1968 2845 2006 oram
2881 1952 3120 2007 chronici
3160 1949 3458 2005 Frodoardi

1880 2044 1934 2098 in
1969 2053 2116 2098 textu
2173 2043 2334 2114 paulo
2385 2044 2634 2113 superius
2688 2043 2882 2098 relato.
2909 2042 2981 2096 At
3015 2042 3265 2096 vitiosam
3319 2041 3459 2095 hanc

1879 2149 1998 2190 esse
2022 2134 2305 2188 lectionem
2327 2143 2538 2188 constat
2563 2149 2632 2188 ex
2652 2133 2842 2188 eodem
2872 2133 3131 2188 chronico
3159 2133 3226 2186 ad
3255 2145 3458 2185 annum

1878 2225 2000 2288 945,
2053 2240 2160 2294 quo
2201 2240 2343 2280 anno
2389 2224 2596 2279 Teotilo
2640 2224 2974 2279 Turonensis
3022 2223 3460 2292 archiepiscopus

1878 2318 2096 2382 obiisse,
2126 2324 2287 2386 atque
2316 2334 2334 2367 ‹
2370 2315 2424 2370 in
2471 2317 2797 2370 monasterio
2838 2315 3013 2369 sancti
3039 2313 3260 2376 Iuliani,
3307 2311 3454 2382 quod

1879 2407 2020 2461 idem
2048 2406 2134 2459 vir
2165 2415 2386 2460 sanctus
2413 2419 2625 2458 summa
2666 2404 2971 2458 instituerat
2999 2402 3276 2472 religione,
3301 2401 3457 2470 juxta

1877 2494 2178 2564 sepulcrum
2226 2494 2407 2548 domui
2460 2492 2660 2548 Odonis
2714 2493 2966 2547 humatus
3020 2510 3039 2544 ι
3100 2490 3454 2560 perhibetur;

1886 2601 1906 2636 ι
1943 2593 1998 2639 et
2025 2584 2220 2639 exinde
2258 2583 2434 2651 ipsum
2480 2583 2736 2652 templum
2782 2581 2978 2636 divinis
3005 2580 3259 2635 illustrari
3291 2579 3455 2633 mira-

1877 2671 2011 2727 culis
2073 2671 2397 2726 declaratur.
2441 2691 2459 2724 ›
2519 2670 2882 2742 Corrigendus
2940 2672 3122 2741 itaque
3169 2671 3458 2740 prtedictus

1882 2762 2035 2832 [iugo
2085 2761 2509 2817 Flaviniacensis
2560 2780 2573 2816 :
2648 2762 3002 2830 corrigendus
3069 2762 3202 2816 item
3267 2759 3458 2816 Petrus

1876 2851 2176 2921 Equilinus,
2226 2853 2317 2921 qui
2357 2851 2597 2907 Odonem
2646 2871 2665 2904 ι
2716 2853 2955 2908 Cluniaci
3010 2871 3032 2906 ι
3073 2851 3340 2921 sepultura
3373 2850 3456 2906 af-

1880 2941 2080 2996 firmat.
2113 2943 2280 2997 Recte
2307 2943 2525 2998 omnino
2554 2959 2852 3013 anonymus
2881 2944 3022 3014 apud
3061 2944 3354 2999 Chesnium
3400 2943 3457 2997 in

188 3013 424 3110 hymnos
453 3046 507 3092 et
539 3035 862 3104 antipbonas
888 3034 1028 3088 beati
1074 3032 1289 3086 Martini
1319 3031 1529 3085 laudem
1568 3037 1781 3098 compte
1808 3013 1851 3073 (ἶ
1885 3041 2027 3088 tome
2054 3031 2135 3092 lli.
2166 3049 2286 3104 pag.
2316 3033 2411 3088 5H
2445 3051 2459 3087 :
2498 3054 2516 3085 ι
2548 3035 2748 3089 Eodem
2780 3013 2944 3090 etiam
2971 3050 3133 3099 anno,
3180 3053 3199 3087 ι
3254 3047 3453 3104 nempe

188 3136 599 3200 composuerat;
623 3126 733 3195 jam
765 3123 1070 3185 silicernus,
1090 3122 1204 3192 jam
1234 3121 1394 3191 longe
1426 3121 1602 3174 aetatis
1629 3117 1782 3172 senio

189 3220 389 3286 fessus,
421 3229 680 3290 tanquam
711 3216 970 3287 praescius
995 3228 1104 3268 sua:
1134 3210 1457 3276 vocationis,
1483 3215 1782 3279 optaverat,

189 3323 246 3367 ut
268 3312 495 3367 sarcina
524 3309 767 3378 deposita
799 3307 982 3362 carnis
1010 3307 1221 3377 glebam
1254 3305 1335 3360 sui
1369 3303 1609 3371 corporis
1628 3300 1784 3368 juxta

189 3419 392 3473 corpus
420 3400 715 3471 peculiaris
745 3399 827 3454 sui
877 3397 1110 3468 patroni,
1149 3393 1353 3450 domini
1403 3387 1610 3450 sﬁlicet
1646 3392 1786 3446 Mar.

191 3495 330 3560 tini,
380 3494 424 3546 si
476 3500 694 3562 posset,
746 3489 1002 3544 tumulari
1048 3488 1115 3542 ad
1166 3487 1442 3558 proprium
1473 3483 1779 3540 coenobium

189 3600 348 3639 suum
392 3582 640 3636 Turones
691 3580 867 3635 redire
914 3580 1193 3649 disposuit.
1231 3579 1439 3632 interea
1471 3576 1787 3630 adveniente

191 3674 336 3730 beati
369 3673 721 3728 solemnitate
743 3670 980 3735 Martini,
1005 3669 1328 3726 venerabilis
1352 3677 1503 3738 pater
1528 3682 1649 3722 cum
1676 3666 1787 3721 suis

189 3765 480 3820 monachis
506 3763 574 3817 ad
604 3761 990 3815 Matutinarum
1025 3759 1284 3815 solemnia
1327 3757 1590 3828 processit
1616 3756 1787 3811 multo

189 3868 313 3912 ante
348 3857 644 3910 lucem.....
693 3851 898 3909 Octavo
941 3851 1267 3907 incommodi
1297 3850 1385 3906 die
1416 3849 1654 3906 sentiens
1683 3848 1786 3903 sibi

189 3949 384 4003 horam
413 3946 700 4000 imminere
724 3951 1048 4007 extremam,
1077 3940 1553 3997 circumstantibus
1578 3939 1788 3994 cunctis

189 4036 497 4100 fratribus,
547 4035 752 4089 viatico
799 4032 1044 4102 corporis
1090 4041 1146 4087 et
1179 4031 1456 4102 sanguinis
1488 4030 1703 4086 Domini
1730 4044 1788 4084 se

190 4128 430 4182 fideliter
459 4125 658 4180 muniri
706 4123 914 4178 curavit
943 4141 956 4176 ε
990 4121 1183 4176 deinde
1219 4121 1273 4176 in
1301 4121 1582 4177 ecclesiam
1615 4119 1788 4174 sancti

187 4220 399 4281 Albini,
430 4233 551 4286 quae
579 4214 827 4286 proxima
856 4222 997 4278 erat,
1029 4229 1088 4268 se
1115 4213 1318 4268 deferri
1353 4212 1533 4282 jussit,
1568 4210 1787 4279 lumini.

190 4314 406 4381 busque
433 4312 536 4381 piis
565 4325 629 4364 ac
665 4289 916 4362 manibus
958 4307 1014 4362 in
1063 4307 1260 4362 coelum
1291 4304 1533 4370 intentis,
1565 4302 1782 4357 Christo

187 4405 436 4460 animam
467 4402 721 4456 reddidit.
759 4418 778 4452 ι
831 4399 1090 4470 Superest
1131 4400 1199 4454 ad
1245 4400 1346 4453 hoc
1375 4411 1544 4466 usque
1573 4405 1782 4464 tempus

193 4496 336 4550 istud
369 4494 545 4548 sancti
574 4492 754 4546 Albini
783 4492 1078 4546 oratorium
1110 4490 1249 4544 intra
1275 4489 1513 4544 claustra
1544 4485 1780 4555 prmdicti

193 4587 431 4642 ctenobii
466 4605 479 4639 :
518 4604 535 4636 ‹
565 4585 713 4641 Obiit
750 4601 838 4638 xiv
876 4582 996 4637 Kal.
1048 4581 1406 4638 Decembris:
1435 4578 1675 4648 sepultus
1702 4583 1786 4631 est

193 4690 381 4732 autem
409 4693 440 4730 a
470 4691 613 4747 saepe
642 4675 788 4729 dicto
815 4671 1146 4726 Theotelone
1192 4669 1445 4740 pontifice
1494 4667 1548 4721 in
1595 4675 1782 4736 crypta

193 4773 374 4824 sancti
405 4767 626 4832 Juliani,
658 4766 758 4820 sub
786 4764 958 4818 altare
986 4763 1156 4832 ipsius
1202 4760 1474 4832 martyris,
1505 4759 1570 4813 ad
1599 4761 1784 4814 dexte-

194 4876 313 4916 ram
342 4870 572 4930 partem.
612 4879 632 4912 ι
665 4858 792 4912 Haec
820 4872 888 4911 ex
914 4854 1288 4924 Martyrologio
1313 4853 1413 4908 loci
1445 4862 1700 4906 renovato
1717 4853 1783 4908 ad

193 4947 437 5003 formam
463 4950 662 5004 veteris
695 4962 837 5002 anno
888 4943 1025 5000 1469
1052 4985 1066 5008 ,
1114 4959 1296 4999 mense
1333 4943 1494 5008 Julio,
1545 4943 1712 4998 Paulo
1740 4943 1785 4997 ll

195 5038 477 5109 pontifice,
502 5038 774 5093 Ludovico
800 5035 872 5090 X1
901 5049 1045 5103 rege.
1076 5033 1190 5088 Elia
1239 5034 1663 5105 archiepiscopo,
1692 5032 1784 5103 qui

196 5130 552 5183 characteres
580 5137 703 5184 sunt
735 5123 1012 5182 reformati
1047 5123 1431 5195 MarterIOgii.

269 5219 368 5272 42.
410 5219 616 5273 Annum
667 5234 771 5288 quo
805 5231 957 5272 mors
993 5213 1191 5270 Odonis
1237 5217 1472 5279 occidit,
1517 5215 1788 5288 Nalgodus

199 5309 387 5340 εἶπε-ειη.
575 5325 726 5340 ΙΙΙιΛηὶ
777 5309 823 5340 ,ιῖ

575 5325 726 5340 run-Arn
777 5309 895 5340 ..ἶ-ιο
952 5305 1308 5340 ηνιΙίιιηΙῖΛηῖο

1359 5322 1557 5340 nnnn-n
1592 5311 1610 5340 Ι
1625 5310 1654 5340 ο
1689 5323 1790 5340 πηι-

1881 3123 2136 3179 Ludovici
2176 3125 2316 3195 regis
2345 3123 2454 3189 VII,
2487 3143 2504 3176 ι
2540 3125 2802 3195 requievit
2824 3125 2877 3179 in
2907 3140 3039 3195 pace
3067 3125 3292 3180 domnus
3319 3123 3454 3190 Odo,

1883 3216 2050 3272 abbas
2077 3216 2368 3271 multorum
2415 3218 2867 3272 monasteriorum
2915 3217 3198 3288 religiosus
3237 3225 3292 3270 et
3323 3230 3455 3284 pru-

1885 3309 2036 3374 deus,
2066 3309 2337 3364 litteratus
2366 3318 2420 3364 et
2447 3310 2724 3379 eloquens,
2753 3318 2809 3365 et
2852 3309 3092 3378 sepultus
3115 3318 3197 3363 est
3227 3307 3457 3362 Turonis

1885 3405 2022 3473 apud
2052 3413 2298 3458 sanctum
2345 3402 2639 3458 lulianum.
2685 3423 2704 3456 ι
2755 3402 2959 3458 Locum
2989 3401 3280 3472 sepultura:
3310 3407 3457 3456 recte

1885 3503 2038 3551 notat
2088 3495 2383 3549 chronicon
2432 3493 2806 3557 Malleacense,
2852 3491 2992 3548 male
3037 3490 3215 3545 obitus
3257 3503 3457 3543 armum

1885 3586 2009 3642 938.
2039 3585 2134 3640 His
2174 3585 2424 3640 omnibus
2468 3585 2676 3638 accedit
2720 3583 3011 3639 chronicon
3051 3580 3280 3634 Dolense
3317 3577 3457 3646 apud

1885 3677 2160 3732 Labbeum
2222 3676 2277 3730 in
2340 3686 2486 3731 tomo
2533 3674 2926 3729 lBibliothccze
2974 3685 3126 3725 novae
3152 3683 3272 3737 pag.
3303 3667 3451 3720 515:

1893 3786 1912 3820 ι
1954 3769 2111 3822 Anno
2154 3767 2259 3823 942
2304 3768 2440 3822 obiit
2475 3776 2691 3821 sanctus
2721 3765 2837 3820 Odo
2862 3761 3126 3819 secundus
3168 3759 3333 3813 abbas
3356 3758 3459 3812 Do-

1886 3858 2072 3914 lensis.
2109 3859 2342 3930 i_ltaque
2378 3873 2519 3913 anno
2544 3857 2649 3912 942
2687 3855 2754 3909 ad
2785 3868 3007 3925 superos
3041 3850 3292 3919 migravit
3319 3847 3456 3912 Odo,

1888 3967 2059 4007 annos
2088 3959 2248 4007 natus
2287 3959 2518 4020 quatuor
2554 3959 2608 4004 et
2653 3946 2955 4015 sexaginta,
3004 3941 3285 4012 regiminis
3329 3939 3459 3996 Clu-

1888 4043 2164 4098 niacencis
2190 4058 2330 4098 anno
2357 4043 2544 4110 quinto
2581 4039 2808 4094 decimo.

1959 4135 2050 4188 45.
2106 4134 2232 4202 Ejus
2268 4132 2508 4201 reliquiae
2550 4131 2603 4184 in
2636 4129 2817 4184 Sancti
2843 4127 3039 4183 Iuliani
3075 4126 3303 4181 ecclesia
3344 4139 3460 4180 ser-

1890 4232 2028 4278 vatae
2073 4232 2198 4277 sunt
2245 4221 2434 4275 saltem
2461 4235 2630 4288 usque
2677 4220 2743 4274 ad
2796 4218 3048 4274 saeculum
3096 4233 3184 4270 xv.
3226 4215 3352 4284 Ejus
3380 4217 3457 4270 rei

1893 4315 2121 4385 primum
2148 4320 2520 4384 argumentum
2565 4310 2703 4364 sumi
2749 4318 2924 4380 potest
2968 4323 3033 4362 ex
3065 4307 3260 4360 litteris
3289 4305 3459 4360 socie-

1887 4407 2032 4467 tatis,
2059 4403 2371 4459 Cluniacum
2399 4404 2538 4457 inter
2586 4411 2640 4454 et
2683 4400 2853 4455 sancti
2901 4397 3102 4454 Juliani
3152 4396 3457 4451 coenobium

1885 4499 2031 4553 initae
2097 4511 2238 4550 anno
2284 4495 2420 4548 1117
2475 4507 2660 4547 mense
2713 4489 2931 4546 Octobri
2974 4507 2988 4542 :
3051 4502 3161 4557 quo
3220 4497 3462 4554 tempore

1890 4605 1910 4640 ι
1945 4589 2172 4642 domnus
2223 4585 2446 4639 Pontius
2498 4582 2666 4635 abbas
2705 4579 2945 4635 Cluniaci
2987 4576 3250 4631 orationis
3287 4575 3461 4644 gratia

1887 4675 2118 4731 Turonis
2159 4674 2226 4728 ad
2273 4681 2517 4726 sanctum
2549 4670 2835 4723 Martinum
2880 4667 3174 4720 honorifice
3197 4667 3364 4727 venit,
3407 4672 3464 4718 et

1890 4765 1954 4818 ad
1979 4779 2075 4817 nos
2135 4782 2153 4814 ι
2210 4762 2311 4831 (sic
2371 4760 2618 4816 monachi
2679 4757 2855 4812 sancti
2920 4755 3117 4810 Juliani
3172 4755 3225 4808 in
3270 4753 3466 4808 litteris

1889 4856 2199 4923 loquuntur)
2239 4873 2255 4904 ι
2293 4868 2390 4921 pro
2439 4867 2624 4906 amore
2672 4850 2814 4905 beati
2854 4847 3054 4903 Odonis
3100 4847 3312 4916 patroni
3363 4858 3464 4897 no-

1890 4946 1988 5001 stri
2028 4945 2217 5014 suique
2263 4942 2610 4999 devotissime
2655 4938 2897 5001 divertit,
2941 4945 2993 4992 et
3022 4936 3089 4990 ad
3125 4950 3317 5004 corpus
3349 4929 3472 4998 ejus

1891 5033 2072 5104 vigilia
2121 5033 2293 5086 sancti
2338 5030 2578 5102 Dionysii
2614 5047 2737 5085 eum
2788 5027 2986 5082 nostris
3029 5026 3250 5094 suisque
3277 5032 3467 5077 monal

1893 5124 2013 5178 chis
2058 5122 2272 5176 missam
2319 5121 2385 5175 de
2416 5122 2532 5190 ipso
2578 5119 2890 5174 beatissimo
2920 5113 3106 5168 Odone
3153 5107 3448 5166 celebravit

1894 5212 2102 5266 Deinde
2149 5220 2427 5280 assumpto
2477 5224 2662 5264 secum
2721 5203 2999 5262 Bernardo
3046 5201 3246 5256 Crasso
3288 5198 3471 5268 priore

1896 5316 1993 5340 eum
2066 5302 2293 5340 nliicmm
2347 5300 2604 5340 I'rnlrilmq
2674 5301 2726 5340 in
2758 5291 3059 5340 Canitulum
3103 5300 3347 5340 nostrum
3371 5300 3466 5340 νο·-
