4004 5340
592 327 662 382 53
1662 329 1718 384 S.
1761 326 1898 384 ODO
1934 327 2154 383 ABBAS
2191 325 2702 385 CLUNIACENSIS.
3751 331 3818 385 53

573 463 741 508 noras
786 449 970 505 thecas
1021 448 1310 514 transtulit,
1355 463 1537 504 coram
1592 445 1760 506 Maria
1808 444 2137 500 Francorum
2169 445 2213 504 Α
2245 441 2443 507 Quibus
2491 442 2920 499 translationibus
2977 446 3050 498 sic
3082 445 3234 514 factis
3289 461 3470 515 capsas
3515 445 3652 515 ipsas
3701 463 3818 502 cum

575 541 782 610 regina,
827 548 883 594 et
920 538 1229 607 Magdalena
1261 537 1376 606 ejus
1420 539 1552 603 lilia,
1591 536 1798 592 Joanne
1828 537 1965 589 duce
2014 535 2142 588 Bor-

573 630 818 692 bonensi,
869 628 1068 684 Jacobo
1106 628 1360 684 Marchiae
1405 629 1624 691 comite,
1679 627 1905 695 aliisque
1949 626 2144 680 claris-

573 720 722 772 simis
745 719 1026 786 personis:
1056 735 1192 788 quas
1241 720 1382 773 inter
1422 719 1684 787 reliquias
1731 718 1785 772 in
1838 726 2030 786 quarta
2056 730 2146 770 ea-

571 825 667 878 psa
703 829 719 860 σ
753 826 950 881 corpus
997 812 1170 865 sancti
1215 811 1416 866 Odonis
1445 810 1654 864 abbatis
1686 829 1704 861 ι
1742 809 2142 873 continebatur,

571 911 622 953 ut
645 910 909 956 testantur
931 903 1196 956 solemnes
1209 918 1272 956 ea
1288 904 1354 956 de
1377 917 1435 956 re
1458 902 1668 964 litterae,
1693 916 1810 970 qua:
1825 901 1904 955 sic
1922 902 2141 954 habent:

636 992 887 1054 Joannes,
947 994 1278 1046 miseratione
1341 993 1515 1047 divina
1582 991 1897 1045 Turonensis
1973 992 2146 1044 archi-

567 1082 856 1151 episcopus,
887 1083 1137 1137 universis
1150 1095 1424 1152 prtcsentes
1449 1083 1648 1136 litteras
1668 1083 1976 1152 inspecturis
1998 1081 2145 1135 salu-

565 1182 667 1224 tem
714 1176 766 1225 in
814 1173 1038 1227 Domino
1096 1175 1480 1244 sempiternam.
1542 1174 1809 1243 Quidquid
1860 1175 2033 1227 laudis
2069 1174 2146 1227 vel

567 1263 779 1315 honoris
802 1265 1144 1333 impendimus
1167 1267 1360 1319 sanctis
1384 1265 1501 1329 Dei,
1540 1266 1593 1318 id
1621 1265 1784 1318 eidem
1825 1265 2142 1329 exhibemus,

567 1360 692 1404 teste
717 1356 981 1422 propheta,
1019 1355 1234 1423 jubcnte
1271 1355 1553 1409 Dominum
1584 1357 1640 1409 in
1671 1357 1865 1410 sanctis
1894 1356 2008 1424 ejus
2038 1356 2146 1410 col—

565 1441 796 1496 lrtudari.
827 1443 1182 1516 Perpendente
1218 1447 1391 1516 itaque
1423 1446 1570 1501 bona:
1602 1447 1868 1500 memoria:
1897 1447 2143 1515 defuncto

567 1530 729 1598 fratre
777 1531 1057 1588 Guillelmo
1102 1535 1365 1605 quondam
1405 1536 1589 1590 abbate
1635 1536 1940 1589 monasterii
1978 1536 2146 1590 sancti

563 1620 774 1676 Juliani
835 1623 1176 1690 Turonensis,
1217 1626 1416 1679 ordinis
1459 1626 1627 1679 sancti
1677 1625 1969 1691 Benedicti,
2008 1627 2146 1693 quod

563 1717 797 1783 quamvis
830 1716 1043 1770 ecclesia
1069 1718 1197 1771 dicti
1235 1718 1539 1772 monasterii
1566 1717 1914 1788 plurimorum
1964 1735 2146 1787 corpo-

2243 535 2392 587 ostiis
2419 550 2507 587 seu
2535 534 2796 588 clausuris
2819 539 3073 605 argenteis
3099 547 3146 590 et
3170 537 3372 590 auratis
3402 553 3432 590 a
3461 537 3589 605 foris
3621 538 3816 592 clausi-

2244 637 2380 681 mus,
2435 632 2481 675 et
2524 633 2700 676 nostra
2753 624 3101 678 benedictione
3135 625 3198 679 de
3235 626 3409 679 divina
3460 627 3819 681 misericordia

2244 714 2425 781 con/isi
2487 716 2818 780 munivimus,
2881 727 3189 783 statuentes,
3235 729 3283 771 et
3343 719 3496 772 dictis
3563 719 3818 790 religiosis

2240 803 2450 872 suisque
2475 804 2854 858 successoribus
2879 806 3228 875 injungentes,
3257 817 3408 875 prout
3433 825 3525 876 per
3543 819 3822 876 prtesentes

2243 896 2516 948 statuimus
2547 905 2593 948 et
2640 897 2984 966 injungimus,
3019 908 3071 950 ut
3111 907 3174 955 de
3203 910 3387 953 cwtero
3423 903 3574 954 annis
3600 901 3821 971 singulis

2243 987 2380 1038 hunc
2424 987 2783 1042 translationis
2810 990 2946 1042 diem
2987 991 3165 1058 festive
3214 991 3492 1055 celebrent,
3542 1009 3604 1044 ac
3628 993 3820 1045 divinis

2244 1077 2473 1129 servitiis
2503 1078 2686 1130 debitis
2713 1089 2759 1131 et
2789 1082 3092 1148 Opportunis
3119 1081 3473 1135 solemnizent.
3505 1082 3569 1135 In
3599 1099 3821 1152 quorum

2245 1167 2474 1219 omnium
2505 1179 2551 1220 et
2577 1167 2900 1237 singulorum
2923 1169 3100 1236 ﬁdem,
3127 1179 3175 1222 et
3207 1172 3558 1224 testimonium
3586 1174 3822 1240 prtrmis-

2244 1273 2420 1309 sorum
2447 1259 2595 1311 binas
2629 1269 2832 1313 nostras
2867 1257 3069 1313 litteras
3100 1260 3284 1314 exinde
3309 1262 3447 1328 ﬁeri,
3478 1272 3524 1314 et
3554 1279 3644 1330 per
3672 1271 3825 1314 nota-

2247 1350 2350 1400 rios
2398 1348 2756 1416 infrascriptos
2818 1351 3037 1419 signari,
3095 1353 3362 1421 nostrique
3404 1353 3559 1423 sigilli
3605 1352 3823 1420 fecimus

2246 1441 2556 1508 appensione
2609 1443 2943 1507 communiri,
3005 1460 3228 1510 quarum
3289 1461 3447 1497 unam
3505 1445 3560 1497 in
3623 1445 3824 1512 majore

2247 1546 2405 1599 capsa
2436 1531 2686 1598 prtvdicta
2719 1533 3046 1600 inclusimus,
3075 1545 3123 1588 et
3169 1535 3331 1588 aliam
3370 1538 3607 1606 prwfatis
3649 1537 3826 1590 abbati

2247 1630 2291 1671 et
2323 1621 2592 1672 conventui
2631 1621 2684 1673 in
2715 1622 2958 1676 thesauro
2984 1625 3212 1679 ecclesite
3236 1627 3582 1695 reponendum
3609 1643 3826 1680 conces-

2249 1711 2429 1764 simus.
2464 1710 2658 1764 Datum
2701 1714 2756 1766 in
2801 1717 3114 1768 monasterio
3149 1718 3400 1785 prtedicto
3450 1718 3533 1770 die
3583 1717 3825 1770 vicesima

564 1804 708 1858 ribus
748 1816 1075 1874 sanctarum,
1108 1807 1339 1877 reliquiis
1362 1810 1711 1878 ειρτιυεεηιία
1753 1809 1998 1862 decorata
2031 1811 2144 1862 exi-
2177 1797 2219 1854 Β
2249 1800 2476 1852 secunda
2527 1803 2720 1854 mensis
2770 1801 3044 1871 Jan-uarii,
3095 1821 3232 1858 anno
3299 1805 3504 1859 Domini
3551 1805 3827 1858 millesimo

562 1904 736 1960 steret,
763 1912 986 1966 quorum
1013 1907 1168 1968 atque
1199 1898 1796 1970 aliorum‘gloriosorum
1822 1909 2142 1962 sanctorum,

562 1986 652 2056 qui
682 1986 736 2038 in
759 1987 862 2041 hac
903 1997 1082 2041 nostra
1127 1989 1334 2044 civitate
1392 1991 1740 2059 requiescunt,
1787 1991 2054 2060 suffragiis
2099 2000 2144 2043 et

562 2075 820 2142 precibus,
870 2076 1059 2130 nedum
1108 2081 1486 2132 monasterium
1533 2080 1726 2149 ipsum,
1782 2097 1957 2135 verum
1987 2083 2144 2135 etiam

564 2174 677 2219 tota
703 2166 884 2221 civitas
925 2171 1186 2238 prosperis
1227 2172 1390 2240 viguit
1433 2174 1798 2227 successibus:
1832 2175 1944 2242 ipsa
1972 2183 2145 2228 tamen

564 2271 785 2324 corpora
811 2267 858 2309 et
885 2256 1117 2328 reliquiaz
1146 2260 1317 2314 minus
1341 2272 1629 2316 reverenter
1653 2272 1805 2316 erant
1850 2264 2142 2328 recondita,

563 2355 612 2400 et
648 2347 722 2401 eis
765 2347 966 2402 debitus
1013 2350 1180 2403 honor
1207 2366 1309 2405 non
1350 2351 1707 2406 exhibebatur.
1741 2351 1938 2407 Devota
1987 2354 2147 2422 igitur

562 2445 733 2489 motus
761 2437 1032 2505 affectione
1075 2438 1235 2492 abbas
1267 2439 1572 2508 prmlibatus
1610 2441 1738 2510 facit
1780 2441 1907 2494 dum
1947 2441 2144 2495 vivebat

567 2524 824 2593 fabricare
845 2528 1071 2598 quinque
1109 2546 1292 2598 capsas
1324 2531 1546 2600 ligneas,
1599 2540 1814 2599 argento
1853 2539 1902 2585 et
1933 2547 2062 2584 auro
2113 2548 2144 2585 a

563 2624 710 2684 parte
731 2618 970 2671 interiori
1001 2619 1298 2684 decoratas,
1330 2636 1546 2689 sperans
1571 2620 1873 2688 hujusmodi
1899 2621 2144 2690 reliquias

564 2715 613 2760 et
649 2723 867 2775 corpora
903 2709 963 2762 in
1006 2710 1214 2763 easdem
1241 2709 1413 2778 facere
1437 2710 1706 2764 collocari.
1745 2710 1914 2764 Morte
1949 2723 2141 2776 tamen,

562 2797 695 2851 sicut
751 2797 974 2852 Domino
1015 2797 1234 2867 placuit,
1279 2808 1592 2867 prteventus,
1641 2799 1866 2869 nequivit
1929 2816 2022 2868 per
2064 2818 2146 2854 se-

565 2885 740 2955 ipsum
790 2888 1113 2957 propositum
1157 2888 1417 2957 negotium
1445 2905 1708 2959 peragere.
1739 2887 2023 2942 Desideriis
2051 2907 2146 2943 au-

564 2983 666 3028 tem
692 2975 804 3044 ejus
849 2977 1174 3031 adhaerentes
1219 2977 1530 3032 venerabiles
1579 2988 1628 3032 et
1677 2977 1908 3048 religiosi
1954 2979 2144 3049 fratres

566 3063 818 3120 Robertus
852 3067 1132 3121 modernus
1187 3067 1368 3132 abbas,
1420 3077 1658 3138 totusque
1705 3078 1989 3122 conventus
2019 3069 2144 3122 dicti

2245 1891 2752 1961 quadringentesimo
2776 1898 3013 1962 septimo,
3048 1899 3390 1964 prtcsentibus
3417 1909 3464 1952 et
3503 1900 3648 1951 nobis
3688 1899 3827 1950 assi-

2245 1982 2496 2035 stentibus
2559 1986 2937 2040 uenerabilibus
2987 1990 3222 2058 patribus
3280 1989 3530 2059 fratribus
3585 1988 3827 2043 Gnidone

2248 2071 2809 2142 JIajoris-Monasterii
2865 2096 3022 2147 prope
3075 2078 3324 2140 anones,
3381 2080 3601 2134 Roberto
3657 2082 3828 2135 sancti

2244 2165 2448 2221 Juliani
2501 2171 2760 2239 prardicti,
2821 2183 2867 2224 et
2917 2171 3075 2226 Petro
3121 2174 3184 2226 de
3242 2172 3571 2226 Cornieriaco
3631 2184 3826 2226 nostrte

2244 2255 2477 2309 diaecesis
2505 2257 2632 2310 dicti
2655 2258 2853 2312 ordinis
2878 2260 3170 2325 abbatibus,
3195 2278 3256 2314 ac
3283 2263 3668 2331 circumspectis
3701 2265 3826 2316 viris

2243 2347 2466 2403 dominis
2512 2350 2720 2414 Joanne
2757 2351 3181 2422 Campidenario,
3225 2355 3545 2409 decretorum
3591 2358 3823 2420 doctore,

2244 2443 2557 2512 prmceptore
2580 2445 2810 2513 generali
2839 2447 3008 2500 sancti
3032 2447 3244 2500 Antonii
3281 2447 3345 2500 de
3372 2446 3538 2501 Thuin
3568 2449 3621 2501 in
3649 2448 3828 2501 Alma-

2247 2532 2355 2596 nia,
2407 2541 2453 2586 et
2485 2544 2693 2588 oratore
2736 2535 3078 2591 illustrissimi
3127 2539 3374 2608 principis
3429 2539 3628 2592 domini
3675 2542 3824 2595 ducis

2244 2620 2492 2688 Austrite,
2543 2622 2828 2678 Guillermo
2880 2624 2952 2680 Le
2996 2626 3173 2679 Picart
3221 2627 3569 2691 thesaurario,
3617 2628 3824 2682 Joanne

2244 2709 2451 2778 preselli
2495 2713 2864 2769 archidiacono
2921 2715 3332 2785 transligerensi,
3379 2716 3586 2771 Joanne
3635 2718 3824 2771 Nuloti

2244 2800 2614 2854 archidiacono
2649 2802 2959 2870 Turonensi,
3000 2804 3222 2860 Nicolao
3273 2806 3553 2862 Perturelli
3592 2810 3822 2878 officiali,

2254 2887 2459 2944 Victore
2490 2890 2744 2961 Hugneti,
2769 2893 3054 2950 Guillermo
3077 2898 3292 2952 Joubert
3319 2903 3568 2954 canonico
3594 2902 3825 2955 ecclesite

2246 2992 2435 3036 nostrre
2489 2982 2826 3051 Turonensis,
2879 3005 2970 3042 nec
3030 3007 3132 3044 non
3180 2991 3377 3045 Jacobo
3427 2993 3492 3046 de
3538 2993 3825 3063 Cormerny

2243 3069 2414 3138 priore
2437 3071 2708 3128 claustrali
2738 3087 2783 3129 et
2814 3077 3128 3145 infirmario,
3159 3078 3366 3134 Joanne
3389 3083 3650 3150 praepositi
3693 3083 3824 3136 elee-

563 3158 887 3221 monasterii,
912 3157 1105 3228 illaque
1131 3159 1377 3228 perficere
1409 3169 1762 3229 peroptantes,
1791 3159 1937 3214 nobis
1965 3160 2140 3214 devote
2171 3145 2212 3204 (ἶ
2247 3163 2570 3230 mosynario,
2629 3162 2872 3236 Philippo
2921 3171 3186 3238 praepositi
3243 3145 3553 3234 camerario,
3615 3174 3825 3228 Joanne

565 3247 948 3317 supplicarunt,
979 3263 1235 3322 quatenus
1261 3253 1505 3324 reliquias
1527 3264 1575 3308 et
1597 3270 1814 3324 corpora
1843 3265 2143 3325 prwparata

565 3338 621 3392 in
671 3340 797 3395 locis
839 3343 908 3395 ad
956 3343 1035 3408 id,
1083 3354 1139 3397 ut
1184 3344 1506 3413 prtedicitur,
1545 3345 1852 3398 constructis
1902 3361 2144 3414 reponere

565 3429 922 3500 dignaremur.
981 3432 1184 3488 Notum
1237 3435 1402 3505 igitur
1444 3435 1689 3503 facimus,
1733 3434 1870 3503 quod
1923 3451 2017 3488 nos
2053 3435 2142 3502 pia

566 3530 683 3574 vota
730 3522 992 3590 quondam
1047 3523 1230 3592 fratris
1279 3521 1542 3577 Guillelmi
1595 3524 1796 3578 abbatis
1847 3524 2142 3592 memorati,

567 3613 824 3668 dictorum
850 3615 1220 3670 uenerabilium
1250 3616 1449 3670 abbatis
1475 3625 1523 3670 et
1559 3626 1837 3670 conventus
1868 3618 2143 3670 moderno-

565 3721 704 3771 rum,
741 3707 810 3759 ad
839 3705 1058 3776 gloriam
1085 3717 1131 3761 et
1167 3705 1605 3776 magniﬁcentiam
1639 3707 2003 3776 omnipotentis
2043 3707 2141 3760 Dei

564 3801 780 3853 summis
804 3801 1072 3869 affectibus
1095 3800 1476 3869 amplectentes,
1507 3801 1590 3853 die
1621 3800 1760 3854 datte
1785 3801 2138 3869 pra'sentium,

572 3889 629 3942 iu
655 3900 929 3959 conspectu
966 3890 1427 3944 Christianissimte
1451 3891 1675 3944 domina:
1695 3891 1923 3944 dominae
1953 3889 2141 3945 Maria:

568 3981 898 4037 Francorum
931 3984 1121 4054 reginae
1148 3982 1538 4047 illustrissimte,
1571 3991 1620 4037 et
1660 3983 1885 4036 dominre
1914 3983 2139 4054 Magda-

567 4071 698 4125 lenaz
727 4072 852 4140 ﬁlim
898 4074 1020 4143 ejus
1050 4074 1280 4144 inclyta’,
1335 4093 1399 4129 ac
1443 4091 1808 4146 generosarum
1848 4077 2140 4145 principum

568 4161 899 4215 dominorum
931 4162 1154 4219 Joannis
1171 4165 1318 4219 ducis
1341 4163 1616 4229 Borbonii,
1644 4174 1691 4219 et
1719 4165 1907 4219 Jacobi
1936 4167 2140 4219 cernitis

569 4250 843 4313 Marchiae,
870 4252 1192 4324 aliorumque
1211 4255 1556 4325 plurimarum
1584 4256 1860 4320 baronum,
1891 4255 2139 4319 militum,

529 4329 615 4392 ἐι
667 4339 915 4393 nobilium
976 4359 1338 4411 personarum,
1399 4363 1599 4401 necnon
1668 4347 2043 4401 uenerabilium
2091 4358 2139 4402 et

524 4422 532 4443 ⁵
567 4427 1054 4497 circumspectorum
1084 4431 1312 4486 virorum
1357 4433 1833 4505 infrascriptorum,
1872 4437 1985 4506 ipsa
2026 4453 2140 4491 cor-

2245 3250 2544 3307 Charrelier
2584 3257 2826 3321 sacrista,
2857 3256 3142 3314 Guillermo
3179 3259 3262 3313 Du
3305 3260 3429 3314 Vieu
3460 3262 3817 3329 hostellarico,

2243 3341 2451 3398 Joanne
2480 3342 2692 3400 Guibert
2719 3358 2950 3413 cantare,
2998 3349 3234 3404 Cuidone
3281 3351 3454 3420 Auger
3498 3364 3819 3415 succentore,

2245 3429 2532 3487 Cuillermo
2559 3434 2743 3490 Boutet
2772 3438 2835 3492 de
2869 3438 3030 3504 Bora,
3071 3449 3118 3493 et
3154 3440 3406 3494 Michaele
3444 3441 3729 3496 Belloncau
3761 3448 3823 3498 de

2243 3521 2522 3590 Cuercltia,
2548 3511 2756 3580 {Iacobo
2783 3528 3031 3583 Auderon
3070 3531 3133 3584 de
3162 3530 3345 3584 Castra
3372 3531 3634 3604 Regiuldi,
3663 3532 3820 3588 Petro

2242 3617 2501 3671 Audebert
2547 3619 2712 3672 sancti
2761 3621 2996 3686 Antonii,
3055 3621 3264 3676 Joanne
3311 3623 3486 3678 Selion
3531 3625 3595 3678 de
3647 3625 3822 3690 Bueil,

2242 3705 2463 3761 Roberto
2481 3707 2697 3763 Ilelonis
2712 3711 2775 3764 de
2796 3710 3018 3765 Ambillo
3043 3714 3322 3782 prioribus,
3352 3713 3637 3769 Guillermo
3651 3715 3715 3768 de
3737 3715 3825 3768 Li-

2243 3813 2394 3866 naye,
2412 3798 2613 3852 Joanne
2628 3798 2822 3868 Fafeu,
2839 3799 2994 3856 Petro
3007 3802 3223 3858 Joulain
3237 3806 3476 3869 diacono,
3495 3805 3647 3860 Petro
3663 3805 3825 3860 Saur-

2242 3885 2618 3950 dcau,Joanne
2647 3887 2890 3958 Lcnfant,
2908 3892 3164 3945 Aimerico
3185 3894 3248 3944 de
3273 3893 3825 3959 Mondanier,Joanne

2242 3977 2306 4029 de
2330 3975 2516 4041 Fonte,
2542 3978 2748 4033 Joanne
2775 3979 2962 4046 Budet,
2992 3983 3196 4037 Andrea
3213 3984 3276 4038 de
3301 3983 3531 4039 Francia
3547 3995 3595 4040 et
3617 3987 3824 4042 Joanne

2241 4067 2305 4120 de
2353 4067 2543 4134 Turre,
2603 4070 2855 4140 religiosis
2892 4073 3016 4126 dicti
3055 4077 3354 4128 monasterii
3393 4077 3560 4129 sancti
3595 4075 3820 4141 Juliani,

2242 4173 2360 4210 cum
2388 4159 2622 4228 pluribus
2653 4161 2790 4215 aliis.
2823 4162 2910 4218 Sic
2943 4166 3205 4235 signatum
3251 4164 3460 4218 Thouar
3483 4176 3532 4220 et
3559 4166 3819 4235 Magistri.

2313 4248 2405 4302 44.
2455 4249 2538 4304 Ab
2579 4267 2644 4306 eo
2682 4261 2922 4322 tempore
2955 4256 3098 4309 nulla
3147 4257 3213 4311 tle
3240 4258 3483 4327 reliquiis
3523 4257 3580 4312 S.
3623 4258 3824 4314 Odonis

2245 4340 2445 4393 mentio
2471 4340 2654 4396 relicta
2677 4353 2756 4397 est
2780 4344 2830 4397 in
2855 4348 3211 4402 monumentis
3223 4350 3451 4403 cmuobii
3473 4351 3641 4404 sancti
3658 4349 3824 4404 Julia-

2243 4433 2328 4486 ni:
2361 4433 2449 4488 ubi
2468 4442 2644 4488 tamen
2674 4450 2736 4490 os
2765 4436 2905 4492 tibia:
2934 4437 3048 4506 ejus
3070 4451 3395 4495 asservatur.
3421 4441 3674 4497 Fortasse
3699 4443 3822 4498 inde

567 4535 696 4589 pora
711 4530 758 4573 et
779 4521 1675 4596 reliquiasaveteribussarcophagis
1691 4529 1742 4579 in
1765 4505 1922 4580 novas
1943 4527 2145 4596 ca'psas,
2176 4505 2226 4564 D
2251 4537 2536 4595 asportata!
2576 4537 2702 4583 sunt
2755 4529 2805 4584 in
2859 4531 3331 4587 insulam-Jortlaui
3363 4550 3528 4604 prope
3560 4535 3814 4590 Tolosam

569 4626 662 4678 per
696 4628 787 4664 nos
826 4612 972 4680 prius
1009 4613 1292 4667 secundum
1324 4614 1480 4668 ritum
1503 4611 1753 4670 Ecclesia:
1789 4618 2145 4681 sanctiﬁcatas

569 4711 614 4754 et
645 4701 954 4765 benedictus,
986 4704 1211 4773 propriis
1243 4705 1483 4759 manibus
1511 4707 1876 4760 transtulimus
1891 4717 1940 4762 et
1973 4725 2149 4763 recon-

570 4795 742 4848 dimus
768 4797 1051 4850 secundum
1081 4798 1314 4852 ordinem
1353 4809 1679 4868 sequentem:
1704 4802 1933 4856 videlicet
1957 4805 2010 4857 in
2036 4804 2146 4873 pri-

571 4900 658 4936 ma
709 4900 864 4954 capsa
907 4902 1082 4940 versus
1127 4888 1489 4943 dormitorium
1536 4893 1798 4961 strpedicti
1845 4885 2145 4948 monasterii

571 4991 760 5046 corpus
807 4979 971 5030 sancti
1009 4979 1163 5031 Pauli
1203 4980 1431 5051 episc0pi
1483 4981 1794 5048 Leonensis;
1830 4985 1884 5038 in
1914 4987 2141 5039 secunda

573 5082 729 5136 capsa
759 5083 945 5138 corpus
970 5069 1138 5122 sancti
1176 5073 1388 5124 Antonii
1435 5072 1636 5126 abbatis
1681 5075 1806 5126 dicti
1841 5076 2144 5129 monasterii

573 5158 744 5194 omni;
790 5157 982 5194 Tulinm‘
1021 5157 1094 5194 τ’..

1106 5163 1338 5194 νηηηκοδο
1359 5179 1371 5191 ο
1403 5163 1456 5194 :u
1500 5164 1651 5194 lant-'1:
1685 5173 1854 5194 aulam
1898 5175 1942 5194 Α.
1972 5165 2143 5194 ,βασιλέα

2252 4619 2269 4687 (
2305 4616 2456 4686 cujus
2507 4617 2605 4672 Ioci
2636 4621 2876 4674 canonici
2904 4637 2996 4675 eas
3025 4637 3082 4675 se
3111 4623 3306 4677 habere
3347 4624 3644 4691 gloriantur
3682 4625 3699 4695 )
3734 4627 3818 4680 in-

2249 4716 2471 4777 gruente
2487 4708 2858 4764 hzereticorum
2877 4720 3210 4778 tempestate,
3231 4713 3319 4781 qui
3339 4713 3821 4770 Turonicmcirila-

2252 4801 2320 4853 tis
2353 4815 2538 4853 sacras
2570 4801 2792 4854 exuvias
2814 4799 3042 4868 profano
3067 4803 3315 4856 inccndio
3337 4805 3687 4872 dissiparant,
3711 4823 3820 4862 non

2245 4897 2530 4959 parcentes
2558 4890 2730 4944 sancti
2754 4889 2963 4943 Martini
2981 4893 3242 4960 reliquiis,
3267 4909 3402 4962 quas
3427 4896 3574 4950 orbis
3598 4898 3818 4952 univer-

2248 4994 2343 5033 sus
2362 4993 2572 5047 semper
2602 4978 2653 5030 in
2696 4977 2897 5032 honore
2934 4981 3217 5035 habuerat.
3254 4981 3436 5052 Neque
3464 4985 3682 5054 insuper
3718 4986 3817 5040 ha-

2248 5069 2478 5123 bendum
2511 5077 2613 5134 est,
2643 5069 2785 5139 quod
2829 5072 2895 5125 de
2924 5087 3149 5143 corpore
3181 5075 3352 5129 sancti
3393 5075 3554 5130 Lauri
3584 5076 3814 5138 abbatis,

2247 5174 2397 5192 I'HIIII.~
2440 5176 2598 5192 ann-nn
2644 5177 2980 5192 n|nuu1|s\lmuun
3051 5174 3104 5190 in
3152 5174 3423 5190 n—Mmi---
3461 5174 3812 5190 Ζ---ι..---..-..ι-
