  <div class='ocr_page' id='page_1' title='image "/cluster/home/n/w/nwhite01/storage/ocr_20150623/133/hvd.32044010035673/024.png"; bbox 0 0 4004 5340; ppageno 0'>
   <div class='ocr_carea' id='block_1_1' title="bbox 210 304 1812 378">
    <p class='ocr_par' dir='ltr' id='par_1_1' title="bbox 210 307 1803 378">
     <span class='ocr_line' id='line_1_1' title="bbox 210 307 1803 378; baseline -0.009 -1"><span class='ocrx_word' id='word_1_1' title='bbox 210 320 280 378; x_wconf 77' lang='lat'><strong>37</strong></span> <span class='ocrx_word' id='word_1_2' title='bbox 1160 307 1695 375; x_wconf 69' lang='lat' dir='ltr'><strong>PROLEGOMENA.</strong></span> <span class='ocrx_word' id='word_1_3' title='bbox 1733 336 1803 349; x_wconf 91' lang='lat'><strong>--</strong></span> 
     </span>
    </p>
   </div>
   <div class='ocr_carea' id='block_1_2' title="bbox 1914 304 3461 378">
    <p class='ocr_par' dir='ltr' id='par_1_2' title="bbox 1914 304 3461 369">
     <span class='ocr_line' id='line_1_2' title="bbox 1914 304 3461 369; baseline -0.006 -6"><span class='ocrx_word' id='word_1_4' title='bbox 1914 306 2149 367; x_wconf 77' lang='lat' dir='ltr'><strong>.ootun</strong></span> <span class='ocrx_word' id='word_1_5' title='bbox 2187 306 2248 362; x_wconf 89' lang='lat' dir='ltr'><strong>s.</strong></span> <span class='ocrx_word' id='word_1_6' title='bbox 2289 304 2559 363; x_wconf 64' lang='lat' dir='ltr'><strong>oneras.</strong></span> <span class='ocrx_word' id='word_1_7' title='bbox 3387 309 3461 369; x_wconf 66' lang='grc' dir='ltr'><strong>δε</strong></span> 
     </span>
    </p>
   </div>
   <div class='ocr_carea' id='block_1_3' title="bbox 211 416 3470 502">
    <p class='ocr_par' dir='ltr' id='par_1_3' title="bbox 211 416 3470 502">
     <span class='ocr_line' id='line_1_3' title="bbox 211 416 3470 502; baseline -0.002 -14"><span class='ocrx_word' id='word_1_8' title='bbox 211 436 354 488; x_wconf 87' lang='lat' dir='ltr'><strong>bone</strong></span> <span class='ocrx_word' id='word_1_9' title='bbox 413 429 668 502; x_wconf 88' lang='lat' dir='ltr'><strong>cpiscopo</strong></span> <span class='ocrx_word' id='word_1_10' title='bbox 715 427 769 481; x_wconf 89' lang='lat' dir='ltr'><strong>in</strong></span> <span class='ocrx_word' id='word_1_11' title='bbox 835 424 1177 480; x_wconf 81' lang='lat' dir='ltr'><strong>Floriaccnse</strong></span> <span class='ocrx_word' id='word_1_12' title='bbox 1239 423 1546 479; x_wconf 64' lang='lat' dir='ltr'><strong>coenobium</strong></span> <span class='ocrx_word' id='word_1_13' title='bbox 1620 420 1787 477; x_wconf 90' lang='lat' dir='ltr'><strong>fuisse</strong></span> <span class='ocrx_word' id='word_1_14' title='bbox 1814 424 1867 485; x_wconf 73' lang='grc' dir='ltr'>Α</span> <span class='ocrx_word' id='word_1_15' title='bbox 1958 420 2047 474; x_wconf 73' lang='grc'><strong>47.</strong></span> <span class='ocrx_word' id='word_1_16' title='bbox 2077 418 2283 477; x_wconf 66' lang='lat' dir='ltr'><strong>Praeter</strong></span> <span class='ocrx_word' id='word_1_17' title='bbox 2300 418 2675 484; x_wconf 88' lang='lat' dir='ltr'><strong>editos,vitam</strong></span> <span class='ocrx_word' id='word_1_18' title='bbox 2698 417 2755 476; x_wconf 87' lang='grc'><strong>8.</strong></span> <span class='ocrx_word' id='word_1_19' title='bbox 2781 416 2993 477; x_wconf 83' lang='lat' dir='ltr'><strong>Martini</strong></span> <span class='ocrx_word' id='word_1_20' title='bbox 3020 425 3257 482; x_wconf 75' lang='lat' dir='ltr'><strong>correxit</strong></span> <span class='ocrx_word' id='word_1_21' title='bbox 3279 425 3470 484; x_wconf 70' lang='lat' dir='ltr'><strong>Roma:</strong></span> 
     </span>
    </p>
   </div>
   <div class='ocr_carea' id='block_1_4' title="bbox 213 509 1793 578">
    <p class='ocr_par' dir='ltr' id='par_1_4' title="bbox 213 509 1793 578">
     <span class='ocr_line' id='line_1_4' title="bbox 213 509 1793 578; baseline -0.008 0"><span class='ocrx_word' id='word_1_22' title='bbox 213 521 543 578; x_wconf 82' lang='lat' dir='ltr'><strong>translatum</strong></span> <span class='ocrx_word' id='word_1_23' title='bbox 596 517 789 573; x_wconf 88' lang='lat' dir='ltr'><strong>asserit</strong></span> <span class='ocrx_word' id='word_1_24' title='bbox 816 515 870 570; x_wconf 87' lang='lat' dir='ltr'><strong>in</strong></span> <span class='ocrx_word' id='word_1_25' title='bbox 922 515 1016 571; x_wconf 98' lang='lat' dir='ltr'><strong>lib.</strong></span> <span class='ocrx_word' id='word_1_26' title='bbox 1070 529 1111 569; x_wconf 90' lang='grc' dir='ltr'><strong>ιι</strong></span> <span class='ocrx_word' id='word_1_27' title='bbox 1153 515 1219 570; x_wconf 88' lang='lat' dir='ltr'><strong>dc</strong></span> <span class='ocrx_word' id='word_1_28' title='bbox 1264 512 1543 568; x_wconf 80' lang='lat' dir='ltr'><strong>miraculis</strong></span> <span class='ocrx_word' id='word_1_29' title='bbox 1578 510 1637 567; x_wconf 98' lang='grc'><strong>8.</strong></span> <span class='ocrx_word' id='word_1_30' title='bbox 1690 509 1793 566; x_wconf 88' lang='lat' dir='ltr'><strong>Be-</strong></span> 
     </span>
    </p>
   </div>
   <div class='ocr_carea' id='block_1_5' title="bbox 212 610 680 681">
    <p class='ocr_par' dir='ltr' id='par_1_5' title="bbox 212 610 680 681">
     <span class='ocr_line' id='line_1_5' title="bbox 212 610 680 681; baseline -0.021 -9"><span class='ocrx_word' id='word_1_31' title='bbox 212 613 417 672; x_wconf 69' lang='lat' dir='ltr'><strong>aedicti</strong></span> <span class='ocrx_word' id='word_1_32' title='bbox 441 626 565 681; x_wconf 89' lang='lat' dir='ltr'><strong>cap.</strong></span> <span class='ocrx_word' id='word_1_33' title='bbox 594 610 680 664; x_wconf 87' lang='lat' dir='ltr'><strong>lt.</strong></span> 
     </span>
    </p>
   </div>
   <div class='ocr_carea' id='block_1_6' title="bbox 282 691 1795 763">
    <p class='ocr_par' dir='ltr' id='par_1_6' title="bbox 282 691 1795 763">
     <span class='ocr_line' id='line_1_6' title="bbox 282 691 1795 763; baseline -0.009 -4"><span class='ocrx_word' id='word_1_34' title='bbox 282 704 377 761; x_wconf 63' lang='lat'><strong>£5.</strong></span> <span class='ocrx_word' id='word_1_35' title='bbox 402 703 589 759; x_wconf 76' lang='lat' dir='ltr'><strong>Redeo</strong></span> <span class='ocrx_word' id='word_1_36' title='bbox 622 698 688 755; x_wconf 86' lang='lat' dir='ltr'><strong>ad</strong></span> <span class='ocrx_word' id='word_1_37' title='bbox 717 705 961 755; x_wconf 88' lang='lat' dir='ltr'><strong>sanctum</strong></span> <span class='ocrx_word' id='word_1_38' title='bbox 989 693 1257 757; x_wconf 87' lang='lat' dir='ltr'><strong>Odonem,</strong></span> <span class='ocrx_word' id='word_1_39' title='bbox 1278 692 1436 763; x_wconf 91' lang='lat' dir='ltr'><strong>cujus</strong></span> <span class='ocrx_word' id='word_1_40' title='bbox 1454 691 1632 748; x_wconf 91' lang='lat' dir='ltr'><strong>cultus</strong></span> <span class='ocrx_word' id='word_1_41' title='bbox 1652 692 1795 761; x_wconf 90' lang='lat' dir='ltr'><strong>apud</strong></span> 
     </span>
    </p>
   </div>
   <div class='ocr_carea' id='block_1_7' title="bbox 215 782 1787 859">
    <p class='ocr_par' dir='ltr' id='par_1_7' title="bbox 215 782 1787 859">
     <span class='ocr_line' id='line_1_7' title="bbox 215 782 1787 859; baseline -0.011 -6"><span class='ocrx_word' id='word_1_42' title='bbox 215 796 605 853; x_wconf 84' lang='lat' dir='ltr'><strong>Cluniacenses</strong></span> <span class='ocrx_word' id='word_1_43' title='bbox 632 799 882 859; x_wconf 87' lang='lat' dir='ltr'><strong>receptus</strong></span> <span class='ocrx_word' id='word_1_44' title='bbox 904 797 988 845; x_wconf 82' lang='lat' dir='ltr'><strong>est</strong></span> <span class='ocrx_word' id='word_1_45' title='bbox 1008 787 1122 859; x_wconf 88' lang='lat' dir='ltr'><strong>jam</strong></span> <span class='ocrx_word' id='word_1_46' title='bbox 1151 786 1278 841; x_wconf 88' lang='lat' dir='ltr'><strong>inde</strong></span> <span class='ocrx_word' id='word_1_47' title='bbox 1309 784 1380 839; x_wconf 91' lang='lat' dir='ltr'><strong>ab</strong></span> <span class='ocrx_word' id='word_1_48' title='bbox 1406 784 1558 839; x_wconf 87' lang='lat' dir='ltr'><strong>obitu</strong></span> <span class='ocrx_word' id='word_1_49' title='bbox 1598 782 1787 853; x_wconf 86' lang='lat' dir='ltr'><strong>ipsius,</strong></span> 
     </span>
    </p>
   </div>
   <div class='ocr_carea' id='block_1_8' title="bbox 213 876 1795 955">
    <p class='ocr_par' dir='ltr' id='par_1_8' title="bbox 213 876 1795 955">
     <span class='ocr_line' id='line_1_8' title="bbox 213 876 1795 955; baseline -0.009 -14"><span class='ocrx_word' id='word_1_50' title='bbox 213 897 271 941; x_wconf 88' lang='lat' dir='ltr'><strong>et</strong></span> <span class='ocrx_word' id='word_1_51' title='bbox 326 884 549 955; x_wconf 87' lang='lat' dir='ltr'><strong>quidem</strong></span> <span class='ocrx_word' id='word_1_52' title='bbox 602 896 699 937; x_wconf 78' lang='lat' dir='ltr'><strong>xm</strong></span> <span class='ocrx_word' id='word_1_53' title='bbox 753 878 871 936; x_wconf 83' lang='lat' dir='ltr'><strong>Kal.</strong></span> <span class='ocrx_word' id='word_1_54' title='bbox 913 876 1245 941; x_wconf 80' lang='lat' dir='ltr'><strong>Decembris,</strong></span> <span class='ocrx_word' id='word_1_55' title='bbox 1294 883 1517 946; x_wconf 85' lang='lat' dir='ltr'><strong>propter</strong></span> <span class='ocrx_word' id='word_1_56' title='bbox 1546 882 1795 929; x_wconf 92' lang='lat' dir='ltr'><strong>octavam</strong></span> 
     </span>
    </p>
   </div>
   <div class='ocr_carea' id='block_1_9' title="bbox 216 961 1794 1040">
    <p class='ocr_par' dir='ltr' id='par_1_9' title="bbox 216 961 1794 1040">
     <span class='ocr_line' id='line_1_9' title="bbox 216 961 1794 1040; baseline -0.01 -8"><span class='ocrx_word' id='word_1_57' title='bbox 216 976 390 1032; x_wconf 89' lang='lat' dir='ltr'><strong>sancti</strong></span> <span class='ocrx_word' id='word_1_58' title='bbox 420 972 659 1038; x_wconf 76' lang='lat' dir='ltr'><strong>Martini,</strong></span> <span class='ocrx_word' id='word_1_59' title='bbox 685 972 738 1026; x_wconf 93' lang='lat' dir='ltr'><strong>in</strong></span> <span class='ocrx_word' id='word_1_60' title='bbox 766 985 931 1040; x_wconf 90' lang='lat' dir='ltr'><strong>quam</strong></span> <span class='ocrx_word' id='word_1_61' title='bbox 951 968 1137 1024; x_wconf 88' lang='lat' dir='ltr'><strong>incidit</strong></span> <span class='ocrx_word' id='word_1_62' title='bbox 1170 965 1290 1035; x_wconf 87' lang='lat' dir='ltr'><strong>ejus</strong></span> <span class='ocrx_word' id='word_1_63' title='bbox 1328 966 1520 1021; x_wconf 90' lang='lat' dir='ltr'><strong>mortis</strong></span> <span class='ocrx_word' id='word_1_64' title='bbox 1547 963 1680 1019; x_wconf 91' lang='lat' dir='ltr'><strong>dies.</strong></span> <span class='ocrx_word' id='word_1_65' title='bbox 1713 961 1794 1018; x_wconf 92' lang='lat' dir='ltr'><strong>0b</strong></span> 
     </span>
    </p>
   </div>
   <div class='ocr_carea' id='block_1_10' title="bbox 218 1052 1798 1134">
    <p class='ocr_par' dir='ltr' id='par_1_10' title="bbox 218 1052 1798 1134">
     <span class='ocr_line' id='line_1_10' title="bbox 218 1052 1798 1134; baseline -0.009 -14"><span class='ocrx_word' id='word_1_66' title='bbox 218 1079 338 1122; x_wconf 82' lang='lat' dir='ltr'><strong>eam</strong></span> <span class='ocrx_word' id='word_1_67' title='bbox 366 1065 449 1134; x_wconf 94' lang='lat' dir='ltr'><strong>(ut</strong></span> <span class='ocrx_word' id='word_1_68' title='bbox 474 1063 623 1134; x_wconf 92' lang='lat' dir='ltr'><strong>puto)</strong></span> <span class='ocrx_word' id='word_1_69' title='bbox 646 1062 908 1117; x_wconf 89' lang='lat' dir='ltr'><strong>rationem</strong></span> <span class='ocrx_word' id='word_1_70' title='bbox 945 1073 1010 1113; x_wconf 91' lang='lat' dir='ltr'><strong>ea</strong></span> <span class='ocrx_word' id='word_1_71' title='bbox 1040 1057 1127 1114; x_wconf 91' lang='lat' dir='ltr'><strong>die</strong></span> <span class='ocrx_word' id='word_1_72' title='bbox 1163 1064 1496 1128; x_wconf 77' lang='lat' dir='ltr'><strong>memoratur</strong></span> <span class='ocrx_word' id='word_1_73' title='bbox 1520 1055 1575 1110; x_wconf 89' lang='lat' dir='ltr'><strong>in</strong></span> <span class='ocrx_word' id='word_1_74' title='bbox 1596 1052 1798 1125; x_wconf 80' lang='lat' dir='ltr'><strong>Marty-</strong></span> 
     </span>
    </p>
   </div>
   <div class='ocr_carea' id='block_1_11' title="bbox 218 1143 1799 1224">
    <p class='ocr_par' dir='ltr' id='par_1_11' title="bbox 218 1143 1799 1224">
     <span class='ocr_line' id='line_1_11' title="bbox 218 1143 1799 1224; baseline -0.007 -16"><span class='ocrx_word' id='word_1_75' title='bbox 218 1153 440 1224; x_wconf 82' lang='lat' dir='ltr'><strong>rologiis</strong></span> <span class='ocrx_word' id='word_1_76' title='bbox 482 1150 782 1207; x_wconf 82' lang='lat' dir='ltr'><strong>Brivatensi</strong></span> <span class='ocrx_word' id='word_1_77' title='bbox 813 1164 916 1204; x_wconf 92' lang='lat' dir='ltr'><strong>ms.</strong></span> <span class='ocrx_word' id='word_1_78' title='bbox 966 1156 1022 1203; x_wconf 88' lang='lat' dir='ltr'><strong>et</strong></span> <span class='ocrx_word' id='word_1_79' title='bbox 1069 1146 1389 1217; x_wconf 89' lang='lat' dir='ltr'><strong>quibusdam</strong></span> <span class='ocrx_word' id='word_1_80' title='bbox 1441 1145 1581 1201; x_wconf 89' lang='lat' dir='ltr'><strong>aliis.</strong></span> <span class='ocrx_word' id='word_1_81' title='bbox 1641 1143 1799 1214; x_wconf 83' lang='lat' dir='ltr'><strong>Apud</strong></span> 
     </span>
    </p>
   </div>
   <div class='ocr_carea' id='block_1_12' title="bbox 224 1234 1798 1299">
    <p class='ocr_par' dir='ltr' id='par_1_12' title="bbox 224 1234 1798 1299">
     <span class='ocr_line' id='line_1_12' title="bbox 224 1234 1798 1299; baseline -0.006 0"><span class='ocrx_word' id='word_1_82' title='bbox 224 1242 536 1299; x_wconf 86' lang='lat' dir='ltr'><strong>Udalricum</strong></span> <span class='ocrx_word' id='word_1_83' title='bbox 585 1242 638 1296; x_wconf 88' lang='lat' dir='ltr'><strong>in</strong></span> <span class='ocrx_word' id='word_1_84' title='bbox 680 1241 775 1296; x_wconf 86' lang='lat' dir='ltr'><strong>lib.</strong></span> <span class='ocrx_word' id='word_1_85' title='bbox 803 1255 822 1294; x_wconf 90' lang='grc' dir='ltr'><strong>ι</strong></span> <span class='ocrx_word' id='word_1_86' title='bbox 864 1236 1311 1295; x_wconf 71' lang='lat' dir='ltr'><strong>consuetudinum</strong></span> <span class='ocrx_word' id='word_1_87' title='bbox 1362 1234 1798 1291; x_wconf 81' lang='lat' dir='ltr'><strong>Cluniacensium</strong></span> 
     </span>
    </p>
   </div>
   <div class='ocr_carea' id='block_1_13' title="bbox 222 1324 1799 1402">
    <p class='ocr_par' dir='ltr' id='par_1_13' title="bbox 222 1324 1799 1402">
     <span class='ocr_line' id='line_1_13' title="bbox 222 1324 1799 1402; baseline -0.008 -15"><span class='ocrx_word' id='word_1_88' title='bbox 222 1347 338 1402; x_wconf 92' lang='lat' dir='ltr'><strong>cap.</strong></span> <span class='ocrx_word' id='word_1_89' title='bbox 367 1332 458 1397; x_wconf 82' lang='grc'><strong>11,</strong></span> <span class='ocrx_word' id='word_1_90' title='bbox 490 1330 585 1385; x_wconf 90' lang='lat' dir='ltr'><strong>ubi</strong></span> <span class='ocrx_word' id='word_1_91' title='bbox 615 1330 840 1385; x_wconf 77' lang='lat' dir='ltr'><strong>diversa:</strong></span> <span class='ocrx_word' id='word_1_92' title='bbox 865 1344 961 1399; x_wconf 88' lang='lat' dir='ltr'><strong>per</strong></span> <span class='ocrx_word' id='word_1_93' title='bbox 989 1341 1188 1381; x_wconf 87' lang='lat' dir='ltr'><strong>annum</strong></span> <span class='ocrx_word' id='word_1_94' title='bbox 1220 1324 1590 1381; x_wconf 87' lang='lat' dir='ltr'><strong>solemnitates</strong></span> <span class='ocrx_word' id='word_1_95' title='bbox 1612 1337 1799 1379; x_wconf 87' lang='lat' dir='ltr'><strong>recen-</strong></span> 
     </span>
    </p>
   </div>
   <div class='ocr_carea' id='block_1_14' title="bbox 224 1414 1801 1489">
    <p class='ocr_par' dir='ltr' id='par_1_14' title="bbox 224 1414 1801 1489">
     <span class='ocr_line' id='line_1_14' title="bbox 224 1414 1801 1489; baseline -0.008 -11"><span class='ocrx_word' id='word_1_96' title='bbox 224 1431 433 1487; x_wconf 85' lang='lat' dir='ltr'><strong>sentur,</strong></span> <span class='ocrx_word' id='word_1_97' title='bbox 464 1438 484 1471; x_wconf 79' lang='lat' dir='ltr'><strong>t</strong></span> <span class='ocrx_word' id='word_1_98' title='bbox 520 1419 793 1489; x_wconf 86' lang='lat' dir='ltr'><strong>depositio</strong></span> <span class='ocrx_word' id='word_1_99' title='bbox 821 1419 995 1475; x_wconf 82' lang='lat' dir='ltr'><strong>sancti</strong></span> <span class='ocrx_word' id='word_1_100' title='bbox 1026 1416 1229 1473; x_wconf 88' lang='lat' dir='ltr'><strong>Odonis</strong></span> <span class='ocrx_word' id='word_1_101' title='bbox 1263 1435 1280 1467; x_wconf 78' lang='grc' dir='ltr'><strong>ι</strong></span> <span class='ocrx_word' id='word_1_102' title='bbox 1312 1423 1631 1470; x_wconf 80' lang='lat' dir='ltr'><strong>numeratur</strong></span> <span class='ocrx_word' id='word_1_103' title='bbox 1658 1414 1801 1467; x_wconf 88' lang='lat' dir='ltr'><strong>inter</strong></span> 
     </span>
    </p>
   </div>
   <div class='ocr_carea' id='block_1_15' title="bbox 226 1503 1803 1580">
    <p class='ocr_par' dir='ltr' id='par_1_15' title="bbox 226 1503 1803 1580">
     <span class='ocr_line' id='line_1_15' title="bbox 226 1503 1803 1580; baseline -0.005 -14"><span class='ocrx_word' id='word_1_104' title='bbox 226 1526 335 1575; x_wconf 89' lang='lat' dir='ltr'><strong>eas,</strong></span> <span class='ocrx_word' id='word_1_105' title='bbox 364 1526 490 1580; x_wconf 67' lang='lat' dir='ltr'><strong>quae</strong></span> <span class='ocrx_word' id='word_1_106' title='bbox 529 1528 549 1562; x_wconf 75' lang='grc' dir='ltr'><strong>ι</strong></span> <span class='ocrx_word' id='word_1_107' title='bbox 598 1511 653 1564; x_wconf 91' lang='lat' dir='ltr'><strong>in</strong></span> <span class='ocrx_word' id='word_1_108' title='bbox 686 1509 824 1565; x_wconf 84' lang='lat' dir='ltr'><strong>albis</strong></span> <span class='ocrx_word' id='word_1_109' title='bbox 848 1528 869 1562; x_wconf 75' lang='grc' dir='ltr'><strong>ι</strong></span> <span class='ocrx_word' id='word_1_110' title='bbox 906 1509 1178 1565; x_wconf 90' lang='lat' dir='ltr'><strong>coluntur.</strong></span> <span class='ocrx_word' id='word_1_111' title='bbox 1209 1504 1517 1562; x_wconf 80' lang='lat' dir='ltr'><strong>llonorifica</strong></span> <span class='ocrx_word' id='word_1_112' title='bbox 1545 1503 1661 1574; x_wconf 86' lang='lat' dir='ltr'><strong>ejus</strong></span> <span class='ocrx_word' id='word_1_113' title='bbox 1689 1517 1803 1558; x_wconf 86' lang='lat' dir='ltr'><strong>me-</strong></span> 
     </span>
    </p>
   </div>
   <div class='ocr_carea' id='block_1_16' title="bbox 226 1593 1805 1670">
    <p class='ocr_par' dir='ltr' id='par_1_16' title="bbox 226 1593 1805 1670">
     <span class='ocr_line' id='line_1_16' title="bbox 226 1593 1805 1670; baseline -0.005 -15"><span class='ocrx_word' id='word_1_114' title='bbox 226 1603 398 1656; x_wconf 88' lang='lat' dir='ltr'><strong>moria</strong></span> <span class='ocrx_word' id='word_1_115' title='bbox 423 1601 655 1656; x_wconf 89' lang='lat' dir='ltr'><strong>habetur</strong></span> <span class='ocrx_word' id='word_1_116' title='bbox 691 1601 747 1655; x_wconf 88' lang='lat' dir='ltr'><strong>in</strong></span> <span class='ocrx_word' id='word_1_117' title='bbox 794 1597 1222 1670; x_wconf 79' lang='lat' dir='ltr'><strong>Martyrologiis,</strong></span> <span class='ocrx_word' id='word_1_118' title='bbox 1272 1596 1538 1661; x_wconf 82' lang='lat' dir='ltr'><strong>Romano,</strong></span> <span class='ocrx_word' id='word_1_119' title='bbox 1580 1593 1805 1649; x_wconf 81' lang='lat' dir='ltr'><strong>Benedi-</strong></span> 
     </span>
    </p>
   </div>
   <div class='ocr_carea' id='block_1_17' title="bbox 228 1686 1801 1759">
    <p class='ocr_par' dir='ltr' id='par_1_17' title="bbox 228 1686 1801 1759">
     <span class='ocr_line' id='line_1_17' title="bbox 228 1686 1801 1759; baseline -0.005 -11"><span class='ocrx_word' id='word_1_120' title='bbox 228 1694 394 1759; x_wconf 89' lang='lat' dir='ltr'><strong>ctino,</strong></span> <span class='ocrx_word' id='word_1_121' title='bbox 424 1701 498 1758; x_wconf 89' lang='lat' dir='ltr'><strong>et,</strong></span> <span class='ocrx_word' id='word_1_122' title='bbox 528 1701 590 1748; x_wconf 92' lang='lat' dir='ltr'><strong>ut</strong></span> <span class='ocrx_word' id='word_1_123' title='bbox 616 1692 719 1746; x_wconf 91' lang='lat' dir='ltr'><strong>alia</strong></span> <span class='ocrx_word' id='word_1_124' title='bbox 746 1692 1017 1756; x_wconf 90' lang='lat' dir='ltr'><strong>omittam,</strong></span> <span class='ocrx_word' id='word_1_125' title='bbox 1048 1690 1103 1745; x_wconf 90' lang='lat' dir='ltr'><strong>in</strong></span> <span class='ocrx_word' id='word_1_126' title='bbox 1127 1689 1424 1754; x_wconf 83' lang='lat' dir='ltr'><strong>Gallicana,</strong></span> <span class='ocrx_word' id='word_1_127' title='bbox 1468 1686 1524 1743; x_wconf 88' lang='lat' dir='ltr'><strong>in</strong></span> <span class='ocrx_word' id='word_1_128' title='bbox 1567 1701 1677 1757; x_wconf 93' lang='lat' dir='ltr'><strong>quo</strong></span> <span class='ocrx_word' id='word_1_129' title='bbox 1718 1693 1801 1741; x_wconf 89' lang='lat' dir='ltr'><strong>ter</strong></span> 
     </span>
    </p>
   </div>
   <div class='ocr_carea' id='block_1_18' title="bbox 1893 508 3472 584">
    <p class='ocr_par' dir='ltr' id='par_1_18' title="bbox 1893 508 3472 584">
     <span class='ocr_line' id='line_1_18' title="bbox 1893 508 3472 584; baseline 0.006 -19"><span class='ocrx_word' id='word_1_130' title='bbox 1893 511 2036 579; x_wconf 86' lang='lat' dir='ltr'><strong>apud</strong></span> <span class='ocrx_word' id='word_1_131' title='bbox 2065 509 2124 563; x_wconf 89' lang='grc'><strong>8.</strong></span> <span class='ocrx_word' id='word_1_132' title='bbox 2155 508 2401 570; x_wconf 83' lang='lat' dir='ltr'><strong>Paulum,</strong></span> <span class='ocrx_word' id='word_1_133' title='bbox 2428 524 2657 581; x_wconf 83' lang='lat' dir='ltr'><strong>eamque</strong></span> <span class='ocrx_word' id='word_1_134' title='bbox 2677 509 2930 580; x_wconf 88' lang='lat' dir='ltr'><strong>glossulis</strong></span> <span class='ocrx_word' id='word_1_135' title='bbox 2965 514 3278 584; x_wconf 79' lang='lat' dir='ltr'><strong>explanavit</strong></span> <span class='ocrx_word' id='word_1_136' title='bbox 3328 525 3472 576; x_wconf 82' lang='lat' dir='ltr'><strong>teste</strong></span> 
     </span>
    </p>
   </div>
   <div class='ocr_carea' id='block_1_19' title="bbox 1892 595 3469 677">
    <p class='ocr_par' dir='ltr' id='par_1_19' title="bbox 1892 595 3469 677">
     <span class='ocr_line' id='line_1_19' title="bbox 1892 595 3469 677; baseline 0.007 -24"><span class='ocrx_word' id='word_1_137' title='bbox 1892 595 2099 653; x_wconf 80' lang='lat' dir='ltr'><strong>Joanne</strong></span> <span class='ocrx_word' id='word_1_138' title='bbox 2127 599 2181 652; x_wconf 92' lang='lat' dir='ltr'><strong>in</strong></span> <span class='ocrx_word' id='word_1_139' title='bbox 2214 598 2307 653; x_wconf 92' lang='lat' dir='ltr'><strong>lib.</strong></span> <span class='ocrx_word' id='word_1_140' title='bbox 2342 614 2404 665; x_wconf 89' lang='grc' dir='ltr'>ιι,</span> <span class='ocrx_word' id='word_1_141' title='bbox 2432 615 2577 654; x_wconf 84' lang='grc' dir='ltr'>ιιιιιιι.</span> <span class='ocrx_word' id='word_1_142' title='bbox 2606 599 2701 665; x_wconf 76' lang='grc'><strong>22,</strong></span> <span class='ocrx_word' id='word_1_143' title='bbox 2730 599 2872 657; x_wconf 86' lang='lat' dir='ltr'><strong>Idem</strong></span> <span class='ocrx_word' id='word_1_144' title='bbox 2902 612 3097 659; x_wconf 82' lang='lat' dir='ltr'><strong>auctor</strong></span> <span class='ocrx_word' id='word_1_145' title='bbox 3141 605 3195 660; x_wconf 89' lang='lat' dir='ltr'><strong>in</strong></span> <span class='ocrx_word' id='word_1_146' title='bbox 3242 605 3341 662; x_wconf 90' lang='lat' dir='ltr'><strong>lib.</strong></span> <span class='ocrx_word' id='word_1_147' title='bbox 3382 621 3469 677; x_wconf 83' lang='lat' dir='ltr'><strong>tu,</strong></span> 
     </span>
    </p>
   </div>
   <div class='ocr_carea' id='block_1_20' title="bbox 1893 688 3472 757">
    <p class='ocr_par' dir='ltr' id='par_1_20' title="bbox 1893 688 3472 757">
     <span class='ocr_line' id='line_1_20' title="bbox 1893 688 3472 757; baseline 0.009 -14"><span class='ocrx_word' id='word_1_148' title='bbox 1893 702 2045 743; x_wconf 88' lang='lat' dir='ltr'><strong>num.</strong></span> <span class='ocrx_word' id='word_1_149' title='bbox 2077 688 2166 752; x_wconf 81' lang='grc'><strong>11,</strong></span> <span class='ocrx_word' id='word_1_150' title='bbox 2188 689 2516 744; x_wconf 83' lang='lat' dir='ltr'><strong>mentionem</strong></span> <span class='ocrx_word' id='word_1_151' title='bbox 2540 688 2671 746; x_wconf 81' lang='lat' dir='ltr'><strong>facit</strong></span> <span class='ocrx_word' id='word_1_152' title='bbox 2689 690 2813 746; x_wconf 88' lang='lat' dir='ltr'><strong>libri</strong></span> <span class='ocrx_word' id='word_1_153' title='bbox 2837 692 2905 747; x_wconf 88' lang='lat' dir='ltr'><strong>de</strong></span> <span class='ocrx_word' id='word_1_154' title='bbox 2927 691 3162 750; x_wconf 90' lang='lat' dir='ltr'><strong>adventu</strong></span> <span class='ocrx_word' id='word_1_155' title='bbox 3202 695 3262 752; x_wconf 91' lang='lat' dir='ltr'><strong>S.</strong></span> <span class='ocrx_word' id='word_1_156' title='bbox 3293 696 3472 757; x_wconf 71' lang='lat' dir='ltr'><strong>Bent:-</strong></span> 
     </span>
    </p>
   </div>
   <div class='ocr_carea' id='block_1_21' title="bbox 1894 778 3471 855">
    <p class='ocr_par' dir='ltr' id='par_1_21' title="bbox 1894 778 3471 855">
     <span class='ocr_line' id='line_1_21' title="bbox 1894 778 3471 855; baseline 0.009 -22"><span class='ocrx_word' id='word_1_157' title='bbox 1894 778 2024 834; x_wconf 90' lang='lat' dir='ltr'><strong>dicti</strong></span> <span class='ocrx_word' id='word_1_158' title='bbox 2053 779 2108 834; x_wconf 92' lang='lat' dir='ltr'><strong>in</strong></span> <span class='ocrx_word' id='word_1_159' title='bbox 2142 795 2338 851; x_wconf 90' lang='lat' dir='ltr'><strong>pagum</strong></span> <span class='ocrx_word' id='word_1_160' title='bbox 2373 780 2838 849; x_wconf 83' lang='lat' dir='ltr'><strong>Aurelianeusem,</strong></span> <span class='ocrx_word' id='word_1_161' title='bbox 2868 800 3031 855; x_wconf 86' lang='lat' dir='ltr'><strong>quem</strong></span> <span class='ocrx_word' id='word_1_162' title='bbox 3073 786 3271 844; x_wconf 89' lang='lat' dir='ltr'><strong>librum</strong></span> <span class='ocrx_word' id='word_1_163' title='bbox 3316 792 3471 847; x_wconf 76' lang='lat' dir='ltr'><strong>exci-</strong></span> 
     </span>
    </p>
   </div>
   <div class='ocr_carea' id='block_1_22' title="bbox 1896 869 3473 948">
    <p class='ocr_par' dir='ltr' id='par_1_22' title="bbox 1896 869 3473 948">
     <span class='ocr_line' id='line_1_22' title="bbox 1896 869 3473 948; baseline 0.009 -24"><span class='ocrx_word' id='word_1_164' title='bbox 1896 869 2039 924; x_wconf 87' lang='lat' dir='ltr'><strong>disse</strong></span> <span class='ocrx_word' id='word_1_165' title='bbox 2063 870 2326 926; x_wconf 80' lang='lat' dir='ltr'><strong>dolemus.</strong></span> <span class='ocrx_word' id='word_1_166' title='bbox 2352 871 2592 928; x_wconf 87' lang='lat' dir='ltr'><strong>Libellus</strong></span> <span class='ocrx_word' id='word_1_167' title='bbox 2615 875 2682 928; x_wconf 92' lang='lat' dir='ltr'><strong>de</strong></span> <span class='ocrx_word' id='word_1_168' title='bbox 2719 875 2831 930; x_wconf 90' lang='lat' dir='ltr'><strong>vita</strong></span> <span class='ocrx_word' id='word_1_169' title='bbox 2871 876 3118 948; x_wconf 76' lang='lat' dir='ltr'><strong>Gregorii</strong></span> <span class='ocrx_word' id='word_1_170' title='bbox 3142 879 3473 938; x_wconf 84' lang='lat' dir='ltr'><strong>Turonensis</strong></span> 
     </span>
    </p>
   </div>
   <div class='ocr_carea' id='block_1_23' title="bbox 1894 961 3475 1037">
    <p class='ocr_par' dir='ltr' id='par_1_23' title="bbox 1894 961 3475 1037">
     <span class='ocr_line' id='line_1_23' title="bbox 1894 961 3475 1037; baseline 0.009 -22"><span class='ocrx_word' id='word_1_171' title='bbox 1894 961 2152 1032; x_wconf 91' lang='lat' dir='ltr'><strong>episcopi,</strong></span> <span class='ocrx_word' id='word_1_172' title='bbox 2179 961 2356 1032; x_wconf 91' lang='lat' dir='ltr'><strong>qualis</strong></span> <span class='ocrx_word' id='word_1_173' title='bbox 2382 965 2524 1032; x_wconf 85' lang='lat' dir='ltr'><strong>apud</strong></span> <span class='ocrx_word' id='word_1_174' title='bbox 2574 965 2795 1021; x_wconf 89' lang='lat' dir='ltr'><strong>Surium</strong></span> <span class='ocrx_word' id='word_1_175' title='bbox 2842 968 3021 1024; x_wconf 89' lang='lat' dir='ltr'><strong>editus</strong></span> <span class='ocrx_word' id='word_1_176' title='bbox 3070 979 3178 1037; x_wconf 87' lang='lat' dir='ltr'><strong>est,</strong></span> <span class='ocrx_word' id='word_1_177' title='bbox 3226 991 3244 1024; x_wconf 79' lang='grc' dir='ltr'><strong>ι</strong></span> <span class='ocrx_word' id='word_1_178' title='bbox 3299 972 3475 1029; x_wconf 82' lang='lat' dir='ltr'><strong>Odoni</strong></span> 
     </span>
    </p>
   </div>
   <div class='ocr_carea' id='block_1_24' title="bbox 1897 1052 3475 1120">
    <p class='ocr_par' dir='ltr' id='par_1_24' title="bbox 1897 1052 3475 1120">
     <span class='ocr_line' id='line_1_24' title="bbox 1897 1052 3475 1120; baseline 0.009 -14"><span class='ocrx_word' id='word_1_179' title='bbox 1897 1052 2080 1106; x_wconf 86' lang='lat' dir='ltr'><strong>abbati</strong></span> <span class='ocrx_word' id='word_1_180' title='bbox 2123 1072 2142 1104; x_wconf 75' lang='grc' dir='ltr'><strong>ι</strong></span> <span class='ocrx_word' id='word_1_181' title='bbox 2184 1053 2439 1110; x_wconf 88' lang='lat' dir='ltr'><strong>tribuitur</strong></span> <span class='ocrx_word' id='word_1_182' title='bbox 2484 1055 2537 1109; x_wconf 91' lang='lat' dir='ltr'><strong>in</strong></span> <span class='ocrx_word' id='word_1_183' title='bbox 2574 1057 2845 1112; x_wconf 89' lang='lat' dir='ltr'><strong>nonnullis</strong></span> <span class='ocrx_word' id='word_1_184' title='bbox 2881 1060 3160 1116; x_wconf 88' lang='lat' dir='ltr'><strong>codicibus</strong></span> <span class='ocrx_word' id='word_1_185' title='bbox 3181 1078 3314 1118; x_wconf 89' lang='lat' dir='ltr'><strong>mss.</strong></span> <span class='ocrx_word' id='word_1_186' title='bbox 3347 1063 3475 1120; x_wconf 62' lang='lat' dir='ltr'><strong>Haec</strong></span> 
     </span>
    </p>
   </div>
   <div class='ocr_carea' id='block_1_25' title="bbox 1897 1142 3475 1222">
    <p class='ocr_par' dir='ltr' id='par_1_25' title="bbox 1897 1142 3475 1222">
     <span class='ocr_line' id='line_1_25' title="bbox 1897 1142 3475 1222; baseline 0.008 -27"><span class='ocrx_word' id='word_1_187' title='bbox 1897 1142 2010 1196; x_wconf 86' lang='lat' dir='ltr'><strong>vita</strong></span> <span class='ocrx_word' id='word_1_188' title='bbox 2043 1143 2124 1197; x_wconf 91' lang='lat' dir='ltr'><strong>sic</strong></span> <span class='ocrx_word' id='word_1_189' title='bbox 2152 1143 2469 1199; x_wconf 88' lang='lat' dir='ltr'><strong>inscribitur</strong></span> <span class='ocrx_word' id='word_1_190' title='bbox 2493 1145 2546 1199; x_wconf 88' lang='lat' dir='ltr'><strong>in</strong></span> <span class='ocrx_word' id='word_1_191' title='bbox 2572 1148 2761 1201; x_wconf 84' lang='lat' dir='ltr'><strong>codice</strong></span> <span class='ocrx_word' id='word_1_192' title='bbox 2808 1146 2867 1202; x_wconf 92' lang='grc'><strong>8.</strong></span> <span class='ocrx_word' id='word_1_193' title='bbox 2893 1142 3088 1219; x_wconf 82' lang='lat' dir='ltr'><strong>&#39;Sergii</strong></span> <span class='ocrx_word' id='word_1_194' title='bbox 3120 1150 3475 1222; x_wconf 80' lang='lat' dir='ltr'><strong>Andegaven-</strong></span> 
     </span>
    </p>
   </div>
   <div class='ocr_carea' id='block_1_26' title="bbox 1897 1231 3474 1309">
    <p class='ocr_par' dir='ltr' id='par_1_26' title="bbox 1897 1231 3474 1309">
     <span class='ocr_line' id='line_1_26' title="bbox 1897 1231 3474 1309; baseline 0.006 -23"><span class='ocrx_word' id='word_1_195' title='bbox 1897 1231 2018 1287; x_wconf 80' lang='lat' dir='ltr'><strong>sis:</strong></span> <span class='ocrx_word' id='word_1_196' title='bbox 2048 1249 2067 1282; x_wconf 81' lang='grc' dir='ltr'><strong>ι</strong></span> <span class='ocrx_word' id='word_1_197' title='bbox 2104 1231 2363 1303; x_wconf 76' lang='lat' dir='ltr'><strong>Prologus</strong></span> <span class='ocrx_word' id='word_1_198' title='bbox 2389 1233 2443 1287; x_wconf 91' lang='lat' dir='ltr'><strong>in</strong></span> <span class='ocrx_word' id='word_1_199' title='bbox 2470 1233 2635 1288; x_wconf 85' lang='lat' dir='ltr'><strong>vitam</strong></span> <span class='ocrx_word' id='word_1_200' title='bbox 2682 1236 2859 1291; x_wconf 86' lang='lat' dir='ltr'><strong>sancti</strong></span> <span class='ocrx_word' id='word_1_201' title='bbox 2904 1237 3175 1309; x_wconf 83' lang='lat' dir='ltr'><strong>Gregorii.</strong></span> <span class='ocrx_word' id='word_1_202' title='bbox 3222 1238 3474 1296; x_wconf 85' lang='lat' dir='ltr'><strong>Omnium</strong></span> 
     </span>
    </p>
   </div>
   <div class='ocr_carea' id='block_1_27' title="bbox 1898 1321 3483 1398">
    <p class='ocr_par' dir='ltr' id='par_1_27' title="bbox 1898 1321 3483 1398">
     <span class='ocr_line' id='line_1_27' title="bbox 1898 1321 3483 1398; baseline 0.009 -26"><span class='ocrx_word' id='word_1_203' title='bbox 1898 1321 2114 1390; x_wconf 90' lang='lat' dir='ltr'><strong>quidem</strong></span> <span class='ocrx_word' id='word_1_204' title='bbox 2142 1331 2476 1388; x_wconf 89' lang='lat' dir='ltr'><strong>sanctorum,</strong></span> <span class='ocrx_word' id='word_1_205' title='bbox 2520 1342 2540 1374; x_wconf 74' lang='grc' dir='ltr'><strong>ι</strong></span> <span class='ocrx_word' id='word_1_206' title='bbox 2570 1333 2674 1380; x_wconf 88' lang='lat' dir='ltr'><strong>etc.</strong></span> <span class='ocrx_word' id='word_1_207' title='bbox 2718 1334 2773 1381; x_wconf 92' lang='lat' dir='ltr'><strong>et</strong></span> <span class='ocrx_word' id='word_1_208' title='bbox 2815 1335 2937 1395; x_wconf 91' lang='lat' dir='ltr'><strong>post</strong></span> <span class='ocrx_word' id='word_1_209' title='bbox 2974 1328 3256 1398; x_wconf 83' lang='lat' dir='ltr'><strong>prologum</strong></span> <span class='ocrx_word' id='word_1_210' title='bbox 3290 1347 3304 1383; x_wconf 89' lang='lat'>:</span> <span class='ocrx_word' id='word_1_211' title='bbox 3340 1348 3359 1382; x_wconf 76' lang='grc' dir='ltr'><strong>ι</strong></span> <span class='ocrx_word' id='word_1_212' title='bbox 3391 1330 3483 1385; x_wconf 84' lang='lat' dir='ltr'><strong>ln-</strong></span> 
     </span>
    </p>
   </div>
   <div class='ocr_carea' id='block_1_28' title="bbox 1899 1409 3481 1483">
    <p class='ocr_par' dir='ltr' id='par_1_28' title="bbox 1899 1409 3481 1483">
     <span class='ocr_line' id='line_1_28' title="bbox 1899 1409 3481 1483; baseline 0.006 -18"><span class='ocrx_word' id='word_1_213' title='bbox 1899 1409 2030 1480; x_wconf 90' lang='lat' dir='ltr'><strong>cipit</strong></span> <span class='ocrx_word' id='word_1_214' title='bbox 2063 1410 2170 1464; x_wconf 87' lang='lat' dir='ltr'><strong>vita</strong></span> <span class='ocrx_word' id='word_1_215' title='bbox 2195 1411 2251 1465; x_wconf 90' lang='lat' dir='ltr'><strong>S.</strong></span> <span class='ocrx_word' id='word_1_216' title='bbox 2290 1410 2535 1482; x_wconf 81' lang='lat' dir='ltr'><strong>Gregorii</strong></span> <span class='ocrx_word' id='word_1_217' title='bbox 2562 1414 2797 1483; x_wconf 90' lang='lat' dir='ltr'><strong>episcopi</strong></span> <span class='ocrx_word' id='word_1_218' title='bbox 2824 1414 3155 1473; x_wconf 82' lang='lat' dir='ltr'><strong>Turonensis</strong></span> <span class='ocrx_word' id='word_1_219' title='bbox 3188 1418 3257 1473; x_wconf 88' lang='lat' dir='ltr'><strong>ab</strong></span> <span class='ocrx_word' id='word_1_220' title='bbox 3291 1417 3481 1475; x_wconf 82' lang='lat' dir='ltr'><strong>Odone</strong></span> 
     </span>
    </p>
   </div>
   <div class='ocr_carea' id='block_1_29' title="bbox 1900 1498 3481 1572">
    <p class='ocr_par' dir='ltr' id='par_1_29' title="bbox 1900 1498 3481 1572">
     <span class='ocr_line' id='line_1_29' title="bbox 1900 1498 3481 1572; baseline 0.006 -18"><span class='ocrx_word' id='word_1_221' title='bbox 1900 1500 2064 1554; x_wconf 90' lang='lat' dir='ltr'><strong>edita.</strong></span> <span class='ocrx_word' id='word_1_222' title='bbox 2093 1498 2386 1570; x_wconf 84' lang='lat' dir='ltr'><strong>Gregorius</strong></span> <span class='ocrx_word' id='word_1_223' title='bbox 2406 1500 2611 1557; x_wconf 88' lang='lat' dir='ltr'><strong>Celtico</strong></span> <span class='ocrx_word' id='word_1_224' title='bbox 2637 1502 2933 1559; x_wconf 89' lang='lat' dir='ltr'><strong>Galliarum</strong></span> <span class='ocrx_word' id='word_1_225' title='bbox 2960 1515 3159 1572; x_wconf 87' lang='lat' dir='ltr'><strong>tractu,</strong></span> <span class='ocrx_word' id='word_1_226' title='bbox 3198 1526 3217 1560; x_wconf 78' lang='grc' dir='ltr'><strong>ι</strong></span> <span class='ocrx_word' id='word_1_227' title='bbox 3247 1516 3356 1564; x_wconf 89' lang='lat' dir='ltr'><strong>etc.</strong></span> <span class='ocrx_word' id='word_1_228' title='bbox 3408 1506 3481 1565; x_wconf 93' lang='lat' dir='ltr'><strong>Ut</strong></span> 
     </span>
    </p>
   </div>
   <div class='ocr_carea' id='block_1_30' title="bbox 1900 1588 3480 1664">
    <p class='ocr_par' dir='ltr' id='par_1_30' title="bbox 1900 1588 3480 1664">
     <span class='ocr_line' id='line_1_30' title="bbox 1900 1588 3480 1664; baseline 0.008 -20"><span class='ocrx_word' id='word_1_229' title='bbox 1900 1588 2046 1646; x_wconf 86' lang='lat' dir='ltr'><strong>hunc</strong></span> <span class='ocrx_word' id='word_1_230' title='bbox 2071 1590 2310 1647; x_wconf 85' lang='lat' dir='ltr'><strong>libellum</strong></span> <span class='ocrx_word' id='word_1_231' title='bbox 2339 1592 2511 1649; x_wconf 89' lang='lat' dir='ltr'><strong>Odoni</strong></span> <span class='ocrx_word' id='word_1_232' title='bbox 2539 1605 2727 1651; x_wconf 87' lang='lat' dir='ltr'><strong>nostro</strong></span> <span class='ocrx_word' id='word_1_233' title='bbox 2755 1597 3018 1664; x_wconf 87' lang='lat' dir='ltr'><strong>tribuam,</strong></span> <span class='ocrx_word' id='word_1_234' title='bbox 3047 1598 3177 1655; x_wconf 88' lang='lat' dir='ltr'><strong>facit</strong></span> <span class='ocrx_word' id='word_1_235' title='bbox 3200 1608 3259 1656; x_wconf 88' lang='lat' dir='ltr'><strong>et</strong></span> <span class='ocrx_word' id='word_1_236' title='bbox 3303 1600 3480 1657; x_wconf 70' lang='lat' dir='ltr'><strong>&#39;l‘uroo</strong></span> 
     </span>
    </p>
   </div>
   <div class='ocr_carea' id='block_1_31' title="bbox 1901 1682 3477 1760">
    <p class='ocr_par' dir='ltr' id='par_1_31' title="bbox 1901 1682 3477 1760">
     <span class='ocr_line' id='line_1_31' title="bbox 1901 1682 3477 1760; baseline 0.007 -24"><span class='ocrx_word' id='word_1_237' title='bbox 1901 1696 2031 1737; x_wconf 89' lang='lat' dir='ltr'><strong>num</strong></span> <span class='ocrx_word' id='word_1_238' title='bbox 2058 1682 2273 1749; x_wconf 81' lang='lat' dir='ltr'><strong>civitas,</strong></span> <span class='ocrx_word' id='word_1_239' title='bbox 2296 1690 2351 1739; x_wconf 90' lang='lat' dir='ltr'><strong>et</strong></span> <span class='ocrx_word' id='word_1_240' title='bbox 2385 1682 2662 1739; x_wconf 82' lang='lat' dir='ltr'><strong>S-Juliani</strong></span> <span class='ocrx_word' id='word_1_241' title='bbox 2691 1690 3100 1756; x_wconf 87' lang='lat' dir='ltr'><strong>monasterium,</strong></span> <span class='ocrx_word' id='word_1_242' title='bbox 3151 1690 3298 1760; x_wconf 90' lang='lat' dir='ltr'><strong>quod</strong></span> <span class='ocrx_word' id='word_1_243' title='bbox 3342 1689 3477 1746; x_wconf 84' lang='lat' dir='ltr'><strong>Gre-</strong></span> 
     </span>
    </p>
   </div>
   <div class='ocr_carea' id='block_1_32' title="bbox 230 1772 3481 1856">
    <p class='ocr_par' dir='ltr' id='par_1_32' title="bbox 230 1772 3481 1856">
     <span class='ocr_line' id='line_1_32' title="bbox 230 1772 3481 1856; baseline -0.001 -16"><span class='ocrx_word' id='word_1_244' title='bbox 230 1785 293 1839; x_wconf 87' lang='lat' dir='ltr'><strong>de</strong></span> <span class='ocrx_word' id='word_1_245' title='bbox 312 1800 379 1840; x_wconf 87' lang='lat' dir='ltr'><strong>eo</strong></span> <span class='ocrx_word' id='word_1_246' title='bbox 408 1784 608 1856; x_wconf 87' lang='lat' dir='ltr'><strong>agitur,</strong></span> <span class='ocrx_word' id='word_1_247' title='bbox 637 1798 829 1855; x_wconf 88' lang='lat' dir='ltr'><strong>nempe</strong></span> <span class='ocrx_word' id='word_1_248' title='bbox 856 1798 933 1837; x_wconf 84' lang='lat' dir='ltr'><strong>m</strong></span> <span class='ocrx_word' id='word_1_249' title='bbox 963 1793 1019 1839; x_wconf 91' lang='lat' dir='ltr'><strong>et</strong></span> <span class='ocrx_word' id='word_1_250' title='bbox 1042 1798 1139 1837; x_wconf 77' lang='lat' dir='ltr'><strong>xm</strong></span> <span class='ocrx_word' id='word_1_251' title='bbox 1169 1782 1287 1838; x_wconf 83' lang='lat' dir='ltr'><strong>Kal.</strong></span> <span class='ocrx_word' id='word_1_252' title='bbox 1341 1781 1595 1837; x_wconf 89' lang='lat' dir='ltr'><strong>Decemb.</strong></span> <span class='ocrx_word' id='word_1_253' title='bbox 1643 1789 1702 1836; x_wconf 89' lang='lat' dir='ltr'><strong>et</strong></span> <span class='ocrx_word' id='word_1_254' title='bbox 1751 1780 1803 1835; x_wconf 89' lang='lat' dir='ltr'><strong>in</strong></span> <span class='ocrx_word' id='word_1_255' title='bbox 1834 1773 1880 1832; x_wconf 82' lang='grc' dir='ltr'><strong>Β</strong></span> <span class='ocrx_word' id='word_1_256' title='bbox 1906 1773 2059 1841; x_wconf 78' lang='lat' dir='ltr'><strong>gorio</strong></span> <span class='ocrx_word' id='word_1_257' title='bbox 2086 1772 2310 1831; x_wconf 89' lang='lat' dir='ltr'><strong>multum</strong></span> <span class='ocrx_word' id='word_1_258' title='bbox 2335 1774 2713 1846; x_wconf 90' lang='lat' dir='ltr'><strong>debuit,atque</strong></span> <span class='ocrx_word' id='word_1_259' title='bbox 2733 1776 2973 1834; x_wconf 90' lang='lat' dir='ltr'><strong>Odonem</strong></span> <span class='ocrx_word' id='word_1_260' title='bbox 2994 1779 3242 1839; x_wconf 81' lang='lat' dir='ltr'><strong>abbatem</strong></span> <span class='ocrx_word' id='word_1_261' title='bbox 3270 1783 3481 1838; x_wconf 80' lang='lat' dir='ltr'><strong>habuit.</strong></span> 
     </span>
    </p>
   </div>
   <div class='ocr_carea' id='block_1_33' title="bbox 229 1870 1804 1947">
    <p class='ocr_par' dir='ltr' id='par_1_33' title="bbox 229 1870 1804 1947">
     <span class='ocr_line' id='line_1_33' title="bbox 229 1870 1804 1947; baseline -0.004 -16"><span class='ocrx_word' id='word_1_262' title='bbox 229 1875 614 1945; x_wconf 78' lang='lat' dir='ltr'><strong>Supplemento</strong></span> <span class='ocrx_word' id='word_1_263' title='bbox 636 1890 724 1929; x_wconf 76' lang='grc' dir='ltr'>ιιν</span> <span class='ocrx_word' id='word_1_264' title='bbox 754 1874 972 1947; x_wconf 82' lang='lat' dir='ltr'><strong>easdem</strong></span> <span class='ocrx_word' id='word_1_265' title='bbox 994 1873 1262 1929; x_wconf 81' lang='lat' dir='ltr'><strong>Kalendas</strong></span> <span class='ocrx_word' id='word_1_266' title='bbox 1286 1890 1299 1927; x_wconf 93' lang='lat'><strong>:</strong></span> <span class='ocrx_word' id='word_1_267' title='bbox 1330 1891 1349 1925; x_wconf 79' lang='lat' dir='ltr'><strong>t</strong></span> <span class='ocrx_word' id='word_1_268' title='bbox 1377 1872 1532 1942; x_wconf 86' lang='lat' dir='ltr'><strong>Apud</strong></span> <span class='ocrx_word' id='word_1_269' title='bbox 1576 1870 1804 1927; x_wconf 87' lang='lat' dir='ltr'><strong>insulam</strong></span> 
     </span>
    </p>
   </div>
   <div class='ocr_carea' id='block_1_34' title="bbox 227 1963 1809 2038">
    <p class='ocr_par' dir='ltr' id='par_1_34' title="bbox 227 1963 1809 2038">
     <span class='ocr_line' id='line_1_34' title="bbox 227 1963 1809 2038; baseline -0.004 -15"><span class='ocrx_word' id='word_1_270' title='bbox 227 1967 481 2024; x_wconf 90' lang='lat' dir='ltr'><strong>Jordanis</strong></span> <span class='ocrx_word' id='word_1_271' title='bbox 505 1982 675 2038; x_wconf 89' lang='lat' dir='ltr'><strong>prope</strong></span> <span class='ocrx_word' id='word_1_272' title='bbox 701 1966 984 2031; x_wconf 86' lang='lat' dir='ltr'><strong>Tolosam,</strong></span> <span class='ocrx_word' id='word_1_273' title='bbox 1005 1964 1282 2022; x_wconf 88' lang='lat' dir='ltr'><strong>veneratio</strong></span> <span class='ocrx_word' id='word_1_274' title='bbox 1307 1963 1661 2020; x_wconf 87' lang='lat' dir='ltr'><strong>sacratissimi</strong></span> <span class='ocrx_word' id='word_1_275' title='bbox 1689 1977 1809 2017; x_wconf 83' lang='lat' dir='ltr'><strong>cor-</strong></span> 
     </span>
    </p>
   </div>
   <div class='ocr_carea' id='block_1_35' title="bbox 227 2055 1806 2127">
    <p class='ocr_par' dir='ltr' id='par_1_35' title="bbox 227 2055 1806 2127">
     <span class='ocr_line' id='line_1_35' title="bbox 227 2055 1806 2127; baseline -0.002 -15"><span class='ocrx_word' id='word_1_276' title='bbox 227 2058 376 2127; x_wconf 85' lang='lat' dir='ltr'><strong>poris</strong></span> <span class='ocrx_word' id='word_1_277' title='bbox 401 2057 580 2113; x_wconf 86' lang='lat' dir='ltr'><strong>sancti</strong></span> <span class='ocrx_word' id='word_1_278' title='bbox 602 2056 806 2114; x_wconf 86' lang='lat' dir='ltr'><strong>Odonis</strong></span> <span class='ocrx_word' id='word_1_279' title='bbox 830 2056 1040 2112; x_wconf 87' lang='lat' dir='ltr'><strong>abbatis</strong></span> <span class='ocrx_word' id='word_1_280' title='bbox 1064 2055 1451 2121; x_wconf 87' lang='lat' dir='ltr'><strong>Cluniacensis,</strong></span> <span class='ocrx_word' id='word_1_281' title='bbox 1487 2069 1553 2110; x_wconf 91' lang='lat' dir='ltr'><strong>eo</strong></span> <span class='ocrx_word' id='word_1_282' title='bbox 1578 2069 1647 2110; x_wconf 76' lang='lat' dir='ltr'><strong>ex</strong></span> <span class='ocrx_word' id='word_1_283' title='bbox 1682 2067 1806 2125; x_wconf 81' lang='lat' dir='ltr'><strong>gre-</strong></span> 
     </span>
    </p>
   </div>
   <div class='ocr_carea' id='block_1_36' title="bbox 229 2129 1810 2210">
    <p class='ocr_par' dir='ltr' id='par_1_36' title="bbox 229 2129 1810 2210">
     <span class='ocr_line' id='line_1_36' title="bbox 229 2129 1810 2210; baseline -0.002 -9"><span class='ocrx_word' id='word_1_284' title='bbox 229 2129 341 2201; x_wconf 83' lang='lat' dir='ltr'><strong>mio</strong></span> <span class='ocrx_word' id='word_1_285' title='bbox 396 2145 645 2202; x_wconf 79' lang='lat' dir='ltr'><strong>ecclesiae</strong></span> <span class='ocrx_word' id='word_1_286' title='bbox 692 2145 753 2201; x_wconf 93' lang='grc'><strong>8.</strong></span> <span class='ocrx_word' id='word_1_287' title='bbox 800 2145 1000 2202; x_wconf 89' lang='lat' dir='ltr'><strong>Juliani</strong></span> <span class='ocrx_word' id='word_1_288' title='bbox 1056 2144 1413 2210; x_wconf 89' lang='lat' dir='ltr'><strong>Turonensis,</strong></span> <span class='ocrx_word' id='word_1_289' title='bbox 1463 2144 1554 2199; x_wconf 91' lang='lat' dir='ltr'><strong>ubi</strong></span> <span class='ocrx_word' id='word_1_290' title='bbox 1603 2144 1810 2199; x_wconf 88' lang='lat' dir='ltr'><strong>solutus</strong></span> 
     </span>
    </p>
   </div>
   <div class='ocr_carea' id='block_1_37' title="bbox 229 2236 1809 2308">
    <p class='ocr_par' dir='ltr' id='par_1_37' title="bbox 229 2236 1809 2308">
     <span class='ocr_line' id='line_1_37' title="bbox 229 2236 1809 2308; baseline -0.002 -15"><span class='ocrx_word' id='word_1_291' title='bbox 229 2237 458 2293; x_wconf 80' lang='lat' dir='ltr'><strong>nexibus</strong></span> <span class='ocrx_word' id='word_1_292' title='bbox 480 2236 726 2294; x_wconf 85' lang='lat' dir='ltr'><strong>mortalis</strong></span> <span class='ocrx_word' id='word_1_293' title='bbox 749 2238 871 2293; x_wconf 70' lang='lat' dir='ltr'><strong>vitae</strong></span> <span class='ocrx_word' id='word_1_294' title='bbox 903 2237 1233 2308; x_wconf 88' lang='lat' dir='ltr'><strong>sepulturam</strong></span> <span class='ocrx_word' id='word_1_295' title='bbox 1255 2237 1489 2308; x_wconf 89' lang='lat' dir='ltr'><strong>primum</strong></span> <span class='ocrx_word' id='word_1_296' title='bbox 1514 2246 1809 2306; x_wconf 73' lang='lat' dir='ltr'><strong>receperat,</strong></span> 
     </span>
    </p>
   </div>
   <div class='ocr_carea' id='block_1_38' title="bbox 231 2329 1810 2400">
    <p class='ocr_par' dir='ltr' id='par_1_38' title="bbox 231 2329 1810 2400">
     <span class='ocr_line' id='line_1_38' title="bbox 231 2329 1810 2400; baseline -0.001 -15"><span class='ocrx_word' id='word_1_297' title='bbox 231 2329 503 2385; x_wconf 87' lang='lat' dir='ltr'><strong>translati.</strong></span> <span class='ocrx_word' id='word_1_298' title='bbox 544 2349 563 2382; x_wconf 80' lang='grc' dir='ltr'><strong>ι</strong></span> <span class='ocrx_word' id='word_1_299' title='bbox 590 2329 832 2400; x_wconf 87' lang='lat' dir='ltr'><strong>Denique</strong></span> <span class='ocrx_word' id='word_1_300' title='bbox 855 2329 1098 2386; x_wconf 87' lang='lat' dir='ltr'><strong>Odonem</strong></span> <span class='ocrx_word' id='word_1_301' title='bbox 1133 2339 1195 2385; x_wconf 92' lang='lat' dir='ltr'><strong>ut</strong></span> <span class='ocrx_word' id='word_1_302' title='bbox 1243 2348 1262 2382; x_wconf 71' lang='grc' dir='ltr'><strong>ι</strong></span> <span class='ocrx_word' id='word_1_303' title='bbox 1314 2336 1562 2385; x_wconf 89' lang='lat' dir='ltr'><strong>sanctum</strong></span> <span class='ocrx_word' id='word_1_304' title='bbox 1611 2347 1631 2381; x_wconf 80' lang='grc' dir='ltr'><strong>ι</strong></span> <span class='ocrx_word' id='word_1_305' title='bbox 1678 2329 1810 2384; x_wconf 80' lang='lat' dir='ltr'><strong>Ber-</strong></span> 
     </span>
    </p>
   </div>
   <div class='ocr_carea' id='block_1_39' title="bbox 233 2418 1812 2490">
    <p class='ocr_par' dir='ltr' id='par_1_39' title="bbox 233 2418 1812 2490">
     <span class='ocr_line' id='line_1_39' title="bbox 233 2418 1812 2490; baseline -0.002 -16"><span class='ocrx_word' id='word_1_306' title='bbox 233 2419 439 2475; x_wconf 89' lang='lat' dir='ltr'><strong>nardus</strong></span> <span class='ocrx_word' id='word_1_307' title='bbox 466 2418 521 2473; x_wconf 93' lang='lat' dir='ltr'><strong>in</strong></span> <span class='ocrx_word' id='word_1_308' title='bbox 542 2419 788 2490; x_wconf 82' lang='lat' dir='ltr'><strong>apologia</strong></span> <span class='ocrx_word' id='word_1_309' title='bbox 813 2419 881 2475; x_wconf 92' lang='lat' dir='ltr'><strong>ad</strong></span> <span class='ocrx_word' id='word_1_310' title='bbox 909 2418 1254 2475; x_wconf 87' lang='lat' dir='ltr'><strong>Guillelmum</strong></span> <span class='ocrx_word' id='word_1_311' title='bbox 1274 2420 1547 2485; x_wconf 88' lang='lat' dir='ltr'><strong>abbatem,</strong></span> <span class='ocrx_word' id='word_1_312' title='bbox 1588 2426 1646 2473; x_wconf 92' lang='lat' dir='ltr'><strong>et</strong></span> <span class='ocrx_word' id='word_1_313' title='bbox 1686 2428 1812 2472; x_wconf 87' lang='lat' dir='ltr'><strong>ante</strong></span> 
     </span>
    </p>
   </div>
   <div class='ocr_carea' id='block_1_40' title="bbox 235 2508 1812 2579">
    <p class='ocr_par' dir='ltr' id='par_1_40' title="bbox 235 2508 1812 2579">
     <span class='ocr_line' id='line_1_40' title="bbox 235 2508 1812 2579; baseline 0 -14"><span class='ocrx_word' id='word_1_314' title='bbox 235 2524 357 2565; x_wconf 91' lang='lat' dir='ltr'><strong>eum</strong></span> <span class='ocrx_word' id='word_1_315' title='bbox 380 2508 675 2579; x_wconf 85' lang='lat' dir='ltr'><strong>Gregorius</strong></span> <span class='ocrx_word' id='word_1_316' title='bbox 713 2509 799 2565; x_wconf 82' lang='lat' dir='ltr'><strong>VII</strong></span> <span class='ocrx_word' id='word_1_317' title='bbox 823 2510 877 2564; x_wconf 90' lang='lat' dir='ltr'><strong>in</strong></span> <span class='ocrx_word' id='word_1_318' title='bbox 907 2510 1136 2567; x_wconf 87' lang='lat' dir='ltr'><strong>concilio</strong></span> <span class='ocrx_word' id='word_1_319' title='bbox 1160 2509 1429 2577; x_wconf 80' lang='lat' dir='ltr'><strong>Romano,</strong></span> <span class='ocrx_word' id='word_1_320' title='bbox 1451 2523 1643 2564; x_wconf 88' lang='lat' dir='ltr'><strong>omnes</strong></span> <span class='ocrx_word' id='word_1_321' title='bbox 1685 2519 1812 2565; x_wconf 88' lang='lat' dir='ltr'><strong>ante</strong></span> 
     </span>
    </p>
   </div>
   <div class='ocr_carea' id='block_1_41' title="bbox 237 2598 1813 2671">
    <p class='ocr_par' dir='ltr' id='par_1_41' title="bbox 237 2598 1813 2671">
     <span class='ocr_line' id='line_1_41' title="bbox 237 2598 1813 2671; baseline 0.001 -16"><span class='ocrx_word' id='word_1_322' title='bbox 237 2614 296 2655; x_wconf 85' lang='lat' dir='ltr'><strong>se</strong></span> <span class='ocrx_word' id='word_1_323' title='bbox 324 2598 710 2656; x_wconf 88' lang='lat' dir='ltr'><strong>Cluniacenses</strong></span> <span class='ocrx_word' id='word_1_324' title='bbox 736 2601 961 2658; x_wconf 85' lang='lat' dir='ltr'><strong>abbatcs</strong></span> <span class='ocrx_word' id='word_1_325' title='bbox 1017 2618 1037 2653; x_wconf 74' lang='grc' dir='ltr'><strong>ι</strong></span> <span class='ocrx_word' id='word_1_326' title='bbox 1087 2610 1307 2657; x_wconf 89' lang='lat' dir='ltr'><strong>sanctos</strong></span> <span class='ocrx_word' id='word_1_327' title='bbox 1350 2620 1370 2654; x_wconf 78' lang='grc' dir='ltr'><strong>ι</strong></span> <span class='ocrx_word' id='word_1_328' title='bbox 1418 2602 1683 2671; x_wconf 90' lang='lat' dir='ltr'><strong>agnoscit.</strong></span> <span class='ocrx_word' id='word_1_329' title='bbox 1738 2602 1813 2656; x_wconf 90' lang='lat' dir='ltr'><strong>De</strong></span> 
     </span>
    </p>
   </div>
   <div class='ocr_carea' id='block_1_42' title="bbox 238 2691 1814 2751">
    <p class='ocr_par' dir='ltr' id='par_1_42' title="bbox 238 2691 1814 2751">
     <span class='ocr_line' id='line_1_42' title="bbox 238 2691 1814 2751; baseline 0 -4"><span class='ocrx_word' id='word_1_330' title='bbox 238 2691 295 2747; x_wconf 91' lang='grc'><strong>8.</strong></span> <span class='ocrx_word' id='word_1_331' title='bbox 325 2691 515 2747; x_wconf 86' lang='lat' dir='ltr'><strong>Odone</strong></span> <span class='ocrx_word' id='word_1_332' title='bbox 539 2706 719 2749; x_wconf 90' lang='lat' dir='ltr'><strong>sermo</strong></span> <span class='ocrx_word' id='word_1_333' title='bbox 763 2694 990 2749; x_wconf 88' lang='lat' dir='ltr'><strong>habetur</strong></span> <span class='ocrx_word' id='word_1_334' title='bbox 1028 2694 1171 2751; x_wconf 87' lang='lat' dir='ltr'><strong>inter</strong></span> <span class='ocrx_word' id='word_1_335' title='bbox 1209 2694 1574 2750; x_wconf 88' lang='lat' dir='ltr'><strong>additamenta</strong></span> <span class='ocrx_word' id='word_1_336' title='bbox 1621 2692 1814 2749; x_wconf 89' lang='lat' dir='ltr'><strong>biblio-</strong></span> 
     </span>
    </p>
   </div>
   <div class='ocr_carea' id='block_1_43' title="bbox 238 2780 1811 2855">
    <p class='ocr_par' dir='ltr' id='par_1_43' title="bbox 238 2780 1811 2855">
     <span class='ocr_line' id='line_1_43' title="bbox 238 2780 1811 2855; baseline 0.001 -18"><span class='ocrx_word' id='word_1_337' title='bbox 238 2782 411 2837; x_wconf 70' lang='lat' dir='ltr'><strong>theca:</strong></span> <span class='ocrx_word' id='word_1_338' title='bbox 458 2780 856 2850; x_wconf 87' lang='lat' dir='ltr'><strong>Cluniacensis,</strong></span> <span class='ocrx_word' id='word_1_339' title='bbox 906 2783 961 2838; x_wconf 91' lang='lat' dir='ltr'><strong>in</strong></span> <span class='ocrx_word' id='word_1_340' title='bbox 1007 2784 1123 2855; x_wconf 91' lang='lat' dir='ltr'><strong>ejus</strong></span> <span class='ocrx_word' id='word_1_341' title='bbox 1170 2783 1337 2839; x_wconf 87' lang='lat' dir='ltr'><strong>natali</strong></span> <span class='ocrx_word' id='word_1_342' title='bbox 1381 2783 1675 2854; x_wconf 88' lang='lat' dir='ltr'><strong>legendus,</strong></span> <span class='ocrx_word' id='word_1_343' title='bbox 1720 2784 1811 2853; x_wconf 91' lang='lat' dir='ltr'><strong>qui</strong></span> 
     </span>
    </p>
   </div>
   <div class='ocr_carea' id='block_1_44' title="bbox 238 2871 1814 2942">
    <p class='ocr_par' dir='ltr' id='par_1_44' title="bbox 238 2871 1814 2942">
     <span class='ocr_line' id='line_1_44' title="bbox 238 2871 1814 2942; baseline 0 -15"><span class='ocrx_word' id='word_1_344' title='bbox 238 2872 373 2928; x_wconf 89' lang='lat' dir='ltr'><strong>nihil</strong></span> <span class='ocrx_word' id='word_1_345' title='bbox 399 2871 549 2927; x_wconf 91' lang='lat' dir='ltr'><strong>aliud</strong></span> <span class='ocrx_word' id='word_1_346' title='bbox 565 2880 839 2942; x_wconf 91' lang='lat' dir='ltr'><strong>estquam</strong></span> <span class='ocrx_word' id='word_1_347' title='bbox 862 2887 1040 2929; x_wconf 89' lang='lat' dir='ltr'><strong>sermo</strong></span> <span class='ocrx_word' id='word_1_348' title='bbox 1065 2873 1123 2930; x_wconf 91' lang='grc'>8.</span> <span class='ocrx_word' id='word_1_349' title='bbox 1147 2873 1363 2928; x_wconf 82' lang='lat' dir='ltr'><strong>Maximi</strong></span> <span class='ocrx_word' id='word_1_350' title='bbox 1391 2873 1458 2929; x_wconf 91' lang='lat' dir='ltr'><strong>de</strong></span> <span class='ocrx_word' id='word_1_351' title='bbox 1496 2873 1557 2927; x_wconf 90' lang='lat' dir='ltr'><strong>B.</strong></span> <span class='ocrx_word' id='word_1_352' title='bbox 1582 2872 1814 2929; x_wconf 87' lang='lat' dir='ltr'><strong>Eusebio</strong></span> 
     </span>
    </p>
   </div>
   <div class='ocr_carea' id='block_1_45' title="bbox 240 2963 1815 3036">
    <p class='ocr_par' dir='ltr' id='par_1_45' title="bbox 240 2963 1815 3036">
     <span class='ocr_line' id='line_1_45' title="bbox 240 2963 1815 3036; baseline -0.002 -15"><span class='ocrx_word' id='word_1_353' title='bbox 240 2966 495 3036; x_wconf 85' lang='lat' dir='ltr'><strong>episcopo</strong></span> <span class='ocrx_word' id='word_1_354' title='bbox 517 2964 863 3023; x_wconf 83' lang='lat' dir='ltr'><strong>Vercellensi.</strong></span> <span class='ocrx_word' id='word_1_355' title='bbox 883 2966 1120 3034; x_wconf 89' lang='lat' dir='ltr'><strong>Denique</strong></span> <span class='ocrx_word' id='word_1_356' title='bbox 1143 2964 1200 3019; x_wconf 92' lang='grc'><strong>8.</strong></span> <span class='ocrx_word' id='word_1_357' title='bbox 1221 2963 1460 3021; x_wconf 86' lang='lat' dir='ltr'><strong>Odonem</strong></span> <span class='ocrx_word' id='word_1_358' title='bbox 1487 2981 1507 3017; x_wconf 83' lang='lat' dir='ltr'><strong>t</strong></span> <span class='ocrx_word' id='word_1_359' title='bbox 1538 2964 1815 3020; x_wconf 88' lang='lat' dir='ltr'><strong>miraculis</strong></span> 
     </span>
    </p>
   </div>
   <div class='ocr_carea' id='block_1_46' title="bbox 239 3055 1308 3127">
    <p class='ocr_par' dir='ltr' id='par_1_46' title="bbox 239 3055 1308 3127">
     <span class='ocr_line' id='line_1_46' title="bbox 239 3055 1308 3127; baseline -0.007 -10"><span class='ocrx_word' id='word_1_360' title='bbox 239 3062 426 3118; x_wconf 81' lang='lat' dir='ltr'><strong>vivere</strong></span> <span class='ocrx_word' id='word_1_361' title='bbox 466 3079 487 3113; x_wconf 77' lang='grc' dir='ltr'><strong>ι</strong></span> <span class='ocrx_word' id='word_1_362' title='bbox 531 3066 759 3115; x_wconf 87' lang='lat' dir='ltr'><strong>testatur</strong></span> <span class='ocrx_word' id='word_1_363' title='bbox 783 3056 977 3112; x_wconf 89' lang='lat' dir='ltr'><strong>Petrus</strong></span> <span class='ocrx_word' id='word_1_364' title='bbox 1005 3055 1308 3127; x_wconf 84' lang='lat' dir='ltr'><strong>Equilinus.</strong></span> 
     </span>
    </p>
   </div>
   <div class='ocr_carea' id='block_1_47' title="bbox 1906 1863 3483 1937">
    <p class='ocr_par' dir='ltr' id='par_1_47' title="bbox 1906 1863 3483 1937">
     <span class='ocr_line' id='line_1_47' title="bbox 1906 1863 3483 1937; baseline 0.008 -20"><span class='ocrx_word' id='word_1_365' title='bbox 1906 1864 1965 1918; x_wconf 92' lang='lat' dir='ltr'><strong>ln</strong></span> <span class='ocrx_word' id='word_1_366' title='bbox 2001 1863 2353 1921; x_wconf 89' lang='lat' dir='ltr'><strong>membraneo</strong></span> <span class='ocrx_word' id='word_1_367' title='bbox 2381 1866 2567 1922; x_wconf 90' lang='lat' dir='ltr'><strong>codice</strong></span> <span class='ocrx_word' id='word_1_368' title='bbox 2588 1866 3006 1927; x_wconf 80' lang='lat' dir='ltr'><strong>Carmelitarum</strong></span> <span class='ocrx_word' id='word_1_369' title='bbox 3050 1872 3483 1937; x_wconf 72' lang='lat' dir='ltr'><strong>excalceatorum</strong></span> 
     </span>
    </p>
   </div>
   <div class='ocr_carea' id='block_1_48' title="bbox 1907 1943 3486 2026">
    <p class='ocr_par' dir='ltr' id='par_1_48' title="bbox 1907 1943 3486 2026">
     <span class='ocr_line' id='line_1_48' title="bbox 1907 1943 3486 2026; baseline 0.005 -18"><span class='ocrx_word' id='word_1_370' title='bbox 1907 1953 2048 2023; x_wconf 86' lang='lat' dir='ltr'><strong>apud</strong></span> <span class='ocrx_word' id='word_1_371' title='bbox 2072 1952 2329 2019; x_wconf 87' lang='lat' dir='ltr'><strong>Parisios,</strong></span> <span class='ocrx_word' id='word_1_372' title='bbox 2359 1955 2453 2026; x_wconf 93' lang='lat' dir='ltr'><strong>qui</strong></span> <span class='ocrx_word' id='word_1_373' title='bbox 2480 1957 2649 2012; x_wconf 74' lang='lat' dir='ltr'><strong>codex</strong></span> <span class='ocrx_word' id='word_1_374' title='bbox 2681 1956 2810 2012; x_wconf 90' lang='lat' dir='ltr'><strong>olim</strong></span> <span class='ocrx_word' id='word_1_375' title='bbox 2841 1956 2943 2014; x_wconf 90' lang='lat' dir='ltr'><strong>fuit</strong></span> <span class='ocrx_word' id='word_1_376' title='bbox 2991 1978 3011 2013; x_wconf 77' lang='grc' dir='ltr'><strong>ι</strong></span> <span class='ocrx_word' id='word_1_377' title='bbox 3051 1943 3115 2016; x_wconf 70' lang='grc'>’8.</span> <span class='ocrx_word' id='word_1_378' title='bbox 3146 1960 3347 2017; x_wconf 86' lang='lat' dir='ltr'><strong>Juliani</strong></span> <span class='ocrx_word' id='word_1_379' title='bbox 3377 1962 3418 2016; x_wconf 85' lang='grc' dir='ltr'>Τ</span> <span class='ocrx_word' id='word_1_380' title='bbox 3424 1978 3486 2016; x_wconf 83' lang='lat' dir='ltr'><strong>u-</strong></span> 
     </span>
    </p>
   </div>
   <div class='ocr_carea' id='block_1_49' title="bbox 1909 2044 3488 2121">
    <p class='ocr_par' dir='ltr' id='par_1_49' title="bbox 1909 2044 3488 2121">
     <span class='ocr_line' id='line_1_49' title="bbox 1909 2044 3488 2121; baseline 0.007 -24"><span class='ocrx_word' id='word_1_381' title='bbox 1909 2044 2158 2098; x_wconf 84' lang='lat' dir='ltr'><strong>ronensis</strong></span> <span class='ocrx_word' id='word_1_382' title='bbox 2182 2045 2416 2099; x_wconf 84' lang='lat' dir='ltr'><strong>coenobii</strong></span> <span class='ocrx_word' id='word_1_383' title='bbox 2448 2064 2469 2097; x_wconf 80' lang='grc' dir='ltr'><strong>ι</strong></span> <span class='ocrx_word' id='word_1_384' title='bbox 2500 2046 2767 2116; x_wconf 75' lang='lat' dir='ltr'><strong>prolixum</strong></span> <span class='ocrx_word' id='word_1_385' title='bbox 2789 2048 3022 2105; x_wconf 87' lang='lat' dir='ltr'><strong>habetur</strong></span> <span class='ocrx_word' id='word_1_386' title='bbox 3042 2066 3177 2121; x_wconf 90' lang='lat' dir='ltr'><strong>opus</strong></span> <span class='ocrx_word' id='word_1_387' title='bbox 3199 2052 3488 2109; x_wconf 83' lang='lat' dir='ltr'><strong>metricum</strong></span> 
     </span>
    </p>
   </div>
   <div class='ocr_carea' id='block_1_50' title="bbox 1909 2136 3488 2216">
    <p class='ocr_par' dir='ltr' id='par_1_50' title="bbox 1909 2136 3488 2216">
     <span class='ocr_line' id='line_1_50' title="bbox 1909 2136 3488 2216; baseline 0.008 -25"><span class='ocrx_word' id='word_1_388' title='bbox 1909 2136 2011 2192; x_wconf 87' lang='lat' dir='ltr'><strong>sub</strong></span> <span class='ocrx_word' id='word_1_389' title='bbox 2039 2136 2143 2192; x_wconf 88' lang='lat' dir='ltr'><strong>hoc</strong></span> <span class='ocrx_word' id='word_1_390' title='bbox 2177 2137 2333 2192; x_wconf 92' lang='lat' dir='ltr'><strong>titulo</strong></span> <span class='ocrx_word' id='word_1_391' title='bbox 2367 2153 2384 2193; x_wconf 90' lang='lat'><strong>:</strong></span> <span class='ocrx_word' id='word_1_392' title='bbox 2427 2158 2447 2191; x_wconf 85' lang='grc'><strong>‹</strong></span> <span class='ocrx_word' id='word_1_393' title='bbox 2487 2139 2682 2216; x_wconf 60' lang='grc' dir='ltr'><strong>ψςίρίι</strong></span> <span class='ocrx_word' id='word_1_394' title='bbox 2727 2143 3013 2213; x_wconf 89' lang='lat' dir='ltr'><strong>occupatio</strong></span> <span class='ocrx_word' id='word_1_395' title='bbox 3053 2144 3240 2201; x_wconf 88' lang='lat' dir='ltr'><strong>domni</strong></span> <span class='ocrx_word' id='word_1_396' title='bbox 3285 2143 3488 2203; x_wconf 80' lang='lat' dir='ltr'><strong>Odonis</strong></span> 
     </span>
    </p>
   </div>
   <div class='ocr_carea' id='block_1_51' title="bbox 1908 2218 3557 2297">
    <p class='ocr_par' dir='ltr' id='par_1_51' title="bbox 1908 2218 3557 2297">
     <span class='ocr_line' id='line_1_51' title="bbox 1908 2218 3557 2297; baseline 0.008 -18"><span class='ocrx_word' id='word_1_397' title='bbox 1908 2223 2140 2292; x_wconf 88' lang='lat' dir='ltr'><strong>abbatis,</strong></span> <span class='ocrx_word' id='word_1_398' title='bbox 2177 2244 2196 2279; x_wconf 79' lang='grc' dir='ltr'><strong>ι</strong></span> <span class='ocrx_word' id='word_1_399' title='bbox 2223 2226 2489 2297; x_wconf 90' lang='lat' dir='ltr'><strong>incipiens</strong></span> <span class='ocrx_word' id='word_1_400' title='bbox 2515 2230 2584 2282; x_wconf 91' lang='lat' dir='ltr'><strong>ab</strong></span> <span class='ocrx_word' id='word_1_401' title='bbox 2606 2229 2691 2287; x_wconf 83' lang='lat' dir='ltr'><strong>bis</strong></span> <span class='ocrx_word' id='word_1_402' title='bbox 2719 2232 2966 2288; x_wconf 89' lang='lat' dir='ltr'><strong>versibus</strong></span> <span class='ocrx_word' id='word_1_403' title='bbox 2996 2249 3012 2287; x_wconf 85' lang='lat'><strong>:</strong></span> <span class='ocrx_word' id='word_1_404' title='bbox 3552 2218 3557 2225; x_wconf 53' lang='grc'><em>’</em></span> 
     </span>
    </p>
   </div>
   <div class='ocr_carea' id='block_1_52' title="bbox 1969 2312 3365 2386">
    <p class='ocr_par' dir='ltr' id='par_1_52' title="bbox 1969 2312 3365 2386">
     <span class='ocr_line' id='line_1_52' title="bbox 1969 2312 3365 2386; baseline 0.009 -25"><span class='ocrx_word' id='word_1_405' title='bbox 1969 2312 2143 2386; x_wconf 59' lang='lat' dir='ltr'><strong>frater</strong></span> <span class='ocrx_word' id='word_1_406' title='bbox 2160 2318 2362 2365; x_wconf 80' lang='lat' dir='ltr'><strong>amande</strong></span> <span class='ocrx_word' id='word_1_407' title='bbox 2383 2319 2543 2381; x_wconf 85' lang='lat' dir='ltr'><strong>nimis,</strong></span> <span class='ocrx_word' id='word_1_408' title='bbox 2562 2321 2745 2386; x_wconf 81' lang='lat' dir='ltr'><strong>tepius</strong></span> <span class='ocrx_word' id='word_1_409' title='bbox 2768 2320 2937 2386; x_wconf 77' lang='lat' dir='ltr'><strong>implet</strong></span> <span class='ocrx_word' id='word_1_410' title='bbox 2953 2333 3103 2385; x_wconf 76' lang='lat' dir='ltr'><strong>amor;</strong></span> <span class='ocrx_word' id='word_1_411' title='bbox 3126 2324 3323 2383; x_wconf 62' lang='lat' dir='ltr'><strong>gaudeo</strong></span> <span class='ocrx_word' id='word_1_412' title='bbox 3347 2337 3365 2386; x_wconf 85' lang='lat'><strong>;</strong></span> 
     </span>
    </p>
   </div>
   <div class='ocr_carea' id='block_1_53' title="bbox 1972 2374 3421 2442">
    <p class='ocr_par' dir='ltr' id='par_1_53' title="bbox 1972 2374 3421 2442">
     <span class='ocr_line' id='line_1_53' title="bbox 1972 2374 3421 2442; baseline 0.008 -19"><span class='ocrx_word' id='word_1_413' title='bbox 1972 2374 2002 2442; x_wconf 67' lang='lat'><strong>.1</strong></span> <span class='ocrx_word' id='word_1_414' title='bbox 2005 2378 2281 2438; x_wconf 65' lang='lat' dir='ltr'><strong>ustltiaeque</strong></span> <span class='ocrx_word' id='word_1_415' title='bbox 2305 2386 2428 2442; x_wconf 81' lang='lat' dir='ltr'><strong>sitis,</strong></span> <span class='ocrx_word' id='word_1_416' title='bbox 2450 2374 2661 2439; x_wconf 76' lang='lat' dir='ltr'><strong>pectoris</strong></span> <span class='ocrx_word' id='word_1_417' title='bbox 2685 2388 2760 2429; x_wconf 87' lang='lat' dir='ltr'><strong>est</strong></span> <span class='ocrx_word' id='word_1_418' title='bbox 2781 2374 2910 2442; x_wconf 61' lang='lat' dir='ltr'><strong>qu&#39;od</strong></span> <span class='ocrx_word' id='word_1_419' title='bbox 2930 2374 3103 2441; x_wconf 65' lang='lat' dir='ltr'><strong>honor,</strong></span> <span class='ocrx_word' id='word_1_420' title='bbox 3126 2374 3204 2434; x_wconf 63' lang='lat' dir='ltr'><strong>est</strong></span> <span class='ocrx_word' id='word_1_421' title='bbox 3237 2374 3421 2436; x_wconf 67' lang='lat' dir='ltr'><strong>deeds.</strong></span> 
     </span>
    </p>
   </div>
   <div class='ocr_carea' id='block_1_54' title="bbox 1970 2437 3391 2502">
    <p class='ocr_par' dir='ltr' id='par_1_54' title="bbox 1970 2437 3391 2502">
     <span class='ocr_line' id='line_1_54' title="bbox 1970 2437 3391 2502; baseline 0.005 -16"><span class='ocrx_word' id='word_1_422' title='bbox 1970 2437 2061 2502; x_wconf 65' lang='grc' dir='ltr'><strong>ςοιῖ</strong></span> <span class='ocrx_word' id='word_1_423' title='bbox 2080 2437 2237 2497; x_wconf 69' lang='lat' dir='ltr'><strong>genus</strong></span> <span class='ocrx_word' id='word_1_424' title='bbox 2259 2450 2369 2487; x_wconf 82' lang='lat' dir='ltr'><strong>esse</strong></span> <span class='ocrx_word' id='word_1_425' title='bbox 2387 2437 2564 2502; x_wconf 73' lang='lat' dir='ltr'><strong>tinens,</strong></span> <span class='ocrx_word' id='word_1_426' title='bbox 2586 2445 2765 2502; x_wconf 57' lang='lat' dir='ltr'><strong>quieris</strong></span> <span class='ocrx_word' id='word_1_427' title='bbox 2787 2437 2840 2492; x_wconf 79' lang='lat' dir='ltr'><strong>et</strong></span> <span class='ocrx_word' id='word_1_428' title='bbox 2865 2444 2995 2492; x_wconf 82' lang='lat' dir='ltr'><strong>unde</strong></span> <span class='ocrx_word' id='word_1_429' title='bbox 3014 2437 3175 2494; x_wconf 81' lang='lat' dir='ltr'><strong>tamen</strong></span> <span class='ocrx_word' id='word_1_430' title='bbox 3192 2448 3255 2494; x_wconf 91' lang='lat' dir='ltr'><strong>de</strong></span> <span class='ocrx_word' id='word_1_431' title='bbox 3284 2456 3391 2495; x_wconf 93' lang='lat' dir='ltr'><strong>tuo.</strong></span> 
     </span>
    </p>
   </div>
   <div class='ocr_carea' id='block_1_55' title="bbox 1975 2498 3390 2567">
    <p class='ocr_par' dir='ltr' id='par_1_55' title="bbox 1975 2498 3390 2567">
     <span class='ocr_line' id='line_1_55' title="bbox 1975 2498 3390 2567; baseline 0.006 -19"><span class='ocrx_word' id='word_1_432' title='bbox 1975 2498 2098 2549; x_wconf 88' lang='lat' dir='ltr'><strong>lude</strong></span> <span class='ocrx_word' id='word_1_433' title='bbox 2126 2512 2302 2562; x_wconf 85' lang='lat' dir='ltr'><strong>poema</strong></span> <span class='ocrx_word' id='word_1_434' title='bbox 2338 2504 2496 2562; x_wconf 84' lang='lat' dir='ltr'><strong>votes,</strong></span> <span class='ocrx_word' id='word_1_435' title='bbox 2521 2498 2645 2551; x_wconf 72' lang='lat' dir='ltr'><strong>ferte</strong></span> <span class='ocrx_word' id='word_1_436' title='bbox 2668 2503 2798 2564; x_wconf 87' lang='lat' dir='ltr'><strong>quod</strong></span> <span class='ocrx_word' id='word_1_437' title='bbox 2820 2504 2909 2557; x_wconf 86' lang='lat' dir='ltr'><strong>hoc</strong></span> <span class='ocrx_word' id='word_1_438' title='bbox 2933 2505 3130 2567; x_wconf 76' lang='lat' dir='ltr'><strong>religet,</strong></span> <span class='ocrx_word' id='word_1_439' title='bbox 3158 2518 3224 2556; x_wconf 85' lang='lat' dir='ltr'><strong>ne</strong></span> <span class='ocrx_word' id='word_1_440' title='bbox 3252 2509 3390 2559; x_wconf 80' lang='lat' dir='ltr'><strong>ﬂuat.</strong></span> 
     </span>
    </p>
   </div>
   <div class='ocr_carea' id='block_1_56' title="bbox 1983 2583 3490 2660">
    <p class='ocr_par' dir='ltr' id='par_1_56' title="bbox 1983 2583 3490 2660">
     <span class='ocr_line' id='line_1_56' title="bbox 1983 2583 3490 2660; baseline 0.005 -21"><span class='ocrx_word' id='word_1_441' title='bbox 1983 2583 2208 2639; x_wconf 87' lang='lat' dir='ltr'><strong>Constat</strong></span> <span class='ocrx_word' id='word_1_442' title='bbox 2234 2592 2468 2655; x_wconf 91' lang='lat' dir='ltr'><strong>quatuor</strong></span> <span class='ocrx_word' id='word_1_443' title='bbox 2491 2585 2664 2652; x_wconf 89' lang='lat' dir='ltr'><strong>libris,</strong></span> <span class='ocrx_word' id='word_1_444' title='bbox 2680 2601 2906 2655; x_wconf 91' lang='lat' dir='ltr'><strong>quorum</strong></span> <span class='ocrx_word' id='word_1_445' title='bbox 2932 2588 3139 2658; x_wconf 88' lang='lat' dir='ltr'><strong>primus</strong></span> <span class='ocrx_word' id='word_1_446' title='bbox 3167 2598 3251 2645; x_wconf 88' lang='lat' dir='ltr'><strong>est</strong></span> <span class='ocrx_word' id='word_1_447' title='bbox 3281 2591 3347 2646; x_wconf 92' lang='lat' dir='ltr'><strong>de</strong></span> <span class='ocrx_word' id='word_1_448' title='bbox 3370 2592 3490 2660; x_wconf 88' lang='lat' dir='ltr'><strong>opi-</strong></span> 
     </span>
    </p>
   </div>
   <div class='ocr_carea' id='block_1_57' title="bbox 1916 2675 3496 2747">
    <p class='ocr_par' dir='ltr' id='par_1_57' title="bbox 1916 2675 3496 2747">
     <span class='ocr_line' id='line_1_57' title="bbox 1916 2675 3496 2747; baseline 0.005 -15"><span class='ocrx_word' id='word_1_449' title='bbox 1916 2676 2040 2732; x_wconf 84' lang='lat' dir='ltr'><strong>ficio</strong></span> <span class='ocrx_word' id='word_1_450' title='bbox 2062 2675 2195 2744; x_wconf 89' lang='lat' dir='ltr'><strong>Dei,</strong></span> <span class='ocrx_word' id='word_1_451' title='bbox 2224 2678 2493 2733; x_wconf 89' lang='lat' dir='ltr'><strong>secundus</strong></span> <span class='ocrx_word' id='word_1_452' title='bbox 2538 2679 2604 2734; x_wconf 90' lang='lat' dir='ltr'><strong>de</strong></span> <span class='ocrx_word' id='word_1_453' title='bbox 2654 2678 2929 2734; x_wconf 88' lang='lat' dir='ltr'><strong>creatione</strong></span> <span class='ocrx_word' id='word_1_454' title='bbox 2977 2681 3213 2736; x_wconf 80' lang='lat' dir='ltr'><strong>hominis</strong></span> <span class='ocrx_word' id='word_1_455' title='bbox 3239 2720 3256 2747; x_wconf 96' lang='lat'><strong>,</strong></span> <span class='ocrx_word' id='word_1_456' title='bbox 3303 2683 3496 2740; x_wconf 87' lang='lat' dir='ltr'><strong>tertius</strong></span> 
     </span>
    </p>
   </div>
   <div class='ocr_carea' id='block_1_58' title="bbox 1914 2768 3494 2840">
    <p class='ocr_par' dir='ltr' id='par_1_58' title="bbox 1914 2768 3494 2840">
     <span class='ocr_line' id='line_1_58' title="bbox 1914 2768 3494 2840; baseline 0.003 -17"><span class='ocrx_word' id='word_1_457' title='bbox 1914 2768 1982 2823; x_wconf 93' lang='lat' dir='ltr'><strong>de</strong></span> <span class='ocrx_word' id='word_1_458' title='bbox 2024 2768 2265 2837; x_wconf 86' lang='lat' dir='ltr'><strong>ejusdem</strong></span> <span class='ocrx_word' id='word_1_459' title='bbox 2314 2784 2477 2835; x_wconf 85' lang='lat' dir='ltr'><strong>casu,</strong></span> <span class='ocrx_word' id='word_1_460' title='bbox 2518 2779 2575 2824; x_wconf 92' lang='lat' dir='ltr'><strong>et</strong></span> <span class='ocrx_word' id='word_1_461' title='bbox 2612 2771 2956 2840; x_wconf 83' lang='lat' dir='ltr'><strong>corruptione</strong></span> <span class='ocrx_word' id='word_1_462' title='bbox 2998 2773 3245 2833; x_wconf 67' lang='lat' dir='ltr'><strong>humanae</strong></span> <span class='ocrx_word' id='word_1_463' title='bbox 3287 2781 3494 2829; x_wconf 76' lang='lat' dir='ltr'><strong>natura:</strong></span> 
     </span>
    </p>
   </div>
   <div class='ocr_carea' id='block_1_59' title="bbox 1913 2860 3496 2934">
    <p class='ocr_par' dir='ltr' id='par_1_59' title="bbox 1913 2860 3496 2934">
     <span class='ocr_line' id='line_1_59' title="bbox 1913 2860 3496 2934; baseline 0.003 -18"><span class='ocrx_word' id='word_1_464' title='bbox 1913 2860 2078 2931; x_wconf 64' lang='lat' dir='ltr'><strong>lapsae</strong></span> <span class='ocrx_word' id='word_1_465' title='bbox 2104 2901 2120 2928; x_wconf 96' lang='lat'><strong>,</strong></span> <span class='ocrx_word' id='word_1_466' title='bbox 2140 2870 2369 2932; x_wconf 90' lang='lat' dir='ltr'><strong>quartus</strong></span> <span class='ocrx_word' id='word_1_467' title='bbox 2381 2862 2446 2917; x_wconf 90' lang='lat' dir='ltr'><strong>de</strong></span> <span class='ocrx_word' id='word_1_468' title='bbox 2464 2860 2719 2917; x_wconf 86' lang='lat' dir='ltr'><strong>Patribus</strong></span> <span class='ocrx_word' id='word_1_469' title='bbox 2732 2860 2944 2918; x_wconf 84' lang='lat' dir='ltr'><strong>Veteris</strong></span> <span class='ocrx_word' id='word_1_470' title='bbox 2963 2862 3296 2921; x_wconf 86' lang='lat' dir='ltr'><strong>Testamenti</strong></span> <span class='ocrx_word' id='word_1_471' title='bbox 3326 2873 3496 2934; x_wconf 84' lang='lat' dir='ltr'><strong>usque</strong></span> 
     </span>
    </p>
   </div>
   <div class='ocr_carea' id='block_1_60' title="bbox 1916 2952 3496 3025">
    <p class='ocr_par' dir='ltr' id='par_1_60' title="bbox 1916 2952 3496 3025">
     <span class='ocr_line' id='line_1_60' title="bbox 1916 2952 3496 3025; baseline 0.001 -15"><span class='ocrx_word' id='word_1_472' title='bbox 1916 2955 1983 3010; x_wconf 87' lang='lat' dir='ltr'><strong>ad</strong></span> <span class='ocrx_word' id='word_1_473' title='bbox 2005 2952 2281 3009; x_wconf 88' lang='lat' dir='ltr'><strong>Christum</strong></span> <span class='ocrx_word' id='word_1_474' title='bbox 2321 2963 2710 3025; x_wconf 89' lang='lat' dir='ltr'><strong>reparatorem.</strong></span> <span class='ocrx_word' id='word_1_475' title='bbox 2740 2953 2798 3008; x_wconf 86' lang='lat' dir='ltr'><strong>In</strong></span> <span class='ocrx_word' id='word_1_476' title='bbox 2833 2955 2940 3009; x_wconf 85' lang='lat' dir='ltr'><strong>line</strong></span> <span class='ocrx_word' id='word_1_477' title='bbox 2968 2971 2982 3007; x_wconf 88' lang='lat'><strong>:</strong></span> <span class='ocrx_word' id='word_1_478' title='bbox 3023 2971 3041 3006; x_wconf 82' lang='lat' dir='ltr'><strong>t</strong></span> <span class='ocrx_word' id='word_1_479' title='bbox 3077 2954 3309 3023; x_wconf 80' lang='lat' dir='ltr'><strong>Explicit</strong></span> <span class='ocrx_word' id='word_1_480' title='bbox 3331 2970 3496 3011; x_wconf 81' lang='lat' dir='ltr'><strong>occu-</strong></span> 
     </span>
    </p>
   </div>
   <div class='ocr_carea' id='block_1_61' title="bbox 1917 3041 3494 3114">
    <p class='ocr_par' dir='ltr' id='par_1_61' title="bbox 1917 3041 3494 3114">
     <span class='ocr_line' id='line_1_61' title="bbox 1917 3041 3494 3114; baseline 0.001 -16"><span class='ocrx_word' id='word_1_481' title='bbox 1917 3043 2064 3114; x_wconf 86' lang='lat' dir='ltr'><strong>patio</strong></span> <span class='ocrx_word' id='word_1_482' title='bbox 2091 3043 2273 3099; x_wconf 88' lang='lat' dir='ltr'><strong>domui</strong></span> <span class='ocrx_word' id='word_1_483' title='bbox 2309 3041 2516 3098; x_wconf 90' lang='lat' dir='ltr'><strong>Odonis</strong></span> <span class='ocrx_word' id='word_1_484' title='bbox 2541 3042 2775 3097; x_wconf 84' lang='lat' dir='ltr'><strong>abbatis.</strong></span> <span class='ocrx_word' id='word_1_485' title='bbox 2821 3062 2840 3094; x_wconf 77' lang='grc' dir='ltr'><strong>ι</strong></span> <span class='ocrx_word' id='word_1_486' title='bbox 2884 3043 3108 3098; x_wconf 82' lang='lat' dir='ltr'><strong>Videtur</strong></span> <span class='ocrx_word' id='word_1_487' title='bbox 3155 3056 3274 3099; x_wconf 88' lang='lat' dir='ltr'><strong>esse</strong></span> <span class='ocrx_word' id='word_1_488' title='bbox 3319 3045 3494 3101; x_wconf 88' lang='lat' dir='ltr'><strong>sancti</strong></span> 
     </span>
    </p>
   </div>
   <div class='ocr_carea' id='block_1_62' title="bbox 241 3116 3495 3219">
    <p class='ocr_par' dir='ltr' id='par_1_62' title="bbox 241 3116 3495 3219">
     <span class='ocr_line' id='line_1_62' title="bbox 241 3116 3495 3219; baseline -0.002 -7"><span class='ocrx_word' id='word_1_489' title='bbox 241 3116 372 3212; x_wconf 56' lang='lat' dir='ltr'><strong>Car.</strong></span> <span class='ocrx_word' id='word_1_490' title='bbox 403 3116 538 3211; x_wconf 48' lang='lat' dir='ltr'><strong>TI“.</strong></span> <span class='ocrx_word' id='word_1_491' title='bbox 557 3182 631 3198; x_wconf 94' lang='lat'><strong><em>—</em></strong></span> <span class='ocrx_word' id='word_1_492' title='bbox 652 3152 851 3210; x_wconf 72' lang='lat' dir='ltr'><strong>Odonis</strong></span> <span class='ocrx_word' id='word_1_493' title='bbox 876 3116 1086 3219; x_wconf 48' lang='lat' dir='ltr'><strong>scripta.</strong></span> <span class='ocrx_word' id='word_1_494' title='bbox 1097 3160 1143 3205; x_wconf 79' lang='lat' dir='ltr'><strong>et</strong></span> <span class='ocrx_word' id='word_1_495' title='bbox 1168 3150 1294 3205; x_wconf 78' lang='lat' dir='ltr'><strong>scite</strong></span> <span class='ocrx_word' id='word_1_496' title='bbox 1328 3149 1471 3205; x_wconf 79' lang='lat' dir='ltr'><strong>dicta</strong></span> <span class='ocrx_word' id='word_1_497' title='bbox 1497 3149 1563 3205; x_wconf 84' lang='lat' dir='ltr'><strong>de</strong></span> <span class='ocrx_word' id='word_1_498' title='bbox 1585 3148 1815 3204; x_wconf 71' lang='lat' dir='ltr'><strong>moribus</strong></span> <span class='ocrx_word' id='word_1_499' title='bbox 1843 3116 1888 3179; x_wconf 66' lang='grc' dir='ltr'>ο</span> <span class='ocrx_word' id='word_1_500' title='bbox 1918 3135 2140 3201; x_wconf 59' lang='lat' dir='ltr'><strong>(MONS:</strong></span> <span class='ocrx_word' id='word_1_501' title='bbox 2172 3143 2283 3189; x_wconf 75' lang='grc' dir='ltr'>ιυιη</span> <span class='ocrx_word' id='word_1_502' title='bbox 2308 3141 2533 3204; x_wconf 66' lang='lat' dir='ltr'><strong>propter</strong></span> <span class='ocrx_word' id='word_1_503' title='bbox 2554 3133 2942 3189; x_wconf 65' lang='grc' dir='ltr'><strong>ωθηδεῑυτίυω</strong></span> <span class='ocrx_word' id='word_1_504' title='bbox 2967 3132 3025 3188; x_wconf 78' lang='lat' dir='ltr'><strong>S-</strong></span> <span class='ocrx_word' id='word_1_505' title='bbox 3047 3131 3266 3202; x_wconf 58' lang='grc' dir='ltr'><strong>ίυίίίιηίν</strong></span> <span class='ocrx_word' id='word_1_506' title='bbox 3290 3150 3357 3190; x_wconf 69' lang='grc' dir='ltr'><strong>ει</strong></span> <span class='ocrx_word' id='word_1_507' title='bbox 3385 3149 3495 3205; x_wconf 70' lang='lat' dir='ltr'><strong>quo</strong></span> 
     </span>
    </p>
   </div>
   <div class='ocr_carea' id='block_1_63' title="bbox 871 3221 1183 3276">
    <p class='ocr_par' dir='ltr' id='par_1_63' title="bbox 871 3221 1183 3276">
     <span class='ocr_line' id='line_1_63' title="bbox 871 3221 1183 3276; baseline -0.013 1"><span class='ocrx_word' id='word_1_508' title='bbox 871 3221 1051 3276; x_wconf 73' lang='lat' dir='ltr'><strong>swcult&#39;</strong></span> <span class='ocrx_word' id='word_1_509' title='bbox 1079 3221 1183 3275; x_wconf 73' lang='lat' dir='ltr'><strong>sui.</strong></span> 
     </span>
    </p>
   </div>
   <div class='ocr_carea' id='block_1_64' title="bbox 310 3308 1819 3384">
    <p class='ocr_par' dir='ltr' id='par_1_64' title="bbox 310 3308 1819 3384">
     <span class='ocr_line' id='line_1_64' title="bbox 310 3308 1819 3384; baseline -0.002 -17"><span class='ocrx_word' id='word_1_510' title='bbox 310 3312 403 3368; x_wconf 73' lang='grc'>46.</span> <span class='ocrx_word' id='word_1_511' title='bbox 430 3311 540 3368; x_wconf 86' lang='lat' dir='ltr'><strong>Sed</strong></span> <span class='ocrx_word' id='word_1_512' title='bbox 563 3321 773 3384; x_wconf 91' lang='lat' dir='ltr'><strong>tempus</strong></span> <span class='ocrx_word' id='word_1_513' title='bbox 796 3317 899 3378; x_wconf 90' lang='lat' dir='ltr'><strong>est,</strong></span> <span class='ocrx_word' id='word_1_514' title='bbox 930 3319 990 3365; x_wconf 93' lang='lat' dir='ltr'><strong>ut</strong></span> <span class='ocrx_word' id='word_1_515' title='bbox 1028 3309 1240 3366; x_wconf 69' lang='lat' dir='ltr'><strong>caneris</strong></span> <span class='ocrx_word' id='word_1_516' title='bbox 1268 3308 1484 3364; x_wconf 88' lang='lat' dir='ltr'><strong>omissis</strong></span> <span class='ocrx_word' id='word_1_517' title='bbox 1532 3310 1601 3365; x_wconf 88' lang='lat' dir='ltr'><strong>ad</strong></span> <span class='ocrx_word' id='word_1_518' title='bbox 1649 3308 1819 3380; x_wconf 87' lang='lat' dir='ltr'><strong>ipsius</strong></span> 
     </span>
    </p>
   </div>
   <div class='ocr_carea' id='block_1_65' title="bbox 243 3399 1817 3474">
    <p class='ocr_par' dir='ltr' id='par_1_65' title="bbox 243 3399 1817 3474">
     <span class='ocr_line' id='line_1_65' title="bbox 243 3399 1817 3474; baseline -0.005 -14"><span class='ocrx_word' id='word_1_519' title='bbox 243 3403 451 3460; x_wconf 86' lang='lat' dir='ltr'><strong>Odonis</strong></span> <span class='ocrx_word' id='word_1_520' title='bbox 480 3418 643 3474; x_wconf 87' lang='lat' dir='ltr'><strong>opera</strong></span> <span class='ocrx_word' id='word_1_521' title='bbox 665 3410 1066 3467; x_wconf 89' lang='lat' dir='ltr'><strong>convertamur,</strong></span> <span class='ocrx_word' id='word_1_522' title='bbox 1098 3415 1328 3470; x_wconf 91' lang='lat' dir='ltr'><strong>quorum</strong></span> <span class='ocrx_word' id='word_1_523' title='bbox 1362 3400 1464 3455; x_wconf 89' lang='lat' dir='ltr'><strong>alia</strong></span> <span class='ocrx_word' id='word_1_524' title='bbox 1501 3399 1817 3462; x_wconf 83' lang='lat' dir='ltr'><strong>canonicus.</strong></span> 
     </span>
    </p>
   </div>
   <div class='ocr_carea' id='block_1_66' title="bbox 244 3488 1821 3561">
    <p class='ocr_par' dir='ltr' id='par_1_66' title="bbox 244 3488 1821 3561">
     <span class='ocr_line' id='line_1_66' title="bbox 244 3488 1821 3561; baseline -0.003 -13"><span class='ocrx_word' id='word_1_525' title='bbox 244 3494 347 3548; x_wconf 88' lang='lat' dir='ltr'><strong>alia</strong></span> <span class='ocrx_word' id='word_1_526' title='bbox 372 3494 693 3559; x_wconf 90' lang='lat' dir='ltr'><strong>monachus,</strong></span> <span class='ocrx_word' id='word_1_527' title='bbox 718 3491 823 3547; x_wconf 90' lang='lat' dir='ltr'><strong>alia</strong></span> <span class='ocrx_word' id='word_1_528' title='bbox 852 3490 1069 3561; x_wconf 89' lang='lat' dir='ltr'><strong>scripsit</strong></span> <span class='ocrx_word' id='word_1_529' title='bbox 1089 3488 1275 3546; x_wconf 89' lang='lat' dir='ltr'><strong>abbas.</strong></span> <span class='ocrx_word' id='word_1_530' title='bbox 1300 3489 1368 3544; x_wconf 84' lang='lat' dir='ltr'><strong>Et</strong></span> <span class='ocrx_word' id='word_1_531' title='bbox 1398 3489 1614 3559; x_wconf 89' lang='lat' dir='ltr'><strong>quidem</strong></span> <span class='ocrx_word' id='word_1_532' title='bbox 1658 3504 1821 3545; x_wconf 89' lang='lat' dir='ltr'><strong>cano-</strong></span> 
     </span>
    </p>
   </div>
   <div class='ocr_carea' id='block_1_67' title="bbox 244 3581 1820 3656">
    <p class='ocr_par' dir='ltr' id='par_1_67' title="bbox 244 3581 1820 3656">
     <span class='ocr_line' id='line_1_67' title="bbox 244 3581 1820 3656; baseline -0.006 -14"><span class='ocrx_word' id='word_1_533' title='bbox 244 3587 400 3642; x_wconf 88' lang='lat' dir='ltr'><strong>nicus</strong></span> <span class='ocrx_word' id='word_1_534' title='bbox 427 3585 676 3656; x_wconf 85' lang='lat' dir='ltr'><strong>Gregorii</strong></span> <span class='ocrx_word' id='word_1_535' title='bbox 700 3583 770 3639; x_wconf 80' lang='grc' dir='ltr'>Μ.</span> <span class='ocrx_word' id='word_1_536' title='bbox 801 3582 1026 3638; x_wconf 88' lang='lat' dir='ltr'><strong>moralia</strong></span> <span class='ocrx_word' id='word_1_537' title='bbox 1065 3582 1119 3636; x_wconf 92' lang='lat' dir='ltr'><strong>in</strong></span> <span class='ocrx_word' id='word_1_538' title='bbox 1155 3581 1533 3652; x_wconf 86' lang='lat' dir='ltr'><strong>compendium</strong></span> <span class='ocrx_word' id='word_1_539' title='bbox 1591 3581 1820 3652; x_wconf 84' lang='lat' dir='ltr'><strong>redegit,</strong></span> 
     </span>
    </p>
   </div>
   <div class='ocr_carea' id='block_1_68' title="bbox 246 3673 1821 3752">
    <p class='ocr_par' dir='ltr' id='par_1_68' title="bbox 246 3673 1821 3752">
     <span class='ocr_line' id='line_1_68' title="bbox 246 3673 1821 3752; baseline -0.004 -17"><span class='ocrx_word' id='word_1_540' title='bbox 246 3681 311 3735; x_wconf 88' lang='lat' dir='ltr'><strong>de</strong></span> <span class='ocrx_word' id='word_1_541' title='bbox 333 3693 444 3752; x_wconf 90' lang='lat' dir='ltr'><strong>quo</strong></span> <span class='ocrx_word' id='word_1_542' title='bbox 469 3692 631 3748; x_wconf 87' lang='lat' dir='ltr'><strong>supra</strong></span> <span class='ocrx_word' id='word_1_543' title='bbox 659 3678 715 3732; x_wconf 90' lang='lat' dir='ltr'><strong>in</strong></span> <span class='ocrx_word' id='word_1_544' title='bbox 745 3677 921 3747; x_wconf 83' lang='lat' dir='ltr'><strong>capite</strong></span> <span class='ocrx_word' id='word_1_545' title='bbox 942 3675 977 3729; x_wconf 84' lang='lat'><strong>2</strong></span> <span class='ocrx_word' id='word_1_546' title='bbox 1013 3688 1174 3746; x_wconf 90' lang='lat' dir='ltr'><strong>atque</strong></span> <span class='ocrx_word' id='word_1_547' title='bbox 1218 3675 1449 3746; x_wconf 82' lang='lat' dir='ltr'><strong>hymnos</strong></span> <span class='ocrx_word' id='word_1_548' title='bbox 1492 3674 1557 3730; x_wconf 87' lang='lat' dir='ltr'><strong>de</strong></span> <span class='ocrx_word' id='word_1_549' title='bbox 1593 3673 1652 3730; x_wconf 90' lang='grc'><strong>8.</strong></span> <span class='ocrx_word' id='word_1_550' title='bbox 1682 3673 1821 3728; x_wconf 81' lang='lat' dir='ltr'><strong>Mar-</strong></span> 
     </span>
    </p>
   </div>
   <div class='ocr_carea' id='block_1_69' title="bbox 247 3765 1820 3840">
    <p class='ocr_par' dir='ltr' id='par_1_69' title="bbox 247 3765 1820 3840">
     <span class='ocr_line' id='line_1_69' title="bbox 247 3765 1820 3840; baseline -0.002 -18"><span class='ocrx_word' id='word_1_551' title='bbox 247 3768 360 3824; x_wconf 90' lang='lat' dir='ltr'><strong>tino</strong></span> <span class='ocrx_word' id='word_1_552' title='bbox 388 3778 444 3824; x_wconf 90' lang='lat' dir='ltr'><strong>et</strong></span> <span class='ocrx_word' id='word_1_553' title='bbox 472 3769 795 3840; x_wconf 88' lang='lat' dir='ltr'><strong>antiphonas</strong></span> <span class='ocrx_word' id='word_1_554' title='bbox 817 3769 1153 3838; x_wconf 82' lang='lat' dir='ltr'><strong>composuit,</strong></span> <span class='ocrx_word' id='word_1_555' title='bbox 1182 3782 1250 3821; x_wconf 78' lang='lat' dir='ltr'><strong>ex</strong></span> <span class='ocrx_word' id='word_1_556' title='bbox 1288 3765 1499 3821; x_wconf 82' lang='lat' dir='ltr'><strong>Joanne</strong></span> <span class='ocrx_word' id='word_1_557' title='bbox 1542 3765 1597 3820; x_wconf 90' lang='lat' dir='ltr'><strong>in</strong></span> <span class='ocrx_word' id='word_1_558' title='bbox 1643 3765 1735 3820; x_wconf 90' lang='lat' dir='ltr'><strong>lib.</strong></span> <span class='ocrx_word' id='word_1_559' title='bbox 1780 3779 1820 3830; x_wconf 86' lang='grc' dir='ltr'>ι,</span> 
     </span>
    </p>
   </div>
   <div class='ocr_carea' id='block_1_70' title="bbox 246 3855 1824 3915">
    <p class='ocr_par' dir='ltr' id='par_1_70' title="bbox 246 3855 1824 3915">
     <span class='ocr_line' id='line_1_70' title="bbox 246 3855 1824 3915; baseline -0.003 0"><span class='ocrx_word' id='word_1_560' title='bbox 246 3875 398 3915; x_wconf 86' lang='grc' dir='ltr'>ιιιιιιι.</span> <span class='ocrx_word' id='word_1_561' title='bbox 430 3860 517 3914; x_wconf 76' lang='grc'>10.</span> <span class='ocrx_word' id='word_1_562' title='bbox 541 3857 663 3914; x_wconf 82' lang='lat' dir='ltr'><strong>Jain</strong></span> <span class='ocrx_word' id='word_1_563' title='bbox 690 3860 984 3915; x_wconf 89' lang='lat' dir='ltr'><strong>monachus</strong></span> <span class='ocrx_word' id='word_1_564' title='bbox 1025 3867 1134 3914; x_wconf 89' lang='lat' dir='ltr'><strong>tres</strong></span> <span class='ocrx_word' id='word_1_565' title='bbox 1172 3856 1377 3915; x_wconf 90' lang='lat' dir='ltr'><strong>libellos</strong></span> <span class='ocrx_word' id='word_1_566' title='bbox 1408 3876 1427 3911; x_wconf 76' lang='grc' dir='ltr'><strong>ι</strong></span> <span class='ocrx_word' id='word_1_567' title='bbox 1461 3872 1529 3911; x_wconf 78' lang='lat' dir='ltr'><strong>ex</strong></span> <span class='ocrx_word' id='word_1_568' title='bbox 1575 3855 1824 3911; x_wconf 78' lang='lat' dir='ltr'><strong>Jeremiac</strong></span> 
     </span>
    </p>
   </div>
   <div class='ocr_carea' id='block_1_71' title="bbox 244 3945 1823 4018">
    <p class='ocr_par' dir='ltr' id='par_1_71' title="bbox 244 3945 1823 4018">
     <span class='ocr_line' id='line_1_71' title="bbox 244 3945 1823 4018; baseline -0.001 -17"><span class='ocrx_word' id='word_1_569' title='bbox 244 3948 507 4003; x_wconf 80' lang='lat' dir='ltr'><strong>vaticinia</strong></span> <span class='ocrx_word' id='word_1_570' title='bbox 535 3966 557 4001; x_wconf 75' lang='grc' dir='ltr'><strong>ι</strong></span> <span class='ocrx_word' id='word_1_571' title='bbox 587 3948 655 4005; x_wconf 90' lang='lat' dir='ltr'><strong>de</strong></span> <span class='ocrx_word' id='word_1_572' title='bbox 680 3948 980 4004; x_wconf 85' lang='lat' dir='ltr'><strong>sacerdotio</strong></span> <span class='ocrx_word' id='word_1_573' title='bbox 1023 3948 1283 4011; x_wconf 90' lang='lat' dir='ltr'><strong>condidit,</strong></span> <span class='ocrx_word' id='word_1_574' title='bbox 1314 3962 1516 4018; x_wconf 91' lang='lat' dir='ltr'><strong>eosque</strong></span> <span class='ocrx_word' id='word_1_575' title='bbox 1566 3945 1823 4017; x_wconf 89' lang='lat' dir='ltr'><strong>Turpioui</strong></span> 
     </span>
    </p>
   </div>
   <div class='ocr_carea' id='block_1_72' title="bbox 246 4034 1823 4108">
    <p class='ocr_par' dir='ltr' id='par_1_72' title="bbox 246 4034 1823 4108">
     <span class='ocr_line' id='line_1_72' title="bbox 246 4034 1823 4108; baseline -0.003 -15"><span class='ocrx_word' id='word_1_576' title='bbox 246 4036 621 4094; x_wconf 86' lang='lat' dir='ltr'><strong>Lemovicensi</strong></span> <span class='ocrx_word' id='word_1_577' title='bbox 652 4040 905 4108; x_wconf 87' lang='lat' dir='ltr'><strong>episcopo</strong></span> <span class='ocrx_word' id='word_1_578' title='bbox 931 4038 1280 4108; x_wconf 89' lang='lat' dir='ltr'><strong>nuncupavit,</strong></span> <span class='ocrx_word' id='word_1_579' title='bbox 1307 4037 1447 4108; x_wconf 91' lang='lat' dir='ltr'><strong>apud</strong></span> <span class='ocrx_word' id='word_1_580' title='bbox 1472 4034 1734 4091; x_wconf 89' lang='lat' dir='ltr'><strong>Joannem</strong></span> <span class='ocrx_word' id='word_1_581' title='bbox 1771 4036 1823 4089; x_wconf 89' lang='lat' dir='ltr'><strong>in</strong></span> 
     </span>
    </p>
   </div>
   <div class='ocr_carea' id='block_1_73' title="bbox 244 4124 1828 4196">
    <p class='ocr_par' dir='ltr' id='par_1_73' title="bbox 244 4124 1828 4196">
     <span class='ocr_line' id='line_1_73' title="bbox 244 4124 1828 4196; baseline -0.004 -8"><span class='ocrx_word' id='word_1_582' title='bbox 244 4130 343 4188; x_wconf 90' lang='lat' dir='ltr'><strong>lib.</strong></span> <span class='ocrx_word' id='word_1_583' title='bbox 377 4144 419 4195; x_wconf 87' lang='grc' dir='ltr'>ι,</span> <span class='ocrx_word' id='word_1_584' title='bbox 443 4144 592 4184; x_wconf 86' lang='grc' dir='ltr'>ιιιιιιι.</span> <span class='ocrx_word' id='word_1_585' title='bbox 632 4129 722 4185; x_wconf 78' lang='grc'><strong>57.</strong></span> <span class='ocrx_word' id='word_1_586' title='bbox 768 4126 878 4183; x_wconf 83' lang='lat' dir='ltr'><strong>Hos</strong></span> <span class='ocrx_word' id='word_1_587' title='bbox 922 4126 1089 4183; x_wconf 90' lang='lat' dir='ltr'><strong>libros</strong></span> <span class='ocrx_word' id='word_1_588' title='bbox 1141 4145 1160 4178; x_wconf 76' lang='grc' dir='ltr'><strong>ι</strong></span> <span class='ocrx_word' id='word_1_589' title='bbox 1200 4127 1613 4196; x_wconf 89' lang='lat' dir='ltr'><strong>occupationum</strong></span> <span class='ocrx_word' id='word_1_590' title='bbox 1653 4146 1672 4179; x_wconf 75' lang='grc' dir='ltr'><strong>ι</strong></span> <span class='ocrx_word' id='word_1_591' title='bbox 1712 4124 1828 4194; x_wconf 90' lang='lat' dir='ltr'><strong>ejus</strong></span> 
     </span>
    </p>
   </div>
   <div class='ocr_carea' id='block_1_74' title="bbox 250 4215 1827 4290">
    <p class='ocr_par' dir='ltr' id='par_1_74' title="bbox 250 4215 1827 4290">
     <span class='ocr_line' id='line_1_74' title="bbox 250 4215 1827 4290; baseline -0.003 -14"><span class='ocrx_word' id='word_1_592' title='bbox 250 4220 474 4276; x_wconf 89' lang='lat' dir='ltr'><strong>nomine</strong></span> <span class='ocrx_word' id='word_1_593' title='bbox 496 4219 715 4290; x_wconf 88' lang='lat' dir='ltr'><strong>quidam</strong></span> <span class='ocrx_word' id='word_1_594' title='bbox 741 4215 995 4284; x_wconf 82' lang='lat' dir='ltr'><strong>alliciunt,</strong></span> <span class='ocrx_word' id='word_1_595' title='bbox 1012 4216 1142 4274; x_wconf 90' lang='lat' dir='ltr'><strong>editi</strong></span> <span class='ocrx_word' id='word_1_596' title='bbox 1178 4234 1197 4269; x_wconf 76' lang='grc' dir='ltr'><strong>ι</strong></span> <span class='ocrx_word' id='word_1_597' title='bbox 1230 4217 1544 4273; x_wconf 88' lang='lat' dir='ltr'><strong>collationcs</strong></span> <span class='ocrx_word' id='word_1_598' title='bbox 1583 4236 1612 4269; x_wconf 64' lang='grc' dir='ltr'>ι’</span> <span class='ocrx_word' id='word_1_599' title='bbox 1644 4217 1827 4288; x_wconf 84' lang='lat' dir='ltr'><strong>appel-</strong></span> 
     </span>
    </p>
   </div>
   <div class='ocr_carea' id='block_1_75' title="bbox 248 4309 1829 4381">
    <p class='ocr_par' dir='ltr' id='par_1_75' title="bbox 248 4309 1829 4381">
     <span class='ocr_line' id='line_1_75' title="bbox 248 4309 1829 4381; baseline 0.001 -15"><span class='ocrx_word' id='word_1_600' title='bbox 248 4312 385 4367; x_wconf 91' lang='lat' dir='ltr'><strong>lant.</strong></span> <span class='ocrx_word' id='word_1_601' title='bbox 413 4310 595 4367; x_wconf 83' lang='lat' dir='ltr'><strong>Abbas</strong></span> <span class='ocrx_word' id='word_1_602' title='bbox 628 4311 860 4381; x_wconf 87' lang='lat' dir='ltr'><strong>denique</strong></span> <span class='ocrx_word' id='word_1_603' title='bbox 887 4309 992 4365; x_wconf 89' lang='lat' dir='ltr'><strong>alia</strong></span> <span class='ocrx_word' id='word_1_604' title='bbox 1019 4309 1382 4375; x_wconf 90' lang='lat' dir='ltr'><strong>elucubravit,</strong></span> <span class='ocrx_word' id='word_1_605' title='bbox 1411 4311 1622 4366; x_wconf 90' lang='lat' dir='ltr'><strong>scilicet</strong></span> <span class='ocrx_word' id='word_1_606' title='bbox 1660 4311 1829 4368; x_wconf 89' lang='lat' dir='ltr'><strong>libros</strong></span> 
     </span>
    </p>
   </div>
   <div class='ocr_carea' id='block_1_76' title="bbox 252 4400 1823 4473">
    <p class='ocr_par' dir='ltr' id='par_1_76' title="bbox 252 4400 1823 4473">
     <span class='ocr_line' id='line_1_76' title="bbox 252 4400 1823 4473; baseline 0.001 -16"><span class='ocrx_word' id='word_1_607' title='bbox 252 4413 489 4473; x_wconf 85' lang='lat' dir='ltr'><strong>quatuor</strong></span> <span class='ocrx_word' id='word_1_608' title='bbox 524 4402 590 4459; x_wconf 89' lang='lat' dir='ltr'><strong>de</strong></span> <span class='ocrx_word' id='word_1_609' title='bbox 616 4403 725 4457; x_wconf 87' lang='lat' dir='ltr'><strong>vita</strong></span> <span class='ocrx_word' id='word_1_610' title='bbox 774 4402 833 4458; x_wconf 90' lang='lat' dir='ltr'><strong>S.</strong></span> <span class='ocrx_word' id='word_1_611' title='bbox 879 4400 1097 4458; x_wconf 89' lang='lat' dir='ltr'><strong>Geraldi</strong></span> <span class='ocrx_word' id='word_1_612' title='bbox 1134 4402 1348 4457; x_wconf 91' lang='lat' dir='ltr'><strong>comitis</strong></span> <span class='ocrx_word' id='word_1_613' title='bbox 1396 4401 1784 4458; x_wconf 87' lang='lat' dir='ltr'><strong>Auriliacensis</strong></span> <span class='ocrx_word' id='word_1_614' title='bbox 1807 4441 1823 4467; x_wconf 92' lang='lat'><strong>,</strong></span> 
     </span>
    </p>
   </div>
   <div class='ocr_carea' id='block_1_77' title="bbox 250 4492 1831 4551">
    <p class='ocr_par' dir='ltr' id='par_1_77' title="bbox 250 4492 1831 4551">
     <span class='ocr_line' id='line_1_77' title="bbox 250 4492 1831 4551; baseline 0 -2"><span class='ocrx_word' id='word_1_615' title='bbox 250 4494 469 4551; x_wconf 74' lang='lat' dir='ltr'><strong>Aimoui</strong></span> <span class='ocrx_word' id='word_1_616' title='bbox 512 4493 696 4551; x_wconf 91' lang='lat' dir='ltr'><strong>abbati</strong></span> <span class='ocrx_word' id='word_1_617' title='bbox 740 4492 971 4549; x_wconf 69' lang='lat' dir='ltr'><strong>coanobii</strong></span> <span class='ocrx_word' id='word_1_618' title='bbox 1021 4492 1080 4549; x_wconf 91' lang='lat' dir='ltr'><strong>S.</strong></span> <span class='ocrx_word' id='word_1_619' title='bbox 1134 4492 1394 4549; x_wconf 83' lang='lat' dir='ltr'><strong>Martialis</strong></span> <span class='ocrx_word' id='word_1_620' title='bbox 1432 4492 1831 4550; x_wconf 86' lang='lat' dir='ltr'><strong>Lemovicensis</strong></span> 
     </span>
    </p>
   </div>
   <div class='ocr_carea' id='block_1_78' title="bbox 252 4583 1833 4659">
    <p class='ocr_par' dir='ltr' id='par_1_78' title="bbox 252 4583 1833 4659">
     <span class='ocr_line' id='line_1_78' title="bbox 252 4583 1833 4659; baseline 0 -19"><span class='ocrx_word' id='word_1_621' title='bbox 252 4586 348 4659; x_wconf 89' lang='lat' dir='ltr'><strong>(ut</strong></span> <span class='ocrx_word' id='word_1_622' title='bbox 370 4585 482 4642; x_wconf 90' lang='lat' dir='ltr'><strong>fert</strong></span> <span class='ocrx_word' id='word_1_623' title='bbox 505 4585 608 4642; x_wconf 89' lang='lat' dir='ltr'><strong>loci</strong></span> <span class='ocrx_word' id='word_1_624' title='bbox 632 4584 964 4656; x_wconf 33' lang='lat' dir='ltr'><strong>cbronicon.)</strong></span> <span class='ocrx_word' id='word_1_625' title='bbox 992 4585 1299 4655; x_wconf 90' lang='lat' dir='ltr'><strong>inscriptos.</strong></span> <span class='ocrx_word' id='word_1_626' title='bbox 1343 4583 1623 4640; x_wconf 82' lang='lat' dir='ltr'><strong>Aimonem</strong></span> <span class='ocrx_word' id='word_1_627' title='bbox 1671 4585 1833 4641; x_wconf 88' lang='lat' dir='ltr'><strong>Tute-</strong></span> 
     </span>
    </p>
   </div>
   <div class='ocr_carea' id='block_1_79' title="bbox 253 4676 1834 4737">
    <p class='ocr_par' dir='ltr' id='par_1_79' title="bbox 253 4676 1834 4737">
     <span class='ocr_line' id='line_1_79' title="bbox 253 4676 1834 4737; baseline -0.001 -2"><span class='ocrx_word' id='word_1_628' title='bbox 253 4681 461 4737; x_wconf 88' lang='lat' dir='ltr'><strong>lensem</strong></span> <span class='ocrx_word' id='word_1_629' title='bbox 485 4681 738 4736; x_wconf 89' lang='lat' dir='ltr'><strong>abbatem</strong></span> <span class='ocrx_word' id='word_1_630' title='bbox 768 4688 928 4735; x_wconf 90' lang='lat' dir='ltr'><strong>vocat</strong></span> <span class='ocrx_word' id='word_1_631' title='bbox 953 4678 1245 4735; x_wconf 88' lang='lat' dir='ltr'><strong>cbronicon</strong></span> <span class='ocrx_word' id='word_1_632' title='bbox 1270 4676 1674 4734; x_wconf 87' lang='lat' dir='ltr'><strong>Aureliacense.</strong></span> <span class='ocrx_word' id='word_1_633' title='bbox 1699 4678 1834 4735; x_wconf 85' lang='lat' dir='ltr'><strong>For-</strong></span> 
     </span>
    </p>
   </div>
   <div class='ocr_carea' id='block_1_80' title="bbox 1919 3223 3497 3296">
    <p class='ocr_par' dir='ltr' id='par_1_80' title="bbox 1919 3223 3497 3296">
     <span class='ocr_line' id='line_1_80' title="bbox 1919 3223 3497 3296; baseline -0.001 -13"><span class='ocrx_word' id='word_1_634' title='bbox 1919 3236 2174 3296; x_wconf 88' lang='lat' dir='ltr'><strong>acceptus</strong></span> <span class='ocrx_word' id='word_1_635' title='bbox 2210 3227 2399 3288; x_wconf 78' lang='lat' dir='ltr'><strong>codex,</strong></span> <span class='ocrx_word' id='word_1_636' title='bbox 2431 3224 2519 3280; x_wconf 90' lang='lat' dir='ltr'><strong>ubi</strong></span> <span class='ocrx_word' id='word_1_637' title='bbox 2548 3223 2664 3280; x_wconf 91' lang='lat' dir='ltr'><strong>Odo</strong></span> <span class='ocrx_word' id='word_1_638' title='bbox 2701 3226 2870 3280; x_wconf 89' lang='lat' dir='ltr'><strong>abbas</strong></span> <span class='ocrx_word' id='word_1_639' title='bbox 2915 3224 3019 3279; x_wconf 89' lang='lat' dir='ltr'><strong>fuit</strong></span> <span class='ocrx_word' id='word_1_640' title='bbox 3069 3242 3083 3279; x_wconf 92' lang='lat'><strong>:</strong></span> <span class='ocrx_word' id='word_1_641' title='bbox 3133 3236 3245 3283; x_wconf 88' lang='lat' dir='ltr'><strong>tum</strong></span> <span class='ocrx_word' id='word_1_642' title='bbox 3276 3236 3497 3296; x_wconf 89' lang='lat' dir='ltr'><strong>propter</strong></span> 
     </span>
    </p>
   </div>
   <div class='ocr_carea' id='block_1_81' title="bbox 1920 3312 3499 3384">
    <p class='ocr_par' dir='ltr' id='par_1_81' title="bbox 1920 3312 3499 3384">
     <span class='ocr_line' id='line_1_81' title="bbox 1920 3312 3499 3384; baseline -0.001 -12"><span class='ocrx_word' id='word_1_643' title='bbox 1920 3317 2122 3372; x_wconf 90' lang='lat' dir='ltr'><strong>codicis</strong></span> <span class='ocrx_word' id='word_1_644' title='bbox 2145 3316 2489 3384; x_wconf 87' lang='lat' dir='ltr'><strong>scripturam,</strong></span> <span class='ocrx_word' id='word_1_645' title='bbox 2517 3328 2635 3383; x_wconf 81' lang='lat' dir='ltr'><strong>quae</strong></span> <span class='ocrx_word' id='word_1_646' title='bbox 2660 3312 2861 3370; x_wconf 89' lang='lat' dir='ltr'><strong>Odonis</strong></span> <span class='ocrx_word' id='word_1_647' title='bbox 2901 3321 3116 3368; x_wconf 84' lang='lat' dir='ltr'><strong>aetatem</strong></span> <span class='ocrx_word' id='word_1_648' title='bbox 3159 3317 3297 3384; x_wconf 87' lang='lat' dir='ltr'><strong>sapit</strong></span> <span class='ocrx_word' id='word_1_649' title='bbox 3330 3333 3346 3363; x_wconf 80' lang='grc' dir='ltr'><strong>ι</strong></span> <span class='ocrx_word' id='word_1_650' title='bbox 3384 3325 3499 3371; x_wconf 89' lang='lat' dir='ltr'><strong>tum</strong></span> 
     </span>
    </p>
   </div>
   <div class='ocr_carea' id='block_1_82' title="bbox 1919 3402 3499 3477">
    <p class='ocr_par' dir='ltr' id='par_1_82' title="bbox 1919 3402 3499 3477">
     <span class='ocr_line' id='line_1_82' title="bbox 1919 3402 3499 3477; baseline -0.001 -17"><span class='ocrx_word' id='word_1_651' title='bbox 1919 3414 2139 3477; x_wconf 89' lang='lat' dir='ltr'><strong>propter</strong></span> <span class='ocrx_word' id='word_1_652' title='bbox 2167 3403 2414 3469; x_wconf 88' lang='lat' dir='ltr'><strong>titulum;</strong></span> <span class='ocrx_word' id='word_1_653' title='bbox 2460 3419 2585 3458; x_wconf 90' lang='lat' dir='ltr'><strong>nam</strong></span> <span class='ocrx_word' id='word_1_654' title='bbox 2607 3403 2725 3474; x_wconf 87' lang='lat' dir='ltr'><strong>ejus</strong></span> <span class='ocrx_word' id='word_1_655' title='bbox 2746 3402 3063 3459; x_wconf 86' lang='lat' dir='ltr'><strong>collationes</strong></span> <span class='ocrx_word' id='word_1_656' title='bbox 3086 3405 3139 3459; x_wconf 88' lang='lat' dir='ltr'><strong>in</strong></span> <span class='ocrx_word' id='word_1_657' title='bbox 3168 3405 3353 3461; x_wconf 89' lang='lat' dir='ltr'><strong>codice</strong></span> <span class='ocrx_word' id='word_1_658' title='bbox 3392 3404 3499 3461; x_wconf 84' lang='lat' dir='ltr'><strong>Sil-</strong></span> 
     </span>
    </p>
   </div>
   <div class='ocr_carea' id='block_1_83' title="bbox 1920 3492 3499 3565">
    <p class='ocr_par' dir='ltr' id='par_1_83' title="bbox 1920 3492 3499 3565">
     <span class='ocr_line' id='line_1_83' title="bbox 1920 3492 3499 3565; baseline 0.001 -14"><span class='ocrx_word' id='word_1_659' title='bbox 1920 3497 2216 3552; x_wconf 85' lang='lat' dir='ltr'><strong>viuiacensi</strong></span> <span class='ocrx_word' id='word_1_660' title='bbox 2287 3494 2659 3550; x_wconf 90' lang='lat' dir='ltr'><strong>inscribuntur</strong></span> <span class='ocrx_word' id='word_1_661' title='bbox 2716 3512 2731 3548; x_wconf 88' lang='lat'><strong>:</strong></span> <span class='ocrx_word' id='word_1_662' title='bbox 2786 3511 2807 3545; x_wconf 77' lang='lat' dir='ltr'><strong>t</strong></span> <span class='ocrx_word' id='word_1_663' title='bbox 2873 3492 3267 3565; x_wconf 89' lang='lat' dir='ltr'><strong>Occupationes</strong></span> <span class='ocrx_word' id='word_1_664' title='bbox 3324 3496 3499 3553; x_wconf 86' lang='lat' dir='ltr'><strong>sancti</strong></span> 
     </span>
    </p>
   </div>
   <div class='ocr_carea' id='block_1_84' title="bbox 1922 3586 3500 3658">
    <p class='ocr_par' dir='ltr' id='par_1_84' title="bbox 1922 3586 3500 3658">
     <span class='ocr_line' id='line_1_84' title="bbox 1922 3586 3500 3658; baseline -0.001 -13"><span class='ocrx_word' id='word_1_665' title='bbox 1922 3588 2146 3645; x_wconf 90' lang='lat' dir='ltr'><strong>Odonis.</strong></span> <span class='ocrx_word' id='word_1_666' title='bbox 2189 3607 2208 3641; x_wconf 75' lang='grc' dir='ltr'><strong>ι</strong></span> <span class='ocrx_word' id='word_1_667' title='bbox 2242 3588 2300 3642; x_wconf 90' lang='lat' dir='ltr'><strong>ln</strong></span> <span class='ocrx_word' id='word_1_668' title='bbox 2349 3587 2453 3642; x_wconf 91' lang='lat' dir='ltr'><strong>illis</strong></span> <span class='ocrx_word' id='word_1_669' title='bbox 2499 3586 2633 3643; x_wconf 85' lang='lat' dir='ltr'><strong>nihil</strong></span> <span class='ocrx_word' id='word_1_670' title='bbox 2668 3586 2988 3643; x_wconf 88' lang='lat' dir='ltr'><strong>historicum</strong></span> <span class='ocrx_word' id='word_1_671' title='bbox 3021 3588 3196 3644; x_wconf 91' lang='lat' dir='ltr'><strong>:satis</strong></span> <span class='ocrx_word' id='word_1_672' title='bbox 3250 3596 3372 3658; x_wconf 88' lang='lat' dir='ltr'><strong>apte</strong></span> <span class='ocrx_word' id='word_1_673' title='bbox 3431 3590 3500 3645; x_wconf 89' lang='lat' dir='ltr'><strong>de</strong></span> 
     </span>
    </p>
   </div>
   <div class='ocr_carea' id='block_1_85' title="bbox 1923 3677 3493 3750">
    <p class='ocr_par' dir='ltr' id='par_1_85' title="bbox 1923 3677 3493 3750">
     <span class='ocr_line' id='line_1_85' title="bbox 1923 3677 3493 3750; baseline -0.001 -17"><span class='ocrx_word' id='word_1_674' title='bbox 1923 3680 2117 3750; x_wconf 88' lang='lat' dir='ltr'><strong>gratia.</strong></span> <span class='ocrx_word' id='word_1_675' title='bbox 2149 3677 2437 3742; x_wconf 89' lang='lat' dir='ltr'><strong>Baronius,</strong></span> <span class='ocrx_word' id='word_1_676' title='bbox 2461 3684 2556 3731; x_wconf 91' lang='lat' dir='ltr'><strong>aut</strong></span> <span class='ocrx_word' id='word_1_677' title='bbox 2579 3684 2728 3732; x_wconf 89' lang='lat' dir='ltr'><strong>certe</strong></span> <span class='ocrx_word' id='word_1_678' title='bbox 2764 3677 3121 3732; x_wconf 90' lang='lat' dir='ltr'><strong>concinnator</strong></span> <span class='ocrx_word' id='word_1_679' title='bbox 3160 3677 3355 3732; x_wconf 89' lang='lat' dir='ltr'><strong>indicis</strong></span> <span class='ocrx_word' id='word_1_680' title='bbox 3397 3692 3493 3732; x_wconf 88' lang='lat' dir='ltr'><strong>att-</strong></span> 
     </span>
    </p>
   </div>
   <div class='ocr_carea' id='block_1_86' title="bbox 1922 3766 3503 3834">
    <p class='ocr_par' dir='ltr' id='par_1_86' title="bbox 1922 3766 3503 3834">
     <span class='ocr_line' id='line_1_86' title="bbox 1922 3766 3503 3834; baseline -0.003 -9"><span class='ocrx_word' id='word_1_681' title='bbox 1922 3772 2123 3825; x_wconf 86' lang='lat' dir='ltr'><strong>nalium</strong></span> <span class='ocrx_word' id='word_1_682' title='bbox 2181 3769 2309 3824; x_wconf 91' lang='lat' dir='ltr'><strong>tomi</strong></span> <span class='ocrx_word' id='word_1_683' title='bbox 2345 3767 2415 3834; x_wconf 79' lang='grc' dir='ltr'>Χ,</span> <span class='ocrx_word' id='word_1_684' title='bbox 2459 3766 2632 3824; x_wconf 91' lang='lat' dir='ltr'><strong>Odoni</strong></span> <span class='ocrx_word' id='word_1_685' title='bbox 2688 3776 2879 3823; x_wconf 90' lang='lat' dir='ltr'><strong>nostro</strong></span> <span class='ocrx_word' id='word_1_686' title='bbox 2921 3767 3145 3822; x_wconf 87' lang='lat' dir='ltr'><strong>ascribit</strong></span> <span class='ocrx_word' id='word_1_687' title='bbox 3189 3766 3386 3822; x_wconf 86' lang='lat' dir='ltr'><strong>librum</strong></span> <span class='ocrx_word' id='word_1_688' title='bbox 3433 3766 3503 3821; x_wconf 89' lang='lat' dir='ltr'><strong>de</strong></span> 
     </span>
    </p>
   </div>
   <div class='ocr_carea' id='block_1_87' title="bbox 1924 3857 3501 3930">
    <p class='ocr_par' dir='ltr' id='par_1_87' title="bbox 1924 3857 3501 3930">
     <span class='ocr_line' id='line_1_87' title="bbox 1924 3857 3501 3930; baseline -0.003 -13"><span class='ocrx_word' id='word_1_689' title='bbox 1924 3864 2031 3917; x_wconf 87' lang='lat' dir='ltr'><strong>vita</strong></span> <span class='ocrx_word' id='word_1_690' title='bbox 2063 3863 2121 3917; x_wconf 92' lang='lat' dir='ltr'><strong>S.</strong></span> <span class='ocrx_word' id='word_1_691' title='bbox 2145 3861 2317 3916; x_wconf 73' lang='lat' dir='ltr'><strong>Mauri</strong></span> <span class='ocrx_word' id='word_1_692' title='bbox 2344 3859 2575 3925; x_wconf 90' lang='lat' dir='ltr'><strong>abbatis,</strong></span> <span class='ocrx_word' id='word_1_693' title='bbox 2612 3874 2777 3930; x_wconf 89' lang='lat' dir='ltr'><strong>quem</strong></span> <span class='ocrx_word' id='word_1_694' title='bbox 2804 3858 3006 3915; x_wconf 90' lang='lat' dir='ltr'><strong>Odonis</strong></span> <span class='ocrx_word' id='word_1_695' title='bbox 3050 3857 3259 3914; x_wconf 87' lang='lat' dir='ltr'><strong>abbatis</strong></span> <span class='ocrx_word' id='word_1_696' title='bbox 3308 3858 3501 3914; x_wconf 87' lang='lat' dir='ltr'><strong>Fossa-</strong></span> 
     </span>
    </p>
   </div>
   <div class='ocr_carea' id='block_1_88' title="bbox 1928 3946 3501 4009">
    <p class='ocr_par' dir='ltr' id='par_1_88' title="bbox 1928 3946 3501 4009">
     <span class='ocr_line' id='line_1_88' title="bbox 1928 3946 3501 4009; baseline -0.002 -2"><span class='ocrx_word' id='word_1_697' title='bbox 1928 3953 2095 4009; x_wconf 88' lang='lat' dir='ltr'><strong>tensis</strong></span> <span class='ocrx_word' id='word_1_698' title='bbox 2122 3967 2242 4008; x_wconf 88' lang='lat' dir='ltr'><strong>esse</strong></span> <span class='ocrx_word' id='word_1_699' title='bbox 2266 3959 2499 4007; x_wconf 89' lang='lat' dir='ltr'><strong>constat.</strong></span> <span class='ocrx_word' id='word_1_700' title='bbox 2545 3950 2734 4005; x_wconf 86' lang='lat' dir='ltr'><strong>Eidem</strong></span> <span class='ocrx_word' id='word_1_701' title='bbox 2791 3950 2956 4004; x_wconf 84' lang='lat' dir='ltr'><strong>etiam</strong></span> <span class='ocrx_word' id='word_1_702' title='bbox 3011 3946 3149 4005; x_wconf 89' lang='lat' dir='ltr'><strong>falso</strong></span> <span class='ocrx_word' id='word_1_703' title='bbox 3194 3948 3501 4004; x_wconf 87' lang='lat' dir='ltr'><strong>tribuuntur</strong></span> 
     </span>
    </p>
   </div>
   <div class='ocr_carea' id='block_1_89' title="bbox 1926 4040 3505 4113">
    <p class='ocr_par' dir='ltr' id='par_1_89' title="bbox 1926 4040 3505 4113">
     <span class='ocr_line' id='line_1_89' title="bbox 1926 4040 3505 4113; baseline -0.002 -13"><span class='ocrx_word' id='word_1_704' title='bbox 1926 4043 2179 4100; x_wconf 87' lang='lat' dir='ltr'><strong>chronica</strong></span> <span class='ocrx_word' id='word_1_705' title='bbox 2211 4044 2480 4113; x_wconf 64' lang='lat' dir='ltr'><strong>quaedam,</strong></span> <span class='ocrx_word' id='word_1_706' title='bbox 2534 4057 2764 4111; x_wconf 92' lang='lat' dir='ltr'><strong>quorum</strong></span> <span class='ocrx_word' id='word_1_707' title='bbox 2810 4050 3001 4095; x_wconf 88' lang='lat' dir='ltr'><strong>auctor</strong></span> <span class='ocrx_word' id='word_1_708' title='bbox 3055 4049 3140 4096; x_wconf 89' lang='lat' dir='ltr'><strong>est</strong></span> <span class='ocrx_word' id='word_1_709' title='bbox 3190 4058 3210 4092; x_wconf 71' lang='grc' dir='ltr'>ί</span> <span class='ocrx_word' id='word_1_710' title='bbox 3268 4040 3505 4098; x_wconf 89' lang='lat' dir='ltr'><strong>Thomas</strong></span> 
     </span>
    </p>
   </div>
   <div class='ocr_carea' id='block_1_90' title="bbox 1926 4130 3531 4203">
    <p class='ocr_par' dir='ltr' id='par_1_90' title="bbox 1926 4130 3531 4203">
     <span class='ocr_line' id='line_1_90' title="bbox 1926 4130 3531 4203; baseline -0.001 -14"><span class='ocrx_word' id='word_1_711' title='bbox 1926 4134 2293 4201; x_wconf 85' lang='lat' dir='ltr'><strong>Luochensis,</strong></span> <span class='ocrx_word' id='word_1_712' title='bbox 2332 4134 2427 4203; x_wconf 92' lang='lat' dir='ltr'><strong>qui</strong></span> <span class='ocrx_word' id='word_1_713' title='bbox 2468 4133 2662 4189; x_wconf 87' lang='lat' dir='ltr'><strong>breves</strong></span> <span class='ocrx_word' id='word_1_714' title='bbox 2720 4130 3006 4186; x_wconf 87' lang='lat' dir='ltr'><strong>cbronicas</strong></span> <span class='ocrx_word' id='word_1_715' title='bbox 3042 4131 3260 4189; x_wconf 91' lang='lat' dir='ltr'><strong>nomine</strong></span> <span class='ocrx_word' id='word_1_716' title='bbox 3303 4130 3531 4189; x_wconf 77' lang='lat' dir='ltr'><strong>Odonis“</strong></span> 
     </span>
    </p>
   </div>
   <div class='ocr_carea' id='block_1_91' title="bbox 1926 4221 3508 4294">
    <p class='ocr_par' dir='ltr' id='par_1_91' title="bbox 1926 4221 3508 4294">
     <span class='ocr_line' id='line_1_91' title="bbox 1926 4221 3508 4294; baseline -0.001 -15"><span class='ocrx_word' id='word_1_717' title='bbox 1926 4224 2240 4288; x_wconf 89' lang='lat' dir='ltr'><strong>intitulavit,</strong></span> <span class='ocrx_word' id='word_1_718' title='bbox 2271 4242 2292 4275; x_wconf 76' lang='grc' dir='ltr'><strong>ι</strong></span> <span class='ocrx_word' id='word_1_719' title='bbox 2320 4231 2380 4278; x_wconf 88' lang='grc' dir='ltr'><strong>ιιι</strong></span> <span class='ocrx_word' id='word_1_720' title='bbox 2412 4237 2479 4277; x_wconf 78' lang='lat' dir='ltr'><strong>ex</strong></span> <span class='ocrx_word' id='word_1_721' title='bbox 2516 4222 2684 4292; x_wconf 90' lang='lat' dir='ltr'><strong>ipsius</strong></span> <span class='ocrx_word' id='word_1_722' title='bbox 2712 4221 2930 4276; x_wconf 81' lang='lat' dir='ltr'><strong>Thomae</strong></span> <span class='ocrx_word' id='word_1_723' title='bbox 2953 4236 3047 4279; x_wconf 90' lang='lat' dir='ltr'><strong>ore</strong></span> <span class='ocrx_word' id='word_1_724' title='bbox 3066 4222 3251 4278; x_wconf 88' lang='lat' dir='ltr'><strong>didicit</strong></span> <span class='ocrx_word' id='word_1_725' title='bbox 3272 4224 3508 4294; x_wconf 90' lang='lat' dir='ltr'><strong>scriptor</strong></span> 
     </span>
    </p>
   </div>
   <div class='ocr_carea' id='block_1_92' title="bbox 1931 4311 3504 4383">
    <p class='ocr_par' dir='ltr' id='par_1_92' title="bbox 1931 4311 3504 4383">
     <span class='ocr_line' id='line_1_92' title="bbox 1931 4311 3504 4383; baseline 0 -15"><span class='ocrx_word' id='word_1_726' title='bbox 1931 4312 2178 4368; x_wconf 74' lang='lat' dir='ltr'><strong>Historia:</strong></span> <span class='ocrx_word' id='word_1_727' title='bbox 2216 4312 2497 4367; x_wconf 89' lang='lat' dir='ltr'><strong>consulum</strong></span> <span class='ocrx_word' id='word_1_728' title='bbox 2516 4311 3008 4383; x_wconf 83' lang='lat' dir='ltr'><strong>Andegavensium,</strong></span> <span class='ocrx_word' id='word_1_729' title='bbox 3044 4315 3101 4367; x_wconf 91' lang='lat' dir='ltr'><strong>in</strong></span> <span class='ocrx_word' id='word_1_730' title='bbox 3135 4321 3280 4369; x_wconf 87' lang='lat' dir='ltr'><strong>tonio</strong></span> <span class='ocrx_word' id='word_1_731' title='bbox 3304 4312 3353 4367; x_wconf 78' lang='grc' dir='ltr'>Χ</span> <span class='ocrx_word' id='word_1_732' title='bbox 3381 4313 3504 4383; x_wconf 85' lang='lat' dir='ltr'><strong>Spi-</strong></span> 
     </span>
    </p>
   </div>
   <div class='ocr_carea' id='block_1_93' title="bbox 1929 4400 3509 4474">
    <p class='ocr_par' dir='ltr' id='par_1_93' title="bbox 1929 4400 3509 4474">
     <span class='ocr_line' id='line_1_93' title="bbox 1929 4400 3509 4474; baseline 0 -15"><span class='ocrx_word' id='word_1_733' title='bbox 1929 4404 2104 4474; x_wconf 84' lang='lat' dir='ltr'><strong>cilegii</strong></span> <span class='ocrx_word' id='word_1_734' title='bbox 2124 4417 2246 4474; x_wconf 86' lang='lat' dir='ltr'><strong>pag.</strong></span> <span class='ocrx_word' id='word_1_735' title='bbox 2267 4402 2391 4457; x_wconf 65' lang='lat'><strong>400.</strong></span> <span class='ocrx_word' id='word_1_736' title='bbox 2418 4400 2659 4457; x_wconf 84' lang='lat' dir='ltr'><strong>Odonem</strong></span> <span class='ocrx_word' id='word_1_737' title='bbox 2683 4416 2848 4472; x_wconf 86' lang='lat' dir='ltr'><strong>porro</strong></span> <span class='ocrx_word' id='word_1_738' title='bbox 2868 4401 2921 4457; x_wconf 90' lang='lat' dir='ltr'><strong>in</strong></span> <span class='ocrx_word' id='word_1_739' title='bbox 2948 4402 3316 4473; x_wconf 86' lang='lat' dir='ltr'><strong>componendo</strong></span> <span class='ocrx_word' id='word_1_740' title='bbox 3336 4403 3509 4459; x_wconf 85' lang='lat' dir='ltr'><strong>eccle-</strong></span> 
     </span>
    </p>
   </div>
   <div class='ocr_carea' id='block_1_94' title="bbox 1935 4493 3506 4565">
    <p class='ocr_par' dir='ltr' id='par_1_94' title="bbox 1935 4493 3506 4565">
     <span class='ocr_line' id='line_1_94' title="bbox 1935 4493 3506 4565; baseline -0.003 -12"><span class='ocrx_word' id='word_1_741' title='bbox 1935 4497 2155 4554; x_wconf 88' lang='lat' dir='ltr'><strong>siastico</strong></span> <span class='ocrx_word' id='word_1_742' title='bbox 2177 4502 2334 4552; x_wconf 90' lang='lat' dir='ltr'><strong>cantu</strong></span> <span class='ocrx_word' id='word_1_743' title='bbox 2364 4494 2597 4565; x_wconf 90' lang='lat' dir='ltr'><strong>peritum</strong></span> <span class='ocrx_word' id='word_1_744' title='bbox 2627 4493 2794 4550; x_wconf 89' lang='lat' dir='ltr'><strong>fuisse</strong></span> <span class='ocrx_word' id='word_1_745' title='bbox 2820 4495 2977 4551; x_wconf 88' lang='lat' dir='ltr'><strong>docet</strong></span> <span class='ocrx_word' id='word_1_746' title='bbox 3005 4495 3149 4553; x_wconf 90' lang='lat' dir='ltr'><strong>inter</strong></span> <span class='ocrx_word' id='word_1_747' title='bbox 3184 4495 3322 4552; x_wconf 88' lang='lat' dir='ltr'><strong>alios</strong></span> <span class='ocrx_word' id='word_1_748' title='bbox 3348 4494 3506 4564; x_wconf 83' lang='lat' dir='ltr'><strong>Sige-</strong></span> 
     </span>
    </p>
   </div>
   <div class='ocr_carea' id='block_1_95' title="bbox 1935 4586 3507 4657">
    <p class='ocr_par' dir='ltr' id='par_1_95' title="bbox 1935 4586 3507 4657">
     <span class='ocr_line' id='line_1_95' title="bbox 1935 4586 3507 4657; baseline -0.001 -12"><span class='ocrx_word' id='word_1_749' title='bbox 1935 4589 2121 4645; x_wconf 91' lang='lat' dir='ltr'><strong>bertus</strong></span> <span class='ocrx_word' id='word_1_750' title='bbox 2145 4590 2201 4643; x_wconf 92' lang='lat' dir='ltr'><strong>in</strong></span> <span class='ocrx_word' id='word_1_751' title='bbox 2230 4587 2324 4643; x_wconf 93' lang='lat' dir='ltr'><strong>lib.</strong></span> <span class='ocrx_word' id='word_1_752' title='bbox 2354 4588 2421 4642; x_wconf 89' lang='lat' dir='ltr'><strong>de</strong></span> <span class='ocrx_word' id='word_1_753' title='bbox 2448 4587 2807 4657; x_wconf 89' lang='lat' dir='ltr'><strong>scriptoribus</strong></span> <span class='ocrx_word' id='word_1_754' title='bbox 2834 4601 2955 4656; x_wconf 89' lang='lat' dir='ltr'><strong>cap.</strong></span> <span class='ocrx_word' id='word_1_755' title='bbox 2994 4586 3098 4641; x_wconf 72' lang='lat'><strong>124</strong></span> <span class='ocrx_word' id='word_1_756' title='bbox 3128 4604 3142 4640; x_wconf 89' lang='lat'><strong>:</strong></span> <span class='ocrx_word' id='word_1_757' title='bbox 3176 4606 3196 4639; x_wconf 71' lang='grc' dir='ltr'><strong>ι</strong></span> <span class='ocrx_word' id='word_1_758' title='bbox 3225 4586 3340 4643; x_wconf 92' lang='lat' dir='ltr'><strong>Odo</strong></span> <span class='ocrx_word' id='word_1_759' title='bbox 3384 4604 3507 4643; x_wconf 90' lang='lat' dir='ltr'><strong>mu-</strong></span> 
     </span>
    </p>
   </div>
   <div class='ocr_carea' id='block_1_96' title="bbox 1937 4676 3508 4748">
    <p class='ocr_par' dir='ltr' id='par_1_96' title="bbox 1937 4676 3508 4748">
     <span class='ocr_line' id='line_1_96' title="bbox 1937 4676 3508 4748; baseline -0.001 -13"><span class='ocrx_word' id='word_1_760' title='bbox 1937 4679 2105 4745; x_wconf 87' lang='lat' dir='ltr'><strong>sicus,</strong></span> <span class='ocrx_word' id='word_1_761' title='bbox 2137 4692 2204 4734; x_wconf 73' lang='lat' dir='ltr'><strong>ex</strong></span> <span class='ocrx_word' id='word_1_762' title='bbox 2235 4677 2615 4733; x_wconf 89' lang='lat' dir='ltr'><strong>archicantore</strong></span> <span class='ocrx_word' id='word_1_763' title='bbox 2641 4676 2944 4732; x_wconf 90' lang='lat' dir='ltr'><strong>Turonensi</strong></span> <span class='ocrx_word' id='word_1_764' title='bbox 2975 4678 3271 4735; x_wconf 88' lang='lat' dir='ltr'><strong>monachus</strong></span> <span class='ocrx_word' id='word_1_765' title='bbox 3297 4687 3354 4733; x_wconf 89' lang='lat' dir='ltr'><strong>et</strong></span> <span class='ocrx_word' id='word_1_766' title='bbox 3391 4679 3508 4748; x_wconf 87' lang='lat' dir='ltr'><strong>pri-</strong></span> 
     </span>
    </p>
   </div>
   <div class='ocr_carea' id='block_1_97' title="bbox 255 4767 3513 4843">
    <p class='ocr_par' dir='ltr' id='par_1_97' title="bbox 255 4767 3513 4843">
     <span class='ocr_line' id='line_1_97' title="bbox 255 4767 3513 4843; baseline -0.001 -15"><span class='ocrx_word' id='word_1_767' title='bbox 255 4789 351 4828; x_wconf 87' lang='lat' dir='ltr'><strong>san</strong></span> <span class='ocrx_word' id='word_1_768' title='bbox 379 4773 597 4843; x_wconf 91' lang='lat' dir='ltr'><strong>utrique</strong></span> <span class='ocrx_word' id='word_1_769' title='bbox 623 4771 744 4827; x_wconf 90' lang='lat' dir='ltr'><strong>loco</strong></span> <span class='ocrx_word' id='word_1_770' title='bbox 763 4769 994 4842; x_wconf 66' lang='lat' dir='ltr'><strong>praefuit.</strong></span> <span class='ocrx_word' id='word_1_771' title='bbox 1025 4769 1255 4840; x_wconf 82' lang='lat' dir='ltr'><strong>Scripsit</strong></span> <span class='ocrx_word' id='word_1_772' title='bbox 1274 4768 1388 4825; x_wconf 90' lang='lat' dir='ltr'><strong>Odo</strong></span> <span class='ocrx_word' id='word_1_773' title='bbox 1408 4768 1574 4825; x_wconf 89' lang='lat' dir='ltr'><strong>abbas</strong></span> <span class='ocrx_word' id='word_1_774' title='bbox 1599 4770 1836 4826; x_wconf 86' lang='lat' dir='ltr'><strong>libellum</strong></span> <span class='ocrx_word' id='word_1_775' title='bbox 1937 4787 2059 4827; x_wconf 89' lang='lat' dir='ltr'><strong>mus</strong></span> <span class='ocrx_word' id='word_1_776' title='bbox 2078 4770 2246 4826; x_wconf 90' lang='lat' dir='ltr'><strong>abbas</strong></span> <span class='ocrx_word' id='word_1_777' title='bbox 2273 4768 2677 4835; x_wconf 87' lang='lat' dir='ltr'><strong>Cluniacensis,</strong></span> <span class='ocrx_word' id='word_1_778' title='bbox 2726 4770 2783 4824; x_wconf 91' lang='lat' dir='ltr'><strong>in</strong></span> <span class='ocrx_word' id='word_1_779' title='bbox 2826 4767 3064 4823; x_wconf 88' lang='lat' dir='ltr'><strong>homiliis</strong></span> <span class='ocrx_word' id='word_1_780' title='bbox 3107 4769 3407 4825; x_wconf 89' lang='lat' dir='ltr'><strong>scribendis</strong></span> <span class='ocrx_word' id='word_1_781' title='bbox 3454 4778 3513 4826; x_wconf 89' lang='lat' dir='ltr'><strong>et</strong></span> 
     </span>
    </p>
   </div>
   <div class='ocr_carea' id='block_1_98' title="bbox 259 4860 1834 4934">
    <p class='ocr_par' dir='ltr' id='par_1_98' title="bbox 259 4860 1834 4934">
     <span class='ocr_line' id='line_1_98' title="bbox 259 4860 1834 4934; baseline -0.002 -15"><span class='ocrx_word' id='word_1_782' title='bbox 259 4866 324 4921; x_wconf 89' lang='lat' dir='ltr'><strong>de</strong></span> <span class='ocrx_word' id='word_1_783' title='bbox 366 4865 682 4921; x_wconf 88' lang='lat' dir='ltr'><strong>reversione</strong></span> <span class='ocrx_word' id='word_1_784' title='bbox 728 4862 973 4933; x_wconf 77' lang='lat' dir='ltr'><strong>corporis</strong></span> <span class='ocrx_word' id='word_1_785' title='bbox 1030 4860 1088 4917; x_wconf 91' lang='grc'><strong>8.</strong></span> <span class='ocrx_word' id='word_1_786' title='bbox 1138 4860 1358 4916; x_wconf 83' lang='lat' dir='ltr'><strong>Martini</strong></span> <span class='ocrx_word' id='word_1_787' title='bbox 1404 4875 1435 4915; x_wconf 91' lang='lat' dir='ltr'><strong>e</strong></span> <span class='ocrx_word' id='word_1_788' title='bbox 1490 4862 1834 4934; x_wconf 74' lang='lat' dir='ltr'><strong>Burgundia,</strong></span> 
     </span>
    </p>
   </div>
   <div class='ocr_carea' id='block_1_99' title="bbox 1939 4858 3512 4925">
    <p class='ocr_par' dir='ltr' id='par_1_99' title="bbox 1939 4858 3512 4925">
     <span class='ocr_line' id='line_1_99' title="bbox 1939 4858 3512 4925; baseline -0.003 -8"><span class='ocrx_word' id='word_1_789' title='bbox 1939 4858 2323 4923; x_wconf 87' lang='lat' dir='ltr'><strong>declamandis,</strong></span> <span class='ocrx_word' id='word_1_790' title='bbox 2354 4866 2410 4912; x_wconf 90' lang='lat' dir='ltr'><strong>et</strong></span> <span class='ocrx_word' id='word_1_791' title='bbox 2436 4858 2668 4912; x_wconf 79' lang='lat' dir='ltr'><strong>maxime</strong></span> <span class='ocrx_word' id='word_1_792' title='bbox 2706 4859 2761 4913; x_wconf 92' lang='lat' dir='ltr'><strong>in</strong></span> <span class='ocrx_word' id='word_1_793' title='bbox 2781 4858 3168 4925; x_wconf 89' lang='lat' dir='ltr'><strong>componendis</strong></span> <span class='ocrx_word' id='word_1_794' title='bbox 3202 4866 3512 4914; x_wconf 84' lang='lat' dir='ltr'><strong>sanctorum</strong></span> 
     </span>
    </p>
   </div>
   <div class='ocr_carea' id='block_1_100' title="bbox 258 4947 3516 5027">
    <p class='ocr_par' dir='ltr' id='par_1_100' title="bbox 258 4947 3516 5027">
     <span class='ocr_line' id='line_1_100' title="bbox 258 4947 3516 5027; baseline -0.003 -15"><span class='ocrx_word' id='word_1_795' title='bbox 258 4966 447 5027; x_wconf 84' lang='lat' dir='ltr'><strong>rogatu</strong></span> <span class='ocrx_word' id='word_1_796' title='bbox 473 4953 730 5010; x_wconf 88' lang='lat' dir='ltr'><strong>Fulconis</strong></span> <span class='ocrx_word' id='word_1_797' title='bbox 753 4952 885 5009; x_wconf 88' lang='lat' dir='ltr'><strong>Boni</strong></span> <span class='ocrx_word' id='word_1_798' title='bbox 913 4952 1128 5008; x_wconf 90' lang='lat' dir='ltr'><strong>comitis</strong></span> <span class='ocrx_word' id='word_1_799' title='bbox 1172 4951 1614 5022; x_wconf 82' lang='lat' dir='ltr'><strong>Andegavensis;</strong></span> <span class='ocrx_word' id='word_1_800' title='bbox 1672 4953 1838 5008; x_wconf 88' lang='lat' dir='ltr'><strong>breve</strong></span> <span class='ocrx_word' id='word_1_801' title='bbox 1942 4950 2189 5007; x_wconf 90' lang='lat' dir='ltr'><strong>cantibus</strong></span> <span class='ocrx_word' id='word_1_802' title='bbox 2214 4948 2452 5017; x_wconf 81' lang='lat' dir='ltr'><strong>elegans,</strong></span> <span class='ocrx_word' id='word_1_803' title='bbox 2497 4948 2772 5018; x_wconf 88' lang='lat' dir='ltr'><strong>ingenium</strong></span> <span class='ocrx_word' id='word_1_804' title='bbox 2818 4947 3027 5003; x_wconf 86' lang='lat' dir='ltr'><strong>habuit.</strong></span> <span class='ocrx_word' id='word_1_805' title='bbox 3080 4967 3101 5002; x_wconf 74' lang='grc' dir='ltr'><strong>ι</strong></span> <span class='ocrx_word' id='word_1_806' title='bbox 3151 4949 3277 5020; x_wconf 84' lang='lat' dir='ltr'><strong>Ejus</strong></span> <span class='ocrx_word' id='word_1_807' title='bbox 3304 4949 3516 5003; x_wconf 82' lang='lat' dir='ltr'><strong>videtur</strong></span> 
     </span>
    </p>
   </div>
   <div class='ocr_carea' id='block_1_101' title="bbox 261 5134 324 5162">
    <p class='ocr_par' dir='ltr' id='par_1_101' title="bbox 261 5134 324 5162">
     <span class='ocr_line' id='line_1_101' title="bbox 261 5134 324 5162; baseline 0 0"><span class='ocrx_word' id='word_1_808' title='bbox 261 5134 324 5162; x_wconf 56' lang='grc'><strong>’2⁸</strong></span> 
     </span>
    </p>
   </div>
   <div class='ocr_carea' id='block_1_102' title="bbox 447 5134 1041 5162">
    <p class='ocr_par' dir='ltr' id='par_1_102' title="bbox 447 5134 1041 5162">
     <span class='ocr_line' id='line_1_102' title="bbox 447 5134 1041 5162; baseline 0 0"><span class='ocrx_word' id='word_1_809' title='bbox 447 5134 740 5162; x_wconf 60' lang='lat' dir='ltr'><strong>Ion-:AnNIIn</strong></span> <span class='ocrx_word' id='word_1_810' title='bbox 765 5146 1041 5162; x_wconf 62' lang='lat' dir='ltr'><strong>nnc-manna</strong></span> 
     </span>
    </p>
   </div>
   <div class='ocr_carea' id='block_1_103' title="bbox 1095 5131 1840 5162">
    <p class='ocr_par' dir='ltr' id='par_1_103' title="bbox 1095 5131 1840 5162">
     <span class='ocr_line' id='line_1_103' title="bbox 1095 5131 1840 5162; baseline 0 0"><span class='ocrx_word' id='word_1_811' title='bbox 1095 5147 1323 5162; x_wconf 64' lang='grc' dir='ltr'><strong>ισιιηυηση</strong></span> <span class='ocrx_word' id='word_1_812' title='bbox 1353 5132 1405 5162; x_wconf 65' lang='lat' dir='ltr'><strong>:n</strong></span> <span class='ocrx_word' id='word_1_813' title='bbox 1434 5131 1591 5162; x_wconf 64' lang='lat' dir='ltr'><strong>nn&#39;:l:b</strong></span> <span class='ocrx_word' id='word_1_814' title='bbox 1616 5144 1840 5162; x_wconf 66' lang='grc' dir='ltr'><strong>καίει-..ιη</strong></span> 
     </span>
    </p>
   </div>
   <div class='ocr_carea' id='block_1_104' title="bbox 261 5037 2750 5118">
    <p class='ocr_par' dir='ltr' id='par_1_104' title="bbox 261 5037 2750 5118">
     <span class='ocr_line' id='line_1_104' title="bbox 261 5037 2750 5118; baseline -0.002 -15"><span class='ocrx_word' id='word_1_815' title='bbox 261 5048 521 5118; x_wconf 89' lang='lat' dir='ltr'><strong>scriptum</strong></span> <span class='ocrx_word' id='word_1_816' title='bbox 557 5065 575 5097; x_wconf 71' lang='grc' dir='ltr'><strong>ι</strong></span> <span class='ocrx_word' id='word_1_817' title='bbox 605 5044 671 5101; x_wconf 90' lang='lat' dir='ltr'><strong>de</strong></span> <span class='ocrx_word' id='word_1_818' title='bbox 695 5058 760 5100; x_wconf 90' lang='lat' dir='ltr'><strong>eo</strong></span> <span class='ocrx_word' id='word_1_819' title='bbox 793 5044 935 5114; x_wconf 91' lang='lat' dir='ltr'><strong>quod</strong></span> <span class='ocrx_word' id='word_1_820' title='bbox 962 5041 1224 5097; x_wconf 80' lang='lat' dir='ltr'><strong>Martinus</strong></span> <span class='ocrx_word' id='word_1_821' title='bbox 1249 5057 1345 5111; x_wconf 91' lang='lat' dir='ltr'><strong>par</strong></span> <span class='ocrx_word' id='word_1_822' title='bbox 1374 5041 1588 5099; x_wconf 88' lang='lat' dir='ltr'><strong>dicatur</strong></span> <span class='ocrx_word' id='word_1_823' title='bbox 1625 5053 1842 5114; x_wconf 84' lang='lat' dir='ltr'><strong>aposto-</strong></span> <span class='ocrx_word' id='word_1_824' title='bbox 1941 5055 2063 5100; x_wconf 90' lang='lat' dir='ltr'><strong>esse</strong></span> <span class='ocrx_word' id='word_1_825' title='bbox 2090 5049 2282 5095; x_wconf 88' lang='lat' dir='ltr'><strong>cautus</strong></span> <span class='ocrx_word' id='word_1_826' title='bbox 2308 5041 2374 5094; x_wconf 84' lang='lat' dir='ltr'><strong>de</strong></span> <span class='ocrx_word' id='word_1_827' title='bbox 2407 5037 2464 5095; x_wconf 90' lang='lat' dir='ltr'><strong>S.</strong></span> <span class='ocrx_word' id='word_1_828' title='bbox 2498 5038 2750 5097; x_wconf 78' lang='lat' dir='ltr'><strong>Martino.</strong></span> 
     </span>
    </p>
   </div>
   <div class='ocr_carea' id='block_1_105' title="bbox 2019 5130 3487 5162">
    <p class='ocr_par' dir='ltr' id='par_1_105' title="bbox 2019 5130 3487 5162">
     <span class='ocr_line' id='line_1_105' title="bbox 2019 5130 3487 5162; baseline 0 0"><span class='ocrx_word' id='word_1_829' title='bbox 2019 5132 2080 5162; x_wconf 81' lang='grc' dir='ltr'><strong>ιο</strong></span> <span class='ocrx_word' id='word_1_830' title='bbox 2126 5132 2181 5162; x_wconf 73' lang='lat' dir='ltr'><strong>In</strong></span> <span class='ocrx_word' id='word_1_831' title='bbox 2213 5130 2483 5162; x_wconf 66' lang='lat' dir='ltr'><strong>nuncnunc</strong></span> <span class='ocrx_word' id='word_1_832' title='bbox 2523 5132 2634 5162; x_wconf 68' lang='grc' dir='ltr'><strong>οηῖει</strong></span> <span class='ocrx_word' id='word_1_833' title='bbox 2668 5134 2785 5162; x_wconf 66' lang='grc' dir='ltr'><strong>ΛΛΑ</strong></span> <span class='ocrx_word' id='word_1_834' title='bbox 2831 5130 3066 5162; x_wconf 61' lang='grc' dir='ltr'><strong>ωανῖηυιι</strong></span> <span class='ocrx_word' id='word_1_835' title='bbox 3090 5147 3219 5162; x_wconf 64' lang='grc' dir='ltr'><strong>..Δ-Λ</strong></span> <span class='ocrx_word' id='word_1_836' title='bbox 3263 5134 3315 5162; x_wconf 71' lang='grc' dir='ltr'>ε..</span> <span class='ocrx_word' id='word_1_837' title='bbox 3356 5131 3487 5162; x_wconf 66' lang='grc' dir='ltr'><strong>ΑΑΙΙΛ</strong></span> 
     </span>
    </p>
   </div>
  </div>
