4004 5340
523 339 592 397 '59
1637 325 1697 381 S.
1737 321 1873 381 ODO
1907 322 2129 380 ABBAS
2163 319 2676 380 CLUNIACENSIS.
3711 326 3782 384 ιο

519 452 691 522 magis
719 446 961 504 roborari
985 430 1198 509 debuit;
1233 440 1313 498 sic
1337 446 1559 496 econtra
1593 439 1660 494 ab
1696 444 1840 492 statu
1877 437 2099 492 rectitu-
2126 441 2176 502 Α
2202 436 2479 492 miraculis
2520 435 2786 491 celebris:
2845 434 2998 504 cuius
3040 435 3282 508 reliquiae
3337 452 3458 494 cum
3508 437 3562 496 in
3625 440 3786 496 altari
3854 462 3860 468 ~

522 542 666 598 dinis
711 540 1045 599 incurvatur,
1096 541 1154 588 ut
1198 534 1314 603 ejus
1357 533 1543 602 religio
1598 537 1792 585 cuncta
1839 527 2101 584 defecisse

521 631 804 688 videatur?
856 628 1057 683 Omnes
1087 625 1231 678 enim
1261 623 1446 678 festini
1477 635 1529 678 et
1559 621 1868 692 praseipites
1899 621 1965 673 ad
1989 635 2102 674 ma-

524 723 637 778 lum
663 720 954 783 currimus,
983 735 1006 768 -ι
1025 725 1129 770 etc.
1149 715 1212 769 Et
1235 715 1288 768 in
1314 714 1466 779 lib.'t,
1491 712 1687 782 cap.“
1723 729 1735 764 :
1760 730 1778 762 ι
1808 710 2099 766 Sciendum

525 829 677 878 sane,
725 811 851 880 quia
898 809 1038 862 sicut
1092 806 1292 860 nostris
1348 803 1679 873 temporibus
1734 802 1918 856 omnia
1966 815 2104 869 pene

526 918 684 960 suum
704 901 952 956 ordinem
981 896 1354 967 perdiderunt,
1378 893 1622 964 plerique
1643 892 1896 962 prodigas
1923 905 2102 945 rerum

525 1007 743 1050 suarum
764 1004 1028 1060 expensas
1051 987 1374 1042 charitatem
1403 985 1681 1039 nominant
1713 1003 1726 1038 :
1761 999 1886 1039 cum
1921 999 2009 1038 res
2036 982 2104 1037 ad

526 1085 745 1138 inanem
813 1080 1040 1151 gloriam
1091 1076 1309 1145 profuse
1356 1076 1657 1146 dispensae,
1703 1075 1964 1130 comestio
2020 1071 2105 1127 vel

532 1172 724 1228 effusio
756 1171 928 1240 magis
982 1167 1224 1224 dicenda:
1265 1167 1391 1232 sint,
1423 1182 1586 1236 quam
1635 1167 1900 1232 charitas,
1931 1186 1950 1218 ι
1997 1173 2103 1221 etc.

533 1275 650 1320 tum
676 1265 728 1318 in
754 1263 848 1317 lib.
881 1278 941 1328 ιι,
969 1277 1087 1331 cap.
1118 1261 1224 1314 57:
1257 1279 1274 1310 ι
1309 1258 1622 1328 Lugendum
1647 1271 1729 1314 cst
1753 1259 1802 1312 ei
1825 1257 2106 1328 praesentis

526 1358 652 1412 vita:
679 1366 911 1425 tempus,
936 1356 989 1409 in
1019 1369 1127 1424 quo
1159 1360 1284 1408 sunt
1312 1353 1385 1408 ita
1408 1353 1587 1407 omnia
1613 1350 1854 1414 confusa,
1883 1359 1942 1405 ut
1966 1351 2109 1404 veri-

530 1449 660 1504 tatis
687 1447 906 1517 quidem
933 1461 1032 1501 ncc
1057 1445 1342 1515 vestigium
1365 1460 1592 1515 usquam
1621 1444 1823 1505 videas,
1855 1443 2108 1512 nequitiae

527 1555 658 1595 vero
679 1549 841 1608 atque
867 1538 1092 1592 luxuriae
1131 1545 1325 1591 cuneta
1371 1551 1492 1590 esse
1537 1536 1738 1606 repleta
1787 1535 2106 1606 prospicias,

529 1645 630 1694 nec
658 1629 858 1698 aliquid
894 1625 1040 1696 juste
1064 1636 1317 1697 recteque
1347 1627 1571 1681 servari.
1606 1625 1848 1681 Humiles
1887 1635 1940 1679 et
1964 1626 2109 1679 inva-

530 1719 669 1775 lidos
691 1730 853 1789 atque
884 1719 1233 1789 pauperiores
1258 1719 1441 1773 videas
1465 1733 1495 1772 a
1528 1717 1774 1786 superbis
1815 1725 1870 1771 et
1913 1725 2107 1786 poten-

2208 526 2395 595 posita:
2443 525 2704 589 fuissent,
2753 539 3037 581 cessavere
3097 528 3378 582 miracula.
3439 529 3790 600 Stupentibus

2201 617 2518 688 peregrinis,
2554 618 2767 672 cuidam
2797 631 2862 671 ex
2894 618 3124 675 inﬁrmis
3150 622 3305 690 virgo
3333 638 3619 692 apparens.
3654 643 3672 676 ι
3706 625 3792 679 ld-

2201 711 2364 775 cireo,
2392 709 2586 778 inquit,
2613 724 2718 763 non
2749 710 3043 775 sanamini,
3074 712 3201 780 quia
3233 713 3473 781 reliquize
3501 730 3634 768 mea;
3658 725 3790 770 sunt

2202 817 2362 870 super
2415 802 2584 857 altare
2619 803 2848 867 Domini,
2895 804 2987 857 ubi
3038 805 3292 875 majestas
3332 807 3498 860 divini
3545 807 3792 877 mysterii

2203 893 2361 949 debet
2388 892 2722 948 solummodo
2735 893 2944 948 celebra
2955 895 3017 949 ri.
3036 895 3188 962 Quod
3212 912 3334 951 cum
3366 897 3454 951 ille
3475 899 3791 952 custodibus

2205 980 2450 1046 referret,
2479 982 2715 1037 tulerunt
2743 998 2980 1053 capsam,
3008 994 3060 1039 ct
3100 987 3344 1049 protinus
3373 988 3630 1042 miracula
3671 989 3791 1042 ﬁeri

2205 1082 2500 1142 coeperunt.
2533 1072 2590 1128 Si
2627 1087 2777 1145 ergo,
2809 1093 2828 1126 υ
2861 1075 3010 1129 addit
3045 1073 3180 1141 Odo,
3212 1094 3231 1127 c
3260 1078 3329 1131 ob
3375 1077 3517 1132 illius
3545 1079 3790 1149 mysterii

2206 1163 2561 1218 reverentiam
2584 1178 2684 1218 nec
2710 1165 2825 1233 ipsa
2857 1180 2952 1219 sua
2981 1165 3208 1236 pignora
3241 1167 3412 1221 sancti
3452 1167 3640 1222 volunt
3666 1182 3792 1237 pro-

2207 1255 2326 1324 pius
2353 1254 2604 1319 vicinari;
2635 1255 2763 1322 quid
2789 1257 3116 1309 censendum
3145 1267 3228 1310 est
3259 1257 3324 1310 de
3346 1257 3700 1312 immunditiis
3720 1259 3745 1310 ?
3768 1277 3788 1309 ι

2277 1342 2364 1396 50.
2404 1341 2563 1395 Aliud
2605 1342 2806 1397 factum
2841 1353 2926 1397 est
2974 1343 3039 1397 de
3062 1345 3292 1414 quodam
3337 1345 3547 1400 latrone
3596 1347 3648 1399 in
3677 1347 3790 1415 ipsa

2209 1431 2428 1486 sceleris
2454 1433 2738 1487 occasione
2781 1433 3098 1500 interfecto,
3129 1435 3282 1504 cujus
3309 1452 3507 1506 corpus
3553 1453 3673 1490 cum
3726 1437 3792 1491 ad

2209 1520 2492 1575 ecclesiam
2523 1521 2755 1577 delatura
2804 1532 2967 1589 esset,
3017 1525 3268 1579 sacerdos
3317 1540 3416 1595 pro
3461 1541 3527 1580 eo
3572 1526 3792 1579 missam

2209 1610 2483 1665 celebrare
2505 1612 2687 1680 erepit.
2724 1630 2742 1663 ι
2775 1612 2906 1667 Cum
2931 1629 3062 1685 ergo
3081 1617 3147 1670 ad
3177 1617 3339 1670 verba
3363 1617 3794 1671 consecrationis

2210 1700 2490 1756 Dominlca
2516 1702 2704 1758 venire
2738 1704 2990 1771 deberet,
3017 1706 3276 1763 terribilis
3312 1709 3519 1762 sonitus
3573 1709 3625 1762 in
3655 1717 3794 1763 tecto

530 1809 678 1865 tibus
705 1809 1072 1878 divitibusque
1118 1808 1420 1878 comprimi,
1474 1807 1654 1879 afﬂigi,
1704 1815 1864 1876 atque
1916 1807 2112 1877 injuste
2143 1791 2185 1850 Β
2213 1791 2455 1847 ecclesiae
2480 1793 2810 1861 percrebuit,
2833 1804 2887 1849 et
2915 1795 3106 1862 altare,
3138 1798 3276 1851 sicut
3306 1799 3408 1852 huc
3431 1814 3599 1868 usque
3623 1809 3791 1868 patet,

529 1901 651 1956 lmdi
688 1919 702 1955 :
736 1903 1026 1957 honestum
1049 1916 1179 1955 vero
1203 1915 1525 1970 quemquam
1558 1909 1614 1954 et
1652 1900 1896 1969 quietum
1928 1897 2115 1953 multis

528 1973 842 2047 laesionihus
873 1991 1176 2060 perturbari
1215 2009 1227 2043 :
1263 2000 1486 2046 econtra
1515 2003 1948 2060 unumquemque
1993 2003 2114 2057 pes-

529 2083 726 2140 simum
757 2083 1000 2153 potentia
1023 2082 1310 2147 cumulari,
1341 2081 1635 2136 terribilem
1658 2080 1795 2144 ﬁeri,
1821 2089 1875 2134 et
1910 2078 2114 2133 tumido

530 2187 787 2231 successu
860 2172 914 2226 in
967 2172 1126 2226 malis
1170 2171 1356 2242 augeri
1413 2189 1428 2226 :
1485 2170 1679 2240 quibus
1724 2183 1825 2223 nec
1873 2167 2112 2239 judicum

529 2273 728 2328 metus,
758 2276 859 2316 nec
895 2261 1202 2315 reverentia
1229 2275 1397 2315 sacrm
1432 2259 1773 2314 auctoritatis
1816 2256 2112 2328 prmvalere

527 2362 725 2424 potest,
751 2368 850 2407 nec
883 2367 1069 2406 eorum
1091 2351 1388 2421 perniciem
1415 2349 1684 2404 ullatenus
1712 2349 1987 2405 cohibere.
2004 2347 2112 2403 Sed

528 2444 660 2514 quid
691 2443 756 2498 de
788 2442 1064 2510 iudicibus
1100 2441 1363 2496 dicimus?
1407 2438 1543 2495 Nam
1574 2447 1631 2495 et
1653 2439 1756 2509 ipsi
1780 2439 1872 2508 qui
1902 2439 1968 2493 ad
1993 2438 2111 2493 haec

528 2535 872 2604 reprimenda
897 2533 1182 2590 constituti
1207 2531 1455 2596 fuerant,
1486 2531 1762 2601 graviores
1821 2537 2111 2600 tempesta-

471 2645 475 2650 ·
527 2630 612 2679 tes
669 2631 724 2677 et
782 2623 1193 2692 perniciosiores
1252 2621 1305 2674 in
1369 2620 1598 2675 miseros
1649 2629 1924 2674 exercent.
1984 2617 2110 2674 Haec

527 2721 708 2766 autem
742 2714 924 2782 iniqua
953 2721 1114 2782 atque
1138 2711 1338 2782 injusta
1383 2709 1722 2780 inaequalitas
1776 2726 1883 2765 non
1934 2709 2107 2765 solum

527 2802 584 2857 in
611 2802 857 2867 urbibus,
885 2801 978 2857 sed
1011 2803 1063 2856 in
1095 2803 1272 2873 agris;
1313 2810 1366 2856 et
1401 2815 1507 2855 non
1530 2800 1704 2856 solum
1731 2801 1787 2855 in
1822 2810 1985 2867 terra,
2013 2801 2106 2856 sed

527 2901 584 2948 ct
612 2894 664 2947 in
705 2895 842 2948 mari
889 2895 1248 2949 committitur
1293 2902 1350 2948 et
1385 2903 1688 2949 exercetur.
1737 2913 1755 2945 ι
1808 2893 1999 2948 Subdit
2050 2894 2106 2948 in

527 2998 648 3053 cap.
676 2983 740 3038 41
773 3001 786 3037 :
817 3002 835 3036 ‹
869 2983 1024 3050 Quod
1067 2993 1246 3039 autem
1290 2985 1431 3038 inter
1474 2985 1658 3039 omnia
1707 2983 1846 3038 mala
1894 2985 2108 3055 gravius

528 3081 708 3138 nocet,
736 3074 810 3127 ita
838 3074 1106 3143 pessimus
1143 3075 1400 3144 peccandi
1433 3090 1560 3128 usus
1578 3073 1690 3142 jam
1716 3075 2106 3130 consuetudine

529 3163 816 3219 roboratus
838 3139 943 3229 est,
978 3175 1035 3220 ut
1069 3139 1208 3234 pene
1235 3165 1410 3220 nullus
1428 3139 1799 3236 justo—judicio
1825 3176 2105 3236 peccatum
2133 3139 2176 3198 Ο

529 3256 840 3312 discernere
860 3265 1022 3325 queat
1053 3274 1068 3310 :
1109 3257 1203 3312 sed
1233 3257 1373 3311 sicut
1393 3258 1574 3312 Aaron
1604 3258 1726 3312 ﬁliis
1766 3258 1930 3313 lsrael
1977 3258 2107 3312 deos

526 3345 890 3415 quterentibus
912 3360 1018 3400 non
1047 3345 1280 3410 restitit,
1311 3346 1392 3400 sic
1420 3360 1608 3401 omnes
1639 3355 1732 3400 aut
1756 3347 1922 3415 iniqui
1957 3353 2104 3412 sunt,

529 3444 623 3490 aut
649 3435 916 3504 iniquitati
939 3436 1156 3489 cedunt.
1191 3451 1210 3485 ι
1253 3434 1395 3505 Lege
1444 3444 1498 3489 et
1547 3450 1667 3504 qua:
1710 3443 2009 3505 sequuntur
2053 3435 2106 3488 in

528 3525 638 3582 ﬁne
666 3525 822 3580 istius
851 3526 1066 3594 capitis,
1091 3536 1146 3580 et
1176 3524 1300 3580 libri
1343 3541 1426 3590 ιιι,
1453 3533 1617 3595 caput
1660 3525 1750 3580 28.
1799 3524 1926 3579 Tria
1980 3540 2108 3580 vero

531 3615 715 3670 saeculi
762 3616 842 3671 sui
865 3616 995 3670 vitia
1043 3618 1278 3670 maxime
1319 3616 1540 3686 carpit:
1576 3614 1858 3680 malitiam,
1885 3629 2006 3684 quae
2040 3614 2109 3669 ad

527 3704 795 3759 violentos
844 3705 1110 3773 pertinet;
1163 3706 1495 3774 superbiam,
1533 3715 1588 3760 et
1625 3704 1937 3770 luxuriam;
1991 3718 2110 3773 qua:

528 3795 660 3849 vitia
693 3796 748 3849 in
775 3796 926 3851 libris
945 3796 1121 3866 primo
1144 3805 1198 3850 et
1227 3797 1462 3851 secundo
1491 3797 1746 3866 exagitat.

600 3889 692 3943 49.
734 3887 996 3956 Quartum
1021 3889 1170 3942 addit
1193 3888 1245 3941 in
1269 3888 1453 3955 lib.{n,
1482 3905 1599 3958 cap.
1623 3887 1693 3942 28
1719 3904 1733 3942 :
1759 3907 1776 3939 ι
1818 3888 1886 3943 Et
1917 3888 1982 3942 de
2008 3887 2110 3942 hoc

529 3978 742 4047 quidem
767 3980 909 4048 quod
941 3977 1024 4033 vel
1048 3993 1146 4048 per
1181 3979 1294 4034 haec
1327 3979 1430 4034 tria
1470 3979 1618 4043 vitia,
1646 3979 1728 4034 vel
1773 3994 1870 4047 per
1913 3989 2105 4032 caetera

528 4083 648 4136 qua:
689 4083 1006 4122 enumerare
1052 4068 1237 4138 pudet,
1273 4085 1302 4123 a
1345 4069 1563 4126 Christo
1592 4077 1896 4139 apustatarc
1921 4068 2109 4121 viden-

531 4169 636 4222 tur,
687 4158 840 4212 valde
887 4160 1171 4214 dolendum
1218 4169 1339 4218 cst:
1391 4161 1484 4216 sed
1537 4161 1705 4216 multo
1736 4161 1854 4230 plus
1895 4161 1958 4215 de
2008 4160 2110 4215 hoc

529 4248 673 4318 quod
710 4248 837 4303 illud
871 4261 1274 4306 sacrosanctum
1301 4253 1631 4323 mysterium,
1666 4253 1926 4307 Dominici
1965 4254 2109 4308 vide-

529 4339 654 4395 licet
681 4343 942 4411 corporis,
973 4351 1228 4397 temerate
1257 4356 1606 4412 praesumunt.
1636 4345 1749 4400 lloc
1777 4345 1920 4399 enim
1948 4345 2109 4400 bene-

529 4432 711 4488 ﬁcium
757 4433 926 4502 majus
953 4443 1038 4487 est
1070 4435 1210 4489 inter
1237 4437 1417 4489 omnia
1458 4437 1625 4498 bona,
1661 4453 1776 4507 qute
1803 4438 2107 4492 hominibus

527 4537 783 4577 concessa
819 4533 972 4589 sunt;
1020 4533 1075 4578 et
1111 4525 1210 4578 hoc
1237 4527 1484 4593 estquod
1525 4526 1665 4580 Deus
1715 4527 1900 4596 majori
1928 4528 2107 4581 chari-

530 4619 642 4666 tate
669 4614 980 4669 mortalibus
1011 4613 1266 4669 indulsit:
1299 4617 1422 4684 quia
1454 4616 1507 4670 in
1539 4617 1638 4670 hoc
1673 4618 1926 4685 mysterio
1960 4617 2104 4672 salus

530 4705 717 4759 mundi
747 4715 855 4758 tota
874 4705 1143 4758 consistit.
1167 4705 1233 4758 Et
1253 4714 1397 4760 certe
1425 4706 1550 4759 dum
1576 4706 1790 4776 indigne
1819 4716 2099 4774 tractatur,

531 4810 629 4866 per
655 4795 755 4848 hoc
782 4796 1016 4848 maxime
1040 4794 1216 4848 divina
1246 4796 1485 4864 quotidie
1511 4795 1762 4862 majestas
1793 4797 2097 4867 injuriatur.

529 4880 609 4937 De
639 4883 740 4936 hoc
763 4896 892 4948 ergo
916 4883 1202 4936 dolendum
1237 4894 1341 4948 est,
1369 4886 1432 4938 de
1463 4885 1565 4938 hoc
1595 4887 1917 4941 omnimodis
1953 4889 2102 4959 inge-

533 4973 903 5028 miscendum:
956 4983 1016 5027 ut
1053 4973 1122 5044 [si
1174 4975 1461 5030 etiiendare
1507 4993 1611 5031 non
1658 4993 1980 5047 possumus,
2024 4980 2106 5035 vel

532 5063 742 5119 dolendi
781 5061 1030 5118 affectum
1071 5067 1224 5141 nobis
1260 5067 1436 5122 inesse
1467 5068 1809 5124 reclamando
1837 5080 2102 5126 monstre-

533 5169 675 5214 mus.
704 5168 772 5207 ne
798 5152 933 5208 forte
957 5169 1061 5209 vox
1083 5155 1284 5212 Christi
1325 5172 1424 5212 nos
1455 5167 1645 5229 arguat
1693 5159 1913 5214 dicens:
1947 5179 1966 5212 ι
2007 5159 2110 5215 Su-

533 5241 699 5297 stinui
729 5242 820 5310 qui
858 5241 1022 5296 simul
1050 5245 1480 5311 contristaretur,
1520 5256 1574 5302 et
1599 5265 1704 5302 non
1731 5247 1850 5302 fuit.
1903 5267 1921 5300 ‹
1956 5249 2108 5316 Quod

2215 1902 2384 1956 usque
2407 1887 2474 1941 ad
2513 1887 2745 1942 radicem
2779 1889 3003 1944 scissum
3033 1902 3114 1944 est
3133 1929 3147 1954 ,
3181 1890 3364 1959 sicque
3395 1891 3647 1945 sacerdos
3669 1905 3793 1945 cum

2213 1977 2463 2031 omnibus
2487 1977 2691 2047 ingenti
2723 1993 2921 2048 pavore
2947 1980 3225 2048 perculsus
3260 1979 3428 2050 fugit,
3461 1993 3514 2035 ct
3540 1997 3635 2050 pro
3663 1997 3792 2050 apo-

2212 2075 2352 2120 stata
2382 2068 2688 2123 sacriﬁcare
2709 2071 2960 2124 cessavit.
2984 2070 3096 2124 Hoc
3117 2080 3302 2126 contra
3326 2087 3418 2128 eos
3439 2073 3641 2127 dictum
3667 2073 3786 2138 sit,»

2211 2159 2386 2228 inquit
2418 2160 2501 2214 vir
2525 2169 2765 2226 sanctus,
2818 2179 2838 2211 ι
2867 2162 2956 2230 qui
2987 2177 3083 2231 pro
3125 2164 3405 2218 sceleratis
3447 2165 3517 2218 ob
3560 2164 3792 2234 gratiam

2209 2236 2398 2305 eorum
2435 2265 2493 2306 se
2530 2261 2780 2307 oraturos
2805 2252 3144 2322 pollicentur.
3180 2273 3198 2306 ι
3242 2255 3297 2308 Id
3339 2265 3555 2310 notasse
3580 2257 3793 2310 videtur

2209 2341 2325 2397 Odo
2353 2343 2420 2396 ad
2463 2343 2866 2396 convcllendam
2913 2358 3100 2398 eorum
3129 2345 3436 2415 Opinionem
3460 2387 3474 2412 ,
3521 2348 3613 2416 qui
3650 2347 3794 2402 dice-

2207 2434 2360 2502 bant,
2410 2435 2696 2506 Augustini
2742 2436 2924 2490 forsan
2957 2437 3264 2492 testimonio
3313 2453 3418 2493 non
3461 2453 3590 2494 sane
3636 2439 3794 2492 intel-

2208 2525 2349 2581 lecto
2375 2525 2614 2590 adducti,
2644 2525 2914 2581 damnatis
2940 2527 3117 2582 missa:
3151 2528 3474 2583 sacriﬁcium
3513 2535 3788 2601 prodesse,

2207 2617 2293 2673 vel
2320 2627 2378 2671 ut
2406 2633 2435 2671 a
2461 2618 2635 2688 poenis
2657 2618 2876 2672 omnino
2908 2618 3228 2686 liberentur,
3255 2621 3336 2676 vel
3366 2631 3424 2676 ut
3465 2622 3791 2677 tolerabilius

2207 2708 2550 2789 damnentur.
2603 2708 2734 2777 Ejus
2789 2711 3059 2779 opinionis
3109 2711 3258 2768 locus
3305 2722 3390 2767 est
3437 2715 3576 2784 apud
3623 2714 3794 2770 Adre-

2207 2800 2424 2854 valdum
2451 2799 2505 2854 in
2529 2799 2666 2854 libro
2687 2801 2752 2854 de
2774 2801 3048 2855 miraculis
3069 2804 3237 2857 sancti
3262 2803 3530 2858 Benedicti
3552 2820 3666 2873 cap.
3693 2805 3756 2857 ξεί
3774 2846 3788 2871 ,

2206 2889 2296 2943 ubi
2348 2889 2424 2942 ait
2468 2888 2840 2944 Floriaceuses
2888 2905 2986 2958 pro
3030 2892 3309 2947 animabus
3355 2897 3664 2964 prmdonum
3734 2897 3786 2950 in

2207 2978 2324 3033 acie
2351 2993 2614 3033 cmsorum
2657 2994 2845 3048 preces
2888 2980 2955 3034 ad
2985 2979 3269 3035 Dominum
3301 2981 3542 3037 fudisse:
3598 3001 3616 3034 ‹
3658 2999 3796 3052 qua-

2210 3079 2366 3124 tenus
2431 3071 2534 3126 etsi
2575 3072 2849 3141 perpetuis
2888 3087 2995 3126 non
3043 3084 3383 3128 mererentur
3423 3075 3626 3129 absolvi
3663 3091 3790 3130 cru-

2207 3161 2474 3225 eiatibus,
2519 3161 2710 3215 saltem
2780 3162 3079 3217 minoribus
3125 3164 3484 3217 multarentur
3517 3181 3548 3218 a
3601 3166 3792 3219 stricto

2205 3252 2392 3308 Judiee
2436 3252 2630 3321 ptenis.
2666 3270 2685 3303 ι
2722 3251 2912 3306 Exstat
2935 3253 2988 3306 in
3034 3255 3218 3308 codice
3253 3255 3554 3310 Gellonensi
3599 3269 3793 3324 perve-

2209 3350 2354 3396 tusto
2388 3358 2406 3391 ‹
2437 3341 2600 3396 missa
2629 3356 2728 3410 pro
2766 3341 2920 3409 cujus
2964 3344 3144 3399 anima
3187 3345 3488 3407 dubitatur,
3527 3362 3544 3394 ι
3598 3345 3650 3397 in
3683 3361 3792 3413 qua

2208 3436 2324 3490 inec
2357 3434 2531 3489 oratio
2559 3451 2572 3487 :
2605 3452 2622 3484 ‹
2653 3433 3006 3502 Omnipotens
3051 3443 3105 3490 et
3160 3436 3470 3488 misericors
3502 3435 3664 3496 Deus,
3697 3435 3790 3502 qui

2208 3525 2373 3580 babes
2393 3535 2718 3594 potestatem
2751 3527 3099 3591 mortiﬁcare,
3143 3537 3197 3580 et
3248 3527 3445 3580 iterum
3492 3526 3789 3589 viviﬁcare,

2209 3617 2471 3672 deducere
2497 3616 2564 3670 ad
2599 3615 2800 3671 inferos
2847 3624 2902 3670 et
2948 3616 3222 3681 reducere,
3277 3625 3330 3671 et
3357 3631 3519 3670 vocas
3567 3629 3626 3669 ea
3669 3631 3791 3684 qua:

2208 3722 2315 3760 nun
2344 3716 2471 3760 sunt
2510 3714 2764 3775 tanquam
2810 3721 2874 3760 ea
2915 3722 3034 3776 quae
3062 3715 3222 3772 sunt,
3277 3707 3428 3776 cujus
3469 3715 3706 3776 potestas
3737 3706 3789 3759 in

2208 3797 2346 3851 c0310
2373 3805 2426 3850 et
2452 3796 2504 3850 in
2537 3805 2701 3861 terra,
2735 3797 2788 3850 in
2822 3797 2955 3850 mari
2982 3806 3037 3851 et
3064 3797 3115 3851 in
3146 3795 3332 3851 inferis
3359 3796 3514 3865 plena
3543 3796 3747 3849 assistit
3774 3813 3786 3848 :

2213 3898 2264 3943 te
2314 3887 2546 3942 lmmiles
2606 3896 3003 3956 trementesque
3051 3887 3404 3956 deprecamur
3447 3901 3546 3956 pro
3607 3887 3788 3938 anima

2210 3979 2392 4033 famuli
2424 3979 2520 4043 tui,
2548 3994 2709 4048 quam
2741 3978 2951 4032 traxisti
2978 3977 3044 4031 de
3075 3980 3326 4048 prmseuti
3363 3975 3557 4031 sazculo
3579 3977 3785 4045 absque

2209 4071 2542 4142 poenitentia:
2571 4072 2765 4139 spatio,
2811 4079 2868 4123 ut
2899 4069 2942 4124 si
2975 4069 3200 4125 forsitan
3227 4068 3294 4124 ob
3330 4071 3648 4138 gravitatem
3678 4066 3788 4121 cri-

2209 4167 2415 4219 minum
2451 4178 2554 4218 non
2587 4170 2824 4216 meretur
2867 4176 3089 4231 surgere
3145 4161 3211 4215 ad
3251 4161 3475 4230 gloriam
3497 4199 3510 4223 ,
3545 4173 3642 4226 per
3667 4158 3782 4211 hch

2211 4273 2363 4312 sacra
2391 4254 2681 4310 oblationis
2731 4253 2984 4307 libamina
3035 4252 3118 4306 vel
3163 4250 3460 4306 tolerabilia
3505 4251 3636 4304 fiant
3671 4249 3787 4330 ipsa

2210 4355 2496 4402 tormenta.
2533 4363 2551 4395 ‹
2589 4344 2714 4399 Haec
2753 4345 2964 4413 aliaque
2999 4359 3064 4398 cx
3103 4351 3248 4396 temo
3277 4340 3783 4411 XPragmentorum

2210 4437 2377 4490 nostri
2429 4435 2636 4489 Claudii
2696 4433 3053 4504 Stephanotii.
3129 4432 3187 4486 ln
3241 4429 3664 4501 Paralipomenis
3721 4429 3786 4483 de

2210 4537 2396 4582 sancto
2423 4527 2565 4581 Paeh
2590 4526 2731 4592 :mio,
2760 4541 2878 4595 quae
2910 4527 2963 4580 in
2994 4535 3137 4580 tomo
3166 4524 3230 4578 lll
3261 4524 3378 4577 Maii
3411 4524 3549 4592 apud
3576 4521 3786 4577 Bollan-

2207 4618 2396 4672 dianos
2426 4633 2546 4688 pag.
2576 4616 2679 4671 556
2707 4618 2992 4681 habentur,
3019 4617 3089 4670 ita
3132 4616 3406 4671 orationes
3437 4631 3534 4685 pro
3563 4615 3787 4668 damna-

2207 4708 2274 4762 tis
2297 4708 2711 4772 interdicuntur,
2752 4717 2810 4760 ut
2849 4717 3026 4761 tamen
3064 4723 3127 4762 ea
3167 4723 3325 4776 pcena
3369 4706 3436 4760 ad
3475 4720 3660 4760 eorum
3703 4720 3786 4758 re-

2205 4797 2477 4866 frigerium
2499 4797 2754 4865 prodesse
2778 4805 3015 4865 putetur.
3041 4797 3285 4852 Defuncti
3310 4797 3558 4851 monachi
3584 4811 3782 4867 corpus

2204 4885 2531 4941 elferebatur
2565 4889 2787 4939 absente
2830 4885 3156 4951 Pachomio,
3193 4889 3284 4956 qui
3327 4889 3536 4942 obviam
3578 4901 3785 4957 pompm

2209 4975 2401 5041 factus,
2431 4975 2661 5044 psalmos
2684 4976 2894 5030 cantari
2939 4976 3122 5030 vetuit.
3150 4977 3216 5030 Et
3237 4979 3303 5030 ad
3327 4977 3561 5031 defuncti
3592 4989 3785 5045 paren-

2209 5075 2290 5122 tes
2321 5067 2458 5120 inter
2482 5065 2586 5119 alia
2611 5083 2623 5118 :
2646 5083 2664 5116 (
2686 5064 2744 5120 Si
2778 5066 2922 5120 enim
2941 5107 2954 5131 ,
2997 5066 3242 5134 iliaquit,
3273 5085 3290 5118 (
3315 5081 3436 5120 cum
3453 5067 3782 5135 psalmorum

2209 5168 2372 5213 cantu
2401 5158 2449 5212 ei
2489 5167 2776 5227 parentare
2824 5157 3125 5222 volueritis,
3168 5158 3348 5228 plures
3385 5156 3694 5212 defunctum
3729 5163 3784 5210 et

2211 5252 2486 5320 graviores
2527 5249 2800 5304 cruciatus
2853 5248 3188 5315 excipient...
3239 5247 3368 5300 Eam
3410 5245 3479 5302 ob
3511 5261 3620 5300 rem
3654 5259 3782 5315 rogo
