4004 5340
234 405 296 461 ιι
1180 402 1716 471 PROLEGOMENA.
1755 446 1826 460 —
1858 416 2169 479 ELOGIUM
2207 422 2263 479 S.
2304 422 2555 482 ODONIS
3421 431 3493 487 η

230 530 511 593 postrema
555 521 719 613 verba
765 523 1026 596 expungit
1070 523 1473 596 Papebrocbius
1497 571 1512 595 ,
1561 529 1810 600 (tametsi
1836 534 1890 593 Α
1917 532 2056 589 inter
2080 538 2470 607 proprietarios
2497 539 2741 608 deputat,
2774 558 2793 591 ‹
2829 540 2920 609 qui
2944 541 3011 596 de
3032 542 3270 613 propriis
3312 546 3495 602 cistel-

229 613 482 682 leguntur
507 614 561 668 in
590 611 800 684 Graeco)
840 628 909 668 ne
936 616 1187 686 cuiquam
1225 617 1548 675 oﬂ‘endiculo
1574 620 1701 674 sint.
1728 620 1807 675 Ex

227 703 390 759 simili
438 705 788 773 persuasione
832 704 1052 777 Trajani
1099 708 1278 764 fabula
1325 711 1693 779 promanavit,
1741 712 1808 768 de

224 809 331 863 qua
377 794 504 850 vide
548 795 923 866 Hepidaanum
968 797 1024 852 in
1066 798 1211 855 actis
1257 808 1459 857 sanetze
1501 800 1807 857 Wiborada:

225 884 473 940 reclusas.
504 885 576 940 At
601 886 765 941 etiam
801 886 847 942 si
886 887 1032 942 istud
1057 888 1359 944 membrum
1387 898 1690 946 extremum
1720 904 1808 946 re-

223 988 499 1038 secemus,
527 985 710 1029 manet
742 983 921 1031 tamen
949 991 1070 1032 eam
1095 977 1453 1047 quorumdam
1490 977 1658 1035 fuisse
1686 994 1809 1049 per-

220 1064 557 1130 suasionem,
602 1081 671 1119 an
718 1079 981 1132 errorem,
1026 1066 1298 1123 damnatis
1337 1082 1554 1140 quoque
1588 1070 1807 1124 tandem

220 1156 383 1211 modo
430 1170 623 1227 pinnas
657 1167 890 1213 anemas
933 1172 1091 1228 posse
1148 1157 1265 1214 ﬁeri
1305 1158 1553 1216 leviores.
1604 1160 1806 1215 Verum

219 1247 485 1317 quidquid
514 1247 586 1303 sit
605 1247 671 1302 de
706 1248 797 1302 illa
829 1248 1100 1319 opinione,
1128 1263 1293 1319 quam
1320 1253 1622 1306 communis
1648 1252 1808 1306 hodie

221 1336 600 1407 theologorum
641 1351 938 1392 consensus
976 1336 1249 1407 explodit,
1300 1347 1508 1394 certum
1544 1347 1627 1395 est
1662 1349 1809 1394 recte

220 1428 585 1495 improbatam
626 1443 815 1483 eorum
855 1428 1171 1495 audaciam,
1211 1429 1305 1499 qui
1345 1444 1444 1500 pro
1479 1428 1811 1499 quibuslibet

218 1516 702 1573 indiscriminatim
731 1558 747 1583 ,
788 1518 949 1573 etiam
998 1519 1053 1573 in
1100 1518 1332 1573 ferventi
1395 1518 1640 1574 criminis
1685 1528 1806 1573 actu

218 1609 474 1674 mortuis,
516 1619 866 1665 sacrosancto
885 1608 1065 1665 missze
1090 1607 1361 1665 sacriﬁcio
1386 1618 1674 1678 parentare
1704 1623 1807 1662 non

216 1711 477 1756 verentur
496 1741 513 1765 ,
543 1701 689 1770 quod
718 1700 995 1755 damnavit
1020 1699 1312 1756 concilium
1345 1698 1694 1755 Valentinum
1723 1714 1809 1754 se-

1909 622 1977 677 lis
2010 636 2377 696 sumptuosum
2427 629 2494 684 ad
2543 630 2799 700 mysteria
2843 635 3143 703 peragenda
3189 638 3496 706 producunt

1909 722 2251 782 apparatum,
2293 732 2454 787 quem
2500 728 2690 774 contra
2745 724 3190 779 consuetudinem
3250 729 3491 784 sanctio-

1909 816 2145 874 nemque
2193 818 2506 864 sanctorum
2555 809 2775 866 Patrum
2830 814 2898 869 de
2952 816 3137 886 iniquo
3183 835 3493 878 mammona

1910 894 2215 961 acquirunt,
2246 907 2302 952 et
2342 900 2497 968 quasi
2534 900 2602 954 ad
2640 909 2891 957 ornatum
2930 905 3175 962 ecclesiae
3228 910 3490 976 relicturi,

1908 984 2087 1037 securi
2116 987 2413 1054 possident,
2445 1008 2463 1041 ι
2498 990 2551 1043 in
2581 989 2675 1044 lib.
2705 1008 2765 1055 η,
2799 1008 2916 1062 cap.
2946 994 3035 1049 5i.
3082 996 3146 1050 Et
3191 1000 3495 1070 proprieta-

1908 1072 2112 1128 riorum
2136 1075 2365 1146 objectis
2389 1082 2720 1149 respondens
2747 1084 2799 1136 in
2842 1098 2963 1154 cap.
3000 1085 3090 1139 36.
3128 1106 3145 1137 ‹
3180 1087 3238 1143 Si
3285 1091 3354 1147 ob
3399 1108 3496 1149 ne-

1906 1160 2240 1232 gligentiam,
2278 1184 2297 1217 »
2328 1167 2522 1237 inquit,
2553 1188 2571 1220 ο
2608 1172 3016 1240 praepositorum
3043 1175 3402 1247 solummodo,
3435 1193 3489 1237 et

1909 1264 2015 1305 non
2044 1254 2215 1323 magis
2240 1255 2310 1310 ob
2331 1258 2635 1327 cupidinem
2662 1275 2815 1314 suam
2840 1264 3059 1333 prepria
3082 1265 3365 1336 haberent,
3384 1287 3491 1326 non

1908 1340 2043 1397 alios
2070 1342 2242 1409 cibos,
2267 1361 2372 1400 non
2396 1346 2531 1401 alias
2565 1359 2766 1416 vestes,
2792 1367 2957 1421 quam
3002 1355 3326 1425 regulariter
3362 1374 3494 1417 con-

1906 1431 2123 1503 stitutas
2159 1448 2566 1503 praesumerent.
2610 1460 2631 1493 θ

1977 1501 2067 1556 52.
2099 1501 2224 1559 llaec
2257 1506 2522 1563 sulliciant
2560 1511 2627 1565 ad
2661 1512 3140 1573 demonstrandum
3176 1524 3355 1578 sancti
3391 1526 3492 1579 viri

1909 1593 2146 1648 studium
2173 1595 2228 1650 in
2271 1612 2383 1653 rem
2410 1598 2776 1657 Christianam
2824 1614 2884 1659 et
2928 1610 3331 1667 monasticam:
3371 1631 3492 1685 quae

1909 1685 2309 1754 increpationes
2335 1688 2540 1743 utinam
2564 1701 2749 1746 nostro
2768 1695 2931 1749 etiam
2964 1702 3190 1768 tempori
3223 1717 3331 1757 non
3362 1719 3495 1759 con-

216 1794 454 1849 eundnm
488 1806 698 1848 canone
724 1792 794 1847 12
816 1800 1003 1847 contra
1027 1791 1323 1847 duellistas.
1348 1791 1405 1846 ld
1435 1791 1502 1845 de
1524 1789 1804 1861 quibusvis

1911 1777 2179 1843 venirent,
2214 1781 2266 1833 in
2302 1795 2410 1851 quo
2438 1781 2521 1853 (ut
2550 1783 2617 1838 de
2640 1786 2911 1842 nonnullis
2946 1793 3231 1848 monachis
3278 1794 3492 1867 loquar)

214 1886 379 1940 etiam
406 1883 682 1938 damnatis
711 1882 905 1937 statuit
951 1882 1291 1954 Augustinus
1344 1881 1398 1936 in
1457 1880 1547 1935 lib.
1594 1896 1684 1936 ut
1731 1884 1799 1935 de

1909 1867 2247 1937 regularibus
2284 1871 2565 1938 institutis,
2592 1890 2716 1944 qua:
2754 1879 2929 1933 sancti
2958 1879 3149 1937 Patres
3181 1892 3330 1939 tanta
3362 1887 3492 1942 reli-

213 1976 449 2032 Civitale
476 1973 814 2044 Dei,cap.24.
835 1974 1064 2029 «Eadem
1091 1975 1272 2043 itaque
1285 1986 1449 2029 causa
1471 1983 1578 2039 est,
1593 1987 1692 2029 cur
1707 1988 1804 2028 nou

1912 1959 2070 2028 gioue
2104 1973 2405 2017 sanxerunt
2433 1977 2488 2018 et
2511 1966 2891 2036 observarunt,
2916 1979 3024 2027 tam
3050 1975 3262 2032 modica
3301 1978 3494 2051 religio

212 2074 401 2121 oretur
441 2073 572 2120 tunc
627 2078 725 2133 pro
758 2063 1068 2118 hominibus
1110 2072 1317 2119 aeterno
1355 2063 1465 2132 igni
1504 2063 1808 2133 puniendis,

209 2174 331 2228 qua
359 2171 530 2212 causa
558 2165 662 2220 est,
689 2163 749 2210 ιιι
776 2169 951 2225 neque
963 2168 1128 2219 nunc,
1154 2168 1332 2223 neque
1357 2162 1483 2211 tunc
1500 2163 1689 2209 oretur
1712 2169 1813 2223 pro

214 2247 425 2319 angelis
448 2245 606 2300 malis
630 2263 644 2299 :
676 2258 796 2314 quae
818 2245 1004 2299 itidem
1032 2259 1193 2300 causa
1222 2252 1329 2308 est,
1360 2252 1420 2298 ut
1445 2243 1693 2314 quamvis
1713 2258 1811 2313 pro

212 2335 532 2389 hominibus
570 2349 715 2388 nunc
759 2333 902 2389 vivis
939 2341 1150 2398 oretur,
1184 2333 1353 2388 etiam
1394 2333 1584 2389 malis:
1630 2342 1808 2388 tamen

206 2424 316 2493 jam
342 2440 447 2480 nec
473 2438 618 2480 nunc
643 2431 833 2481 oretur
860 2437 959 2492 pro
1006 2422 1315 2478 inﬁdelibus
1358 2422 1649 2492 impiisque
1702 2423 1801 2478 de-

214 2518 431 2572 functis.
467 2536 487 2569 »
515 2516 671 2583 Quod
702 2524 882 2571 autem
908 2513 1135 2571 inferius
1159 2529 1435 2584 erponens
1467 2528 1656 2570 eorum
1685 2528 1808 2569 seu-

213 2608 461 2673 tentiam,
482 2608 577 2677 qui
608 2606 703 2661 Dei
735 2605 1111 2661 miserationes
1148 2623 1168 2657 c
1204 2618 1375 2674 usque
1400 2605 1469 2660 ad
1496 2604 1585 2659 illa
1616 2605 1809 2675 impio-

214 2713 331 2751 rum
366 2704 642 2750 tormenta
669 2695 1045 2763 protendunt;
1105 2713 1125 2747 ι
1176 2694 1232 2748 id
1283 2694 1355 2748 ita
1387 2694 1670 2763 permittit,
1700 2709 1803 2748 non

211 2788 522 2850 conﬁrmat,
554 2796 615 2841 ut
644 2786 788 2855 impii
818 2799 1010 2855 poenas
1045 2803 1063 2836 ε
1098 2786 1363 2850 mitiores,
1393 2801 1555 2855 quam
1612 2788 1804 2841 merita

214 2888 341 2933 sunt
367 2893 583 2944 eorum,
615 2876 953 2946 levioresque
980 2877 1276 2947 patiantur,
1312 2896 1331 2929 υ
1362 2892 1468 2932 non
1504 2886 1681 2931 tamen
1708 2877 1805 2930 ha-

211 2968 325 3022 bita
392 2966 798 3039 suﬂ'ragiorum,
828 2967 924 3021 sed
979 2967 1366 3022 misericordiae
1423 2967 1517 3022 Dei
1570 2967 1800 3022 ratione.

211 3056 399 3129 Neque
419 3074 550 3114 vero
577 3058 719 3113 idem
741 3068 961 3114 sanctus
984 3058 1175 3114 doctor
1200 3059 1251 3112 in
1279 3059 1574 3114 Eucliiridii
1599 3074 1648 3114 c.
1678 3059 1799 3123 ll0,

210 3150 482 3205 sacriﬁcia
508 3150 677 3206 sentit
708 3151 968 3221 prodesse
1004 3150 1278 3206 damnatis
1303 3149 1369 3205 ad
1398 3162 1615 3219 poenam
1646 3159 1803 3204 aeter-

1911 2047 2257 2117 impenditur.

2004 2139 2133 2230 (ξω).
2161 2140 2249 2199 lX.
2280 2172 2353 2186 —
2383 2145 2585 2203 Odonis
2609 2152 2865 2222 pracipui
2887 2155 3103 2224 quidam
3130 2158 3394 2230 discipuli.

1979 2228 2068 2282 53.
2107 2230 2192 2285 Ad
2238 2234 2624 2292 absolvendum
2666 2239 2869 2297 Odonis
2903 2244 3137 2316 elogium
3184 2228 3493 2305 necessaria

1907 2328 1994 2374 est
2038 2322 2230 2376 notitia
2277 2323 2392 2391 ejus
2442 2328 2851 2397 discipulorum,
2903 2349 2971 2388 ex
3023 2335 3220 2405 quibus
3262 2341 3496 2396 maxime

1906 2409 2104 2480 pendet
2128 2414 2371 2484 magistri
2401 2416 2750 2475 existimatio.
2789 2422 2896 2478 Sed
2938 2425 3070 2480 illud
3102 2429 3282 2484 hacin
3318 2446 3377 2486 re
3404 2432 3494 2486 in-

1906 2502 2175 2557 commodi
2203 2512 2307 2569 est,
2335 2506 2477 2575 quod
2497 2517 2682 2564 vetera
2712 2510 2816 2565 hac
2842 2512 2911 2567 de
2937 2529 2994 2569 re
3024 2529 3369 2573 monumenta
3396 2536 3495 2576 nos

1906 2590 2192 2658 deﬁciunt;
2224 2602 2279 2649 et
2301 2596 2346 2650 si
2369 2595 2606 2653 Joannes
2629 2601 2892 2669 quosdam
2920 2603 3076 2657 nobis
3109 2604 3312 2661 Odonis
3332 2608 3495 2664 disci-

1903 2682 2059 2752 pulos
2084 2685 2323 2753 exhibet,
2356 2687 2498 2742 nuda
2528 2687 2641 2745 fere
2670 2705 2859 2748 eorum
2888 2695 3105 2749 nomina
3133 2692 3328 2753 litteris
3359 2716 3491 2755 con-

1903 2772 2157 2843 signavit.
2184 2775 2295 2832 llos
2318 2778 2462 2833 inter
2483 2783 2941 2839 commemorandi
2973 2786 3193 2841 veniunt
3208 2788 3489 2858 Aruull’us,

1903 2872 1957 2919 et
1988 2863 2311 2934 Landricus,
2362 2885 2428 2925 ex
2456 2872 2652 2940 quibus
2694 2874 2862 2928 multa
2894 2875 2961 2930 de
2997 2875 3184 2932 Odone
3223 2893 3282 2934 se
3324 2896 3485 2937 acce-

1902 2952 2047 3023 pisse
2086 2954 2322 3013 Joannes
2371 2958 2539 3015 refert
2590 2962 2646 3015 in
2691 2963 3013 3032 prrefatione
3062 2982 3156 3021 sua
3200 2984 3215 3022 :
3259 2986 3490 3040 quorum

1904 3046 2134 3102 alterum
2159 3050 2475 3119 magistrum
2508 3066 2573 3106 ac
2621 3063 3008 3123 praaceptorem
3040 3072 3214 3124 suum,
3255 3061 3487 3117 alterum

1903 3137 2231 3193 conl'ratrem
2248 3149 2425 3196 vocat.
2445 3141 2540 3197 llis
2568 3141 2915 3216 subjungitur
2945 3165 2958 3200 :
2994 3166 3013 3198 σ
3045 3147 3285 3205 Domnus
3309 3149 3490 3207 Hilde-

212 3257 364 3306 ωσι,
386 3242 482 3297 εει]
503 3242 572 3296 ad
597 3241 996 3312 temporariam,
1018 3260 1038 3293 ε
1068 3241 1162 3297 Est
1185 3242 1328 3297 enim
1350 3242 1569 3312 quidam
1591 3242 1803 3295 vivendi
1833 3221 1876 3283 C
1908 3228 2148 3284 brannus
2176 3246 2272 3286 seu
2299 3231 2717 3303 Hildebrandus,
2755 3236 2841 3290 vir
2868 3238 2952 3309 (ut
2982 3239 3122 3294 idem
3160 3240 3258 3313 ait)
3294 3245 3494 3300 veridi-

212 3333 427 3393 modus,
485 3346 586 3386 nec
621 3340 729 3386 tam
764 3332 959 3396 bonus,
990 3339 1050 3387 ut
1100 3346 1205 3387 non
1246 3332 1487 3401 requirat
1527 3332 1628 3386 ista
1683 3340 1805 3400 post

209 3435 310 3475 nec
343 3430 457 3475 tam
487 3420 825 3486 malus,utei
856 3435 961 3476 non
1006 3422 1215 3492 prosint
1249 3422 1350 3476 ista
1378 3429 1500 3491 post
1518 3432 1751 3476 mortem
1787 3438 1801 3475 :

210 3520 469 3567 mortem.
507 3529 525 3561 ι
567 3511 651 3567 Ad
681 3511 927 3567 ordinem
967 3521 1234 3568 revertor.

281 3601 374 3655 51.
434 3600 715 3657 Monachis
770 3601 934 3658 etiam
978 3600 1096 3657 Odo
1150 3618 1388 3674 congrua
1435 3604 1526 3658 dat
1575 3604 1799 3667 monita,

211 3690 651 3762 condignamque
682 3704 967 3746 censuram
996 3691 1235 3756 adhibet,
1267 3693 1566 3761 praesertim
1612 3702 1802 3748 contra

210 3781 628 3850 proprietarios,
654 3780 900 3835 carnium
930 3780 1278 3847 comedones,
1304 3781 1540 3853 religiosi
1584 3783 1801 3837 habitus

213 3877 381 3940 atque
436 3870 636 3939 regulae
692 3871 1165 3939 praevaricatores,
1218 3886 1358 3941 quos
1412 3892 1430 3923 ι
1467 3882 1744 3940 apostatas
1777 3893 1795 3925 ι

211 3970 395 4024 vocat,
419 3961 654 4015 adducto
677 3958 927 4031 Gregorii
959 3961 1272 4016 testimonio
1297 3976 1366 4016 ex
1399 3962 1620 4016 bomilia
1657 3978 1801 4017 nona

212 4052 266 4106 in
298 4052 663 4107 Ezechielem.
704 4071 723 4104 ι
766 4054 901 4120 Quia
937 4055 1079 4109 sicut
1105 4062 1353 4125 apostata
1373 4065 1458 4110 est
1484 4056 1577 4125 qui
1608 4059 1674 4112 de
1699 4056 1801 4113 fide

214 4142 422 4197 recedit
450 4156 481 4195 a
506 4142 620 4198 Deo
644 4160 658 4196 :
684 4142 760 4198 ita
787 4144 876 4215 qui
918 4145 986 4199 ad
1019 4160 1333 4215 perversum
1357 4160 1494 4217 opus
1521 4155 1643 4217 post
1679 4161 1801 4217 pro-

210 4230 415 4287 fessam
450 4234 766 4304 religionem
794 4234 952 4300 redit,
995 4236 1062 4290 ab
1103 4237 1471 4307 omnipotente
1513 4238 1627 4293 Deo
1674 4253 1802 4308 apo-

210 4334 351 4377 stata
397 4323 601 4394 absque
651 4325 764 4379 ulla
812 4325 1147 4382 dubitatione
1201 4328 1531 4398 deputatur,
1584 4329 1798 4383 etiamsi

210 4414 375 4469 ﬁdem
410 4425 597 4473 tenere
626 4418 888 4473 videatur.
918 4420 1001 4474 An
1031 4435 1139 4475 non
1167 4429 1251 4475 est
1286 4422 1581 4491 apostasia,
1616 4441 1634 4472 ι
1670 4423 1798 4477 sub-

210 4508 289 4563 dit
314 4508 456 4575 Odo,
490 4529 510 4562 ‹
543 4511 612 4567 de
653 4510 839 4567 habitu
880 4512 966 4566 vel
1008 4513 1153 4568 victu
1212 4513 1530 4568 traditiones
1576 4512 1797 4568 Patrum

1904 3335 2022 3388 cus,
2044 3331 2101 3377 et
2124 3321 2366 3381 Cluniaci
2391 3328 2626 3383 coenobii
2660 3330 2999 3400 praepositus,
3032 3333 3086 3387 in
3126 3333 3487 3404 regularibus-

1905 3428 2010 3482 que
2031 3413 2327 3484 disciplinis
2354 3420 2475 3487 ejus
2504 3429 2826 3490 praeceptor,
2857 3441 2875 3473 ι
2923 3423 3014 3492 qtti
3044 3424 3097 3477 in
3122 3424 3488 3494 compluribus

1906 3502 2280 3560 instrumentis
2301 3505 2490 3562 Odone
2514 3508 2709 3564 abbate
2735 3511 2966 3567 conditis
2987 3511 3255 3578 laudatur,
3279 3521 3334 3569 et
3359 3530 3488 3569 can-

1904 3593 2110 3650 cellarii
2136 3599 2253 3653 vice
2273 3596 2594 3668 subscripsit
2619 3602 2898 3670 prmmisso
2920 3602 3194 3673 diplomati
3215 3604 3489 3661 Adelaidis

1904 3685 2213 3741 comitissze.
2251 3686 2398 3742 Idem
2440 3688 2684 3765 Cluniaci
2719 3691 2870 3761 prior
2898 3704 3017 3747 erat
3041 3707 3183 3748 anno
3214 3694 3279 3747 l7
3314 3693 3488 3749 Ludo-

1902 3775 2004 3829 vici
2035 3775 2430 3843 Transmarini,
2460 3793 2529 3832 ex
2559 3781 2747 3834 charta
2772 3783 3063 3836 centesima
3096 3781 3197 3836 sub
3228 3782 3488 3839 Aimardo

1904 3865 2118 3922 abbate.
2151 3867 2304 3923 Alius
2317 3869 2558 3939 ejusdem
2584 3872 2819 3927 nominis
2848 3873 2996 3942 prior
3017 3872 3256 3928 Cluniaci
3279 3875 3490 3929 exstitit

1903 3955 2098 4013 saeculo
2146 3972 2222 4022 χι,
2264 3956 2309 4012 is
2357 3958 2449 4028 qui
2480 3969 2668 4028 postea
2724 3962 2776 4014 in
2814 3962 2995 4015 sedem
3047 3960 3343 4017 Romanam
3403 3979 3491 4018 as-

1904 4054 2169 4115 sumptus,
2218 4045 2471 4117 Gregorii
2523 4046 2612 4102 Vll
2667 4064 2861 4103 nomen
2911 4048 3050 4104 tulit.
3111 4037 3314 4107 Praeter
3368 4052 3492 4107 illos

1901 4135 2139 4192 Joannes
2174 4138 2227 4191 in
2255 4140 2491 4193 secundo
2531 4138 2669 4193 libro
2709 4141 2950 4193 nominat
2998 4140 3217 4196 Petrum
3253 4144 3483 4214 presby-

1907 4238 2102 4293 terum,
2154 4228 2480 4282 Balduinum
2530 4229 2782 4285 abbatem
2828 4231 3179 4289 Casinenscnt
3218 4246 3273 4289 et
3314 4238 3491 4290 sancti

1900 4314 2074 4380 Pauli,
2104 4316 2341 4370 Firmum
2365 4317 2484 4386 ejus
2504 4332 2840 4385 germanum,
2871 4321 3128 4377 domuum
3165 4344 3182 4375 ι
3209 4323 3492 4380 Gothofre-

1902 4405 2053 4471 dum,
2075 4414 2130 4458 et
2158 4405 2290 4461 duos
2322 4407 2655 4463 venerabiles
2685 4411 2830 4466 viros
2862 4425 2927 4465 ex
2964 4412 3151 4468 eadem
3188 4429 3492 4486 congrega~

1905 4495 2088 4558 tione,
2142 4510 2371 4564 quorum
2438 4512 2576 4551 unus
2630 4498 3057 4555 Arebemlialdus
3120 4504 3436 4569 vocabatur,
3467 4523 3486 4555 ι

208 4608 589 4668 contemnere,
616 4617 740 4657 cum
774 4604 914 4658 De'us
943 4603 1203 4658 terminos
1243 4604 1464 4658 Patrum
1505 4607 1804 4677 transgredi

1909 4587 2118 4656 ipsique
2163 4583 2355 4641 Joanni
2407 4605 2426 4638 ι
2453 4588 2589 4643 bene
2628 4601 2831 4644 notus:
2863 4590 3002 4644 alter
3049 4606 3179 4647 vero
3224 4594 3439 4664 ignotus
3468 4612 3486 4644 ι

214 4688 566 4745 interdixerit
595 4709 609 4746 :
641 4692 1001 4765 despectaque
1030 4695 1208 4752 victus
1237 4697 1498 4767 qualitate
1518 4700 1603 4755 vel
1630 4717 1803 4772 quan:

217 4777 368 4831 litate
407 4794 506 4847 per
534 4780 752 4835 beatum
794 4782 1141 4841 Benedictum
1196 4786 1442 4857 praeﬁxa,
1478 4792 1806 4862 sanguineas

217 4862 382 4935 dapes
412 4883 536 4923 eum
565 4871 692 4928 filiis
713 4871 876 4929 Israel
901 4875 1246 4933 desiderare?
1280 4881 1364 4935 An
1397 4896 1506 4935 non
1537 4892 1624 4937 est
1664 4901 1800 4955 apo-

214 4957 380 5011 stasia
413 4960 676 5016 humilem
703 4964 955 5019 vestitum
980 4979 1259 5036 spernere,
1279 4978 1334 5024 et
1358 4971 1607 5026 decorem
1645 4975 1805 5031 vesti~

216 5048 383 5102 menti
415 5053 695 5118 quaerere!
733 5062 788 5107 et
810 5068 879 5107 an
905 5063 1147 5111 ventrem
1175 5058 1355 5114 colere
1396 5074 1503 5114 non
1544 5071 1625 5117 est
1674 5080 1806 5135 apo-

217 5140 404 5202 stasia,
435 5157 563 5196 cum
588 5141 724 5199 ﬂens
745 5144 947 5201 Paulus
994 5157 1347 5219 protestetur,
1380 5151 1523 5221 quod
1582 5152 1806 5229 ligurgi-

219 5236 372 5285 tones
428 5231 640 5289 inimici
687 5235 889 5292 sancta:
937 5239 1115 5295 crucis
1141 5252 1287 5309 sunt,
1314 5252 1370 5300 et
1410 5253 1656 5301 ventrem
1706 5264 1806 5314 pro

1910 4678 2087 4733 dictus
2120 4696 2139 4729 ι
2166 4677 2471 4745 Adalasius,
2500 4678 2599 4731 viri
2630 4694 2841 4747 nempe,
2874 4697 2891 4729 ι
2935 4680 3132 4749 inquit.
3180 4703 3197 4727 ι
3219 4682 3489 4752 Opinati's-

1910 4768 2054 4831 simi,
2084 4786 2103 4818 ι
2149 4767 2240 4836 qui
2292 4767 2583 4821 multorum
2631 4767 3020 4822 monachorum
3069 4788 3087 4819 ι
3118 4769 3308 4824 Patres
3350 4786 3492 4824 nunc

1911 4867 2038 4913 sunt
2089 4856 2288 4912 elfecti.
2320 4877 2338 4908 ι
2396 4858 2824 4914 Arclietnbaldus
2873 4877 2890 4909 ι
2919 4858 3222 4916 Cluniensis
3259 4862 3493 4915 emnobii

1911 4950 2188 5021 praelatus,
2220 4968 2240 5001 δ
2297 4947 2352 5002 id
2401 4961 2485 5004 est
2519 4951 2862 5019 praepositus,
2920 4950 3169 5006 laudatur
3198 4952 3252 5005 in
3301 4952 3491 5004 charta

1912 5041 2174 5096 Bernonis
2226 5040 2569 5095 Matiscensis
2618 5040 2880 5111 episcopi,
2938 5041 3062 5095 data
3113 5057 3255 5097 anno
3292 5040 3357 5094 10
3384 5040 3492 5092 Ro-

1914 5133 2041 5188 dolii
2091 5133 2265 5204 regis;
2306 5131 2555 5200 idemque
2599 5132 2832 5197 videtur,
2888 5130 2979 5198 qui
3030 5131 3203 5186 Odoni
3238 5128 3490 5185 sull'ectus

1913 5237 1996 5284 est
2029 5229 2083 5282 in
2115 5226 2353 5298 regimen
2382 5225 2614 5282 cmuobii
2644 5224 3028 5287 Floriacensis,
3057 5227 3125 5280 de
3155 5240 3261 5294 quo
3290 5223 3493 5277 Aimoi-
