4004 5340
501 421 571 473 45
1574 418 1641 472 S.
1682 418 1817 474 ODO
1852 416 2070 472 ABBAS
2106 415 2616 474 CLUNIACENSIS.
3679 416 3750 471 ιι

572 536 660 590 54.
688 532 988 596 Adalasius,
1020 546 1141 589 mox
1168 546 1199 585 a
1224 530 1430 586 Joanne
1474 540 1826 596 memoratus,
1856 532 2074 587 indubie
2102 543 2149 599 Α
2177 538 2296 585 erat
2336 530 2619 583 Aribertus
2668 518 2998 596 ille'de’q‘uo'
3032 515 3519 584 Ιιιιξῖήὶιιιειιῖοδο
3544 527 3661 599 ipse
3695 533 3751 585 in

501 625 549 679 is
572 632 654 678 est
685 642 701 675 ι
728 608 1015 685 Adacius,»
1041 621 1127 675 cui
1148 622 1248 675 sub
1269 618 1454 676 Odone
1473 620 1721 676 ceabbati
1746 620 2070 677 Sarlateusis

500 731 562 771 ac
591 712 893 768 Tutelensis
937 712 1384 767 monasteriorum
1431 710 1670 779 regimen
1723 711 2070 766 commissum

498 813 602 867 est,
625 812 680 858 ιιι
711 802 959 872 superius
986 802 1220 858 diximus
1257 803 1310 857 in
1341 817 1460 874 cap.
1502 804 1556 859 5.
1589 805 1776 861 Eidem
1809 806 1890 879 (ut
1918 806 2069 879 puto)

494 891 699 947 Adacio
720 891 1022 946 Bernardus
1046 905 1247 958 comes,
1280 911 1299 943 ι
1331 894 1751 951 assentientibus
1775 895 1930 952 beata
1956 897 2072 966 ejus

496 998 684 1049 uxore,
711 991 767 1038 et
794 982 915 1037 ﬁliis
940 981 1255 1048 Guillermo,
1278 983 1599 1051 Gausberto,
1628 1001 1722 1041 seu
1751 986 1988 1041 Arnaldo
2015 995 2073 1042 et

493 1072 769 1129 Bernardo
817 1072 1021 1142 pariter
1058 1071 1384 1140 faventibus,
1433 1075 1818 1131 monasterium
1870 1084 2071 1129 sancta:

494 1162 666 1228 Suris,
704 1161 962 1218 voeabula
991 1160 1228 1228 Geridia,
1256 1178 1378 1219 cum
1402 1165 1548 1220 omni
1571 1163 1784 1219 abbatia
1815 1182 1834 1216 ι
1886 1163 2065 1228 tradit,

498 1272 516 1303 ι
546 1262 601 1308 et
640 1252 937 1319 monachis,
965 1252 1161 1321 quibus
1199 1253 1519 1323 regulariter
1556 1252 1736 1309 vivere
1785 1253 1917 1309 inibi
1969 1255 2070 1309 sub

491 1340 727 1409 ejusdem
755 1350 1019 1412 potestate
1040 1341 1325 1412 placuerit,
1356 1350 1413 1397 ut
1439 1349 1547 1396 tam
1575 1343 1881 1399 emnobium
1904 1358 2066 1415 quam

489 1449 703 1489 omnem
761 1435 1031 1489 abbatiam
1085 1444 1303 1490 teneant
1330 1444 1387 1491 et
1431 1437 1742 1506 possideant
1794 1437 1912 1493 sine
1961 1437 2066 1491 ulla

488 1525 944 1592 contradictione;
972 1535 1027 1581 et
1063 1536 1184 1597 post
1217 1527 1421 1581 obitum
1463 1527 1644 1582 domni
1674 1528 1860 1583 Adacii
1901 1529 2067 1585 abba-

488 1615 576 1679 tis,
609 1616 822 1686 qualem
852 1615 1121 1671 voluerint
1155 1617 1446 1672 secundum
1485 1618 1723 1686 regulam
1751 1620 1923 1674 sancti
1967 1619 2067 1675 Be-

483 1702 681 1757 nedicti
711 1703 958 1759 abbatem
987 1704 1087 1759 sibi
1116 1705 1336 1775 eligant,
1367 1724 1385 1758 ι
1432 1705 1505 1759 ita
1538 1712 1595 1759 ut
1638 1723 1656 1756 ι
1686 1705 1793 1761 sint
1823 1707 1922 1776 ipsi
1952 1723 2065 1762 mo-

484 1792 637 1847 nachi
671 1793 723 1846 in
754 1792 1086 1861 subjectione
1116 1795 1258 1865 regis
1287 1795 1353 1849 ad
1391 1795 1567 1849 locum
1600 1795 1808 1850 salvum
1864 1794 2065 1851 facien-

482 1882 630 1947 dum,
660 1898 764 1936 non
807 1883 969 1937 etiam
1000 1884 1064 1936 ad
1102 1884 1302 1955 aliquid
1339 1884 1769 1955 persolvendum.
1801 1904 1820 1937 ι
1864 1884 2063 1941 Omnes

479 1987 608 2027 vero
668 1973 737 2027 ad
784 1974 942 2043 hujus
983 1972 1108 2029 facti
1164 1975 1565 2030 exsecutionem
1617 1976 1922 2030 obtestatur
1964 1990 2061 2044 per

479 2063 658 2118 omnia
683 2079 857 2130 sacra,
906 2083 923 2117 ι
951 2073 1009 2120 et
1050 2079 1149 2134 per
1174 2066 1427 2120 meritum
1455 2067 1627 2121 beata:
1681 2065 1855 2129 Suris,
1906 2066 2060 2135 cujus

480 2166 678 2221 corpus
730 2153 786 2209 in
837 2153 1061 2223 praefato
1112 2155 1229 2211 loco
1274 2156 1581 2226 requiescit.
1615 2175 1634 2209 ι
1696 2157 1897 2212 Charta
1946 2157 2060 2211 haec

480 2244 732 2298 destituta
757 2253 840 2300 est
868 2245 1139 2302 chronicis
1173 2247 1316 2301 nolis
1354 2247 1407 2301 in
1427 2246 1711 2326 .chartario
1736 2246 1967 2304 emnobii
1994 2246 2062 2301 de

479 2335 658 2407 regula
708 2338 849 2408 apud
896 2336 1415 2410 Novempepulanos,
1456 2353 1522 2394 ex
1565 2354 1672 2408 quo
1708 2346 1863 2394 eruta
1898 2347 1983 2396 est
2030 2353 2060 2392 a

477 2437 661 2481 nostro
694 2426 1064 2497 Stephanotio.

674 2515 769 2573 His
791 2517 1041 2574 omnibus
1065 2517 1265 2575 Odonis
1302 2517 1581 2590 discipulis
1604 2516 1838 2575 Joannes
1866 2533 2062 2574 accen-

475 2615 557 2661 set
582 2607 744 2661 etiam
762 2606 1059 2673 ~Adolfum,
1087 2609 1487 2671 Theodardum,
1528 2616 1583 2662 et
1628 2606 1957 2662 Eliziardum
1986 2622 2052 2662 ex

474 2700 671 2754 comite
717 2702 1061 2758 monachum.
1107 2700 1312 2757 Forsan
1357 2716 1423 2757 ex
1470 2701 1734 2757 Beruonis
1777 2701 2053 2772 discipulis

2175 618 2266 674 lib.
2296 633 2334 671 ιι
2370 619 2436 672 de
2466 617 2572 670 vita
2599 617 2770 672 sancti
2792 616 3027 683 Geraldi,
3060 633 3181 687 cap.
3210 618 3296 674 l9.
3326 636 3346 669 ι
3369 619 3609 686 Quadam
3632 622 3751 678 vice

2173 727 2297 767 cum
2347 711 2475 766 illud
2527 711 2648 774 iter,
2682 729 2701 762 ι
2760 723 2953 781 nempe
2997 710 3321 777 Romanum,
3363 730 3382 763 ι
3414 723 3749 778 excurreret,

2173 801 2459 869 quemdam
2497 800 2844 866 monachum,
2891 801 3106 855 nomine
3144 800 3476 867 Aribertum,
3519 801 3752 857 ducebat

2173 905 2381 957 secum,
2408 905 2617 962 magnae
2642 891 2850 947 scilicet
2871 891 3208 947 abstinentiae
3227 892 3497 947 virum....
3519 888 3747 948 Factum

2171 990 2254 1035 est
2278 980 2565 1050 aliquando
2605 990 2665 1049 ut
2697 981 2910 1037 deesset
2938 982 3373 1052 pulmentarium,
3418 997 3527 1053 quo
3570 984 3752 1039 abste-

2171 1070 2312 1126 mius
2341 1071 2430 1126 ille
2458 1086 2580 1126 cum
2608 1086 2750 1143 pane
2774 1082 3100 1128 vesceretur.
3127 1072 3321 1128 Senior
3341 1088 3473 1129 vero
3509 1074 3752 1130 studiose

2172 1162 2421 1231 requirit,
2461 1177 2531 1216 an
2552 1172 2884 1218 consuetum
2914 1161 2989 1216 illi
3019 1162 3199 1217 cibum
3232 1162 3461 1218 ministri
3501 1161 3750 1233 paravis-

2171 1261 2309 1307 sent.
2337 1252 2806 1323 Respondentibus
2834 1254 2959 1319 illis,
2987 1254 3131 1324 quod
3172 1253 3303 1308 nihil
3328 1261 3527 1327 praeter
3551 1268 3748 1324 panem

2171 1342 2452 1409 baberent,
2475 1342 2796 1398 anxiabatur
2816 1342 2903 1398 ille
2930 1343 3117 1398 dicens
3141 1332 3159 1397 ε’
3183 1343 3227 1399 Ο
3257 1344 3385 1413 quid
3407 1341 3561 1397 nobis
3588 1341 3750 1397 hodie

2170 1433 2429 1503 contigit!
2472 1431 2581 1489 Nos
2607 1448 2795 1489 omnes
2818 1433 3030 1503 plenam
3064 1433 3409 1489 refectionem
3456 1434 3745 1496 habemus,

2170 1534 2216 1576 et
2253 1525 2352 1579 iste
2381 1524 2473 1580 Dei
2499 1539 2688 1579 servus
2736 1525 2790 1579 in
2835 1525 3203 1580 attenuatione
3249 1524 3374 1579 erit.
3407 1523 3537 1578 Erat
3567 1530 3745 1577 autem

2169 1615 2284 1668 dies
2328 1614 2668 1669 abstinentiae
2714 1613 2938 1669 solutus.
2980 1614 3215 1684 Tempus
3255 1611 3503 1668 abluendi
3555 1625 3750 1666 manus

2164 1704 2276 1774 jam
2312 1714 2551 1768 venerat,
2582 1713 2636 1759 et
2664 1702 2883 1759 Samuel
2920 1703 3010 1775 qui
3044 1704 3145 1758 hoc
3182 1716 3421 1773 praesens
3444 1709 3652 1765 narrat,
3680 1700 3747 1756 ad

2170 1797 2496 1851 all'erendam
2530 1812 2725 1867 aquam
2748 1797 2989 1852 cucurrit
3013 1814 3025 1849 :
3055 1811 3175 1852 cum
3203 1793 3342 1850 forte
3365 1796 3564 1865 reperit
3584 1794 3746 1864 pisci-

2098 1921 2141 1978 Β
2170 1890 2351 1945 culum
2384 1891 2437 1944 in
2469 1890 2648 1944 littore
2690 1890 2992 1960 expositum
3015 1900 3072 1945 et
3109 1890 3601 1960 palpitantemaqui
3631 1890 3749 1958 ipso

2171 1980 2389 2034 vidente
2426 1980 2492 2035 de
2530 1995 2667 2048 aqua
2708 1979 3005 2034 exsilierat.
3039 2000 3058 2033 ι
3101 1980 3319 2035 Gratias
3362 1981 3473 2035 Deo
3503 1980 3611 2050 egit
3641 1978 3750 2035 Ge-

2166 2070 2348 2125 raldus
2393 2087 2407 2125 :
2462 2089 2482 2122 ο
2509 2079 2619 2124 ιιιιιι
2648 2084 2780 2125 vero
2804 2070 3222 2126 consedentibus
3263 2070 3331 2125 ad
3374 2085 3614 2126 mensam
3654 2084 3748 2125 co-

2167 2161 2334 2217 medit
2374 2161 2465 2215 ille
2510 2161 2806 2217 abstemius
2833 2175 2999 2231 usque
3029 2163 3164 2217 satis
3191 2182 3209 2214 ι
3250 2163 3318 2217 de
3358 2163 3503 2232 pisce
3529 2169 3742 2231 parato,

2166 2263 2376 2321 partem
2400 2251 2657 2321 reliquam
2683 2251 2948 2307 Geraldus
2968 2252 3334 2318 manducavit,
3375 2269 3393 2302 ι
3420 2261 3476 2307 et
3493 2251 3747 2306 omnibus

2168 2342 2258 2411 qui
2291 2341 2519 2396 aderant
2550 2341 2848 2411 particulas
2872 2356 2971 2410 pro
2992 2341 3364 2396 benedictione
3389 2341 3555 2395 dedit.
3587 2359 3605 2391 ι
3642 2340 3745 2396 Ubi

2167 2434 2345 2487 obiter
2368 2432 2608 2496 adverte,
2651 2432 2993 2503 pulmentarii
3032 2432 3250 2487 nomine
3284 2433 3448 2485 etiam
3480 2430 3742 2486 ferculum

2165 2541 2230 2579 ex
2258 2527 2404 2593 pisce
2433 2525 2746 2597 signiﬁcari.
2784 2524 2909 2579 Haec
2934 2523 3297 2587 deAriberto,
3331 2532 3491 2592 atque
3512 2523 3577 2577 de
3602 2521 3745 2577 Odoc

2163 2615 2248 2670 nis
2272 2615 2448 2685 elogio
2471 2615 2604 2668 satis
2633 2632 2645 2666 :
2674 2614 2786 2684 jam
2820 2615 2984 2669 vitam
3010 2614 3128 2683 ejus
3151 2629 3215 2670 ex
3244 2612 3449 2670 Joanne
3483 2613 3745 2681 primum,

2156 2703 2350 2760 deinde
2379 2719 2444 2758 ex
2473 2702 2715 2773 Nalgodo
2740 2703 3039 2759 audiamus.

1261 2949 1657 3083 VITA
1752 2949 2315 3081 SANCTI
2411 2950 2983 3080 ODONIS

1562 3186 1824 3231 ABBATIS
1868 3186 2315 3231 CLUNIACENSIS
2361 3186 2632 3229 SECUNDI

739 3310 1195 3455 Scripta
1261 3343 1340 3420 α
1407 3311 1857 3422 Joanne
1929 3310 2500 3465 monacho,
2578 3310 2828 3450 ejus
2904 3306 3478 3450 discipulo.

1398 3512 1561 3579 (Apud
1582 3511 1789 3572 Mabtll.,
1825 3510 1943 3560 Acta
1976 3508 2067 3559 SS.
2099 3509 2203 3558 0rd.
2231 3510 2282 3561 S.
2307 3510 2519 3573 Bened.,
2556 3508 2787 3571 δίναν.)

1535 3734 1938 3813 PBOLOG
1954 3734 2081 3811 US
2156 3733 2690 3811 AUCTOBIS.

715 3979 946 4035 Joannes
974 3978 1142 4049 operis
1170 3978 1469 4049 hortatores
1489 3984 1766 4049 memorat.

542 4054 594 4108 l.
621 4050 864 4117 Dominis
905 4056 958 4117 et
986 4044 1038 4101 in
1064 4048 1280 4102 Christo
1302 4046 1558 4117 fratribus
1577 4044 2043 4101 Salernicensibus

472 4137 661 4178 servus
694 4116 893 4174 Christi
915 4116 1071 4173 Jesus
1103 4117 1267 4172 frater
1293 4117 1368 4187 (1)
1396 4116 1653 4187 Joannes.

542 4193 764 4245 Librum
806 4202 965 4257 quem
1009 4184 1356 4241 doctissimus
1402 4188 1485 4240 vir
1517 4184 1790 4257 Palladius
1836 4184 1901 4239 de
1933 4184 2040 4237 vita

471 4271 524 4315 et
569 4254 859 4313 virtutibus
895 4257 1175 4310 beatorum
1205 4257 1548 4310 eremitarum
1581 4254 1798 4308 Patrum
1838 4262 2042 4315 tempo-

472 4333 621 4385 ribus
641 4327 906 4383 Theodosi
933 4326 1279 4396 imperatoris
1304 4325 1624 4396 composuit,
1650 4323 1814 4396 semel
1837 4339 1868 4396 a_
1892 4323 2014 4377 volui

473 4410 692 4454 coactus
739 4396 976 4450 scribere
1020 4395 1098 4461 (2)
1142 4410 1247 4449 non
1291 4393 1454 4465 grave
1486 4393 1698 4465 pertuli
1732 4410 1745 4446 :
1775 4394 1872 4449 sed
1921 4409 2044 4465 mox

473 4469 701 4525 subnixo
741 4480 991 4534 corpore,
1018 4464 1276 4533 ﬂexisque
1296 4461 1548 4534 articulis
1573 4462 1808 4518 scribere
1836 4461 2042 4534 curavi,

475 4547 667 4593 Vestra:
708 4531 924 4589 utilitati
958 4531 1292 4590 commodius
1337 4533 1468 4587 nihil
1518 4547 1604 4587 me
1632 4546 1792 4601 agere
1840 4531 2041 4600 aliquid

474 4610 587 4661 fore
627 4605 837 4662 censui.
865 4604 1033 4674 Igitur
1060 4604 1223 4671 coepti
1260 4603 1438 4673 operis
1476 4603 1600 4674 dum
1632 4600 1951 4674 anltelanter
1978 4601 2044 4655 ad

436 4730 438 4732 ,
474 4684 631 4731 linem
675 4677 863 4729 vellem
892 4668 1245 4742 percurrere,
1292 4668 1625 4742 stomachieo
1666 4672 1807 4742 ccepi
1861 4668 2044 4725 dolore

476 4747 636 4817 :dlligi
667 4740 1034 4817 vehementer.
1073 4740 1526 4817 intereacontigit
1557 4741 1644 4796 die
1669 4741 1899 4817 quadam
1927 4753 2041 4817 me-

472 4808 614 4869 ι-ιιιιῖ
639 4816 828 4870 adesse
870 4815 1045 4867 virum
1087 4808 1737 4867 venerabilem'demnum
1786 4808 2047 4862 Adhelra-

472 4888 597 4939 dum
632 4883 960 4941 confratrem
988 4892 1256 4945 nostrum,
1289 4895 1505 4950 unaque
1527 4895 1646 4933 cum
1683 4894 1746 4934 eo
1774 4879 1913 4950 sacri
1942 4878 2044 4950 S_a-

473 4956 726 5009 lernitani
755 4952 942 5023 palatii
986 4960 1291 5007 exactorem
1337 4946 1732 5066 (32’Joannem,
1766 4948 1856 5015 qui
1894 4946 2045 5026 inﬁr-_

474 5025 679 5066 ntile
699 5038 832 5066 mpm
860 5020 1200 5066 lnleranliam
1229 5020 1393 5066 nrnvii
1417 5028 1590 5066 entes.
1613 5025 1892 5066 emnerunt
1914 5016 2045 5066 mihi

474 5025 679 5066 ntile
699 5016 832 5066 mem
860 5020 1200 5066 lnleranliam
1229 5016 1590 5066 nrnviilenlns.
1613 5025 1892 5066 emnerunt
1914 5016 2045 5066 mihi

2072 3981 2117 4042 (ζ
2150 3990 2261 4049 prae
2287 3975 2537 4049 omnibus
2583 3989 2797 4049 semper
2836 3973 2965 4028 mihi
3010 3973 3155 4043 pium
3209 3990 3329 4049 esse
3368 3985 3529 4049 atque
3555 3979 3732 4045 dulce,

2151 4042 2233 4099 vel
2283 4045 2404 4099 aliis
2455 4043 2657 4109 aliquid
2704 4042 2781 4097 de
2811 4057 2877 4097 eo
2906 4042 3150 4109 narrare,
3193 4046 3277 4100 vel
3327 4042 3458 4101 meai
3510 4042 3736 4107 utilitati

2151 4114 2405 4189 quiddam
2434 4113 2698 4189 conferre.
2721 4113 2951 4189 _Ast_ego
2976 4128 3078 4189 non
3107 4114 3392 4169 immemor
3420 4116 3561 4173 illius
3583 4123 3726 4189 quod

2150 4181 2410 4257 scriptum
2442 4192 2525 4238 est
2557 4202 2569 4236 :
2606 4181 2926 4257 Sapientiam
2955 4184 3255 4257 sanctorum
3284 4198 3499 4239 narrant
3525 4181 3733 4257 populi,

2148 4263 2196 4307 et
2219 4251 2425 4307 laudem
2451 4268 2628 4306 eorum
2653 4253 2855 4305 nuntiat
2881 4251 3150 4315 Ecclesia;
3175 4265 3449 4322 assumpto
3479 4251 3728 4311 sermone

2148 4323 2264 4390 ejus
2288 4322 2411 4404 illis,
2451 4330 2510 4376 ut
2542 4322 2873 4404 percunctati
2906 4329 3049 4404 sunt,
3082 4323 3219 4404 ccepi
3257 4323 3518 4404 originem
3563 4340 3723 4394 expo-

2153 4408 2301 4449 nere.
2343 4392 2460 4460 Quo
2497 4390 2680 4445 audito
2709 4390 2819 4445 indi
2841 4393 3017 4445 ierunt
3055 4390 3208 4452 mihi,
3246 4393 3289 4446 si
3335 4390 3456 4447 cum
3493 4395 3574 4514 Sut
3604 4390 3733 4450 tunc

2153 4462 2463 4514 nmﬁtebarl
2504 4461 2815 4514 diligerem:
2858 4460 3065 4514 nrolata
3090 4462 3269 4514 verbis
3306 4462 3423 4514 sine
3445 4462 3497 4514 di
3523 4465 3724 4514 atione.

2153 4462 2463 4541 proﬁtebar)
2504 4461 2815 4541 diligerem;
2858 4460 3065 4541 prolata
3090 4462 3269 4515 verbis
3306 4462 3423 4541 sine
3445 4460 3725 4541 dilatione,

2154 4530 2211 4585 ιιι
2238 4534 2389 4603 bona}
2435 4530 2764 4603 haereditatis
2803 4530 3084 4603 Commoda
3129 4531 3360 4603 posteris
3400 4536 3726 4603 transcripta

2152 4602 2502 4657 dimitterem.
2552 4600 2738 4668 Itaque
2766 4600 2926 4652 corde
2951 4599 3199 4654 volutans
3248 4601 3438 4655 horum
3489 4599 3726 4657 virorum

2150 4672 2494 4741 vehementer
2530 4668 3120 4741 przecepta‘amantium
3152 4668 3277 4741 [αι.
3300 4670 3533 4741 amans],
3581 4673 3730 4741 prius

2146 4740 2440 4810 (utmoris
2484 4737 2566 4793 est
2613 4737 3018 4810 monachorum)
3051 4737 3282 4810 conticui
3320 4740 3385 4792 ad
3435 4737 3725 4810 medicum,

2149 4807 2374 4873 veritus,
2426 4825 2493 4863 ne
2544 4807 2832 4861 temerario
2879 4821 2972 4859 ore
3018 4808 3146 4860 tanti
3185 4808 3283 4861 viri
3330 4810 3496 4863 vitam
3548 4809 3724 4877 potius

2151 4880 2418 4934 narrando
2461 4878 2893 4946 dehonestarem,
2926 4890 3087 4946 quam
3128 4876 3289 4946 digne
3326 4876 3722 4939 describerent;

2151 4959 2205 5003 et
2229 4947 2369 5013 quod
2407 4962 2505 5002 nec
2527 4944 2893 5013 grammatica:
2920 4947 3054 4999 artis
3075 4944 3275 5000 locutio
3299 4962 3415 5000 mea
3443 4949 3725 5002 decoraret

2151 5014 2334 5066 verba.
2366 5032 2541 5066 nenue
2576 5015 2765 5066 dianus
2795 5014 3016 5066 videbar
3050 5014 3208 5066 huius
3256 5017 3583 5066 sanctissimi
3625 5015 3724 5066 viri
