4004 5340
531 340 601 396 b9
1624 342 1681 399 S.
1721 343 1861 401 ODO
1897 342 2117 399 ABBAS
2156 341 2669 400 CLUNIACENSIS.
3719 353 3785 411 C0

528 457 771 527 quidem,
806 458 851 513 si
874 457 1109 530 licuisset
1143 457 1405 525 scribere,
1428 459 1601 530 magis
1636 459 1863 515 historia
1895 458 2109 515 videre-
2137 463 2187 521 Α
2209 465 2363 529 peret
2389 458 2441 512 in
2473 458 2729 530 Domino.
2769 457 3011 530 Cumque
3037 457 3517 530 circumdedissent
3551 475 3669 515 eam
3699 479 3787 518 so-

528 537 617 583 tur
636 543 756 584 esse
771 544 930 597 quam
954 529 1228 583 schednla.

641 612 646 617 ’
733 618 849 673 Odo
874 619 1199 689 desponsata:
1231 620 1582 690 virginitatem
1606 621 1906 690 persuadet.

598 707 688 765 36.
718 708 1055 781 Faetnmest
1081 720 1262 781 autem
1286 709 1340 764 in
1372 710 1476 765 illis
1499 712 1707 775 diebus,
1731 727 1854 766 cum
1877 710 2108 781 quadam

529 778 618 851 die
636 779 1240 851 jamseroidiverlisset
1271 781 1582 850 quiescendi
1607 782 1779 851 gratia
1811 782 1863 835 in
1889 778 2107 837 domum

528 848 850 903 nobilissimi
879 850 977 903 viri
1008 847 1311 916 cujusdam,
1338 847 1652 905 absentibus
1693 851 1949 915 dominis,
1990 861 2112 910 erat

530 917 605 971 ibi
641 933 828 991 eorum
860 918 1117 991 filiannna
1148 936 1271 991 cum
1318 919 1539 975 familiis
1578 921 1732 991 virgo
1753 921 1865 990 jam
1901 921 2103 991 adulta,

524 1001 647 1055 qua:
673 988 919 1061 videlicet
944 990 1103 1044 nimis
1130 990 1343 1061 curiose
1368 1006 1465 1060 per
1492 988 1960 1061 totam'vcsperam
1991 989 2108 1058 ejus

524 1066 679 1111 actus
709 1058 1054 1129 considerare
1078 1060 1285 1114 studuit
1307 1058 1469 1129 atque
1497 1059 1684 1115 vitam.
1725 1058 1926 1116 Deinde
1954 1074 2106 1113 com-

522 1134 724 1200 puncto
749 1128 913 1200 corde
955 1129 1188 1183 latenter
1216 1144 1313 1197 per
1340 1128 1606 1198 quoddam
1640 1131 1925 1200 posticium
1950 1130 2107 1200 irruit

524 1197 591 1250 ad
616 1210 763 1270 enm,
811 1198 1036 1270 ejusque
1095 1197 1366 1267 prostrata
1411 1197 1656 1270 pedibus,
1699 1215 1758 1256 se
1794 1214 1940 1254 ream
1997 1199 2106 1254 cito

525 1267 728 1339 nuptiis
762 1267 1077 1339 tradendam
1121 1284 1242 1324 esse
1268 1267 1479 1325 dicebat
1513 1287 1526 1323 :
1562 1270 1765 1325 addens
1800 1278 1859 1324 ut
1885 1279 2105 1339 propter

525 1332 715 1416 Reum,
749 1335 901 1416 cujus
936 1354 1000 1416 se
1016 1338 1288 1416 fatebatur
1315 1339 1601 1416 famulum,
1630 1341 1697 1416 in.
1728 1332 1916 1395 eadem
1948 1332 2103 1416 nocte

522 1404 778 1460 liberaret
798 1422 941 1479 eam.
974 1410 1213 1463 Audiens
1243 1409 1359 1464 hac
1384 1409 1586 1465 Christi
1608 1409 1776 1470 miles.
1809 1424 1932 1479 cum
1959 1408 2103 1479 igno-

523 1485 674 1548 raret
706 1477 848 1548 quid
901 1486 1104 1548 ageret,
1155 1488 1211 1548 et
1229 1481 1509 1548 quomodo
1548 1488 1707 1534 tanta:
1756 1477 2104 1548 virginis—vo-

523 1543 719 1599 luntati
742 1543 1111 1619 satisfaceret,
1158 1543 1294 1602 infra
1336 1549 1685 1619 semetipsum
1741 1543 1905 1618 coepit
1934 1549 2099 1619 vehe-

521 1622 735 1669 menter
761 1626 1010 1672 aestuare.
1038 1618 1301 1673 Pietatem
1328 1619 1380 1673 in
1411 1618 1580 1673 Deum
1603 1634 1703 1675 suo
1732 1633 1903 1681 more,
1930 1618 2102 1687 pieta-

522 1690 631 1764 tem
658 1752 670 1764 .
692 1700 855 1764 supra
880 1688 1107 1764 virginis
1159 1688 1708 1764 iacrymas___habens,
1735 1759 1747 1764 _
1769 1687 2102 1758 proponebat

523 1753 627 1808 sibi
652 1753 917 1822 judicium
950 1753 1043 1813 Dei
1092 1753 1393 1827 animaz'que
1420 1758 1565 1814 illius
1591 1753 1888 1823 interitum,
1918 1773 2101 1811 rumo-

522 1839 749 1904 re-mque
786 1835 975 1880 contra
1002 1842 1088 1904 _se
1134 1838 1416 1904 parentum
1455 1837 1509 1883 et
1536 1828 1879 1904 populorum.
1926 1842 2101 1904 [μιξινθ

523 1844 749 1892 remque
786 1844 975 1880 contra
1029 1844 1088 1883 se
1134 1844 1416 1897 parentum
1455 1844 1509 1883 et
1610 1844 1879 1897 purorum,
1933 1844 2101 1896 quare.

521 1893 655 1965 talia
700 1897 1131 1965 prtesumpsisset
1170 1898 1485 1954 monachus.
1535 1844 1641 1954 ἕξει
1691 1912 1877 1953 amore
1926 1896 2020 1951 Dei
2050 1905 2105 1950 et

519 1963 749 2038 virginis
778 1963 1105 2038 singultibus
1133 1967 1327 2031 victus,
1361 1969 1577 2038 tandem
1600 1969 1653 2022 in
1684 1969 1801 2038 ejus
1825 1967 2102 2038 ereptione

522 2033 671 2087 dedit
698 2033 1001 2090 assensum.
1036 2035 1205 2091 Nocte
1246 2051 1375 2092 vero
1426 2037 1513 2091 illa
1553 2053 1672 2093 cum
1701 2033 1888 2093 omnes
1917 2033 2102 2090 famuli

521 2102 1111 2184 domusquieseerent,
1157 2105 1248 2160 ille
1291 2115 1345 2162 et
1374 2105 1546 2184 frater
1575 2108 1665 2178 qui
1701 2123 1823 2162 eum
1856 2121 1939 2184 eo_
1961 2114 2101 2184 erat,

520 2175 763 2246 ascensis
812 2175 966 2246 equis
1016 2187 1436 2245 praecesserunt,
1471 2175 1734 2246 iussuque
1772 2191 1869 2231 suo
1915 2176 2103 2229 famuli

518 2242 613 2316 qni
644 2258 766 2296 eum
798 2242 1219 2316 comitabantur,
1270 2242 1486 2316 sumpta
1523 2242 1730 2314 virgine
1760 2247 1926 2301 secuti
1955 2256 2101 2316 sunt.

518 2311 702 2366 Altera
753 2330 879 2368 vero
909 2315 995 2370 die
1022 2311 1406 2386 applicuerunt
1428 2318 1493 2370 ad
1523 2311 1930 2371 monasterium.
1973 2315 2105 2369 Erat

521 2392 699 2435 autem
749 2398 917 2455 prope
969 2386 1142 2455 ipsum
1181 2387 1568 2441 monasterium
1623 2386 1917 2440 oratorium
1974 2400 2104 2440 con-

521 2461 787 2506 structum
812 2494 826 2518 ,
856 2454 970 2509 ubi
992 2454 1001 2455 “
1024 2455 1373 2510 nobilissimae
1417 2456 1670 2511 mulieres
1713 2471 1873 2511 causa
1904 2455 2105 2510 oratio-

519 2521 604 2595 nis
627 2521 739 2595 (20)
767 2524 1186 2595 recipiebantur,
1214 2526 1395 2595 ibique
1414 2541 1533 2579 eam
1554 2540 1774 2595 manere
1800 2524 2099 2595 constituit,

519 2590 812 2647 dein‘de’ad
848 2590 1233 2663 monasterium
1259 2590 1515 2664 perrexit.
1549 2594 1806 2664 Sequenti
1830 2610 1957 2649 vero
1991 2594 2101 2658 die,

517 2668 578 2713 ut
626 2676 757 2733 mos
788 2670 890 2727 est,
932 2664 1073 2733 patri
1114 2665 1428 2720 monasterii
1478 2666 1656 2719 omnia
1708 2679 1826 2733 qute
1864 2673 2104 2731 gesserat

516 2731 722 2784 studuit
746 2731 1005 2803 indicare.
1039 2734 1248 2789 Etenim
1272 2749 1392 2788 cum
1416 2748 1478 2787 ea
1503 2749 1623 2803 quae
1650 2733 1715 2788 de
1728 2731 1954 2803 ivirgine
1984 2748 2102 2802 ges-

518 2808 666 2853 serat
700 2801 959 2866 audisset,
991 2803 1207 2857 turbato
1236 2812 1457 2872 aspectu
1481 2801 1578 2858 cur
1604 2804 1719 2858 sine
1738 2801 1955 2857 licentia
1989 2801 2102 2856 [nec

517 2882 681 2989 agere
710 2873 1164 2990 prtesumpsisset,
1186 2872 1423 2942 graviter
1456 2888 1579 2927 eum
1600 2873 1885 2941 increpare
1908 2872 2093 2939 coepit.

520 2936 549 2989 Β
572 2946 657 2990 ox’
690 2940 703 2990 i
730 2940 777 2990 ie
810 2940 862 2990 in
897 2949 1097 2990 terram
1126 2943 1352 2990 nmruit-
1405 2940 1626 2990 eiusnue
1656 2944 1880 2990 pedibus
1909 2956 2093 2990 1)ιόιό-

520 2936 657 3012 Μοχ⁴
690 2936 777 2992 ille
810 2940 862 3012 in
897 2936 1097 2996 terram
1126 2936 1375 3012 proruit,_
1405 2940 1626 3009 ejusque
1656 2936 1880 3012 pedibus
1909 2936 2104 3009 provo-

520 2960 640 2992 mox
691 2960 777 2992 me
810 2960 862 2994 Ill
897 2960 1097 2996 terram
1163 2960 1352 3003 l‘Ol‘Ull,
1405 2960 1626 3009 ejusque
1656 2960 1880 3012 pedibus
1909 2960 2098 3009 ριύγο·

518 3005 664 3063 lutus
705 3009 919 3081 v_eniam
965 2960 1304 3081 precaiiatur.
1349 3009 1480 3067 Post
1531 3013 1645 3066 bzec
1677 3012 1845 3081 patris
1884 3014 2039 3079 jussu
2070 3025 2098 3063 a

520 3077 980 3152 terra_elevatus,'
994 3090 1116 3152 post
1143 3082 1455 3136 reiteratam
1497 3077 1974 3152 interrogationem
2018 3094 2100 3133 re-

518 3148 734 3220 spondit
762 3128 1294 3206 dicens,:r«vi)omine
1317 3128 1490 3220 pa—ter,
1513 3128 1820 3220 exvquoome
1836 3151 2092 3204 miserum

2207 3129 2352 3220 inter
2380 3128 2986 3220 illgSLniifuisnﬁl.'TUIIC
3005 3144 3037 3197 p

522 3217 798 3291 suscipere
838 3234 898 3274 es
944 3221 1237 3291 dignatus,
1268 3217 1586 3291 inquantum
1618 3217 1978 3291 considerare
2002 3235 2100 3291 va-

518 3286 614 3357 iui,
670 3303 943 3357 nunquam
975 3286 1071 3346 tibi
1100 3290 1245 3345 aliud
1275 3286 1419 3345 cura:
1451 3290 1551 3343 fuit
1588 3290 1690 3344 nisi
1722 3291 1787 3342 de
1814 3289 2099 3343 animabus

519 3355 813 3428 lucrandis;
849 3359 983 3414 Nam
1011 3360 1191 3416 caeteri
1224 3361 1448 3416 abbates
1476 3361 1580 3415 hoc
1599 3360 1838 3417 student,
1868 3358 2101 3428 qualiter

518 3426 682 3481 rebus
729 3429 936 3495 possint
986 3431 1284 3495 abundare,
1323 3441 1377 3486 et
1418 3429 1726 3485 hominibus
1753 3426 1984 3497 placere.
2021 3427 2098 3497 Tu

520 3510 650 3550 vero
682 3497 902 3565 pietate,
944 3500 1421 3568 misericordiaque
1458 3499 1649 3563 fretus,
1697 3496 1794 3553 soli
1826 3499 1934 3552 Deo
1985 3496 2097 3566 pla-

521 3580 647 3647 cere
681 3569 897 3647 satagis
926 3580 1145 3647 propter
1195 3568 1404 3647 lucrum
1432 3569 1757 3647 animarum,
1791 3584 1895 3647 qua
1926 3568 1991 3646 de
2043 3581 2100 3620 re

522 3636 764 3705 imitator
789 3636 911 3693 tuus
926 3636 1242 3694 desideravi
1264 3654 1406 3702 esse,
1432 3639 1636 3693 idcirco
1667 3636 1821 3692 hanc
1837 3636 2097 3705 virginem

522 3705 666 3759 volui
695 3704 893 3762 lucrari
921 3710 988 3762 ad
1017 3709 1227 3763 laudem
1260 3711 1334 3763 tui
1367 3708 1621 3763 nominis.
1672 3704 1941 3773 Quamvis
1956 3706 2100 3760 enim

521 3789 609 3829 me
654 3775 825 3849 etiam
855 3777 1007 3833 tarde
1034 3779 1313 3834 vincerent
1339 3779 1507 3847 ipsius
1536 3778 1812 3849 lacrymas,
1844 3791 1950 3849 non
1979 3790 2099 3849 sum

520 3853 700 3925 tamen
722 3846 922 3902 oblitus
953 3856 1100 3903 tuam
1127 3845 1577 3925 increpat—iuncta,
1607 3845 1770 3925 quam
1799 3845 2101 3925 certissime

519 3915 755 3987 sciebant
789 3932 877 3987 me
921 3932 1029 3972 non
1082 3932 1242 3987 posse
1276 3915 1509 3972 evadere
1543 3936 1555 3971 :
1589 3915 1683 3971 sed
1717 3916 1883 3987 malui
1923 3915 2102 3987 potius

522 3984 594 4052 pii
620 3985 791 4057 patris
819 3985 1031 4057 ﬂagello
1083 3983 1241 4051 czedi,
1290 4002 1453 4057 quam
1494 4002 1617 4057 reus
1644 4002 1740 4055 pro
1775 3983 2101 4057 animaiejus

520 4053 714 4107 teneri.
755 4055 820 4108 Et
864 4053 1068 4112 uiinam
1099 4071 1288 4112 omnes
1309 4053 1573 4110 mulieres
1602 4053 1657 4109 in
1698 4057 1801 4111 hac
1822 4054 2101 4124 provincia

518 4134 939 4197 eoinmorantes,
988 4142 1108 4197 quae
1161 4125 1364 4181 carnali
1398 4124 1609 4197 vinculo
1653 4128 1977 4197 retinentur,
2008 4139 2103 4192 po-

521 4191 744 4266 tnissem
777 4191 1115 4259 lucrifacere,
1143 4207 1197 4251 et
1224 4206 1277 4251 tu
1306 4211 1393 4251 me
1422 4211 1534 4266 per
1557 4194 1795 4265 singulas
1817 4191 2101 4266 debuisses

520 4261 768 4384 Biissimo
800 4275 891 4319 tuo
920 4282 1068 4321 more
1094 4267 1385 4337 ﬂagellare.
1422 4261 1445 4317 3
1477 4264 1573 4320 His
1613 4261 1668 4319 ei
1689 4264 1955 4320 similibus
1980 4278 2101 4316 ver-

561 4330 607 4384 is
633 4333 803 4384 natris
834 4337 1251 4384 commotionem
1301 4336 1568 4384 dolinivit-
1606 4337 1700 4384 sed
1734 4345 1911 4384 tamen
1940 4332 2100 4384 talem

561 4332 607 4412 is
633 4333 803 4412 patris
834 4332 1251 4412 commotione")
1301 4336 1568 4412 deiiuivit,
1606 4337 1700 4412 sed
1722 4345 1911 4412 _tamen
1940 4332 2100 4387 talem

518 4400 884 4475 obedientiam
937 4405 988 4459 ei
1032 4406 1276 4475 protinus
1322 4404 1586 4473 iniunxit:
1626 4403 1788 4469 Vade,
1832 4411 2100 4475 etquem-

521 4469 811 4551 admodum
844 4469 1174 4551 _scisti'eam
1224 4476 1292 4551 de
1344 4469 1543 4551 sieculo
1591 4489 1800 4551 eruere,
1846 4469 2102 4551 ita'scias

520 4540 765 4607 quotidie
809 4542 974 4608 alere,
1004 4560 1068 4599 ac
1109 4545 1312 4599 sanctis
1342 4545 1561 4598 monitis
1592 4544 1883 4607 instruere,
1912 4556 1979 4595 ne
2006 4542 2104 4597 ali-

522 4610 739 4681 quando
767 4613 1047 4681 puaniteat,
1077 4623 1132 4669 et
1159 4622 1463 4668 revertatur
1500 4615 1758 4668 suadente
1797 4612 2009 4668 diabolo
2036 4613 2104 4665 ad

523 4679 802 4757 saeculum.
830 4682 1112 4757 pritque
1142 4694 1299 4753 pater
1321 4683 1436 4739 Odo
1462 4692 1584 4752 post
1613 4684 1725 4738 luce
1750 4698 1848 4753 per
1869 4683 2107 4757 singulos

522 4746 638 4801 dies
668 4750 844 4831 cibum
892 4746 945 4808 ei
1010 4746 1255 4831 portare,
1313 4761 1378 4831 et_
1422 4746 1637 4831 patrum
1688 4746 2103 4831 prleceden'tiunt

524 4820 784 4893 exemplis
829 4838 949 4877 eam
1007 4820 1298 4889 instruere,
1346 4820 1519 4878 donec
1566 4820 1707 4878 intra
1746 4837 1946 4893 paucos
1992 4824 2107 4877 dies

494 4891 739 4968 eamad
792 4893 1058 4968 quoddam
1102 4894 1490 4968 monasterium
1542 4891 1788 4968 duceret,
1817 4906 1885 4968 _ae
1936 4894 2109 4947 sacris

525 4959 826 5032 virginibus
848 4962 1104 5032 sociaret.
1133 4963 1512 5019 Verumtamen
1543 4964 1655 5017 hare
1682 4965 1861 5017 omnia
1889 4973 2109 5032 propter

524 5024 721 5079 bonum
773 5031 1135 5087 testimonimn
1169 5035 1451 5104 praesentia
1502 5034 1729 5104 fratrum
1759 5024 2109 5104 iieba'nt.'ll‘._.-

525 5104 670 5149 ctum
694 5108 777 5153 est
801 5115 906 5156 non
933 5104 1102 5159 multo
1147 5102 1271 5174 post
1317 5111 1376 5158 ut
1401 5103 1516 5171 ipsa
1559 5102 1936 5157 dormitionem
1965 5102 2107 5154 acci-

2133 1793 2176 1851 Β
2206 1793 2368 1860 debat
2389 1793 2703 1870 comedere;
2744 1803 2886 1873 quod
2923 1803 2967 1858 si
2999 1819 3126 1859 casu
3158 1802 3300 1857 conti

2214 526 2385 594 rores,
2407 536 2470 600 ut
2503 526 2621 597 ejus
2653 528 2900 597 spiritum
2926 526 3138 583 orando
3172 538 3542 600 protegerent,
3576 542 3632 584 et
3662 547 3785 586 cum

2212 613 2349 668 pene
2404 598 2546 653 illam
2580 606 3271 670 praemortuamitenerent,
3319 598 3496 670 subito
3521 615 3653 670 voce
3680 618 3785 670 qua

2210 666 2425 791 poterat
2454 666 2615 737 coepit
2637 667 2819 722 dicere
2843 684 2857 721 :
2888 666 3153 734 Adjuvate
3175 683 3280 731 me,
3307 668 3555 732 obsecro,
3585 666 3783 726 levare.

2235 746 2712 791 nterroeantesaue
2748 751 2866 791 eam
2920 750 3017 791 cur
3054 738 3167 791 hmc
3211 739 3436 791 diceret.
3477 739 3636 791 Ecce.
3690 742 3783 791 ait.

2235 746 2712 808 nterrogantesque
2748 751 2866 808 eam
2920 750 3017 791 cur
3054 738 3167 808 hinc
3211 739 3436 801 diceret,
3477 739 3636 804 Ecce,
3690 742 3784 805 ait,

2210 806 2584 862 beatissimum
2628 806 2864 861 'Pauinm
2908 806 3204 873 apostolum
3250 808 3409 861 video
3456 810 3784 874 venientem,

2209 886 2264 930 et
2313 877 2385 930 illi
2436 876 2555 931 volo
2584 891 2889 932 occurrere.
2923 876 3162 931 Necdum
3202 876 3366 932 verba
3400 878 3786 946 compleverat,

2208 955 2265 1000 et
2302 948 2599 1002 extendens
2636 947 2859 1002 brachia
2911 954 2969 999 ut
3023 946 3259 1001 velocius
3298 956 3563 1015 surgeret,
3595 948 3785 1002 eadem

2209 1016 2373 1071 verba
2393 1032 2581 1071 rursus
2604 1016 2903 1085 repetebat.
2932 1015 3154 1070 Cteterte
3177 1025 3354 1071 autem
3393 1030 3511 1070 eam
3550 1017 3787 1071 insanire

2207 1087 2485 1157 putabant.
2508 1085 2717 1141 interea
2764 1087 3089 1157 inqnantum
3124 1086 3314 1157 potuit,
3339 1101 3498 1153 supra
3533 1101 3704 1157 genua
3730 1101 3789 1139 se

2206 1156 2457 1217 elevavit,
2494 1164 2550 1209 et
2599 1165 2824 1211 curvato
2854 1156 3029 1222 capite
3076 1155 3510 1210 benedictionem
3542 1155 3787 1209 venienti

2204 1225 2361 1292 petiit
2385 1225 2468 1279 bis
2497 1224 2677 1280 verbis
2703 1244 2715 1278 :
2741 1224 3070 1287 Benedicite,
3100 1234 3154 1294 et
3203 1240 3322 1278 mox
3355 1225 3560 1294 quievit
3590 1240 3785 1294 perpe-

2207 1303 2316 1350 tue.
2352 1295 2466 1361 Qua
2512 1295 2579 1350 de
2615 1309 2673 1349 re
2701 1295 2829 1349 nulli
2858 1295 3077 1348 dubium
3108 1293 3207 1348 fuit
3254 1294 3323 1349 ab
3351 1293 3417 1350 eo
3450 1309 3569 1349 esse
3604 1293 3789 1350 susce-

2204 1374 2373 1433 ptam,
2399 1380 2429 1418 a
2452 1380 2561 1435 quo
2589 1365 2764 1421 fuerat
2786 1364 3023 1419 visitata.

2273 1453 2362 1508 57.
2393 1454 2704 1511 Praevidens
2725 1455 2905 1524 itaque
2934 1462 3091 1524 pater
3115 1454 3322 1509 Bernus
3345 1453 3787 1510 honestissinmm

2204 1525 2382 1579 virum
2431 1524 2548 1579 fore
2588 1524 2862 1595 futurum,
2903 1524 3175 1595 promovit
3224 1539 3369 1588 eum,
3416 1531 3475 1595 et
3522 1526 3790 1595 accersito

2204 1595 2461 1665 episcopo
2487 1595 2606 1650 sine
2633 1591 2919 1665 suovelle'
2945 1608 3269 1665 consecrare
3292 1609 3414 1647 eum
3450 1591 3579 1665 fecit
3606 1610 3791 1649 sacer-

2205 1663 2405 1735 dotem;
2439 1664 2514 1719 De
2539 1679 2644 1733 quo
2667 1663 2919 1735 videlicet
2939 1663 3193 1735 episcopo
3218 1677 3440 1735 narrare
3468 1663 3792 1735 soletpater

2204 1734 2343 1813 (_)d_o,
2370 1735 2496 1805 quia
2526 1732 3056 1813 benedictunrabjeo
3082 1732 3481 1813 eibumdnullus
3504 1732 3659 1797 cauis
3683 1749 3786 1787 au-

3306 1811 3493 1924 fisset,
3526 1817 3649 1857 mox
3698 1818 3793 1856 ca-

3327 1872 3473 1924 iuuid
3519 1880 3790 1924 gustasset

2207 1875 2292 1929 nis
2346 1875 2719 1943 moriebatur,
2766 1872 2930 1928 veluti
2966 1888 3064 1943 pro
3102 1873 3224 1943 cibo
3275 1872 3473 1943 aliquid
3519 1880 3790 1941 gustasset

2206 1960 2555 2000 venenosum.
2609 1942 2716 1999 Sed
2755 1941 2982 1998 obsecro
3006 1952 3063 1998 ut
3111 1942 3289 1997 nullus
3316 1958 3402 1996 me
3431 1941 3650 2011 deroget
3688 1958 3792 2011 pro

2206 2030 2272 2070 eo
2302 2016 2443 2083 quod
2474 2013 2727 2077 dixerim,
2760 2014 2885 2083 quia
2913 2013 3115 2083 absque
3142 2028 3239 2067 suo
3272 2011 3412 2083 velle
3437 2022 3789 2083 consecratus

2207 2081 2420 2147 fuisset,
2470 2098 2538 2138 ne
2568 2081 2792 2139 forsitan
2823 2082 2915 2152 qui
2965 2081 3065 2137 hoc
3095 2081 3457 2152 attentaverit
3484 2081 3681 2145 facere,
3710 2082 3790 2134 vi-

2207 2155 2398 2208 deatur
2424 2168 2491 2208 ex
2519 2152 2625 2208 Illis
2646 2166 2766 2208 esse
2789 2151 2880 2221 qui
2904 2152 3101 2207 donum
3126 2152 3295 2207 sancti
3321 2151 3554 2220 Spiritus
3579 2166 3784 2213 emere.

2206 2232 2301 2277 aut
2353 2222 2586 2278 vendere
2617 2238 2723 2276 non
2761 2237 3039 2277 verentur.
3084 2222 3156 2276 Ea
3199 2222 3383 2290 itaque
3410 2230 3590 2283 nocte,
3618 2236 3785 2289 quant

2206 2308 2316 2349 sua:
2340 2292 2698 2349 ordinationis
2733 2301 2918 2347 secuta
2944 2291 3121 2347 fuerat
3156 2291 3289 2355 dies,
3314 2306 3435 2344 cum
3461 2300 3583 2359 post
3606 2291 3784 2345 noctis

2205 2378 2457 2432 SOporcm
2497 2362 2825 2432 evigilasset,
2857 2370 2911 2416 et
2948 2377 3051 2418 nec
3076 2361 3156 2417 sui
3190 2360 3659 2432 consecrationem
3675 2374 3788 2432 me-

2206 2429 2471 2497 minisset,
2523 2429 2923 2500 invenissetque
2966 2433 3109 2487 circa
3160 2430 3357 2486 collum
3389 2444 3544 2484 suum
3597 2429 3780 2493 (sicuti

2204 2518 2323 2557 mos
2348 2502 2453 2572 est)
2482 2502 2676 2557 stolam
2705 2503 2774 2556 ab
2803 2502 3055 2571 episcopo
3093 2500 3193 2555 sibi
3230 2500 3500 2572 collatam,
3537 2500 3785 2572 protinus

2205 2588 2263 2628 se
2298 2573 2351 2625 in
2398 2567 2695 2627 [amentum
2721 2567 2887 2637 dedit,
2929 2567 3076 2627 velut
3112 2573 3287 2640 magni
3317 2568 3367 2624 ei
3403 2567 3603 2639 aliquid
3633 2567 3779 2623 acci-

2205 2642 2370 2697 disset
2416 2641 2563 2707 mali,
2617 2649 2778 2709 atque
2812 2657 2908 2710 per
2943 2640 3168 2710 multum
3198 2646 3380 2710 postea
3419 2647 3628 2708 tempus
3669 2653 3782 2707 prce

2205 2713 2371 2766 nimio
2397 2712 2600 2781 pudore
2646 2708 2921 2781 nesciebat
2971 2726 3076 2781 qua
3118 2708 3295 2763 fronte
3321 2718 3783 2781 extramonaste-

2205 2783 2342 2835 rium
2372 2779 2549 2852 posset
2578 2782 2779 2852 egredi.
2818 2780 2967 2835 Unde
2992 2780 3193 2852 factum
3220 2786 3323 2845 est,
3354 2786 3411 2831 ut
3438 2779 3504 2832 ad
3532 2779 3781 2832 eumdem

2202 2850 2513 2921 episcopum
2545 2850 2696 2921 pater
2722 2851 2927 2906 Bernus
2954 2850 3191 2921 mitteret
3216 2863 3338 2921 eum
3385 2856 3595 2917 reperta
3625 2862 3780 2921 occa—

2205 2916 2356 2975 sione
2379 2916 2632 2991 quadam.
2664 2918 2907 2991 Cumque
2935 2919 3220 2989 episcopus
3247 2916 3334 2970 ille
3356 2916 3580 2991 pro_sua
3611 2916 3782 2991 maxi-

2205 3006 2293 3046 me
2321 2987 2691 3069 consolatione
2738 2990 2793 3043 in
2824 2987 3040 3069 longum
3080 2987 3386 3069 sermonem
3440 2987 3781 3069 deculmine

2205 3060 2491 3114 sacerdotii
2508 3061 2769 3129 traheret,
2795 3056 3019 3129 contigit
3035 3058 3167 3112 utde
3182 3066 3321 3129 statu
3345 3056 3585 3129 ecclesia:
3602 3072 3781 3129 sermo

3041 3136 3155 3181 ater
3178 3126 3291 3183 Odo
3325 3141 3391 3180 ex
3418 3123 3666 3181 Jeremim
3691 3142 3782 3179 va-

2207 3198 2393 3253 ticinio
2432 3197 2667 3252 flebilem
2688 3198 2764 3251 illi
2796 3199 2860 3253 de
2888 3196 3259 3253 sacerdotibus
3286 3196 3451 3264 cmpit
3476 3209 3779 3250 sermonem

2200 3282 2469 3336 exponere
2499 3285 2513 3320 :
2547 3283 2655 3337 quo
2696 3267 2946 3323 videlicet
2975 3267 3208 3337 expleto,
3250 3267 3426 3337 cmpit'
3446 3264 3543 3337 ille
3577 3266 3782 3337 episco-

2200 3334 2301 3407 pus
2342 3334 2649 3407 rogarefut
2699 3339 2947 3393 eumdem
3002 3334 3306 3407 sermonem
3336 3334 3385 3388 ei
3426 3334 3779 3407 describeret,

2199 3403 2253 3461 et
2296 3403 2459 3461 libelli
2498 3422 2649 3461 more
2692 3414 3058 3476 componeret.
3083 3405 3205 3476 Cui
3237 3414 3458 3476 econtra
3482 3403 3599 3476 Udo
3628 3412 3782 3476 pater

2198 3477 2423 3545 protulit
2457 3476 2696 3546 regulam
2731 3478 2782 3531 in
2810 3473 2915 3546 qua
2947 3475 3278 3546 continetur,
3306 3474 3448 3546 quod
3489 3474 3696 3546 absque
3722 3473 3782 3526 li-

2199 3532 2380 3617 centia
2408 3532 2606 3617 prioris
2636 3546 2770 3617 nihil
2816 3532 3002 3617 liceret
3029 3532 3291 3598 monacho
3323 3532 3532 3617 Tacere.
3550 3532 3630 3617 -Αἱ
3650 3558 3781 3597 vero

2201 3614 2371 3670 isdem
2404 3614 2689 3685 episcopus
2718 3615 2789 3672 ob
2814 3616 2955 3669 hanc
2981 3629 3200 3668 causam
3234 3614 3475 3685 perrexit
3497 3614 3783 3685 admorin-

2200 3682 2451 3740 steriumI
2479 3685 2544 3740 Et
2569 3682 2696 3754 quia
2738 3694 2855 3740 erat
2886 3684 3128 3753 praedicti
3170 3682 3339 3753 patris
3381 3682 3622 3754 solidalis
3648 3683 3783 3754 ami-

2201 3771 2316 3819 cus,
2370 3771 2495 3810 mox
2532 3752 2674 3824 quod
2717 3752 2894 3824 voluit;
2928 3752 3499 3824 obtinuit’apmleum
3537 3770 3558 3824 :_
3590 3752 3785 3824 deinde

2202 3835 2474 3895 praecepto
2525 3819 2668 3879 illius
2709 3833 2819 3879 tres
2846 3822 3052 3895 libellos
3090 3819 3394 3891 composuit
3429 3836 3498 3895 ex
3531 3819 3781 3895 Jeremia:

2202 3888 2476 3960 vaticinio,
2526 3910 2753 3963 quorum
2786 3893 3033 3948 videlicet
3074 3888 3252 3946 textus
3283 3907 3378 3961 per
3408 3888 3783 3959 diversasjam

2202 3964 2461 4021 ecclesias
2482 3975 2565 4019 est
2585 3965 2898 4019 translatus.

2551 4076 2716 4146 ιοάο
2759 4076 2917 4130 abbas
2961 4074 3151 4130 electus
3200 4075 3373 4129 invite.

2272 4192 2360 4264 38.
2400 4190 2503 4264 Per
2555 4188 2679 4264 illud
2722 4185 3475 4264 videlicet_tempus_exitiaii
3502 4185 3785 4264 _languorp

2200 4263 2367 4333 erepit
2400 4262 2726 4333 decumbere
2771 4269 2925 4333 pater
2972 4256 3199 4333 Bernus.
3239 4256 3357 4333 nio:
3409 4256 3617 4333 vicinos
3669 4256 3783 4333 cpi—

2202 4326 2394 4400 sco'pos
2436 4331 2742 4402 accersivit,
2771 4326 2829 4385 et
2871 4331 2939 4384 ab
2978 4329 3125 4383 omni
3166 4326 3363 4402 ordine
3403 4341 3461 4380 se
3493 4326 3782 4402 deposuitj

2205 4392 2425 4471 insuper
2465 4412 2520 4456 et
2560 4392 2738 4471 ﬂebili
2770 4414 2904 4455 voce
2953 4414 3012 4452 se
3058 4413 3207 4471 reum
3259 4396 3659 4471 indignumque
3692 4392 3784 4446 tali

2135 4462 2511 4541 Dmiuisterio
2567 4469 2936 4541 proclamabat
2977 4467 3276 4541 praefuisse.
3349 4462 3594 4541 litigabat
3646 4462 3786 4515 inter

2207 4542 2323 4597 inec
2367 4542 2528 4596 verba
2567 4532 2795 4606 'fratres,
2844 4550 2906 4593 ut
2948 4532 3049 4593 sibi
3096 4552 3256 4606 quem
3322 4532 3538 4598 vellent,
3579 4541 3783 4602 patrem

2208 4613 2491 4682 eligerent.
2533 4611 2685 4682 Tune
2718 4609 2986 4682 manibus
3036 4607 3262 4682 fratrum
3296 4614 3448 4674 pater
3475 4612 3660 4682 noster
3697 4614 3786 4653 ca-

2209 4672 2353 4751 ptus,
2387 4691 2441 4736 et
2475 4681 2630 4751 quasi
2679 4680 2945 4751 violenter
2980 4672 3325 4739 constrictus,
3361 4689 3430 4751 ac_
3450 4672 3785 4751 proclaman:

2215 4744 2357 4806 tibus
2381 4744 2633 4805 omnibus
2661 4759 2719 4803 ut
2744 4748 3105 4812 ordinaretur,
3150 4761 3334 4800 coram
3384 4744 3579 4797 abbate
3604 4756 3701 4812 suo
3735 4744 3782 4788 vi

2210 4822 2529 4875 estductus.
2560 4818 2626 4872 Et
2655 4834 2778 4873 cum
2810 4832 2910 4871 nec
2946 4816 3025 4870 sic
3049 4810 3208 4870 vellet
3240 4813 3451 4875 cedere,
3500 4820 3554 4865 et
3604 4810 3781 4863 locum

2210 4890 2444 4961 pastoris
2472 4890 2685 4961 subire;
2718 4895 3004 4961 supegatns
3039 4893 3125 4940 est
3164 4885 3377 4961 tandem
3413 4881 3784 4961 episcoporum

2212 4951 2800 5013 excommunicationei
2854 4955 3146 5010 Ordinatus
3208 4955 3414 5024 itaque
3456 4951 3780 5024 ille_,_intra

2213 5030 2484 5084 modicum
2520 5037 2731 5098 tempus
2758 5036 2913 5097 pater
2950 5024 3162 5080 Bernus
3197 5019 3447 5095 migravit
3492 5022 3560 5075 ad
3612 5019 3786 5073 Domi-

2212 5114 2360 5152 lllllll.
