4004 5340
214 354 276 407 οι
1208 354 1742 411 PROLEGOMENA.
1781 389 1787 398 ι

1894 356 2051 413 vna
2093 359 2149 415 s.
2189 360 2471 417 oooms.
3226 354 3231 357 ’
3405 370 3477 427 es

2298 521 2647 530 .___.———_.

1396 679 1694 756 LIBER
1752 681 2312 762 SECUNDUS.

348 952 409 1008 S.
441 950 561 1007 Odo
586 953 814 1021 fratrum
845 954 1191 1025 quorumdam
1225 958 1402 1010 turbas
1426 958 1645 1026 patitur.

274 1042 327 1095 1.
368 1041 555 1113 Multis
584 1042 994 1113 calamitatibus
1041 1054 1095 1098 et
1144 1046 1348 1099 crebris
1401 1046 1783 1113 languoribus,

205 1127 383 1181 pauca
418 1112 552 1166 mihi
580 1112 732 1168 licuit
761 1129 983 1168 narrare
1011 1114 1076 1168 de
1107 1124 1259 1184 patre
1288 1126 1473 1171 nostro
1496 1112 1703 1183 Odone,
1734 1130 1787 1173 et

206 1198 266 1233 ea
317 1189 529 1252 tantum
577 1197 695 1251 qua:
721 1184 881 1252 gestit
922 1184 1021 1237 sub
1060 1200 1157 1238 suo
1206 1186 1441 1240 abbate:
1477 1196 1652 1242 tamen
1702 1204 1788 1243 ve-

203 1259 319 1334 stra
365 1251 639 1334 industria
674 1251 772 1334 per
814 1252 929 1334 haec
975 1252 1133 1334 facile
1178 1257 1638 1334 co_niprelieiidere
1697 1275 1790 1334 po-

205 1328 333 1394 test,
368 1335 400 1373 a
437 1329 644 1394 quanta
674 1322 791 1394 ipse
819 1322 1101 1394 [occeperit
1130 1325 1479 1392 perfectione.
1530 1324 1635 1379 Sed
1665 1322 1788 1394 quia

203 1390 424 1463 i4ni_tiu
466 1390 640 1444 beata:
664 1391 790 1463 vitae
826 1390 929 1446 fert
968 1390 1148 1463 Secum
1178 1395 1455 1463 angustias
1477 1403 1530 1449 et
1557 1390 1788 1461 labores,

204 1459 331 1513 finis
366 1471 508 1530 vero
545 1461 901 1514 certaminum
934 1462 1159 1530 gloriam
1189 1459 1540 1527 et'laudem;
1590 1459 1790 1522 idcirco

203 1543 304 1598 per
345 1527 466 1597 ejus
498 1528 710 1603 beatam
758 1527 1027 1603 vitain_'et
1067 1532 1324 1603 quietam,
1357 1533 1511 1601 quasi
1560 1550 1656 1603 per
1702 1536 1785 1590 di-

206 1607 421 1671 rectum
466 1598 759 1665 tramitem,
790 1602 858 1653 ad
886 1598 1002 1671 ejus
1036 1598 1242 1655 obitum
1275 1598 1599 1671 quantocius
1637 1603 1789 1659 festi-

206 1668 394 1740 tin_abo
452 1675 845 1740 transcurrere.
900 1670 1067 1739 lgitur
1115 1668 1440 1740 pater'Odo
1488 1673 1694 1728 electus
1738 1683 1793 1729 et

204 1737 343 1791 abba
377 1735 685 1809 ordinatuj,
719 1753 842 1792 mox
870 1735 1058 1809 contra
1100 1735 1222 1795 eum
1265 1743 1506 1809 praedicti
1549 1746 1790 1799 veterani

204 1814 589 1876 persecutores
640 1808 941 1876 insurgunt.
996 1808 1086 1864 Ille
1139 1808 1316 1864 autem
1366 1811 1570 1866 malens
1616 1813 1789 1868 locum

204 1877 448 1948 dare__et
499 1877 657 1948 beate
685 1877 986 1945 quiescere,
1018 1895 1180 1948 quam
1214 1882 1554 1936 coutentiose
1584 1883 1789 1947 vivere,

203 1944 711 2020 derelicto_e_odem
733 1944 1085 2012 monasterio,
1114 1958 1170 2003 et
1198 1964 1426 2020 quaeque
1460 1952 1532 2005 ibi
1580 1944 1793 2008 fuerant

203 2029 238 2067 a
266 2014 759 2089 doxnno'_B_ernone
799 2026 1006 2089 parata.
1052 2014 1230 2088 atque
1261 2020 1309 2073 ei
1338 2014 1595 2089 ‘paterno
1644 2039 1792 2077 more

203 2032 238 2067 a
266 2032 470 2068 aninmo
512 2032 759 2070 nemone
835 2032 1006 2077 arata,
1052 2032 1212 2088 atque
1261 2034 1309 2073 et
1367 2032 1595 2089 paterno
1644 2039 1790 2077 more

200 2084 434 2160 tradita,
469 2084 604 2138 abiit
644 2085 756 2160 (21)
787 2032 1127 2160 gluniacum,
1183 2096 1235 2142 et
1301 2099 1537 2158 emptum
1582 2092 1790 2160 pridem

198 2152 435 2276 perfecit
460 2152 871 2275 igninasterium.
893 2156 1072 2212 Secuti
1095 2166 1221 2213 sunt
1249 2152 1428 2213 autem
1456 2152 1790 2215 eum'senio-

201 2238 294 2276 res
350 2239 437 2276 θοι
477 2240 489 2276 l
536 2239 639 2276 ius.
1548 2242 1556 2247 ·

201 2238 294 2279 res
333 2238 437 2278 IOCI
477 2238 639 2279 llllllS.
1548 2242 1556 2247 ’

495 2313 555 2369 8.
587 2314 875 2370 Martinam
908 2319 1201 2389 adjutorem
1230 2322 1511 2392 experitur.

270 2406 329 2460 Ξ.
371 2405 480 2460 Per
513 2406 642 2461 illud
681 2423 913 2479 namque
945 2418 1159 2479 tempus
1206 2411 1407 2466 defecit
1441 2412 1620 2467 omnis
1649 2428 1794 2467 sum-

202 2484 330 2545 ptus
357 2516 374 2540 ,
416 2490 579 2544 quem
619 2491 801 2531 secum
840 2477 1112 2533 detulerat
1150 2481 1202 2534 in
1257 2482 1622 2536 construenda
1678 2496 1796 2539 mo-

206 2544 436 2600 nasterii
473 2544 711 2599 officina.
765 2547 993 2601 Fiebant
1025 2559 1207 2604 autem
1258 2551 1373 2605 hlBC
1426 2552 1605 2605 omnia
1646 2552 1792 2607 circa

202 2616 350 2669 beati
396 2615 611 2670 Martini
662 2616 927 2671 natalitia.
974 2617 1063 2673 Est
1130 2628 1309 2673 autem
1337 2620 1669 2676 consuetudo
1696 2637 1793 2676 no-

204 2694 320 2738 stra
376 2697 503 2739 octo
544 2684 753 2743 dierum
791 2687 996 2743 circulo
1033 2688 1307 2744 celebrare
1364 2706 1504 2745 eam.
1564 2690 1790 2747 Peracta

203 2755 391 2825 itaque
428 2755 535 2810 diei
584 2754 761 2810 octavi
808 2757 1120 2812 celebritate
1164 2761 1448 2825 matutina,
1479 2769 1533 2814 et
1561 2761 1790 2815 necdum

204 2824 557 2879 illucescente
587 2840 807 2899 aurora,
841 2841 1031 2899 omnes
1063 2830 1267 2899 reversi
1300 2839 1426 2883 sunt
1463 2829 1529 2883 ad
1568 2832 1787 2899 propria

203 2903 403 2969 strata,
449 2894 805 2969 requietionis
831 2897 1011 2965 potius
1039 2911 1208 2969 quam
1233 2894 1634 2969 dormitationis
1660 2894 1785 2969 gra-

205 2964 277 3038 tia
307 2980 320 3016 :
350 2962 670 3038 ferebatque
699 2962 854 3038 pater
878 2962 1067 3038 noster
1089 2968 1301 3038 cuidam
1326 2968 1517 3022 vetulze
1543 2962 1790 3038 persona:

205 3032 372 3088 talem
426 3032 951 3106 revelatamhiuisse
999 3036 1282 3091 visionem.
1338 3032 1679 3106 Aspiciebat,
1736 3048 1791 3094 et

200 3118 332 3178 ecce
381 3103 473 3178 vir
529 3103 853 3178 venerabilis
900 3106 1097 3161 canitie
1154 3103 1441 3178 decoratus
1459 3147 1484 3178 ί,
1544 3108 1788 3178 stolaque

201 3172 489 3242 splendida
526 3174 769 3247 indutus,
808 3188 974 3242 super
1011 3190 1183 3247 quam.
1218 3176 1381 3247 pallio
1420 3177 1639 3247 pluviali
1670 3172 1788 3233 u'te-

204 3247 403 3306 batur,
457 3252 512 3297 et
551 3243 927 3313 episcoporum
962 3243 1111 3300 more
1160 3243 1387 3300 ferulam
1423 3243 1598 3300 'manu
1648 3247 1787 3302 fere-

203 3314 337 3366 bat:
367 3314 461 3383 qui
505 3314 758 3382 proprius
797 3313 1083 3381 accedens,
1127 3323 1456 3369 structuram
1508 3316 1624 3383 ejus
1672 3333 1788 3370 mo-

204 3382 432 3453 nasterii
480 3383 834 3437 circumcirca
896 3384 1160 3453 inspicere
1216 3385 1397 3453 coepit.
1450 3382 1620 3451 Quem
1662 3401 1784 3440 cum

204 3452 597 3524 interrogasset
625 3453 750 3524 quis
774 3462 938 3515 esset,
964 3452 1205 3524 anticur
1218 3452 1349 3524 _hoc
1396 3456 1568 3524 ipsum
1618 3456 1784 3511 aedifi-

203 3523 349 3593 cium
395 3521 875 3593 circumspiceret,
926 3523 1003 3593 ait
1040 3522 1130 3577 ille
1169 3540 1182 3575 :
1216 3522 1327 3590 Ego
1371 3521 1513 3589 sum,
1563 3524 1629 3578 de
1677 3540 1783 3593 quo

203 3590 402 3644 fratres
431 3591 709 3645 celebrant
738 3592 1132 3646 solemnitatem
1173 3593 1347 3646 octavi
1391 3595 1535 3657 diei;
1584 3590 1781 3648 etenim

1819 965 1865 1021 Λ
1896 961 2231 1016 miniculnm.

2286 962 2439 1039 Quod
2490 964 2734 1039 fortassis
2777 966 3104 1039 descriptum
3151 969 3472 1039 quibusdam

1893 1031 2192 1109 l_cge_ntibus
2245 1033 2468 1109 incutiet
2517 1034 2681 1109 risum
2712 1036 2887 1109 _:__sed
2937 1031 3063 1109 quia
3099 1031 3475 1109 spectaculum

1891 1100 2017 1172 facti
2048 1116 2232 1155 SlllllllS
2263 1102 2469 1172 angelis
2498 1111 2551 1158 et
2580 1104 2907 1169 hominibus,
2938 1100 2991 1160 lii
3023 1106 3112 1172 qui
3137 1100 3246 1162 'nos
3273 1107 3474 1163 imitari

1892 1170 2271 1241 dedignantur,
2299 1170 2391 1225 aut
2423 1182 2718 1241 nequeunt,
2751 1174 2985 1229 habeant
3022 1170 3089 1229 de
3115 1175 3266 1231 nobis
3295 1178 3473 1233 saltim

1891 1241 2469 1311 escussum,.videntes
2500 1257 2597 1296 nos
2626 1242 2887 1311 proﬁcere
2925 1259 2956 1298 a
2999 1246 3155 1299 bouis
3196 1247 3246 1299 in
3286 1247 3475 1301 melio-

1892 1310 2041 1384 ribus
2094 1327 2107 1362 :
2164 1325 2228 1364 ac
2275 1312 2486 1384 tandem
2538 1312 2905 1381 relinquentes
2942 1313 3234 1384 lugubrem
3284 1314 3471 1379 vitam,

1892 1378 2036 1432 omni
2074 1394 2194 1433 cum
2225 1380 2584 1435 exsultatione
2607 1378 2904 1451 sequantur
2939 1382 2993 1437 in
3013 1378 3224 1439 Enterua
3256 1378 3470 1455 gaudia.

2224 1491 2584 1549 Cluniacensi:
2619 1495 2850 1550 ecclesiae
2888 1496 3170 1551 dedicatio.

1962 1579 2016 1633 5.
2075 1579 2242 1650 Igitur
2294 1592 2609 1636 constructo
2664 1585 2978 1639 monasterii
3038 1587 3278 1641 oratorio
3344 1596 3476 1642 eunt

1894 1648 2119 1724 fratres,
2141 1650 2837 1724 invitantqneepiscopum,
2867 1655 2943 1708 uti
2976 1670 3091 1710 mos
3117 1666 3221 1721 est,
3268 1658 3334 1710 ad
3383 1671 3470 1711 sa-

1894 1719 2152 1794 crandum
2199 1719 2446 1775 eumdem
2488 1719 2705 1777 locum:
2729 1719 2828 1776 llle
2862 1732 3041 1779 autem
3077 1719 3474 1794 parv'ipendens

1894 1788 2281 1859 monachorum
2345 1800 2758 1859 paupertatem,
2824 1788 3118 1848 constituto
3175 1788 3261 1850 die
3326 1795 3476 1849 venit

1893 1858 2125 1926 stipatus
2167 1858 2388 1930 cuneis,
2438 1860 2709 1930 fultusque
2744 1863 3027 1919 ministris.
3087 1863 3325 1929 Quorum
3378 1864 3476 1918 ad--

1893 1936 2053 2003 ventu
2084 1928 2298 2003 cognito
2323 1927 2521 2003 fratres
2550 1927 2717 1985 nimio
2744 1927 3213 1988 confundebantur
3242 1933 3469 2003 pudore,

1897 2013 1999 2051 non
2026 1997 2284 2071 habentes
2313 2006 2432 2071 tam
2455 2001 3048 2071 dignumiapparatum,
3078 2019 3186 2070 quo
3226 1997 3319 2057 eos
3347 2017 3473 2071 pos-

1894 2075 2016 2121 sent
2060 2068 2285 2123 honeste
2313 2068 2590 2137 'recipere.
2652 2068 2807 2124 Mane
2860 2081 3037 2125 autem
3090 2068 3177 2125 illo
3233 2068 3469 2126 instante

1895 2137 2232 2208 crepusculo,
2262 2153 2387 2193 ecce
2417 2140 2839 2195 immanissimus
2870 2156 2998 2208 aper
3024 2144 3092 2195 de
3122 2142 3255 2195 silva
3288 2156 3472 2208 egres-

1896 2157 2232 2206 crepuscmo,
2262 2157 2387 2193 ecce
2417 2157 2839 2195 immanisSimus
2870 2157 2998 2208 aper
3024 2157 3092 2195 ae
3122 2157 3255 2195 suva
3288 2157 3317 2195 e
3356 2157 3472 2196 res-

1896 2221 1988 2278 sns
2015 2205 2333 2278 festinanter
2362 2210 2687 2278 properabat
2734 2209 2799 2263 ad
2849 2211 3255 2265 monasterium.
3302 2157 3473 2277 (gnem

1858 2309 1869 2355 ι
1903 2276 2091 2355 videns
2136 2276 2379 2355 ecclesiae
2429 2276 2634 2355 custos,
2671 2288 2727 2333 et
2772 2280 3055 2355 quiaerat
3099 2278 3246 2355 foras
3288 2295 3479 2355 imma-

1900 2344 2147 2409 sterium,
2177 2347 2440 2401 meditans
2469 2348 2533 2401 de
2559 2358 2750 2402 ornatu
2784 2344 2883 2403 loci
2915 2349 3077 2411 illius,
3108 2351 3160 2403 in
3190 2349 3474 2404 ecclesiam

1899 2413 2109 2483 fugiens
2168 2415 2392 2484 ejusque
2450 2415 2595 2471 fores
2637 2428 2826 2473 contra
2874 2434 2996 2473 eum
3039 2418 3331 2474 obseravit.
3383 2418 3477 2472 llle

1895 2492 2074 2558 autem
2126 2484 2360 2558 olnnissa
2399 2486 2613 2541 feritate
2641 2526 2654 2552 ,
2700 2498 2759 2558 ut
2806 2488 3136 2558 ingrediendi
3182 2489 3386 2542 aditum
3435 2502 3471 2558 ξι

1895 2554 2087 2626 quovis
2127 2556 2535 2619 concederetur,
2567 2554 3063 2626 przedictas'regias
3110 2558 3309 2612 diutius
3358 2556 3476 2626 pul-

1894 2624 2055 2695 savit,
2088 2634 2249 2695 atque
2284 2626 2394 2679 oris
2422 2626 2502 2679 sui
2551 2624 2760 2694 spuma,
2809 2640 2915 2694 quo
2952 2624 3238 2681 adluerere
3281 2624 3474 2695 potuit,

1893 2692 2087 2747 linivit.
2136 2694 2341 2748 Revera
2387 2710 2507 2749 eum
2550 2692 2726 2749 nullus
2760 2692 2972 2750 adesset
3005 2695 3097 2764 qui
3129 2695 3177 2749 ei
3217 2692 3474 2750 ob'timo-

1893 2777 2008 2818 rem
2053 2764 2307 2833 aperiret,
2354 2764 2534 2817 tandiu
2568 2764 2638 2818 ibi
2668 2765 2851 2829 stetit,
2884 2779 3161 2834 quousque
3191 2766 3476 2835 episcopus

1892 2847 2013 2904 cum
2040 2834 2151 2904 suis
2174 2902 2181 2904 4
2201 2835 2349 2889 venit
2378 2853 2390 2887 :
2423 2835 2618 2903 quibus
2647 2850 2705 2888 se
2729 2834 2931 2904 {sponte
2958 2834 3311 2904 occidendum
3340 2851 3475 2902 pra--

1891 2901 2273 2974 buit,impleta
2300 2901 2850 2974 voce'psalmographi
2894 2906 2984 2973 qui
3012 2904 3144 2974 dicit
3170 2921 3202 2974 :7
3220 2901 3477 2955 Turranius

1895 2971 2323 3043 Dominumunon
2360 2971 2832 3043 minuentur'oniui
2882 2971 3012 3027 bono
3051 2972 3371 3043 (Psalqtl);
3424 2981 3479 3043 et

1890 3041 2129 3094 iterum:
2169 3040 2294 3094 Non
2322 3042 2711 3110 confundantur
2751 3043 2805 3096 in
2855 3040 3083 3111 (carpare
3125 3041 3286 3107 malo,
3335 3052 3381 3095 et
3424 3041 3478 3093 in

1888 3111 2071 3187 diebus
2098 3111 2281 3190 lamis
2325 3112 2708 3191 satura’buntur
2753 3111 2926 3183 (Psal.
2972 3112 3182 3183 xxxw).

2241 3221 2441 3277 Odouis
2477 3224 2708 3278 charitas
2746 3239 2802 3277 ιη
2838 3240 3110 3293 pauperes.

1956 3312 2010 3367 4.
2064 3311 2206 3385 Vere
2266 3314 2410 3366 enim
2474 3313 2762 3385 aliquando
2815 3322 2971 3385 pater
3026 3315 3141 3385 Qdo
3195 3313 3475 3369 confessus

1885 3393 2011 3446 est,
2086 3384 2211 3451 quia
2293 3398 2507 3451 semper
2571 3383 2758 3437 habuit
2817 3383 2958 3437 unde
3022 3384 3220 3438 fratres
3267 3394 3477 3438 susten-

1886 3461 2042 3523 taret.
2078 3455 2297 3523 etquod
2327 3453 2654 3523 pauperibus
2683 3451 2994 3522 largiretur.
3028 3453 3304 3523 Nusquam
3332 3455 3477 3523 enim

1884 3537 1913 3574 a
1968 3522 2351 3577 misericordia;
2397 3537 2505 3576 suae
2552 3522 2673 3575 sinu
2723 3536 2927 3590 panper
2970 3522 3205 3592 unquam
3251 3522 3473 3576 recessit

1884 3605 2104 3645 vacuus.
2151 3591 2373 3658 Quoties
2415 3592 2560 3645 enim
2606 3606 2729 3662 cum
2772 3606 2854 3662 eo!
2878 3592 3009 3657 abii,
3054 3591 3266 3662 Semper
3319 3593 3458 3645 umlc

203 3661 435 3732 visitare
469 3675 564 3715 eos
596 3660 739 3714 veni.
786 3661 969 3732 Dicito
1003 3661 1116 3732 illis
1161 3676 1227 3715 ne
1274 3662 1548 3726 deﬁciant,
1597 3665 1691 3717 sed
1728 3666 1779 3717 in
1811 3656 1855 3715 C
1892 3656 2335 3732 sustentareiiturr
2369 3675 2634 3732 pauperes
2677 3661 2721 3732 si
2772 3656 3095 3732 haberemus
3122 3703 3136 3727 ,
3171 3656 3477 3732 idiligeiitcr

203 3729 443 3801 incoepto
465 3745 633 3801 opere
656 3731 965 3801 persistant.
994 3731 1076 3784 Ad
1107 3731 1218 3785 haec
1246 3732 1522 3801 subjunxit
1550 3747 1782 3800 persona

205 3798 292 3852 illa
303 3800 449 3867 ,quia
468 3798 753 3870 defecisset
767 3800 945 3855 omnis
959 3808 1204 3870 sumptus
1218 3798 1375 3870 quem
1393 3798 1573 3855 secum
1590 3802 1793 3857 detule-

206 3877 307 3922 rat.
339 3872 417 3920 Ac
446 3868 533 3922 ille
562 3884 576 3921 :
602 3867 680 3923 Ne
710 3870 952 3932 timeant,
987 3867 1180 3936 inquit.
1217 3867 1356 3925 Ecce
1388 3886 1529 3924 nunc
1561 3886 1589 3923 a
1623 3871 1789 3923 Roma

203 3939 432 4008 venioet
444 3938 735 4008 Turoniam
757 3938 868 4008 (22)
885 3939 1039 3993 vado.
1056 3938 1159 3993 lter
1175 3949 1352 3993 autem
1373 3954 1550 3993 meum
1570 3953 1666 4008 per
1678 3938 1787 3993 Gu-

206 4007 334 4080 tiam
351 4007 807 4080 Aquitaniamque
824 4007 1038 4080 faciam,
1053 4017 1192 4080 etex
1217 4010 1300 4063 his
1318 4009 1560 4080 partibus
1571 4007 1788 4080 :tantum

207 4076 288 4148 eis
320 4090 547 4148 pensum
568 4077 873 4148 mandabo,
907 4085 966 4131 ut
994 4078 1074 4131 eis
1107 4078 1210 4132 hoc
1240 4076 1482 4148 tempore
1511 4077 1791 4133 afﬂuenter

204 4146 462 4217 abundet,
481 4154 538 4217 et
565 4146 731 4217 longo
757 4157 876 4216 post
898 4157 1231 4217 perseveret.
1258 4146 1385 4203 Laeti
1415 4163 1542 4216 ergo
1571 4148 1787 4210 fratres,

203 4224 258 4269 et
287 4216 355 4269 de
388 4216 523 4270 tanti
552 4216 657 4270 viri
690 4216 1052 4285 promissione
1081 4219 1282 4282 securi,
1310 4220 1459 4272 omni
1490 4234 1611 4272 cum
1656 4219 1790 4272 hila-

204 4286 368 4357 ritate
419 4285 531 4339 Deo
582 4287 787 4357 gratias
837 4295 1118 4357 coeperunt
1156 4303 1337 4356 agere.
1394 4288 1558 4357 Cujus
1606 4298 1786 4341 autem

208 4354 323 4408 haec
354 4354 808 4426 personaifuerit,
828 4354 1070 4424 proﬁteri
1112 4354 1215 4409 non
1245 4358 1437 4422 audeo,
1457 4354 1583 4426 quia
1617 4359 1789 4426 patris

203 4426 372 4478 nostri
394 4439 511 4479 mos
542 4424 663 4497 fuit,
684 4433 740 4477 ut
770 4426 1120 4497 deliberative
1144 4441 1295 4480 suam
1330 4424 1787 4497 personam'nunf

202 4509 364 4565 quam
411 4494 753 4565 ascriberet:
787 4495 878 4565 sed
919 4496 961 4548 si
1000 4497 1178 4565 magni
1210 4494 1410 4564 aliquid
1434 4496 1672 4565 ividisset
1702 4496 1785 4550 vel

201 4563 381 4633 parvi,
421 4563 511 4617 tali
543 4564 705 4617 modo
734 4564 877 4633 quod
902 4563 1113 4617 viderat
1140 4563 1370 4620 dicebat.
1407 4564 1552 4619 Unus
1589 4580 1654 4619 ex
1686 4580 1784 4619 no-

199 4633 334 4705 stris
360 4630 767 4705 fratribus,__aut
802 4632 1066 4705 quaedam
1093 4637 1267 4687 vetula
1307 4650 1535 4705 persona
1580 4635 1683 4690 hoc
1710 4635 1788 4690 vi-

200 4701 299 4761 dit,
332 4702 416 4756 vel
446 4702 601 4757 illud.
632 4701 765 4756 Nam
796 4701 1009 4772 quoties
1052 4702 1166 4756 haec
1211 4701 1341 4759 milii
1378 4704 1580 4767 retulit,
1629 4706 1788 4761 toties

200 4771 333 4841 mihi
391 4772 670 4840 professus
721 4783 821 4831 est.
875 4785 996 4841 post
1048 4773 1184 4828 hanc
1229 4775 1608 4829 revelationem
1645 4775 1787 4829 intra

201 4840 331 4914 dies
352 4857 562 4914 paucos
585 4858 651 4914 ex
680 4840 887 4914 finibus
920 4841 1093 4914 Gu_tize
1143 4844 1421 4914 plusquam
1475 4847 1576 4899 tria
1620 4845 1785 4898 millia

203 4910 512 4985 ibidelatos
538 4912 705 4985 fuisse
736 4911 954 4966 solidos.
988 4910 1159 4985 Tanta
1188 4910 1420 4985 namque
1446 4923 1499 4968 et
1531 4916 1657 4969 talia
1686 4916 1786 4969 sub

202 4979 292 5055 tali
313 5050 325 5055 _
341 4982 523 5049 specie
553 4981 1169 5055 mihi‘narraresolitus
1185 4979 1635 5055 erat,'qu:e_apnd
1670 4999 1783 5039 ca:-

202 5050 423 5103 nobiuui
470 5051 648 5105 sancti
692 5050 989 5114 Benedicti,
1031 5052 1170 5119 quod
1215 5050 1415 5109 dicitur
1458 5050 1782 5119 Floriacum,

201 5129 351 5185 gesta
392 5119 627 5193 fuerunt
658 5162 672 5183 ,
731 5120 898 5193 simili
934 5120 1092 5193 modo
1143 5129 1198 5175 et
1240 5125 1380 5193 apud
1431 5123 1783 5188 Cluniacum;

200 5202 318 5255 qua:
359 5189 407 5241 si
454 5191 711 5244 auderem
757 5188 825 5244 ad
867 5188 1126 5256 liquidum
1172 5188 1420 5252 exarare.
1471 5193 1631 5247 libelli
1675 5210 1789 5246 mo-

1897 3731 2174 3799 requisivit
2212 3730 2449 3784 :deinde
2486 3731 2612 3799 quia
2656 3730 2699 3784 si
2747 3731 2930 3784 omnia
2973 3732 3130 3786 nobis
3174 3730 3350 3785 forent
3380 3745 3474 3783 ne—

1894 3801 2149 3861 cessaria,
2187 3799 2297 3867 jam
2349 3813 2575 3852 securus
2621 3800 2885 3868 processit
2930 3800 3064 3854 nihil
3109 3802 3388 3860 hmsitans,
3421 3809 3475 3851 ct

1892 3871 2016 3937 quia
2051 3884 2109 3923 se
2139 3870 2390 3923 Omnibus
2419 3869 2727 3937 petentibus
2759 3868 2941 3933 dabat,
2980 3869 3072 3923 Dei
3112 3879 3243 3923 nutu
3280 3878 3473 3922 cuncta

1891 3936 2431 4008 eisuppeditabant.
2474 3936 2822 4008 llludifl‘obia:
2865 3949 3192 4008 praeceptum
3251 3953 3467 4007 semper

1893 4006 2124 4078 habebat
2159 4008 2212 4062 in
2257 4017 2505 4078 promptu
2543 4020 2558 4060 :
2609 4006 2742 4060 Vide
2777 4006 3084 4078 uefaverta's
3112 4008 3300 4078 faciem
3327 4006 3473 4078 tuam

1890 4077 1954 4148 ab
1999 4077 2091 4148 illo
2122 4076 2370 4146 tempore,
2399 4086 2448 4148 et
2489 4080 2632 4148 omni
2664 4076 2855 4148 petenti
2896 4086 2944 4130 te
2980 4078 3148 4131 tribue
3186 4077 3335 4148 (Tob.
3371 4076 3469 4144 Iv).

1892 4146 1948 4200 Si
1980 4147 2101 4215 quis
2128 4161 2259 4202 vero
2287 4146 2559 4201 attulisset
2588 4147 2649 4217 ei,
2674 4146 2889 4214 aliquod
2926 4163 3145 4213 munus,
3177 4146 3233 4202 et
3267 4160 3476 4217 pauper

1893 4217 2166 4287 videretur
2208 4217 2439 4287 habitu.
2466 4231 2587 4287 mox
2641 4216 3014 4287 interrogabat
3039 4232 3162 4271 eum
3194 4216 3331 4287 quid
3352 4217 3467 4287 vel-

1891 4286 1983 4350 let,
2034 4296 2126 4339 aut
2178 4286 2223 4338 si
2279 4285 2478 4352 aliquid
2507 4287 2665 4356 abeo
2696 4284 2897 4354 egeret.
2934 4284 2989 4340 Si
3027 4288 3170 4341 enim
3211 4284 3469 4356 quiddam

1888 4365 2115 4425 peteret,
2148 4355 2332 4425 statim
2373 4369 2523 4422 aequa
2558 4354 2708 4425 lance
2751 4370 2944 4425 munus
2988 4356 3115 4411 illud
3156 4354 3502 4410 :es'timabat'

1890 4434 2149 4494 quantum
2167 4424 2395 4495 valeret,
2422 4433 2485 4495 et
2520 4424 2737 4493 duplum
2778 4424 2859 4495 illi
2910 4427 3257 4495 praecipiebat
3296 4428 3473 4495 dare;

1889 4495 2030 4563 quod
2052 4494 2247 4563 saepius
2272 4495 2322 4547 in
2340 4494 2522 4548 multis
2551 4497 2713 4548 rebus
2739 4494 2843 4547 vidi
2872 4494 2992 4549 eum
3032 4494 3229 4550 facere.
3268 4494 3467 4550 Fateor

1890 4562 2171 4633 peccatum
2209 4578 2410 4627 meum,
2435 4564 2559 4632 quia
2587 4562 2897 4633 frequenter
2925 4565 2977 4618 in
3008 4566 3199 4619 talibus
3233 4565 3308 4619 fui
3340 4581 3472 4619 con-

1892 4635 2142 4688 tristatus
2191 4652 2204 4699 ;
2264 4635 2487 4704 ctrquia
2531 4650 2679 4687 eram
2726 4634 2894 4702 prior,
2936 4637 3090 4703 quasi
3136 4635 3477 4704 compatiens

1892 4704 1992 4757 loci
2040 4703 2366 4774 paupertati,
2414 4712 2467 4757 et
2499 4704 2799 4771 przevidens
2834 4703 3325 4773 opportunitatibus
3365 4703 3474 4774 fra-

1891 4773 2054 4837 trum,
2090 4775 2264 4847 velnti
2284 4773 2386 4827 sub
2418 4781 2679 4847 praztextu
2709 4774 2901 4847 inopiae
2932 4774 3271 4847 dicebam__ei
3323 4773 3469 4847 inju-

1889 4853 2031 4897 stmn
2077 4858 2198 4899 esse
2225 4845 2304 4897 sic
2344 4844 2523 4896 omnia
2569 4843 2869 4896 indiscrete
2887 4843 3161 4912 tribuere.
3190 4844 3299 4912 Ego
3326 4843 3473 4895 enim

1911 4913 2143 4967 tutabam
2168 4914 2403 4968 scienter
2427 4927 2605 4983 agere,
2636 4913 2730 4983 sed
2759 4911 2930 4983 magis
2958 4911 3278 4983 insipientia:
3306 4912 3476 4964 obvo-

1911 4930 2143 4967 ιυιειοειηι
2168 4930 2403 4968 scienter
2427 4930 2605 4982 agere,
2636 4930 2730 4967 seu
2759 4930 2930 4981 magis
2958 4930 3278 4983 InSlplenllaB
3306 4930 3473 4964 novo-

1820 4997 1863 5052 [)
1890 4930 2035 5037 lotus
2065 4984 2297 5048 caligine
2333 4997 2361 5036 a
2396 4981 2704 5036 tenacitatis
2735 4980 2914 5051 potius
2947 4982 3473 5052 strangulabarmu-

1891 5067 2073 5106 crone.
2137 5054 2229 5107 llle
2284 5060 2486 5114 autem,
2540 5051 2666 5119 quia
2694 5048 2813 5105 erat
2845 5048 3209 5117 peritissimus
3236 5048 3481 5119 medicus

1893 5124 2222 5186 animarum,
2252 5116 2651 5190 quodammodo
2688 5116 2859 5172 manu
2882 5119 3228 5190 discretionis
3260 5116 3477 5182 pulsum

1894 5194 1997 5245 mei
2045 5188 2298 5256 tangebat
2330 5190 2558 5254 erroris,
2588 5201 2643 5245 et
2673 5190 2777 5244 hoc
2819 5190 3071 5256 exemplo
3115 5188 3311 5242 vulnus
3344 5197 3480 5256 mea:
