4004 5340
514 247 585 303 63
1604 250 1662 304 S.
1700 249 1837 307 ODO
1872 247 2094 304 ABBAS
2129 246 2645 306 CLUNIACENSIS.
3706 250 3771 305 64

522 385 920 460 condiscipulos
946 386 1213 438 maturius
1240 384 1475 460 adesset,
1512 384 1645 460 vidit
1678 385 1729 438 in
1762 385 1901 460 atrio
1928 385 2097 453 ipsius
2126 388 2172 449 Α
2203 386 2464 460 dore,a_ut
2488 386 2628 460 illitis
2660 387 2854 460 timore
2881 386 3076 454 aliquis
3103 387 3261 460 vellet
3282 386 3773 460 descendere,pro-

521 452 783 513 ecclesite'
812 469 1098 523 pauperem
1135 455 1473 508 seminudum
1506 453 1713 521 jacere,
1756 452 1910 522 cujus
1946 452 2097 509 com-

522 542 718 596 passus
742 524 978 592 penuria:
1012 524 1162 596 exuit
1207 538 1266 578 se
1293 524 1613 596 Ascapulam,
1641 539 1746 596 qua
1782 524 2100 596 superindu-

522 592 612 649 ius
657 603 794 656 erat,
830 602 884 645 et
922 593 1040 646 usui
1084 594 1334 662 pauperis
1375 608 1496 646 eam
1544 592 1811 647 transiens
1851 592 2097 662 projecit.

523 664 885 719 Considerans
947 663 1089 730 quod
1154 662 1323 733 fecit,
1386 662 1845 733 idcircojmetum
1907 664 2102 733 rigoris

526 733 781 805 procula
819 745 876 786 se
905 733 1129 805 avertit.
1174 731 1348 805 Finita
1384 732 1567 801 itaque
1615 731 1771 785 laude
1814 731 2099 805 matutina,

523 800 669 858 totus
710 800 824 868 jam
874 802 1081 869 rigidus
1121 802 1187 854 ad
1233 817 1384 856 suam
1433 800 1682 856 reversus
1716 811 1797 855 est
1831 802 2099 855 cellulam.

524 873 631 927 Sed
679 887 800 925 cum
832 871 1116 940 congelata
1163 873 1402 925 membra
1449 872 1709 926 voluisset
1751 870 1947 925 lectulo
1994 880 2104 924 tra-

523 943 652 996 dere
680 949 740 994 ut
763 940 1142 1006 calefacerent,
1167 941 1357 995 libram
1387 942 1503 995 auri
1533 956 1693 1009 super
1721 954 1875 994 suum
1904 941 2106 1009 reperit

527 1010 840 1074 stratulum,
872 1026 935 1064 ac
972 1010 1226 1080 deinceps
1271 1012 1412 1078 quod
1452 1026 1551 1080 suo
1598 1010 1715 1065 usui
1752 1010 2029 1080 retineret,
2051 1019 2105 1063 et

524 1081 668 1150 quod
719 1080 839 1134 aliis
891 1079 1391 1150 tribuerethﬁabuit
1421 1079 1890 1150 iallluenter.‘Ego
1924 1087 2102 1133 tamen

529 1148 719 1217 ignoro
747 1150 813 1204 de
842 1164 948 1218 quo
979 1149 1080 1204 ista
1109 1149 1338 1204 dicebat.
1390 1149 1484 1204 His
1514 1159 1567 1205 et
1606 1148 1873 1204 similibus
1916 1164 2106 1205 exem-

528 1221 630 1290 plis
660 1219 1083 1286 cataplasmabat
1112 1220 1305 1273 vulnus
1334 1235 1467 1274 mem
1495 1219 1798 1290 pravitatis.

604 1290 657 1368 5_.
690 1290 894 1344 Vellem
925 1290 992 1368 ad
1014 1290 1117 1343 alia
1147 1290 1422 1368 transire__:
1457 1291 1549 1343 sed
1580 1288 1961 1368 miserationes
1988 1288 2106 1368 ejus

528 1360 712 1413 multa:
765 1358 1098 1427 compellunt
1147 1372 1232 1412 me
1285 1360 1549 1424 scribere,
1589 1368 1644 1413 et
1674 1358 1868 1413 iterum
1898 1357 1965 1412 de
1990 1357 2108 1425 ejus

528 1429 781 1499 largitate
838 1429 1045 1497 plenius
1083 1433 1388 1483 sermonem
1439 1430 1654 1499 faceres
1686 1428 1937 1499 Attamen
1975 1428 2105 1499 scio

528 1497 654 1567 quia
693 1499 899 1567 absque
948 1513 1070 1553 meo
1102 1499 1307 1567 pudore
1349 1500 1450 1554 hoc
1498 1497 1731 1567 nequibo
1784 1497 2103 1566 adimplere.

529 1569 644 1638 Ego
698 1578 875 1622 tamen
934 1569 1193 1633 scribam,
1247 1577 1302 1622 et
1357 1569 1591 1636 gladium
1647 1567 2030 1638 increpationis
2052 1569 2104 1621 in

529 1637 733 1709 memet
782 1638 1021 1709 infigam.
1057 1654 1121 1693 ac
1176 1638 1374 1693 dehinc
1426 1638 1639 1709 culpas
1670 1652 1816 1709 meas
1854 1637 2107 1709 omnibus

526 1708 786 1779 pandam,
824 1706 957 1779 ut'si
984 1709 1032 1763 ei
1062 1709 1245 1772 modo,
1276 1709 1401 1777 quia
1445 1707 1694 1771 recessit,
1720 1708 1834 1761 hinc
1859 1706 2104 1779 conﬁtelfi

528 1777 636 1832 non
672 1777 843 1840 valeo,
869 1778 1060 1831 saltem
1094 1792 1188 1832 vos
1221 1779 1361 1847 apud
1398 1793 1521 1833 eum
1559 1779 1945 1832 intercessores
1966 1777 2107 1832 obti—

528 1849 691 1902 nebo.
736 1847 790 1902 In
824 1863 924 1902 suo
951 1848 1095 1903 enim
1141 1847 1334 1903 itinere
1359 1863 1604 1918 quosque
1629 1847 1772 1902 circa
1801 1848 1944 1918 viam
1976 1861 2107 1916 pue-

530 1933 622 1972 ros
674 1918 999 1988 reperiebat,
1032 1928 1258 1972 cantare
1301 1916 1395 1973 eos
1434 1918 1689 1987 quiddam
1731 1916 2012 1988 cogebat:
2053 1924 2109 1988 et

529 1987 689 2057 quasi
712 2002 900 2041 eorum
934 1987 1118 2057 ludum
1166 2002 1540 2054 remunerans,
1575 1987 1777 2056 aliquid
1806 1986 1886 2041 eis
1908 1987 1974 2041 de
1995 1986 2108 2041 suis

530 2056 693 2112 rebus
719 2056 1065 2126 prmeipiebat
1088 2057 1226 2110 dari.
1280 2057 1482 2126 Dignos
1513 2072 1606 2113 eos
1634 2071 1753 2112 esse
1786 2057 1999 2126 dicebat
2029 2070 2107 2110 re-

530 2125 909 2181 muneratione
939 2142 1045 2180 non
1069 2141 1259 2195 parva.
1307 2125 1400 2182 Ille
1428 2143 1558 2183 vero
1579 2134 1637 2181 ut
1662 2142 1761 2182 nos
1786 2142 1881 2181 sua
1913 2125 2108 2194 jocun-

530 2197 701 2250 ditate
745 2195 1065 2262 ltetiﬁcaret,
1110 2206 1167 2250 et
1220 2197 1341 2253 illos
1379 2197 1764 2253 misericordia
1808 2196 2109 2252 visceribus

532 2265 805 2329 reﬁceret,
838 2266 942 2320 ista
966 2275 1021 2320 et
1043 2266 1129 2321 his
1159 2267 1353 2322 similia
1380 2268 1621 2323 dicebat.
1634 2265 1808 2321 Verba
1836 2267 1981 2321 enim
2011 2280 2107 2320 sua

531 2336 680 2406 omni
708 2332 1072 2391 exsultatione
1093 2346 1249 2392 erant
1266 2338 1458 2405 plena;
1492 2337 1691 2392 locutio
1717 2351 1848 2391 vero
1875 2351 1976 2391 sua
1996 2352 2109 2406 pra:

531 2405 701 2477 nimio
742 2406 938 2477 gaudio
973 2406 1152 2461 ridere
1188 2421 1287 2461 nos
1329 2408 1575 2477 cogebat.
1606 2407 1712 2461 Sed
1752 2406 1841 2461 ille
1869 2405 2110 2477 habenas

530 2475 924 2545 moderationis
966 2490 1124 2529 manu
1160 2486 1367 2537 tenens,
1404 2475 1540 2531 mox
1568 2476 1863 2544 capitulum
1892 2475 2111 2545 Regula:

531 2544 688 2617 nobis
739 2545 1047 2617 opponebat
1086 2546 1271 2601 dicens
1312 2547 1460 2617 (Reg.
1502 2545 1560 2601 S.
1588 2544 1720 2601 Ben.
1770 2561 1890 2617 cap.
1916 2544 2059 2614 4,7)
2093 2562 2107 2597 :

532 2614 722 2670 Risum
746 2614 973 2670 multum
999 2614 1527 2670 autexcussum‘nou
1555 2631 1771 2680 amare;
1796 2625 1853 2669 et
1873 2615 2068 2668 iterum
2095 2632 2109 2667 :

528 2683 823 2739 Monachus
847 2701 951 2739 non
983 2685 1056 2754 sit
1090 2684 1263 2739 facilis
1295 2694 1387 2737 aut
1415 2693 1705 2754 promptus
1740 2686 1798 2738 in
1824 2684 1957 2749 risu,
1985 2686 2112 2754 quia

532 2755 792 2823 scriptum
813 2764 896 2807 est
924 2772 937 2806 :
974 2753 1183 2809 Stultus
1199 2756 1251 2806 in
1271 2754 1381 2809 risu
1400 2749 1599 2809 exultat
1626 2771 1797 2808 vocem
1822 2770 1970 2806 suam
1994 2749 2117 2823 (Ec-

530 2823 619 2877 cli.
650 2822 803 2893 'xxi).
837 2823 945 2878 Isto
966 2838 1200 2893 namque
1225 2833 1279 2877 et
1301 2824 1463 2879 simili
1487 2826 1645 2879 modo
1668 2840 1764 2878 nos
1778 2822 2062 2878 cohibebat
2084 2837 2115 2876 a

533 2893 681 2958 risu;
712 2892 809 2947 sed
844 2892 1145 2962 spiritualis
1198 2893 1315 2962 ejus
1364 2894 1614 2949 hilaritas
1670 2895 1943 2947 internum
1985 2908 2116 2962 gaug

533 2962 681 3035 dium
708 2961 895 3035 nostro
922 2964 1073 3035 cordi
1110 2961 1401 3017 inserebat.
1437 2963 1543 3019 Sed
1574 2978 1672 3035 ego
1702 2962 1951 3033 indignus
1985 2961 2115 3035 quid

533 3032 603 3088 de
643 3046 710 3086 eo
766 3032 935 3104 digne
971 3034 1150 3104 dicere
1195 3043 1405 3104 potero,
1437 3043 1530 3088 aut
1570 3030 1700 3103 quid
1750 3030 2015 3104 enarrare
2039 3030 2108 3085 de

536 3109 686 3155 tanto
712 3100 942 3171 gaudio?
989 3100 1209 3158 Revera
1228 3118 1351 3171 cum
1384 3104 1550 3158 menti
1587 3100 1803 3159 nostra:
1830 3100 1988 3155 aliter
2016 3114 2106 3155 ne-

533 3172 819 3243 quibamus
845 3171 1181 3243 satisfacere.
1220 3174 1545 3228 vestimenta
1586 3174 1703 3243 ejus
1728 3171 2108 3243 osculabamur

537 3240 770 3313 occulte.
793 3239 900 3296 Sed
928 3243 1284 3313 quidmirum
1325 3243 1393 3297 de
1421 3239 1715 3313 nobisfqui
1740 3242 2110 3313 indesinenter

538 3310 957 3380 adhaerebamus
975 3312 1085 3366 illi?
1116 3312 1407 3367 Enimvero
1433 3310 1656 3380 quando
1676 3310 1961 3367 ecclesiam
1985 3324 2109 3380 san:

537 3380 611 3434 cti
661 3379 807 3451 l’etri
858 3381 1115 3444 intrabat,
1164 3382 1253 3436 Dei
1316 3378 1498 3435 famuli
1542 3391 1598 3437 et
1623 3382 1717 3451 qui
1750 3380 1875 3436 illuc
1899 3378 2106 3451 oraturi

540 3449 926 3521 ascendebant,
977 3452 1103 3506 hinc
1129 3452 1253 3505 inde
1292 3461 1555 3506 exeuntes
1579 3449 1701 3521 post
1725 3466 1848 3506 eum
1874 3449 2108 3505 cursita-

542 3516 695 3584 bant,
748 3528 805 3592 et
856 3520 1062 3592 birrum
1111 3536 1219 3592 quo
1269 3522 1551 3592 tegebatur
1579 3516 1758 3575 'more
1786 3532 2111 3592 cappm,per

540 3590 941 3659 extremitatem
970 3591 1195 3646 ﬁmbriae
1215 3590 1681 3659 apprehendentes
1701 3590 2108 3659 osculabantur,

538 3655 632 3713 llle
669 3667 848 3713 autem
883 3661 1097 3732 concito
1144 3655 1328 3732 gressu
1382 3661 1493 3732 ibat
1532 3676 1631 3715 ceu
1665 3660 1892 3732 fugiens,
1921 3667 1977 3713 et
2008 3655 2109 3732 ipsi

539 3743 664 3800 eum
713 3730 1078 3800 sequebantur
1122 3727 1285 3785 veluti
1336 3727 1748 3800 pcrsbcutoresI
1778 3727 2109 3800 Erat__enim

540 3798 688 3870 velut
713 3797 851 3869 lapis
878 3800 1153 3870 angularis
1195 3797 1453 3868 quadrus,
1490 3800 1766 3870 angelicus
1789 3797 2037 3870 videlicet
2056 3804 2113 3851 et

544 3867 833 3940 humanus,
881 3867 1065 3939 largus
1092 3880 1147 3924 et
1191 3867 1401 3940 gratus,
1433 3879 1492 3922 ut
1517 3867 1758 3940 quotidie
1786 3869 1853 3920 ab
1876 3882 1946 3940 eo_
1964 3881 2112 3921 com-

542 3936 679 4006 pleri
713 3935 992 3993 videretur
1016 3941 1120 3994 hoc
1141 3935 1284 4008 quod
1322 3939 1374 3992 in
1414 3935 1623 4007 psalmo
1650 3939 1884 4008 legitur;
1914 3935 2113 3989 lucun-

544 4005 644 4060 ἄεις
675 4008 829 4062 Immo
869 4010 958 4077 qui
988 4005 1263 4063 miseretur
1293 4017 1341 4062 et
1381 4005 1674 4063 cbnunodat
1706 4005 1888 4077 U’sal.
1918 4011 2115 4077 ut),__et

541 4083 773 4147 caetera;
809 4086 863 4132 et
880 4072 1110 4133 'rursum
1160 4080 1302 4134 sicut
1338 4072 1933 4147 aitapostolus'Paulus
1960 4072 1989 4147 _:'
2011 4072 2113 4126 Hi-

544 4143 710 4199 larem
732 4146 871 4200 enim
894 4148 1129 4218 datorem
1161 4149 1330 4218 diligit
1368 4143 1505 4202 Deus
1546 4146 1627 4215 (ll
1658 4147 1784 4218 Cori
1809 4147 1907 4215 ιχ).
1933 4144 2116 4218 (lageos

546 4229 745 4286 nempe
794 4226 849 4271 et
898 4216 1118 4273 claudos
1167 4213 1400 4286 paradisi
1456 4213 1735 4274 asserebat
1762 4213 1972 4271 futuros
1999 4213 2116 4267 fore

545 4286 836 4351 ostiarios;
896 4287 1244 4357 ideonullus
1295 4290 1519 4342 deberet
1576 4304 1671 4343 eos
1716 4287 1975 4357 pellerega
2018 4297 2115 4337 sua

550 4356 731 4428 domo,
768 4372 836 4428 ne
883 4356 1119 4428 paradisi
1149 4358 1230 4411 eis
1259 4370 1444 4428 portas
1490 4353 1879 4428 clauderentin
1911 4353 2113 4428 futur_o.

2203 458 2345 511 tinus
2397 457 2696 523 imperabat
2726 457 2820 522 illi,
2852 466 2910 511 ut
2934 472 3040 526 quo
3065 459 3287 512 sedebat
3326 459 3557 524 sederet,
3598 457 3773 515 sciens

2203 540 2327 597 eum
2367 526 2607 597 progejus
2664 527 2988 591 reverentia,
3017 542 3124 581 non
3150 529 3293 581 enim
3321 543 3416 597 pro
3457 543 3696 597 paupere
3721 531 3775 584 id

2202 594 2381 650 facere
2411 594 2571 661 velle;
2609 610 2731 650 nam
2759 596 2953 665 stepius
2974 597 3078 650 vidi
3113 611 3235 651 eum
3261 594 3362 653 hoe
3390 594 3590 652 facere.

2639 706 2839 763 Odonis
2879 708 3176 764 Romanum
3213 711 3331 764 iter.

2273 798 2327 874 6.
2351 800 2445 874 Illo
2493 794 2913 874 cuiuitempoip
2936 816 3044 874 quo
3073 817 3194 874 cum
3241 801 3472 874 GcAraldo
3494 801 3781 874 Regiensis

2204 871 2446 942 ecclesia:
2495 869 2732 942 (l‘Egljse
2760 868 2824 923 de
2850 868 3278 942 Rie'zlepiscopo
3296 870 3478 926 Colias
3527 868 3779 928 transivi-

2205 956 2325 994 mus
2353 940 2536 1009 Alpes,
2563 951 2616 995 et
2643 940 2869 994 Romam
2897 940 3139 995 venimus
3160 940 3381 1003 pariter,
3408 943 3623 996 memini
3653 960 3776 997 eum

2205 1009 2526 1081 deqnadam
2588 1009 2809 1065 umliere
2867 1010 3191 1064 darmoniaea
3249 1011 3352 1064 hoc
3401 1011 3618 1077 fecisse,
3661 1029 3779 1081 qua:

2205 1080 2389 1150 statim
2420 1080 2625 1150 reddita
2673 1090 2755 1135 est
2790 1081 3029 1141 sanitati,
3064 1090 3119 1133 et
3166 1096 3269 1133 una
3299 1081 3578 1135 nobiscum
3608 1080 3783 1150 usque

2208 1148 2405 1220 Seuam
2464 1148 2700 1220 (Sieune)
2758 1150 2925 1220 veiiit,
2964 1150 3142 1219 ibique
3199 1150 3556 1205 dissenterico
3587 1148 3782 1206 morbo

2209 1218 2421 1290 inﬁrma
2476 1218 2756 1290 remansit.
2815 1218 3007 1290 Ifostea
3048 1218 3277 1290 namque
3335 1220 3473 1290 apud
3531 1231 3783 1275 sanctum

2207 1287 2430 1359 Paulum
2471 1289 2629 1341 simul
2657 1305 2776 1344 eam
2828 1289 3011 1345 Romm
3059 1287 3311 1353 vidimus,
3351 1288 3434 1345 cui
3463 1304 3585 1344 mox
3627 1292 3786 1359 signo

2209 1358 2487 1430 denarium
2516 1359 2631 1413 dari
2672 1361 2945 1430 prmcepit.
2986 1359 3075 1413 llla
3126 1374 3254 1415 veao
3296 1375 3429 1430 cum
3464 1358 3786 1430 sedensve-

2210 1428 2624 1499 recundaretur,
2674 1428 2910 1485 curvato
2964 1430 3161 1499 capite,
3212 1429 3402 1483 deﬁxis
3459 1429 3512 1483 in
3578 1439 3784 1483 terram

2209 1496 2521 1560 luminibus,
2575 1514 2695 1567 quae
2746 1509 2889 1555 esset
2936 1496 3047 1552 illa’
3079 1500 3271 1554 mulier
3307 1501 3653 1568 interrogavi.
3694 1499 3786 1555 llle

2211 1576 2390 1650 autem
2448 1570 2779 1650 respondens
2812 1587 2823 1623 :
2862 1568 2952 1623 llla
2983 1579 3111 1650 _est,
3164 1569 3360 1638 inquit,
3392 1568 3513 1623 talis
3540 1585 3606 1650 ac
3638 1569 3784 1650 Iulis.

2212 1637 2375 1705 Signa
2426 1637 2555 1692 mihi
2612 1639 2820 1706 dicens,
2873 1639 3107 1708 qualiter
3156 1637 3276 1693 eam
3328 1653 3540 1709 possem
3570 1638 3788 1695 facilius

2140 1730 2183 1790 Β
2212 1709 2720 1790 ηεοοεηᾳεςριςείμη
2769 1709 2890 1790 ipso
2921 1723 3154 1790 namque
3202 1709 3790 1790 itinerevetulusqui:

2209 1776 2335 1832 dam
2366 1786 2443 1849 et
2486 1778 2678 1849 debilis
2728 1776 3012 1849 praedictas
3069 1776 3233 1849 Alpes
3292 1779 3573 1849 nobiscum
3624 1776 3786 1833 simul

2209 1847 2525 1901 lransiebat.
2559 1848 2688 1903 Erat
2730 1847 2914 1903 autem
2959 1847 3220 1905 oneratus
3265 1847 3483 1903 sacculo
3511 1848 3671 1917 pleno
3693 1863 3791 1917 pa-

2208 1917 2367 1989 nibus
2394 1927 2447 1972 et
2481 1918 2642 1989 alliis,
2674 1919 2942 1989 caepisque
2964 1933 3028 1973 ac
3053 1919 3248 1988 porris,
3279 1934 3507 1989 quarum
3535 1918 3793 1989 videlicet

2208 1986 2501 2059 herbarum
2552 1986 2769 2043 fetores'
2802 2004 2902 2059 ego
2942 1986 3161 2059 minime
3194 1986 3434 2058 poteram
3485 1986 3647 2042 ferre.
3679 1987 3790 2042 Sed

2207 2057 2329 2126 pius
2379 2066 2533 2126 pater
2579 2058 2719 2113 illico
2768 2057 3003 2112 ut'eum
3054 2057 3213 2123 vidit,
3267 2073 3418 2113 more
3472 2072 3571 2112 suo
3621 2073 3795 2126 super

2208 2141 2405 2197 equum
2436 2143 2591 2181 suum
2645 2130 2836 2183 sedere
2866 2128 3008 2193 fecit,
3035 2128 3244 2197 sibique
3276 2127 3588 2197 praedictum
3618 2128 3793 2197 impo-

2209 2197 2319 2268 suit
2364 2196 2744 2252 fetidissimum
2809 2199 3107 2253 sacculum.
3169 2196 3287 2268 Ego
3335 2206 3512 2268 autem
3573 2196 3790 2268 tantum

2208 2266 2434 2321 fetorem
2462 2284 2567 2322 non
2607 2267 2809 2334 ferens,
2839 2270 2907 2323 ab
2933 2269 3051 2336 ejus
3098 2265 3257 2336 quem
3286 2265 3588 2322 comitabar
3620 2267 3794 2320 latere

2212 2338 2433 2408 retraho
2463 2337 2674 2406 longius
2712 2353 2778 2408 pe
2798 2342 2923 2392 lem.
2951 2336 3183 2393 Peracto
3207 2337 3387 2408 itaque
3413 2336 3796 2408 eminentioris

2210 2406 2362 2475 Alpis
2394 2405 2956 2471 arctisSimo'itinere,
3003 2408 3069 2460 ad
3100 2407 3365 2461 declivum
3410 2405 3607 2461 montis
3653 2406 3794 2460 inci-

2210 2477 2419 2544 pientes
2444 2476 2792 2542 descendere,
2823 2477 3077 2545 conspexi
3103 2493 3225 2530 eum
3250 2476 3465 2531 eminus
3496 2483 3792 2538 astantem,

2212 2561 2476 2617 suumque
2510 2555 2737 2617 cogente
2783 2562 3019 2617 paupere
3056 2562 3253 2617 equum
3304 2546 3789 2617 superascendere:

2214 2613 2539 2671 Praadictum
2581 2613 2860 2685 'namque.
2891 2613 3166 2671 sacculum
3224 2630 3325 2670 nec
3370 2613 3512 2670 'tunc
3567 2614 3793 2684 pauperi

2216 2686 2470 2749 reddidit,
2510 2687 2603 2741 sed
2625 2687 2823 2740 artioni
2853 2687 2998 2740 sella:
3034 2686 3307 2755 appendit.
3341 2685 3450 2753 Ego
3488 2694 3668 2739 autem
3698 2700 3798 2739 eos

2216 2757 2304 2825 qui
2336 2770 2421 2809 me
2460 2765 2852 2823 prmcesserant
2886 2756 3290 2819 antecedebant,
3334 2765 3389 2825 ct
3414 2763 3471 2807 ut
3495 2755 3792 2825 appropin-

2216 2840 2439 2894 quarem
2494 2825 2593 2889 illi,
2643 2825 2794 2881 ocius
2835 2835 2889 2881 et
2938 2826 3306 2880 verecundans
3358 2824 3628 2894 ibam.7Et
3673 2834 3798 2892 post

2217 2895 2467 2963 pusillum
2519 2912 2639 2951 cum
2681 2896 2946 2950 venissem
3001 2896 3067 2948 ad
3111 2909 3257 2958 eum,
3301 2894 3435 2948 dixit
3474 2893 3605 2948 mihi
3646 2894 3796 2947 :Ac-

2218 2966 2369 3029 cede,
2400 2966 2655 3033 quoniam
2679 2976 2969 3034 supersunt
2995 2964 3186 3033 psalmi
3212 2964 3634 3034 quosdebemus
3652 2978 3795 3034 cau-

2223 3043 2353 3089 tare.
2377 3032 2473 3089 Cui
2502 3050 2623 3088 cum
2651 3032 2761 3103 ego
2781 3032 3198 3103 respondissem,
3232 3032 3373 3103 quod
3395 3033 3623 3103 fetorem
3649 3032 3794 3085 illius

2212 3104 2355 3159 sacci
2414 3103 2555 3173 ferre
2599 3102 2705 3158 non
2756 3102 2994 3172 possem,
3059 3106 3305 3173 protinus
3357 3102 3655 3173 increpavit
3708 3115 3793 3154 nte

2209 3174 2395 3229 dicens
2453 3192 2465 3226 :
2526 3172 2638 3227 Heu
2688 3175 2803 3228 me!
2864 3172 3071 3242 pauper
3116 3173 3243 3226 ilhul
3290 3173 3433 3242 quod
3486 3172 3579 3224 tibi
3628 3172 3789 3242 fetet",

2246 3252 2392 3298 otcst
2426 3243 2731 3307 comedere,
2772 3251 2826 3297 tu
2872 3241 2988 3309 ejus
3015 3260 3117 3297 nou
3152 3241 3320 3312 potes
3336 3241 3488 3312 ferre
3530 3241 3787 3312 odorem!

2238 3316 2424 3381 ’auper
2456 3312 2598 3367 enim
2649 3321 2825 3381 potest
2877 3323 3114 3381 portare,
3157 3311 3212 3366 tu
3260 3326 3383 3365 eum
3442 3311 3656 3381 diciste
3688 3326 3791 3363 non

2211 3380 2370 3450 posse
2397 3383 2605 3436 videre!
2652 3380 2775 3438 Hoc
2823 3380 3005 3436 autem
3052 3383 3266 3437 dicebat
3293 3382 3359 3434 de
3387 3395 3465 3442 se,
3499 3380 3591 3447 qui
3632 3394 3798 3450 verus

2210 3449 2411 3506 Christi
2449 3465 2652 3520 pauper
2673 3460 2811 3506 erat.
2848 3451 2942 3506 His
2970 3459 3026 3506 et
3065 3450 3332 3506 similibus
3378 3450 3559 3503 verbis
3600 3464 3686 3520 me
3716 3449 3798 3501 in-

2211 3519 2474 3587 crepavit,
2519 3529 2574 3574 et
2619 3520 2903 3576 odoratum
2966 3535 3143 3575 meum
3176 3521 3246 3575 ita
3277 3519 3509 3582 curavit,
3534 3528 3592 3572 ut
3619 3519 3795 3588 ipsum

2212 3590 2439 3645 fetorem
2464 3590 2640 3645 denuo
2669 3606 2945 3659 nunquam
2975 3590 3258 3645 sentirem.

2212 3701 2372 3756 Aliud
2420 3702 2620 3757 (Manis
2664 3700 2959 3825 Romang
3001 3701 3102 3783 iter
3142 3717 3236 3770 pro
3275 3716 3427 3770 pace.
3453 3697 3719 3752 Januario
3747 3706 3797 3751 et

2892 3789 2918 3825 ε
2956 3788 3153 3825 ruarto.

2892 3788 3153 3827 eoruarto.

2284 3865 2335 3919 7.
2372 3863 2485 3918 Sub
2509 3863 2652 3918 idem
2684 3872 2894 3932 tempus
2926 3862 3132 3917 Italiam
3156 3861 3305 3917 missi
3334 3875 3522 3932 sumus
3548 3875 3579 3913 a
3612 3858 3796 3914 Leone

2214 3932 2758 4008 suiiitnd_pontiﬁce,_
2794 3928 2879 3986 ἰιι
2927 3934 3078 4008 pacis
3136 3932 3402 4001 legatione
3447 3928 3798 4008 fungerenuir

2216 4004 2385 4073 interi
2406 3998 2684 4073 Hugonem
2727 3998 3233 4073 Langobardorum
3264 4015 3465 4070 regem,
3498 3998 3797 4073 et’__Alberi-

2217 4088 2339 4127 cum
2368 4067 2624 4126 [initiante
2658 4071 2808 4126 urbis
2838 4067 3161 4141 principem.
3205 4067 3631 4141 Post'__nounnlla
3668 4080 3798 4118 vero

2216 4141 2530 4196 discrimina
2558 4142 2804 4195 venimus
2839 4138 3068 4194 tandem
3103 4140 3320 4195 Senam.
3346 4138 3665 4192 Paliebatur
3696 4151 3797 4188 an-

2222 4221 2344 4285 tem
2380 4211 2540 4285 famis
2567 4212 2852 4285 penuriam
2879 4210 2999 4285 ipsa
3045 4210 3257 4285 civitas.
3296 4206 3589 4285 _A_ll‘uerun_t
3615 4214 3796 4285 autem

2221 4282 2377 4356 nobis
2408 4274 2729 4356 inprofectu
2759 4274 2920 4356 lanti'
2948 4278 3238 4356 periculosi
3294 4278 3507 4333 itineris
3538 4274 3664 4356 fere
3689 4274 3799 4352 _tri-

2222 4352 2369 4420 ginta
2402 4350 2556 4406 solidi
2602 4351 2865 4421 argentei,
2915 4365 2981 4421 ex
3011 4350 3207 4421 quibus
3235 4363 3362 4417 pars
3410 4350 3664 4421 maxima”
3682 4350 3796 4409 jam

553 4412 781 4491 Quod'si
813 4412 1060 4482 fortassis
1114 4412 1309 4496 aliquis
1343 4441 1375 4480 e
1398 4428 1624 4496 nostris,
1654 4425 1867 4479 famulis
1896 4439 2003 4496 non
2046 4421 2118 4476 fe-
2152 4420 2201 4481 Ι)
2224 4412 2522 4496 distributa
2558 4412 2859 4496 era_t'.__Ego'
2880 4412 3300 4473 enim-recolens
3348 4412 3796 4496 consuetudinem

542 4509 681 4558 rens
720 4510 906 4551 eorum
965 4493 1385 4565 improbitatem,
1430 4495 1631 4565 aliquid
1660 4493 2126 4565 niutum_(23)Are-

552 4566 847 4637 sponderet
871 4567 952 4622 eis
973 4560 1188 4637 aspere,
1217 4577 1310 4620 aut
1336 4581 1459 4619 mox
1492 4560 1596 4620 illis
1625 4571 1839 4637 assueta
1863 4560 2127 4637 beneﬁcia

556 4630 664 4688 non
707 4635 1000 4702 conferret,
1035 4630 1276 4693 'sive’eis
1304 4650 1582 4691 accessum
1612 4635 1735 4689 ostii
1774 4633 1945 4686 nostri
1978 4630 2130 4702 papi-

555 4702 717 4759 lionis
762 4699 1071 4778 denegaret,
1139 4709 1320 4778 statim
1375 4705 1753 4761 comminando
1809 4699 2132 4778 increpabat

554 4788 678 4828 eum
725 4771 1001 4851 gravitér;
1030 4778 1226 4851 deinde
1270 4776 1362 4851 illo
1409 4785 1628 4851 astante
1672 4771 1903 4851 vocabat
1931 4782 2131 4851 paupe:

555 4857 697 4910 rem,
721 4836 877 4914 Eique
901 4836 1247 4916 praecipiebat
1270 4848 1458 4901 dicens
1486 4861 1500 4899 :
1531 4844 1667 4916 Cum
1698 4842 1908 4916 venerit
1931 4836 2043 4893 iste
2062 4836 2128 4890 ad

556 4909 1082 4989 [prtam—paradisi,
1110 4917 1362 4972 talionem
1403 4915 1651 4989 retribue
1691 4913 1761 4989 ei.
1812 4909 1925 4989 llo_c
1948 4916 2129 4989 autem

555 4980 774 5039 dicebat
805 4980 863 5039 ut
881 5001 974 5042 eos
997 4994 1246 5049 terreret,
1275 5000 1344 5040 ne
1372 4985 1571 5039 similia
1601 4982 1832 5052 amplius
1878 4980 2127 5040 facerint,

556 5062 614 5107 et
636 5055 921 5111 charitatis
970 5053 1163 5109 aﬁ‘ectu
1194 5070 1288 5111 eos
1324 5055 1662 5110 informaret.
1689 5054 1745 5107 Si
1776 5060 1954 5104 autem
1977 5061 2134 5104 secus

556 5123 699 5195 viam
728 5127 811 5193 (ut
848 5125 1044 5195 saepius
1070 5124 1185 5179 ﬁeri
1215 5125 1373 5194 solet)
1402 5140 1564 5180 anum
1612 5122 1898 5195 reperisset
1918 5127 2013 5172 aut
2042 5117 2134 5195 de-

556 5186 747 5255 bilem,
796 5186 978 5249 statim
1006 5194 1073 5250 de
1103 5209 1200 5251 suo
1233 5186 1375 5263 equo
1400 5186 1781 5258 descendebat,
1807 5199 1862 5246 et
1888 5203 2011 5243 eum
2036 5186 2131 5241 de-

556 5274 721 5340 super
740 5264 927 5318 sedere
951 5263 1200 5340 faciebat,
1248 5265 1519 5340 imperans
1545 5266 1758 5340 eminus
1774 5273 1967 5340 omnes
1994 5270 2129 5340 prin-

2231 4490 2397 4555 illius,
2434 4490 2558 4561 quia
2589 4490 2722 4544 nihil
2749 4483 2851 4545 sibi
2893 4487 3485 4561 nostrovegreservaliat
3512 4483 3655 4545 usui,
3690 4496 3798 4561 me:

2232 4547 2394 4630 tuens
2414 4547 2479 4614 ne
2500 4576 2599 4615 nos
2625 4567 2682 4616 et
2707 4561 2908 4628 quique
2938 4558 3107 4613 nostri
3150 4556 3290 4611 fame
3332 4554 3709 4630 deﬁceremus,

2232 4628 2445 4684 deesset
2482 4644 2549 4683 ex
2594 4643 2702 4698 quo
2725 4624 2992 4698 ninnium,
3038 4634 3310 4698 emeretur
3366 4624 3541 4698 cibus,
3590 4624 3797 4698 sumpsi

2233 4700 2376 4767 quod
2424 4687 2706 4767 supererat
2746 4699 2813 4752 de
2850 4696 3121 4767 prtedictis
3161 4695 3363 4767 solidis,
3389 4687 3798 4767 etlatenterab

2232 4764 2297 4821 eo
2326 4764 2568 4830 discessi,
2603 4778 2764 4835 atque
2806 4764 2871 4821 eo
2910 4766 3191 4835 ignorante
3242 4764 3514 4817 civitatem
3551 4764 3793 4813 transivi.

2232 4836 2327 4891 Illo
2349 4847 2525 4892 autem
2555 4838 2860 4892 introeunte
2880 4836 3189 4905 civitatem,
3204 4839 3561 4905 occurrerunt
3579 4836 3801 4905 egentes

2236 4918 2450 4962 assueta
2483 4906 2740 4962 beneﬁcia
2766 4906 3135 4974 deposcentes.
3167 4904 3237 4959 At
3262 4903 3371 4974 ille,
3394 4902 3799 4974 circumspectis

2237 4978 2509 5041 omnibus,
2533 4980 2659 5030 dum
2692 4990 2779 5030 me
2828 4970 2933 5029 non
2961 4975 3116 5037 vidit,
3149 4972 3394 5043 protinus
3431 4970 3574 5038 quod
3621 4978 3799 5036 gesse-

2236 5062 2351 5101 ram
2385 5047 2666 5102 intellexit.
2698 5045 2918 5101 Sciebat
2953 5045 3116 5106 enim,
3136 5055 3443 5112 quanquam
3473 5046 3797 5112 praestitum

2237 5132 2435 5181 essent,
2467 5132 2571 5172 non
2617 5126 2793 5171 tamen
2836 5114 3046 5182 longius
3068 5108 3181 5166 fore
3206 5125 3221 5162 ε
3248 5108 3448 5182 idcirco
3479 5108 3654 5182 innuit
3681 5116 3797 5182 om-

2240 5186 2401 5240 nibus
2423 5176 2589 5241 inanu
2612 5196 2672 5241 ut
2705 5201 2827 5240 eum
2871 5176 3258 5250 seduerentur;
3285 5178 3426 5250 quod
3455 5188 3511 5250 et
3534 5176 3770 5229 fecerunl

2241 5252 2388 5336 Vidit
2443 5256 2610 5340 igitur
2663 5256 2786 5340 dum
2845 5245 3100 5340 transiret
3134 5245 3368 5340 civitatis
3420 5245 3801 5340 plateaut‘irfs

3420 5307 3435 5314 -

3216 5326 3417 5340 -..Α-ιιιΑΑ
3475 5329 3592 5340 n-nm
3623 5326 3712 5340 .|‘\l'
3736 5307 3799 5340 CIII
