4004 5340
570 401 636 453 67
1673 400 1728 454 S.
1771 397 1905 454 ODO
1944 396 2162 451 ABBAS
2200 393 2722 452 CLUNIACENSIS.
3769 404 3835 459 63

570 511 675 562 ibat
689 550 701 571 ,
749 508 905 562 toties
966 522 1052 561 me

574 582 729 631 baut.

640 648 726 701 Η.
767 647 903 713 Quia
923 646 987 699 de
1016 654 1138 699 actu
1167 645 1372 700 silentii
1395 662 1574 701 sermo
1604 663 1663 702 se
1686 647 1884 709 intulit,
1911 646 2028 699 sine
2051 659 2158 712 quo

573 716 817 770 videlicet
842 715 1083 769 ducenda
1114 724 1197 769 est
1224 732 1324 785 pro
1353 717 1520 770 nihilo
1552 717 1658 769 vita
1685 717 1954 778 monachi,
1989 723 2158 768 restat

572 796 628 839 ut
654 786 1128 855 reti-oretleamus,
1158 793 1212 839 et
1260 799 1356 853 per
1401 800 1523 841 eum
1554 786 1940 855 aliquantulum
1966 800 2156 855 perva-

571 870 775 925 gemus.
806 853 926 925 Vita
953 854 1098 925 enim
1142 855 1390 908 monachi
1433 869 1605 922 usque
1630 853 1763 925 adeo
1802 864 1884 909 est
1927 854 2154 922 aliquid,

571 922 738 978 (latice
780 924 878 977 sub
918 922 1135 977 silentio
1170 937 1291 978 esse
1311 925 1597 978 studuerit.
1633 924 1709 977 Eo
1752 939 1880 977 vero
1924 931 2151 987 remoto,

569 993 825 1062 quidquid
858 994 991 1063 bene
1016 992 1099 1046 vel
1136 994 1361 1063 honeste
1386 1008 1444 1047 se
1471 1008 1630 1061 agere
1662 994 1929 1063 putaverit
1953 1007 2153 1047 secun-

571 1063 695 1117 dum
724 1062 1109 1117 institutionem
1132 1062 1350 1116 Patrum
1383 1064 1655 1118 nihilerit.

1078 1170 1390 1241 Exemplum
1422 1173 1648 1241 insigne.

645 1265 731 1320 12.
775 1263 1039 1330 Tempore
1069 1262 1234 1333 igitur
1259 1278 1365 1330 quo
1391 1263 1682 1333 gravissima
1711 1276 1845 1333 gens
1866 1261 2154 1317 Nortman-

575 1350 793 1395 norum,
830 1331 1172 1386 Pietavorum
1200 1340 1359 1400 atque
1390 1331 1728 1385 Turonorum
1755 1332 1887 1384 lines
1914 1333 2155 1387 eruentis

573 1404 885 1461 devastabat
930 1401 1140 1470 gladiis,
1178 1402 1404 1470 contigit
1442 1409 1499 1454 ut
1527 1401 1631 1455 duo
1676 1402 2012 1456 venerabiles
2049 1404 2150 1455 viri

570 1490 638 1530 ex
659 1473 848 1527 eadem
879 1471 1321 1540 congregatione,
1351 1471 1533 1524 nescio
1555 1485 1658 1538 qua
1682 1470 1949 1540 de'causa,
1979 1473 2154 1526 mitte-

574 1552 763 1599 rentur
791 1539 1107 1595 Turoniam‘.
1137 1539 1285 1594 Unus
1314 1555 1499 1593 eorum
1541 1539 1966 1595 Archembalbus
1992 1556 2154 1596 voca-

572 1614 757 1676 batur,
789 1611 1029 1678 mihique
1074 1611 1210 1665 bcne
1256 1621 1416 1664 notus
1447 1627 1460 1662 :
1494 1608 1631 1664 alter
1668 1623 1798 1663 vero
1829 1609 2058 1677 ignotus,
2100 1621 2154 1665 et

572 1683 772 1738 dicitur
794 1680 1115 1744 Adalasius;
1163 1680 1262 1734 viri
1304 1695 1497 1749 nempe
1525 1679 1903 1749 opinatissimi,
1928 1691 1983 1733 et
2013 1681 2155 1733 mul-

572 1763 750 1807 torum
777 1750 1163 1804 monachorum
1193 1758 1373 1818 patres
1391 1765 1535 1803 nunc
1560 1760 1684 1802 sunt
1709 1750 1903 1803 elfecti.
1934 1750 2150 1804 Factum

1108 507 1396 576 praedictos
1454 508 1655 563 solidos
1707 518 1949 578 repetere
2004 521 2160 575 coge-
2188 515 2229 565 Α

2265 509 2568 586 collum,_et
2616 506 2910 586 hanecum
2958 508 3301 586 reperissent.
3335 527 3441 565 non
3479 502 3835 586 prrentnipse-

2264 588 2389 631 runt
2415 577 2648 656 auferre.
2695 575 2826 629 Cibo
2856 575 3119 656 veroque
3149 580 3431 656 voluerunt
3459 575 3515 637 et
3544 594 3668 656 potu
3698 575 3835 656 apud

2257 662 2353 701 eos
2378 648 2455 699 usi
2485 656 2629 708 sunt,
2663 660 2770 714 quo
2797 660 2967 713 usque
2992 648 3132 700 inter
3159 664 3252 702 eos
3291 649 3509 706 fuerunt
3541 648 3557 706 Ξ
3584 655 3664 708 sic
3691 648 3836 710 enim

2256 716 2579 793 completum
2626 723 2710 793 est
2759 715 2813 768 in
2849 716 2927 769 eis
2956 716 3084 771 illud
3118 720 3553 793 probatissimum
3585 726 3835 793 gaudium

2256 784 2397 857 qaod
2447 784 2757 857 patientiam
2806 794 3080 857 operatur,
3119 784 3197 840 'dc
3238 804 3344 857 quo
3381 790 3455 842 ait
3500 784 3830 856 Apostolus:

2258 854 2380 909 Non
2408 854 2574 909 salum
2601 863 2769 924 autem
2803 856 2891 924 sed
2932 865 2982 907 et
3021 854 3309 924 gloriamur
3333 860 3386 911 in
3411 854 3834 916 tribulationibus

2255 926 2472 979 scientes
2500 925 2640 998 quod
2674 922 2941 977 tribulatio
2963 922 3267 998 patientiam
3296 939 3557 995 aperatur,
3585 934 3835 998 patientia

2253 1010 2373 1066 uero
2398 990 2558 1066 spem.
2600 990 2730 1066 Spes
2772 990 3087 1066 autem—non
3112 990 3405 1066 confundit,
3445 990 3836 1066 quia'cltaritas

2253 1064 2351 1136 Dei
2376 1064 2572 1136 di/I'usa
2595 1073 2669 1115 est
2700 1062 2753 1113 in
2785 1062 3245 1136 cordibus‘nostris
3283 1062 3467 1136 (Rom:
3489 1066 3564 1136 v).
3594 1068 3661 1122 Et
3691 1083 3837 1125 nunc

2256 1134 2420 1201 igitur
2450 1133 2646 1200 quique
2681 1132 2976 1184 monastica
3023 1131 3173 1186 fertis
3206 1131 3553 1198 indumenta.
3604 1140 3837 1194 obsecro

2255 1212 2313 1256 ut
2342 1217 2444 1276 una
2478 1201 2912 1276 mecumborum
2940 1202 3535 1276 virorunt_in_tueamini
3563 1208 3833 1276 exempla,

2254 1281 2306 1327 et
2335 1271 2550 1326 silentio
2586 1270 2799 1341 tandem
2846 1270 3134 1341 aliquando
3175 1271 3313 1326 detis
3356 1287 3595 1341 operam.
3630 1270 3836 1333 De'hoc

2254 1356 2484 1409 namque
2515 1340 2900 1409 bonosilentio
2930 1340 3099 1394 Isaias
3136 1355 3150 1392 :
3189 1341 3254 1395 In
3303 1340 3505 1395 silentio
3553 1346 3649 1397 erit
3690 1349 3835 1400 vobis

2252 1429 2365 1480 spes
2391 1408 2523 1477 (Isa.
2550 1408 2679 1480 xax)
2699 1420 2798 1480 ;ret
2824 1409 3088 1480 Jcrelnias
3116 1426 3129 1462 :
3158 1409 3361 1480 Bonum
3386 1421 3460 1464 est
3486 1429 3601 1465 cum
3627 1415 3835 1469 silentio

2252 1478 2543 1549 prwstolari
2583 1479 2862 1549 Dominum
2884 1478 3121 1549 7(Tltrea.
3150 1479 3224 1549 t);
3255 1489 3308 1533 et
3335 1495 3549 1534 rursum
3585 1501 3597 1535 :
3626 1483 3833 1538 Bonum

2252 1548 2340 1623 est
2368 1551 2477 1623 uiro
2509 1564 2627 1623 cum
2663 1548 2726 1623 ab
2769 1548 3118 1623 adolescentia
3161 1548 3256 1623 sua
3300 1552 3578 1623 portauerit
3618 1554 3833 1623 jugum,

2252 1618 2445 1688 sedebit
2476 1616 2747 1688 solitarius
2786 1626 2833 1688 et
2875 1617 3061 1688 tacebit
3081 1657 3096 1681 ,
3130 1620 3253 1687 quia
3281 1616 3494 1688 elevavit
3518 1637 3571 1674 se
3599 1616 3758 1688 s'up'er
3783 1616 3836 1677 se

2256 1687 2472 1760 (Tltren.
2510 1703 2590 1750 ιιι,
2619 1686 2747 1760 2]).
2789 1684 3050 1760 Similiter
3092 1684 3155 1760 et:
3175 1689 3338 1741 David
3365 1687 3431 1740 de
3473 1703 3537 1743 eo
3585 1684 3837 1760 inquiens

2253 1755 2549 1827 proclamat
2580 1773 2593 1808 :
2627 1755 2748 1808 Dixi
2774 1756 3067 1827 custadiam
3109 1758 3218 1810 vias
3245 1772 3386 1810 meas
3416 1767 3471 1809 ut
3517 1776 3618 1812 non
3661 1755 3837 1814 delin-

572 1831 655 1897 ρει
681 1821 841 1890 igitur
858 1820 982 1897 dum
1009 1826 1214 1897 tantum
1243 1820 1360 1897 iter_
1374 1827 1675 1897 carperent,
1702 1828 1755 1872 et
1782 1820 1845 1873 in
1864 1820 2150 1897 quemdam
2184 1837 2226 1894 Β
2252 1820 2411 1897 quam
2437 1828 2491 1897 in
2517 1825 2697 1893 lingua
2719 1841 2852 1895 mea.
2886 1823 3053 1878 Posui
3078 1827 3297 1897 orimeg
3322 1829 3613 1897 custodiam
3655 1830 3835 1897 (Psal.

572 1889 750 1945 locum
814 1889 1167 1959 requietionis
1226 1889 1399 1959 gratia
1459 1889 1803 1943 divertissent
1860 1890 2037 1944 taliter
2085 1892 2152 1943 ah

572 1962 773 2015 eisdem
818 1958 1169 2012 Nortmannis
1220 1958 1361 2027 capti
1402 1967 1527 2012 sunt
1565 1964 1753 2013 eadem
1800 1970 1977 2013 nocte.
2025 1959 2154 2013 Erat

573 2041 752 2084 autem
786 2027 1054 2097 quoddam
1086 2028 1338 2097 oppidum
1371 2043 1526 2099 secus
1557 2027 1755 2099 locum,
1803 2044 1966 2099 super
2010 2031 2153 2098 quod

575 2107 731 2153 noctu
775 2099 1040 2151 irruentes
1069 2105 1346 2167 ceperunt,
1394 2098 1493 2151 alia
1539 2112 1667 2151 vero
1700 2098 2151 2152 Nortmannorum

574 2185 697 2236 pars
726 2167 1000 2237 quaeibat,
1032 2180 1154 2237 cum
1188 2167 1395 2236 pridem
1431 2176 1587 2236 capta
1634 2169 1810 2237 prteda
1858 2170 2071 2222 devenit
2100 2171 2152 2223 in

573 2238 818 2291 eumdem
848 2236 1022 2289 locum
1054 2236 1106 2307 in
1126 2250 1233 2304 quo
1259 2237 1496 2306 przedicti
1522 2236 1720 2292 fratres
1747 2247 1918 2291 erant.
1951 2238 2154 2307 Capere

576 2321 808 2373 namque
856 2321 951 2359 eos
976 2314 1031 2357 et
1056 2305 1220 2375 ligare
1248 2305 1435 2360 eorum
1466 2321 1675 2370 manus,
1707 2307 1900 2361 deinde
1947 2305 2154 2363 minare

574 2384 879 2446 potuerunt,
927 2375 1019 2429 sed
1064 2390 1248 2446 eorum
1296 2377 1568 2431 silentimn
1610 2391 1862 2446 rumpere
1905 2379 2156 2446 nequive-

576 2455 718 2517 runt.
762 2445 918 2517 Mane
939 2452 1117 2517 autem
1165 2445 1304 2500 facto
1333 2446 1707 2517 applicuerunt
1735 2445 1784 2499 in
1821 2445 2151 2517 assignatum

577 2515 781 2585 locum,
808 2515 860 2568 in
888 2530 995 2584 quo
1019 2514 1118 2568 sibi
1146 2514 1505 2585 congregandi
1553 2524 1844 2584 posuerant
1886 2514 2152 2570 constitu-

579 2595 711 2639 tum.
762 2584 1009 2640 Prmdirti
1057 2600 1188 2638 vero
1233 2584 1431 2639 fratres
1478 2586 1750 2653 paululum
1781 2600 1838 2639 se
1867 2586 1935 2639 ab
1962 2586 2042 2640 eis
2071 2602 2155 2639 se-

575 2663 1010 2725 questraverunt,
1056 2663 1129 2725 et,
1177 2655 1493 2709 sicuterant
1518 2654 1685 2723 ligati,
1721 2654 1771 2707 in
1806 2663 1947 2707 terra
1976 2670 2035 2709 se
2064 2671 2151 2709 su-

578 2723 676 2793 per
697 2725 861 2779 facies
883 2740 1007 2779 suas
1039 2723 1322 2787 dederunt,
1369 2733 1633 2792 quatenus
1667 2733 1885 2791 peracto
1925 2724 2153 2790 psalmo-

573 2809 693 2848 rum
753 2808 915 2849 cursu
988 2793 1221 2863 silentio,
1263 2793 1422 2847 linem
1493 2793 1848 2863 imponerent.
1908 2793 2151 2848 Nondum

574 2864 716 2917 enim
766 2863 1020 2934 oratione
1054 2862 1339 2934 completa,
1384 2863 1549 2934 venit_
1572 2862 1699 2931 pars
1748 2862 1952 2934 reliqua
1997 2876 2152 2932 capta

575 2934 739 3003 multa
771 2931 970 3003 praeda.
1000 2930 1281 3003 Inveuicns
1316 2931 1499 3003 itaque
1519 2930 1627 2986 dux
1654 2947 1841 3003 eorum
1868 2930 2156 3003 praedictos

573 3002 768 3055 fratres
804 3001 855 3053 in
894 3012 1093 3055 terram
1124 3001 1327 3070 jacere,
1357 3001 1706 3070 interrogavit
1735 3002 1824 3070 qui
1855 3001 2052 3056 essent.
2087 3005 2154 3056 At

573 3072 647 3127 illi
682 3070 980 3125 retulerunt
1005 3070 1054 3124 ei
1100 3071 1278 3140 omnia
1309 3086 1429 3140 qua:
1453 3082 1735 3139 gesserant
1765 3086 1858 3139 per
1884 3073 2148 3135 ordinem,

575 3140 1016 3211 addentesquod
1065 3139 1208 3194 nullo
1268 3139 1430 3211 medo
1493 3141 1793 3211 potuissent
1853 3157 1946 3196 eos
2004 3141 2146 3211 loqui

577 3212 772 3265 facere.
824 3209 916 3263 Ille
960 3211 1142 3279 itadue
1187 3210 1313 3278 quia
1358 3217 1476 3264 erat
1507 3210 1785 3264 barbarica
1818 3209 2152 3266 immanitate

577 3281 838 3351 turgidus,
869 3282 936 3351 ob
964 3280 1183 3333 nimiam
1225 3280 1512 3351 elationem
1549 3294 1675 3351 cum,
1702 3281 1889 3351 eodem
1940 3283 1991 3334 in
2045 3297 2151 3351 quo

577 3349 843 3404 residebat
868 3349 1144 3418 phalerato
1163 3362 1300 3417 equo
1324 3349 1577 3403 inclinato
1600 3350 1742 3404 velut
1763 3350 1826 3402 ad
1853 3349 2150 3405 feriendum

575 3428 758 3481 conto,
790 3420 946 3472 irruit
975 3434 1137 3484 super
1162 3433 1275 3482 eos,
1314 3426 1515 3472 metum
1542 3420 1733 3474 mortis
1758 3421 1836 3474 eis
1865 3422 2148 3484 incutiens,

575 3488 759 3562 volens
803 3503 896 3544 eos
944 3488 1172 3562 probare
1216 3502 1284 3541 an
1336 3489 1603 3562 timerent.
1659 3489 1923 3562 Caeterum
1966 3491 2154 3562 vulgus

576 3559 813 3627 undique
837 3559 978 3627 quod
1010 3556 1344 3612 conﬂuxerat
1368 3558 1435 3611 ad
1476 3558 1581 3612 boc
1608 3560 1971 3627 spectaculum
2005 3556 2153 3615 voci-

579 3629 815 3682 t'erantes
841 3627 1125 3682 barbarico
1154 3628 1257 3681 ritu
1290 3628 1534 3696 plausum
1566 3627 1765 3681 dabant
1793 3631 2055 3683 manibus.
2088 3631 2157 3683 At

581 3697 653 3751 illi
698 3706 755 3751 ut
803 3706 956 3769 erant
985 3699 1164 3769 animo
1194 3706 1501 3769 constantes
1528 3736 1543 3761 ,
1590 3697 1755 3769 itaet
1781 3713 2007 3766 corpore
2037 3716 2156 3769 per-

580 3775 894 3837 manserunt
920 3766 1221 3822 immobiles
1250 3785 1263 3820 :
1293 3778 1347 3837 et
1376 3768 1478 3821 hoc
1497 3781 1601 3819 non
1632 3767 1809 3835 aliqua
1839 3771 1995 3822 liehat
2016 3766 2153 3837 apud

578 3852 675 3891 eos
706 3837 757 3919 in
788 3836 1063 3919 delusione
1088 3876 1104 3901 ,
1140 3837 1260 3919 sed
1290 3834 1413 3904 jure
1463 3836 1914 3919 observantiaqne
1957 3834 2155 3918 sani-ne

581 3905 819 3977 regulze,‘
847 3906 946 3960 sub
972 3921 1076 3975 qua
1102 3905 1354 3977 videlicet
1393 3906 1685 3977 cupiebant
1712 3905 1843 3961 mori
1875 3917 1930 3961 et
1954 3908 2153 3972 vivere,

581 3974 959 4046 nunquamque
978 3974 1052 4046 ab,
1071 3974 1458 4046 eaZdeclinare.
1489 3974 1594 4029 Sed
1616 3974 2016 4046 Omnipotentis
2043 3993 2156 4031 ma-

583 4060 683 4100 nus
711 4043 917 4099 eorum
970 4044 1330 4113 exhilaratum
1359 4043 1722 4113 spectaculum
1753 4043 1997 4113 protinus
2024 4062 2155 4101 con-

580 4116 745 4169 vertit
769 4115 821 4169 in
853 4115 1075 4169 luetum.
1121 4112 1241 4167 Mox
1272 4124 1331 4167 ut
1357 4112 1423 4168 ad
1454 4128 1549 4167 eos
1577 4112 1838 4184 barbarus
1866 4118 2155 4184 appropin-

581 4186 785 4253 quavit,
812 4198 981 4253 equus
1006 4186 1057 4238 in
1085 4199 1201 4254 quo,
1213 4183 1484 4238 residebat
1512 4184 1562 4237 in
1588 4182 1886 4254 obliquum,
1903 4182 2154 4247 'resilivit.

583 4269 960 4322 sessoremque
993 4269 1149 4308 suum
1193 4253 1246 4306 in
1300 4263 1498 4323 terram
1535 4253 1726 4307 stravit
1751 4264 1915 4323 atque
1939 4256 2155 4309 collisit.

585 4328 754 4390 Quam
787 4325 1117 4380 collisionem
1164 4322 1348 4377 statim
1394 4322 1559 4378 febris
1600 4324 1809 4378 lcthalis
1828 4322 2024 4378 secuta
2054 4337 2155 4379 est.

584 4395 969 4449 Conticuerunt
997 4406 1185 4446 omnes
1212 4401 1283 4463 et
1309 4394 1452 4447 versi
1498 4394 1549 4463 in
1582 4402 1852 4463 stuporem
1883 4405 2161 4463 cmperunt

585 4479 826 4532 quaerere
872 4467 1011 4517 inter
1054 4475 1128 4523 se,
1161 4462 1288 4532 quid
1319 4478 1385 4532 ex
1420 4463 1486 4515 iis
1516 4462 1693 4516 facere
1724 4462 1999 4519 deberent.
2052 4466 2155 4520 lie-

2257 1894 2520 1965 sxxvm);
2554 1905 2608 1948 et
2633 1894 2856 1959 cratera;
2889 1902 2944 1965 et
2969 1895 3240 1963 apostolus
3266 1895 3462 1951 Paulus
3491 1915 3503 1949 :
3533 1897 3629 1951 His
3659 1894 3837 1953 autem

2290 1968 2344 2020 ui
2394 1965 2697 2035 itujusmodi
2745 1974 2866 2018 sunt
2911 1964 3279 2035 denuntiamus
3320 1975 3367 2019 et
3409 1967 3742 2023 obsecramus
3782 1971 3835 2021 in

2307 2033 2478 2089 omina
2507 2033 2678 2104 Jesu,_
2700 2043 2756 2104 ut
2781 2050 2898 2086 cum
2929 2033 3134 2087 silentio
3165 2045 3431 2103 operantes
3465 2052 3652 2104 panem
3681 2054 3836 2090 suum

2252 2106 2564 2177 manducent
2596 2102 3032 2177 (II__TItess_._ttI).
3084 2105 3323 2177 Diximus
3352 2102 3471 2158 ista
3493 2107 3560 2159 de
3599 2108 3838 2177 antiquis

2253 2176 2488 2238 vatibus,
2520 2184 2580 2227 ut
2610 2172 2787 2227 nullus
2815 2173 3106 2233 arbitretur
3133 2176 3235 2228 hoc
3260 2174 3529 2228 silentium
3561 2172 3839 2231 modernis

2255 2245 2589 2314 temporibus
2614 2242 2777 2297 fuisse
2807 2242 3102 2314 inventum,
3131 2244 3273 2298 sicut
3299 2244 3515 2312 quidam
3548 2245 3685 2300 male
3716 2261 3836 2300 sus-

2292 2311 2496 2369 iea'ntes
2527 2312 2781 2383 fatentur.
2820 2311 2927 2383 llos
2975 2329 3208 2383 namque
3251 2311 3833 2383 et’Novii‘l‘estamenti

2299 2394 2482 2448 atres,
2533 2382 2762 2441 Paulus,
2809 2380 3412 2445 Antonius,’liilarion,
3458 2382 3715 2443 Joannes.
3766 2386 3835 2439 ad

2253 2461 2582 2522 postremum
2631 2450 2975 2522 beatissimus
3009 2460 3197 2522 pater
3265 2453 3580 2522 Benedictus
3637 2454 3833 2507 imitati

2260 2519 2407 2586 sunt,
2435 2531 2490 2576 et
2519 2521 2608 2575 alii
2642 2519 3208 2592 quamplurimi,quos
3255 2521 3565 2575 nominatim
3615 2535 3837 2592 prapter

2254 2591 2607 2661 quorumdam
2635 2590 2903 2644 fastidium
2928 2591 3146 2661 minime
3179 2605 3519 2645 recensemus
3553 2609 3567 2645 :
3598 2590 3830 2660 quorum

2256 2660 2505 2716 videlicet
2540 2661 2834 2721 silentium,
2858 2661 2902 2713 si
2926 2660 3047 2727 quis
3076 2661 3314 2714 studiose
3340 2660 3625 2727 exquirere
3654 2662 3837 2714 voluc-

2256 2732 2347 2795 rit,
2375 2731 2427 2783 in
2457 2745 2641 2800 eorum
2671 2729 2913 2797 catalogo
2943 2727 3143 2783 atl'atim
3177 2730 3411 2797 reperire
3439 2732 3654 2797 poterit.
3690 2732 3832 2800 Ergo

2255 2809 2313 2854 ut
2344 2801 2503 2871 nobis
2516 2799 2753 2871 quilibet
2781 2814 2883 2871 non
2914 2812 3145 2871 opponat
3168 2800 3400 2867 quietem
3424 2799 3607 2871 inqua
3635 2799 3830 2871 degu'e-

2254 2879 2380 2923 runt
2429 2869 2768 2939 solitudinis,
2816 2869 2900 2939 his
2946 2869 3160 2923 omissis
3190 2877 3372 2939 noster
3401 2870 3568 2939 stylus
3601 2869 3745 2939 totus
3775 2886 3835 2924 se

2253 2947 2530 3019 convertat
2554 2938 3035 3019 adiustitutionem
3063 2937 3507 3019 evangelistarum
3535 2952 3588 2992 et
3615 2938 3684 2994 de
3707 2956 3834 3009 ape-

2255 3010 2403 3065 ribus
2430 3008 2639 3062 Domini
2671 3006 2794 3062 Iesu
2828 3016 3006 3061 sumat
3033 3006 3336 3061 exordium.

2328 3080 2412 3133 l3.
2452 3079 2691 3132 Primum
2719 3077 2931 3146 quidem
2968 3077 3327 3146 testimonium
3366 3077 3418 3131 in
3456 3075 3708 3132 Mattbteo
3736 3080 3833 3133 ba-

2254 3147 2444 3202 bemus
2482 3167 2494 3200 :
2536 3147 2726 3210 Iussit,
2758 3148 2950 3215 inquit,
2982 3145 3138 3201 Iesus
3171 3146 3453 3215 discipulos
3497 3164 3620 3201 suos
3651 3165 3837 3202 ascen-

2255 3217 2378 3271 dere
2422 3219 2476 3270 in
2519 3216 2811 3270 naviculam
2857 3225 2902 3269 et
2951 3216 3243 3286 prmcedere
3292 3226 3583 3286 eunttrans
3615 3218 3831 3286 fretum,

2255 3287 2417 3341 donec
2442 3287 2719 3340 dimitteret
2748 3286 2946 3339 turbas.
2974 3285 3041 3338 Et
3066 3286 3294 3339 demissa
3318 3285 3471 3338 turba
3512 3285 3746 3339 ascendit
3780 3304 3831 3341 tu

2253 3366 2479 3410 montem
2520 3355 2662 3408 solus
2720 3371 2869 3407 orare
2914 3354 3149 3419 (Matth.
3196 3356 3349 3424 xw).
3405 3354 3711 3410 Secundum
3781 3359 3829 3408 in

2256 3425 2437 3480 Marco
2473 3443 2485 3477 :
2516 3424 2691 3493 Coegit
2719 3424 2875 3478 Jesus
2902 3424 3185 3492 discipulos
3206 3441 3327 3478 suos
3348 3426 3624 3478 ascendere
3650 3442 3829 3478 narem

2255 3506 2312 3547 ut
2339 3495 2681 3564 pt'wcederent
2704 3510 2821 3548 eum
2843 3505 2989 3547 trans
3024 3493 3211 3561 [return
3242 3495 3309 3547 ad
3339 3493 3677 3547 Betltsaidam
3706 3495 3829 3546 dum

2256 3563 2363 3635 ipse
2400 3565 2677 3618 dimitteret
2714 3563 2985 3635 populum,
3010 3573 3059 3616 et
3096 3564 3227 3635 dum
3268 3564 3544 3618 dimisisset
3569 3579 3676 3635 eos,
3705 3565 3830 3635 abiit

2255 3632 2312 3689 in
2355 3644 2581 3688 montem
2624 3632 2777 3685 orare
2821 3632 3136 3753 (Marum).
3186 3632 3427 3687 Tertium
3473 3635 3526 3688 in
3577 3632 3718 3686 Luca
3758 3634 3831 3687 ita

2257 3705 2537 3753 omninens
2568 3716 2582 3753 ε
2615 3700 2842 3753 Factum
2879 3710 2955 3753 est
2983 3702 3038 3753 in
3070 3704 3088 3753 i
3111 3702 3402 3753 lis'diebus.
3435 3703 3559 3753 exiit
3593 3702 3750 3753 Iesus
3779 3702 3831 3753 in

2257 3705 2537 3758 continens
2568 3716 2582 3754 :
2615 3700 2842 3755 Factum
2879 3710 2955 3755 est
2983 3702 3038 3755 in
3070 3700 3402 3765 illis'diebus,
3435 3703 3559 3756 exiit
3593 3702 3750 3756 Iesus
3779 3702 3831 3754 in

2257 3785 2481 3827 montem
2501 3770 2644 3826 solus
2666 3787 2817 3825 orare
2844 3780 2891 3823 et
2915 3780 3027 3824 erat
3055 3781 3365 3840 pertractans
3394 3772 3445 3824 in
3477 3771 3714 3825 oratione
3738 3771 3832 3824 Dei

2259 3842 2408 3913 (Luc.
2433 3843 2530 3911 vi).
2575 3841 2704 3894 ltem
2737 3841 3005 3913 incudem
3038 3838 3063 3913 ς’
3097 3838 3321 3913 Vigilate
3336 3842 3510 3910 itaque
3539 3841 3678 3913 omni
3707 3850 3834 3913 tem-

2258 3908 2381 3982 pore
2419 3908 2634 3982 orantes
2677 3920 2729 3963 ut
2773 3911 2919 3979 digni
2958 3908 3471 3982 habeamiaifugere
3517 3911 3693 3982 omnia
3715 3911 3833 3982 _ista

2257 3976 2374 4051 qua?
2399 3981 2579 4051 futura
2604 3990 2724 4051 sunt
2767 3991 2813 4032 et
2833 3976 2983 4051 stare
3021 3988 3142 4051 ante
3180 3976 3391 4051 Filium
3414 3979 3659 4032 hominis.
3704 3978 3833 4051 Erat

2260 4047 2433 4104 autem
2456 4051 2635 4103 diebus
2669 4050 2858 4102 docens
2896 4049 2950 4101 in
2979 4047 3167 4116 templo
3192 4065 3210 4098 :
3234 4048 3466 4101 noctibus
3500 4064 3617 4116 vero
3655 4048 3832 4101 exiens

2259 4120 2566 4173 morabatur
2587 4120 2641 4171 in
2664 4127 2835 4170 monte
2861 4118 2949 4187 qui
2989 4115 3270 4187 uocabatur
3300 4117 3485 4187 Oliveti
3511 4115 3663 4187 (Luc.
3696 4118 3832 4185 ut).

2260 4190 2518 4255 Quartum
2550 4195 2780 4255 namque
2812 4185 3176 4239 teStimouium
3216 4186 3269 4237 in
3296 4185 3502 4240 Joanne
3532 4185 3833 4255 lmjusmodi

2263 4252 2587 4313 terminatur
2615 4275 2627 4310 :
2660 4252 2816 4310 Jesus
2843 4267 3016 4308 autent
3046 4257 3269 4323 perrexit
3295 4257 3350 4307 in
3386 4265 3609 4308 montem
3648 4252 3835 4323 Olieeti

2265 4338 2313 4382 et
2339 4326 2568 4381 diluculo
2608 4328 2798 4379 iterum
2839 4327 2972 4378 venit
3005 4322 3058 4377 in
3102 4324 3348 4392 templum
3379 4324 3556 4393 (Joan.
3582 4324 3724 4393 vut).
3777 4322 3835 4376 Si

2262 4401 2407 4452 enim
2438 4396 2670 4451 Verbum
2702 4396 2792 4449 Dei
2831 4405 2887 4448 et
2914 4395 3136 4449 Creator
3162 4394 3363 4455 carnis,
3395 4395 3520 4445 dum
3548 4408 3834 4447 conversa-

2264 4476 2411 4522 retur
2432 4480 2552 4521 eum
2579 4465 2880 4519 [nominibus
2903 4474 2958 4518 et
2981 4464 3103 4517 vitm
3124 4463 3442 4531 prmdicaret
3465 4463 3834 4530 Evangelium,

584 4531 740 4604 perto
788 4535 1001 4587 tandem
1049 4531 1293 4605 consilio,
1338 4531 1621 4605 barbarico
1656 4532 1762 4585 ritu
1792 4534 2010 4603 dignum
2038 4549 2155 4589 esse
2187 4540 2231 4599 Ι)
2261 4538 2326 4592 ad
2354 4547 2562 4605 tempus
2592 4535 2780 4598 siluit,
2829 4534 2957 4602 quid
3009 4532 3466 4605 nobisagendum
3509 4532 3581 4585 sit
3628 4532 3838 4605 facilius

585 4600 931 4665 censuerunt,
961 4610 1017 4655 ut
1054 4616 1153 4670 pro
1184 4602 1290 4653 vita
1322 4600 1473 4654 ducis
1508 4602 1589 4655 sui
1622 4617 1758 4656 unus
1788 4600 1963 4658 ex'eis
1986 4605 2161 4657 caade-

587 4682 755 4727 retur.
790 4672 991 4727 Deinde
1020 4680 1299 4740 occperunt
1323 4680 1468 4724 sorte
1493 4685 1755 4740 qurerere,
1777 4686 1934 4740 quem
1962 4689 2026 4727 ex
2057 4674 2161 4727 illis

586 4744 844 4796 deberent
887 4740 1215 4794 interimere.
1256 4739 1363 4794 Sed
1399 4755 1560 4809 super
1606 4739 1861 4794 virtutmn
1912 4743 2060 4795 viros
2108 4752 2162 4797 et

588 4811 719 4864 sorti
770 4810 968 4866 Christi
1018 4818 1438 4865 connumeratos
1501 4809 1764 4865 diabolica
1813 4811 1958 4866 nullo
2004 4815 2161 4864 modo

587 4889 797 4952 poterat
846 4880 1040 4952 cadere
1085 4894 1234 4952 sors.
1281 4878 1746 4952 Qbstupeseebant
1776 4879 1957 4952 itaque
2002 4897 2162 4950 super

588 4949 683 5005 eos
719 4960 776 5004 et
820 4950 1149 5004 admirantes
1188 4949 1480 5013 dicebant,
1533 4950 1671 5003 ultra
1727 4951 1970 5005 homines
2015 4949 2158 5017 esse,

589 5037 752 5090 super
777 5036 912 5090 quos
942 5034 1061 5075 sors
1095 5034 1281 5074 eorum
1310 5034 1413 5074 non
1443 5020 1705 5090 potuisset
1729 5020 1939 5075 cadere.
1973 5020 2155 5089 Siqui-

589 5094 708 5146 dem
741 5092 893 5161 juxta
929 5090 1072 5144 hunc
1110 5092 1324 5161 modum
1370 5090 1756 5161 interemerant
1784 5105 1945 5161 unum
1977 5107 2043 5144 ex
2078 5090 2155 5143 fa-

591 5159 756 5215 mulis
801 5175 1009 5215 eorum.
1046 5160 1217 5230 iAlter
1270 5174 1395 5230 vero
1442 5160 1673 5214 famulus
1720 5159 1809 5228 qui
1854 5169 2156 5230 supererat,

588 5233 791 5312 aptime
815 5231 1018 5312 sciebat
1044 5229 1280 5312 bostium
1309 5229 1562 5312 linguam,
1595 5231 1802 5312 quieis
1834 5229 2159 5312 eximia-quae

2263 4601 2721 4676 comprehendere
2754 4601 3015 4676 potestis;
3047 4601 3282 4676 vitlelicet
3314 4617 3430 4655 cum
3472 4617 3613 4676 more
3659 4612 3707 4655 et
3734 4604 3838 4655 vita

2265 4678 2323 4729 in
2364 4668 2525 4729 manu
2560 4668 2769 4743 linguai
2797 4675 2861 4726 sit
2906 4675 3073 4743 posita
3126 4668 3318 4739 (Prov.
3370 4674 3569 4743 xvut),
3615 4681 3671 4726 et
3714 4687 3837 4725 eum

2265 4746 2541 4812 Scriptura
2572 4740 2715 4797 dicat
2745 4760 2759 4795 :
2793 4743 2859 4796 In
2902 4740 3230 4812 multiloquio
3272 4756 3376 4794 non
3416 4742 3631 4810 effugies
3657 4758 3841 4810 pecca-

2264 4826 2372 4868 tum
2393 4811 2582 4884 (Prov.
2609 4813 2687 4884 χ),
2720 4820 2774 4864 et
2806 4829 2819 4863 :
2868 4811 3249 4884 Yirlinguosus
3277 4826 3386 4884 non
3404 4812 3662 4884 dirigetur
3684 4828 3842 4880 super

2265 4880 2459 4936 terram
2485 4882 2655 4953 (Psal.
2686 4880 2929 4949 cxxxtx).
2964 4880 3019 4953 Si
3052 4881 3195 4953 enim
3226 4880 3464 4946 praedicti
3493 4882 3689 4953 fratres
3715 4897 3840 4953 cum

2264 4950 2600 5008 caederentur
2626 4959 2787 5020 atque
2819 4950 2981 5003 vincti
3025 4950 3376 5020 minarentur,
3408 4965 3541 5004 voce
3567 4950 3838 5005 silentium

2264 5037 2511 5091 rumpere
2560 5036 2664 5074 non
2705 5019 2861 5091 passi
2910 5030 3038 5091 sunt
3064 5058 3093 5091 ,_
3117 5034 3238 5071 eum
3266 5019 3566 5091 imitantes,
3621 5022 3686 5075 de
3733 5035 3841 5088 quo

2264 5088 2521 5160 scriptum
2552 5102 2636 5145 est
2665 5108 2678 5145 :
2713 5088 2860 5144 Sicut
2888 5090 2996 5142 ovis
3026 5088 3094 5140 ad
3119 5090 3427 5160 occisionem
3449 5091 3637 5142 ductus
3666 5100 3767 5155 est,
3794 5100 3841 5141 et

2263 5157 2411 5233 quasi
2439 5178 2605 5232 agnus
2632 5175 2808 5233 compa
2833 5160 3072 5233 tondente
3096 5174 3157 5233 se
3176 5157 3288 5209 sine
3315 5174 3463 5233 voce,
3487 5160 3561 5212 sic
3584 5174 3693 5233 non
3721 5175 3839 5233 ape-

2268 5227 2375 5307 ruit
2417 5227 2492 5285 os'
2517 5247 2670 5284 suum
2714 5228 2850 5300 (Isa.
2900 5230 3050 5307 1.111).;
3105 5227 3160 5280 hi
3198 5240 3328 5307 vero
3373 5230 3466 5307 qui
3507 5228 3708 5283 nullam
3734 5229 3836 5282 \iu
