4004 5340
514 252 578 306 7|
1616 246 1678 302 S.
1714 241 1851 302 ODO
1889 244 2109 300 ABBAS
2150 241 2663 302 CLUNIACENSIS.
3703 230 3770 293 Ἠ

513 362 715 424 reversi
740 362 988 425 fuissent,
1010 367 1065 414 et
1090 374 1214 414 eum
1245 357 1627 429 suscepissent.
1662 357 1870 429 Batnas
1908 364 2086 410 autem
2119 365 2163 419 Α
2195 374 2323 412 vero
2343 357 2605 413 subdebat
2648 353 2715 405 ad
2766 350 3005 405 laborem
3034 348 3186 429 artis.
3239 344 3440 420 Sicque
3469 346 3640 403 frater
3670 348 3771 429 iste

512 433 602 487 ille
633 432 862 501 amplius
907 444 1012 484 non
1068 429 1169 484 fuit
1216 426 1550 501 visus,'quia
1604 428 1768 480 arbor
1797 426 1906 501 illic
1952 443 2091 480 nun-

512 517 675 570 quam
706 495 945 562 videtur,
969 513 1095 581 .nec
1124 500 1384 562 nascitur,
1413 495 1584 566 equus
1612 510 1741 550 vero
1762 495 1915 549 ultra
1962 510 2088 550 nus-

512 586 677 639 quam
708 577 1030 640 comparuit.

1098 677 1227 733 Item
1257 677 1509 731 latrones.

585 769 671 824 l9.
713 767 923 822 Revera
961 781 1084 822 cum
1123 780 1221 834 pro
1264 779 1398 834 pace
1439 778 1621 832 regum
1650 770 1708 817 et
1745 762 2090 834 principum,

514 853 724 893 necnon
774 848 829 891 et
870 832 1209 891 correctione
1266 832 1724 888 monasteriorum
1790 832 2093 901 impatienti

513 922 698 961 amore
727 907 964 969 arderet,
1008 914 1064 959 et
1087 906 1155 959 ob
1183 904 1285 958 hoc
1317 903 1422 957 huc
1453 902 1687 970 illucque
1736 901 2089 964 discurreret,

512 991 654 1044 saepe
680 975 731 1030 ei
754 976 988 1037 latrones
1021 974 1242 1028 insidias
1267 986 1544 1044 paravere.
1575 970 1844 1044 Quadam_
1862 984 2095 1039 namque

513 1038 602 1099 die
631 1045 984 1114 quadraginta
1027 1057 1189 1114 super
1212 1038 1334 1114 eum
1382 1041 1793 1114 insurrexerunt
1830 1038 2089 1114 latrones.

513 1109 760 1182 Cumque
808 1109 948 1168 unus
999 1128 1063 1167 ex
1092 1109 1197 1166 'eis
1246 1110 1334 1178 qui
1370 1119 1488 1182 erat
1533 1109 1796 1179 insignior
1843 1109 2089 1182 steteris,

513 1177 708 1238 Aimoh
741 1184 977 1247 nomine,
1005 1182 1230 1236 vidisset
1255 1177 1402 1241 etuu,
1435 1177 1739 1247 fratresque
1779 1178 1870 1245 qui
1914 1177 2090 1247 comi-

519 1256 770 1307 tabantur
824 1253 969 1305 illmn
1022 1253 1356 1305 incessanter
1396 1246 1661 1316 psallere,
1695 1261 1759 1300 ac
1810 1246 2090 1313 psallendo

516 1323 621 1375 iter
654 1336 932 1391 peragere,
973 1321 1116 1374 illico
1155 1327 1513 1391 Acompnnctus
1537 1317 1701 1391 corde
1745 1316 1883 1369 dixit
1931 1316 2093 1370 sociis

516 1391 629 1445 suis
652 1386 666 1443 ξ
700 1386 980 1460 Nunquam
1008 1389 1224 1460 memini
1258 1388 1391 1460 tales
1417 1389 1560 1440 viros
1583 1386 1801 1460 vidisse,
1821 1394 2094 1460 _nee_puto

515 1461 709 1514 alicubi
736 1453 853 1514 visi'
879 1460 1142 1523 fuissent;
1172 1457 1511 1511 discedamus
1533 1470 1661 1524 ergo
1691 1455 1759 1508 ab
1786 1454 1886 1507 eis.
1917 1453 2009 1524 Est
2038 1465 2094 1509 et

516 1530 732 1596 quidam
772 1532 1009 1598 armiger
1036 1544 1162 1581 eum
1191 1526 1576 1598 eis,ividelicet
1602 1523 1865 1578 istrenuus
1894 1523 2006 1586 vir,
2037 1533 2092 1577 et

517 1595 637 1651 ideo
666 1599 870 1666 absque
914 1595 1099 1651 nostro
1128 1595 1366 1664 periculo
1404 1610 1508 1647 non
1559 1607 1845 1666 possumus
1890 1607 2088 1666 nocere

517 1667 639 1720 illis.
670 1661 1199 1735 (.‘ui'respondcnt'es
1236 1666 1490 1735 dixerunt
1523 1661 1907 1731 :Armigerum
1936 1661 2084 1715 illum

514 1736 568 1788 in
607 1737 854 1790 acumine
894 1734 1091 1789 lanceae
1118 1742 1314 1788 nostra:
1340 1734 1598 1795 levemus,
1639 1741 1863 1785 caeteros
1907 1741 2087 1784 autem

513 1805 876 1873 exspoliantes
920 1805 1070 1858 abire
1115 1803 1492 1873 dimittamus._
1515 1800 1600 1855 Ad
1640 1801 1766 1873 haec
1795 1802 2092 1873 respondit

516 1869 644 1928 ille}
676 1873 832 1928 Prius
861 1875 914 1927 in
946 1888 1032 1927 me
1073 1887 1223 1926 arma
1254 1870 1574 1934 convertite,
1605 1869 1846 1939 alioquin
1888 1869 1973 1924 me
2015 1869 2093 1923 vi-

514 1954 673 1997 vente
703 1943 833 1996 nihil
860 1944 940 1997 eis
984 1943 1195 1996 habetis
1225 1940 1421 1995 facere.
1452 1939 1649 2008 Sicque
1694 1940 1922 1993 invicem
1967 1946 2093 1993 sunt

515 2012 671 2081 divisi
705 2021 759 2066 et
780 2014 845 2065 ad
876 2012 1087 2081 propria
1118 2012 1337 2066 reversi.
1363 2010 1526 2081 Latro
1554 2010 1740 2081 itaque
1772 2024 1930 2079 quem
1957 2021 2093 2081 prie-3

514 2076 904 2163 diximuspos't
950 2076 1161 2163 pairem
1206 2088 1449 2163 uestrum
1479 2076 1667 2163 abiit,'
1691 2076 2097 2163 etnreatus'hsui

513 2146 890 2218 ptenitentiam
936 2146 1075 2218 égit,
1126 2164 1191 2205 ac
1223 2150 1419 2204 dehinc
1446 2162 1477 2202 a
1519 2147 1785 2218 latrocinii
1826 2146 2093 2218 pravitate

514 2216 769 2275 cessavit.
799 2219 905 2275 Sed
928 2216 1032 2273 non
1058 2219 1126 2273 ab
1156 2233 1215 2273 re
1241 2220 1341 2273 hoc
1366 2232 1649 2273 censemus
1676 2216 1877 2271 factum
1901 2217 2089 2270 fuisse.

520 2286 695 2343 Tanta
743 2290 885 2344 enim
916 2288 1138 2356 spiritus
1166 2288 1254 2342 cui
1283 2287 1586 2342 adhaeserat
1620 2300 1744 2356 eum
1790 2286 2095 2356 repleverat

554 2359 710 2423 ratia,
744 2370 802 2413 ut
830 2354 1273 2427 ejus—jocunditas
1308 2372 1415 2412 non
1444 2356 1615 2411 solum
1654 2354 1918 2427 jocundos
1943 2354 2096 2427 eahi-

534 2425 736 2492 araret,
762 2425 950 2483 verum
970 2425 1145 2481 etiam
1170 2436 1226 2481 et
1250 2435 1472 2482 maestos
1498 2441 1639 2480 verae
1668 2425 2090 2492 lmtitiaaredde-

514 2506 636 2567 ret,
688 2507 746 2551 et
792 2497 1045 2567 perennis
1099 2496 1476 2567 exsultationis
1528 2495 1817 2567 participes
1867 2491 2091 2567 faceret.

512 2565 719 2637 Lingua
745 2562 889 2637 enim
930 2566 1074 2637 ejus,
1131 2575 1189 2619 ut
1218 2565 1498 2637 Scriptura
1526 2565 1704 2637 eanii,
1735 2562 2096 2637 lignutn__vitae

512 2630 769 2706 etili'ngua
800 2630 1077 2706 placabilis
1103 2650 1169 2706 ae
1197 2630 1423 2706 dulcedo
1450 2632 1625 2687 mellis
1651 2630 2094 2706 favusdistillaus

514 2704 657 2759 labia
672 2701 884 2773 'ejus‘et
911 2704 997 2758 lex
1020 2703 1319 2773 prudentiae
1346 2704 1403 2758 in
1429 2702 1771 2757 sermonibus
1797 2701 1960 2755 illius.

514 2813 795 2869 Latronem
841 2816 1060 2883 suscepit
1120 2815 1189 2868 ad
1242 2814 1611 2869 monachatum
1639 2853 1654 2878 ,
1711 2814 1802 2882 qui
1860 2810 2097 2883 religiose

659 2886 850 2950 vivens,
877 2903 909 2938 a
944 2885 1093 2938 beata
1126 2884 1301 2938 Maria
1328 2884 1383 2938 iu
1406 2883 1591 2937 cmlum
1618 2893 1831 2938 vocatus
1856 2892 1952 2936 est.

585 2976 679 3030 20.
718 2974 963 3042 Quodam
995 2990 1232 3044 namque
1274 2974 1361 3030 die
1401 2975 1505 3029 iter
1532 2973 1737 3029 habens
1759 2973 1913 3041 juxta
1960 2988 2100 3044 prae-

514 3037 925 3114 donumwﬁnes,
969 3037 1187 3114 quidam
1233 3045 1370 3099 latro
1403 3044 1616 3114 juvenis
1659 3037 1887 3114 intuens,
1920 3037 2096 3114 vultus
2124 3037 2168 3099 C

515 3114 635 3183 ejus
689 3113 1056 3169 alfabilitatein
1087 3154 1102 3178 ,
1153 3113 1297 3168 illico
1352 3113 1709 3181 compunctus
1760 3113 1937 3183 corde,
1974 3113 2089 3180 ejus

516 3180 829 3254 provolutus
857 3184 1115 3254 vestigiis,
1139 3192 1198 3237 ut
1234 3183 1336 3237 sibi
1354 3180 1715 3254 misereretur
1757 3180 1942 3254 humili
1965 3196 2091 3254 pre-

516 3250 742 3308 cabatur
772 3268 922 3309 voce.
964 3250 1134 3319 Quem
1180 3267 1301 3307 cum
1351 3253 1708 3321 interrogaret
1736 3250 1863 3319 quid
1894 3250 2088 3321 vellet,

520 3322 817 3377 monastica
843 3322 943 3376 sibi
991 3322 1384 3391 deprecabatur
1412 3319 1687 3375 subveniri
1719 3319 2089 3391 miseratione.

518 3391 722 3446 Deinde
747 3389 1099 3460 interrogavit
1127 3406 1254 3445 eum
1291 3399 1442 3458 pater
1475 3400 1677 3449 noster,
1718 3390 1762 3460 si
1789 3389 1990 3460 aliquis
2024 3405 2089 3443 ex

518 3462 708 3530 eadem
745 3457 1001 3530 piarochi'a
1026 3476 1147 3515 eum
1177 3467 1548 3530 cognosceret.
1597 3459 1667 3530 A_t
1700 3457 1789 3530 ille
1825 3476 1837 3510 :
1866 3457 2087 3524 Omnes,

521 3527 716 3598 inquit.
747 3527 913 3603 Vade,
954 3530 1069 3603 ait,
1113 3527 1416 3603 bod_ie_,___et
1465 3528 1703 3583 crastino
1749 3528 1854 3603 αμα
1907 3537 2087 3603 tecum

520 3596 687 3652 unum
715 3613 781 3654 ex
814 3596 1086 3669 prioribus
1132 3599 1242 3669 loci
1280 3598 1423 3669 illius
1455 3613 1580 3669 eum
1622 3596 1835 3651 veneris
1883 3598 1949 3650 ad
1982 3612 2087 3669 me.

521 3669 639 3733 Quo
678 3666 863 3723 audito
909 3669 1060 3733 abiit,
1111 3677 1167 3723 et
1201 3667 1343 3721 sicut
1378 3666 1428 3721 ei
1459 3667 1818 3736 imperaverat
1861 3667 2089 3737 peregit.

519 3737 702 3815 Altera
739 3753 866 3793 vero
909 3739 1014 3815 die
1040 3752 1161 3815 cum
1192 3736 1408 3815 utrique
1445 3745 1570 3790 ante
1612 3750 1733 3815 eum
1776 3737 2047 3815 venissent
2074 3775 2088 3799 ,

519 3806 684 3874 coepit
735 3817 889 3875 pater
939 3807 1054 3862 Otlo
1098 3807 1274 3875 virum
1324 3805 1473 3875 illum
1520 3806 1955 3875 magnatemﬂdei
1981 3807 2089 3858 vita

521 3872 868 3946 moribusque
887 3874 1125 3946 praedicti
1145 3874 1370 3946 latronis
1395 3872 1691 3946 sciscitare:
1710 3875 1777 3926 At
1800 3873 1907 3937 ille,
1928 3872 2090 3946 Juivev

522 3945 621 4014 nisi
642 3946 761 4008 iste,
783 3941 992 4014 'inq'uit,
1024 3953 1205 4014 pater,
1255 3943 1653 4014 insignissimus
1671 3941 1819 4014 intro
1846 3954 1947 3996 est.
1975 3942 2091 4008 Quo

523 4013 707 4067 audito
730 4010 993 4069 discretus
1018 4010 1172 4084 pater
1214 4010 1632 4084 dixit'latroui:
1670 4010 1811 4065 Vade
1850 4022 1905 4066 et
1942 4015 2092 4084 prius

524 4098 702 4137 meres
762 4092 883 4138 tuos
929 4081 1176 4153 corrige,
1239 4090 1309 4153 et,
1350 4081 1688 4153 postmodum
1736 4083 2093 4153 utonasticum

524 4161 717 4221 appete
744 4150 1141 4220 discipulatum.
1181 4152 1253 4206 At
1281 4150 1368 4206 ille
1401 4169 1414 4204 τ
1439 4152 1570 4221 Ego,
1599 4150 1796 4218 inquit,
1822 4152 2092 4219 projectus

523 4236 555 4275 a
585 4231 636 4275 te
668 4222 825 4277 hodie
860 4223 998 4275 vado
1028 4222 1079 4275 in
1119 4222 1497 4290 perditionem,
1534 4235 1768 4273 ammam
1796 4235 1923 4274 vero
1954 4223 2092 4275 Deus

524 4309 555 4343 a
593 4300 645 4344 te
672 4292 929 4359 requiret.
962 4290 1114 4345 Tunc
1155 4290 1524 4344 misericordia
1574 4299 1751 4342 mutus
1791 4290 1910 4357 pius
1940 4299 2092 4358 pater

2198 429 2366 482 vitam
2409 441 2559 481 suam
2588 435 2852 493 peragens
2877 460 2892 484 ,
2933 428 3055 493 pust
3084 434 3311 493 paucam
3358 429 3566 487 tempus
3593 420 3771 493 exsilii

2198 497 2315 564 ejus
2343 496 2467 550 vitae
2495 486 2949 564 suscepit'ﬁuemi
2974 486 3106 541 Nam
3131 503 3252 564 eum
3292 486 3621 564 inextremo
3644 489 3769 564 vita:

2197 556 2487 625 laboraret,
2518 556 2732 617 vocavit
2766 560 2912 628 pium
2942 569 3174 628 patrem,
3200 556 3543 628 singularem
3568 559 3773 626 suppli-

2195 650 2327 690 cans
2355 634 2703 689 loeutionem.
2734 626 2831 683 Cui
2866 642 2990 682 cum
3030 627 3242 680 veniam
3271 626 3500 695 peteret,
3531 626 3771 681 interro-

2194 705 2342 774 gavit
2376 718 2528 774 eum,
2551 702 2599 774 si
2623 702 2675 754 in
2698 699 2879 774 aliquo
2908 697 3197 774 excidisset
3216 706 3338 764 post
3364 695 3766 774 mona‘cbatum.

2192 764 2264 828 Ᾰι
2310 774 2446 827 ille:
2487 771 2639 825 Nudo
2679 764 2892 823 cuidam
2938 773 2990 820 te
3027 766 3396 835 interrogante
3442 780 3562 818 mea
3613 764 3772 833 culpa

2196 845 2430 897 tunicam
2460 850 2700 896 nostram
2750 836 2947 899 tribui,
2978 844 3036 890 et
3060 834 3254 888 funem
3290 834 3414 904 pilis
3456 842 3769 888 contextum

2197 913 2263 966 de
2294 911 2514 966 cellario
2540 907 2756 963 abstuli.
2786 907 2955 973 Quem
2982 905 3511 973 euminterrogasset
3537 904 3669 973 quid
3704 919 3772 958 ex

2192 995 2256 1035 ea
2289 981 2506 1035 fecisset
2537 994 2553 1032 :
2588 971 2958 1039 Refrena'ndo,
3009 973 3216 1042 inquit,
3269 971 3572 1042 ingluviem
3606 988 3770 1041 quam

2194 1051 2394 1104 dudum
2424 1048 2564 1104 male
2585 1047 2851 1108 contraxi,
2880 1054 3124 1098 ventrem
3154 1057 3332 1096 meum
3353 1058 3421 1095 ex
3446 1055 3509 1096 ea
3530 1042 3772 1096 circum-

2195 1118 2377 1190 ligavi.
2406 1119 2613 1190 WSuper
2673 1116 2815 1190 quod
2870 1113 3070 1190 factum
3094 1180 3106 1190 _
3126 1111 3460 1190 stupefactus
3513 1121 3617 1190 est_
3648 1112 3772 1180 pius

2194 1180 2366 1258 pater.
2404 1189 2470 1243 Et
2490 1180 2609 1242 cum
2637 1180 2797 1240 vellet
2821 1199 2942 1239 eam
2969 1182 3038 1236 ab
3059 1180 3177 1249 ejus
3214 1180 3512 1258 visceribus
3539 1180 3773 1244 solvere,

2192 1251 2332 1313 cutis
2373 1272 2490 1326 quae
2518 1258 2564 1311 ei
2598 1257 2897 1326 adrlneserat
2924 1268 3031 1305 una
3079 1268 3202 1306 eum
3251 1251 3405 1326 sanie
3435 1260 3641 1326 secuta
3666 1260 3773 1304 est.

2189 1318 2405 1393 Adiecit
2429 1335 2485 1382 et
2513 1327 2588 1379 ait
2616 1343 2628 1378 :
2663 1324 2771 1378 liae
2792 1332 2969 1393 nocte
2988 1362 3001 1385 ,
3034 1332 3220 1391 pater,
3265 1321 3318 1372 iu
3348 1318 3503 1393 caelis
3532 1318 3777 1393 elevatus

2190 1388 2310 1451 sum
2341 1412 2435 1465 per
2463 1396 2748 1465 visionem.
2775 1388 3225 1465 Obviavit‘autem
3255 1404 3341 1465 me
3369 1388 3777 1465 gloriosissime

2188 1458 2436 1534 persona:
2464 1474 2519 1520 et
2539 1461 3005 1534 excellentissith
3026 1459 3311 1534 potestatis
3341 1458 3555 1534 mulier,
3579 1473 3779 1526 appro-

2228 1537 2568 1609 inquansque
2608 1533 2740 1609 mihi
2768 1532 2860 1609 _ait
2889 1529 3307 1609 :_Cogiiosci§tie
3356 1528 3477 1608 nte?
3512 1528 3583 1609 At
3624 1541 3728 1596 ego
3759 1545 3772 1580 :

2188 1551 2568 1657 ﬁnitimusque
2608 1551 2740 1588 mllll
2783 1551 2902 1584 att:
2946 1551 3307 1609 huguutsusue
3356 1551 3472 1583 utet
3512 1551 3583 1607 tut.
3624 1551 3772 1596 cgu;

2238 1619 2542 1673 equaquam
2569 1643 2582 1663 ,
2638 1600 2877 1673 domina.
2914 1599 2989 1673 _Et
3037 1599 3178 1673 tlla‘;
3210 1594 3364 1673 Ege,
3408 1597 3583 1673 inquii
3608 1612 3776 1673 ,_sum

2198 1665 2372 1729 mater
2398 1665 2804 1728 misericordiae.
2832 1669 2928 1724 Cui
2950 1683 3049 1738 ego
3082 1686 3095 1721 :
3126 1665 3272 1738 Quid
3287 1665 3447 1738 jubes
3473 1676 3531 1718 ut
3554 1665 3775 1738 fecimu,

2196 1744 2413 1798 domina
2434 1744 2457 1796 't
2478 1742 2545 1796 At
2576 1741 2663 1795 illa
2689 1756 2704 1793 :
2729 1739 2863 1810 Pos_t
2881 1734 3116 1810 triduum
3144 1736 3338 1810 venies
3360 1737 3466 1790 huc
3496 1734 3588 1788 tali
3617 1735 3772 1810 hera.

2191 1812 2345 1879 Quod
2374 1823 2428 1865 et
2457 1811 2659 1865 factum
2689 1804 2801 1879 est.
2823 1807 3006 1879 Tertio
3032 1821 3163 1861 vero
3194 1806 3295 1879 _die
3326 1807 3457 1879 hora
3489 1818 3595 1873 qua
3620 1804 3776 1857 dixe-

2191 1874 2279 1936 rat
2300 1880 2584 1935 defunctus
2610 1890 2712 1934 est.
2744 1878 2859 1944 Qua
2884 1878 2950 1931 de
2977 1892 3033 1930 re
3061 1874 3235 1945 patuit
3264 1874 3547 1945 perspicue
3584 1887 3776 1945 verum

2190 1951 2335 2021 quod
2359 1951 2535 2021 vidit._
2551 1950 2676 2021 quia
2714 1942 2848 2001 hora
2871 1961 2977 2015 qua
3001 1942 3328 2013 praedixerat
3353 1942 3555 2021 abuhoc
3576 1942 3775 2021 saeculo

2192 2013 2477 2089 migravit.
2494 2013 2709 2073 Et'inde
2738 2013 3575 2089 paternosterconsuetudinem
3602 2013 3777 2066 tenuit

2192 2082 2405 2146 beatam
2435 2088 2658 2143 Mariam
2688 2082 2918 2141 matrem
2950 2082 3333 2138 misericordiae
3362 2082 3473 2153 (50)
3502 2097 3719 2135 vocare.

2190 2198 2415 2254 Joannis
2443 2198 2623 2251 missio
2663 2194 2963 2263 Neapolim.
3003 2192 3204 2263 Odonis
3234 2191 3478 2246 revelatio
3509 2195 3574 2246 de
3610 2208 3777 2263 agone

2733 2262 2959 2317 duorum
2993 2262 3240 2332 fratrum.

2261 2357 2354 2412 2|.
2387 2356 2490 2411 Per
2532 2354 2673 2408 idem
2723 2360 2936 2421 tempus
2977 2359 3201 2422 cogente
3220 2350 3561 2422 pecessitate
3601 2350 3778 2405 nostri

2193 2426 2511 2483 monasterii
2534 2424 2733 2479 missus
2752 2420 2869 2477 sum
2894 2420 3191 2492 Neapolim.
3219 2420 3527 2492 Prmparata
3560 2423 3777 2492 tandem

2194 2511 2422 2567 quaeque
2453 2494 2765 2567 necessitas
2784 2490 3142 2562 exposcebat,
3171 2491 3429 2567 competit
3471 2490 3599 2567 mihi
3630 2491 3779 2543 navi-

2193 2558 2282 2636 gio
2310 2558 2535 2636 Romam
2571 2563 2810 2618 reverti:
2849 2558 2905 2616 et
2945 2576 3068 2615 cum
3092 2558 3474 2636 applicuissem
3510 2558 3780 2636 Portuen-

2195 2628 2309 2691 sem
2336 2634 2611 2689 civitatem
2632 2673 2649 2698 ,
2687 2640 3018 2700 exceperunt
3059 2628 3143 2700 me
3163 2628 3283 2684 'viri
3308 2628 3547 2700 nobiles,
3578 2630 3669 2696 qui
3726 2637 3781 2682 et

2196 2704 2297 2768 ipsi
2324 2720 2354 2757 a
2383 2702 2555 2757 Roma
2602 2698 2862 2756 venerant
2908 2709 3032 2754 ante
3071 2698 3246 2768 ipsum
3285 2699 3447 2754 diem.
3477 2698 3624 2764 Quos
3649 2713 3778 2768 cum

2234 2790 2263 2828 e
2290 2784 2443 2843 patre
2474 2780 2668 2843 nostro
2681 2770 3063 2843 sciscitasseui,
3088 2766 3242 2838 quasi
3268 2768 3333 2822 de
3354 2782 3497 2843 novo
3517 2766 3779 2836 quodam-

2198 2838 2357 2898 modo
2399 2838 2732 2911 gratulantes
2768 2838 2988 2911 amico,
3029 2839 3169 2891 inter
3216 2848 3411 2892 caetera
3452 2838 3584 2911 ejus_
3611 2851 3781 2911 opera

2198 2912 2324 2975 ista,
2358 2905 2444 2966 me
2482 2912 2723 2974 absente,
2765 2909 2857 2963 illo
2894 2917 3135 2976 tempore
3167 2914 3526 2962 narraverunt
3559 2905 3775 2961 fecisse.

2199 2980 2481 3036 Przeterito
2509 2981 2612 3034 isto
2656 2992 2842 3033 mense
2886 2977 3151 3048 Augusto,
3179 2976 3294 3045 ipsa
3321 2976 3782 3048 die_As_sumptio-

2200 3052 2285 3105 nis
2307 3051 2479 3104 beata:
2508 3049 2713 3113 Μανία),
2737 3049 2787 3101 in
2809 3045 3112 3101 Adventino
3139 3046 3470 3099 monasterio
3495 3045 3595 3098 fuit
3625 3055 3782 3113 pater

2192 3130 2395 3174 noster.
2426 3120 2667 3188 Rogatus
2683 3126 2768 3172 est
2792 3125 2972 3170 autem
2996 3130 3025 3169 a
3055 3117 3255 3188 domno
3272 3114 3534 3188 Balduiuo
3559 3116 3778 3188 abbate,

2190 3198 2252 3243 ul.
2282 3190 2395 3258 ipsa
2440 3183 2535 3241 die
2574 3188 2643 3242 ob
2690 3188 2929 3258 amorem
2967 3192 3169 3240 sancte
3214 3183 3392 3238 Maria:
3434 3183 3507 3237 ibi
3556 3184 3779 3258 missum

2191 3252 2505 3319 celebraret,
2535 3265 2591 3312 et
2617 3258 2730 3310 suis
2772 3255 3018 3309 manibus
3047 3268 3272 3322 corpore
3301 3262 3356 3307 et
3382 3255 3648 3321 sanguine
3676 3252 3781 3305 Do-

2192 3327 2322 3383 mini
2360 3342 2454 3381 eos
2481 3324 2924 3380 communicaret.
2950 3328 3020 3377 At
3060 3323 3149 3377 ille
3191 3324 3296 3377 hoc
3340 3339 3399 3377 se
3440 3322 3623 3377 facere
3669 3337 3778 3375 non

2192 3412 2348 3466 posse
2377 3395 2653 3465 respondit
2676 3413 2693 3466 ε
2719 3395 2813 3466 sed
2832 3393 2943 3466 illis
2961 3391 3623 3466 persistentibustandem
3648 3406 3782 3446 (ξοην

2191 3461 2361 3520 sensit
2405 3461 2624 3519 invitus.
2678 3465 2880 3518 Deinde
2919 3461 3202 3517 ecclesiam
3251 3470 3334 3516 est
3389 3461 3688 3523 ingressus,
3725 3468 3782 3514 et

2192 3551 2312 3590 cum
2362 3535 2555 3589 fuisset
2618 3534 2892 3601 paulisper
2932 3541 3184 3595 oratum,
3224 3529 3501 3601 cmpiitide
3546 3531 3780 3601 ecclesia

2191 3605 2393 3675 egredi.
2441 3599 2854 3675 Namvoleutes
2887 3617 3029 3675 eumA
3057 3599 3325 3666 retinere,
3353 3599 3631 3675 Obsecro,
3678 3599 3778 3662 ait,

2192 3669 2353 3728 sinite
2385 3688 2471 3727 me
2516 3672 2686 3736 abire,
2718 3672 2845 3742 quia
2869 3672 2975 3725 duo
3006 3670 3205 3742 fratres
3244 3670 3412 3742 nostri
3434 3669 3603 3742 positi
3624 3677 3781 3742 _sunt

2193 3743 2245 3797 in
2269 3753 2515 3799 extremo
2542 3743 2695 3805 vitae,
2721 3738 2777 3797 ἐι
2820 3756 3039 3796 necesse
3068 3740 3244 3795 habeo
3280 3739 3534 3793 velociter
3569 3738 3637 3792 ad
3683 3753 3781 3792 eos

2192 3813 2273 3867 ire
2308 3827 2376 3867 ne
2415 3822 2611 3866 exeant
2667 3826 2753 3864 me
2798 3812 3038 3867 absente.
3094 3810 3294 3863 Deinde
3343 3807 3577 3875 adjecit:
3637 3807 3782 3861 Ecce

2192 3891 2320 3952 ante
2360 3883 2582 3952 januam
2632 3880 2946 3952 monasterii
3001 3880 3153 3933 adest
3208 3878 3305 3952 qui
3358 3876 3631 3952 compcliii
3675 3877 3777 3930 ire.

2192 3945 2432 4006 Necdum
2477 3951 2641 4005 verba
2687 3950 3074 4018 compleverat,
3127 3957 3184 4002 et
3228 3945 3435 4001 'missus
3482 3945 3675 4018 adfuit,
3722 3953 3783 3998 ut

2191 4021 2552 4090 praedixerat,
2598 4028 2653 4073 et
2695 4014 2829 4090 cuni
2864 4019 3098 4090 venisset
3128 4018 3205 4090 ad
3244 4024 3489 4090 sanetum
3529 4014 3777 4090 Paulum,

2197 4083 2323 4158 inox
2362 4090 2517 4153 abiit,
2538 4083 2600 4143 et
2623 4103 2723 4158 pro
2758 4087 2927 4142 fratre
2961 4086 3253 4158 Benedicto
3294 4086 3515 4158 missam
3545 4083 3663 4158 (ὃς)
3689 4098 3783 4158 ce-

2193 4157 2445 4222 lebravit,
2495 4151 2651 4225 eique
2689 4172 2886 4226 corpus
2924 4164 2980 4210 et
3020 4153 3577 4226 sanguinemiDomiui
3607 4151 3780 4226 Viati-

2195 4242 2316 4282 cum
2363 4222 2580 4293 tribuit,
2605 4236 2657 4280 et
2705 4222 2802 4280 sic'
2827 4222 3569 4295 przedietus'fraterDomiuo
3612 4222 3778 4295 spiri-

2195 4303 2308 4350 tum
2338 4291 2591 4353 reddidit.
2619 4296 2772 4349 Alter
2802 4291 2932 4349 vero
2958 4293 3292 4349 Gislcbertus
3322 4292 3423 4346 fuit
3447 4292 3643 4349 dictus.
3679 4291 3781 4344 mi-

525 4358 778 4436 Ρνθεεθρῖι
806 4361 876 4425 εἰ,
905 4368 964 4413 ut
990 4368 1205 4436 ειιζτυριο
1229 4360 1437 4436 ﬁli-nem
1458 4358 1525 4411 ³ιά
1555 4359 1938 4436 ιιιοξξειειθνῖιιιει
1968 4374 2089 4412 eum
2125 4370 2172 4430 ι)
2198 4365 2362 4436 hique
2383 4367 2760 4429 consobrinus,
2785 4366 2876 4432 qui
2905 4373 3107 4436 uctavo
3132 4364 3219 4417 die
3240 4370 3325 4417 est
3344 4372 3583 4416 secutus.
3622 4359 3779 4414 Nunc

523 4425 890 4497 praecederet;
923 4430 1065 4497 quod
1116 4425 1170 4482 et
1225 4426 1582 4497 factum‘est.
1639 4425 1866 4481 Peracto
1909 4428 2091 4496 itaque

525 4493 704 4565 aliquo
743 4493 981 4567 tempore
1023 4497 1122 4552 sub
1158 4496 1387 4565 regulari
1430 4493 1630 4567 degens
1659 4493 2090 4567 esamiuatione,

526 4564 742 4620 tandem
775 4564 998 4621 ell‘cctus
1026 4564 1349 4629 monachus;
1387 4564 1665 4620 cellerario
1698 4564 1849 4619 fratri
1874 4582 1994 4621 eum
2025 4567 2093 4620 ad

526 4636 880 4689 obedieudum
910 4636 1277 4690 subdiderunt.
1320 4636 1528 4688 Etenim
1559 4649 1680 4689 cum
1727 4635 1891 4690 idiota
1922 4646 2089 4700 esset,

526 4715 817 4774 utrumque
836 4707 884 4759 ei
911 4707 1298 4774 imposuerunt,
1319 4705 1523 4759 scilicet
1545 4705 1863 4759 obedientia:
1878 4705 2088 4774 jugum,

529 4784 583 4828 et
612 4778 845 4829 studium
878 4775 1173 4828 litterarqu
1202 4790 1217 4838 ;
1266 4776 1409 4842 quod
1445 4775 1635 4828 devote
1666 4775 1740 4826 ita
1781 4776 2087 4845 peragebat,

531 4855 591 4898 ut
616 4858 773 4898 uuam
822 4860 1039 4915 manum
1064 4844 1383 4915 obedientia:
1414 4845 1751 4915 porrigeret,
1774 4844 1941 4897 altera
1965 4859 2093 4898 vero

530 4917 846 5034 psalterium
879 4914 1064 4976 ferret,
1110 4912 1457 4967 lsraeliticum
1490 4912 1637 4966 illum
1663 4913 1882 4967 imitans
1924 4929 2094 4983 popu-

553 5000 661 5034 um.
687 4985 776 5034 aui
824 4998 947 5034 cum
982 4980 1278 5034 Jerusalem
1329 4982 1715 5034 reredilicaret.
1767 4997 1874 5034 una
1930 4996 2092 5034 manu

553 5000 661 5053 um,
687 4985 776 5053 qui
824 4998 947 5053 cum
982 4980 1278 5035 Jerusalem
1329 4982 1675 5053 resedilicaret
1701 5022 1715 5047 ,
1767 4997 1874 5036 una
1902 4980 2092 5053 iiuanu

531 5051 764 5119 gladium
786 5052 1029 5122 {tenebat
1058 5066 1180 5105 cum
1229 5065 1336 5119 quo
1365 5051 1548 5105 hostes
1576 5052 1820 5120 pelleret,
1864 5051 2091 5105 alterum

604 5162 715 5230 (50)
754 5162 888 5217 Ilinc
929 5163 1109 5217 forsan
1138 5176 1266 5215 usus
1292 5160 1524 5230 vulgaris
1544 5160 1822 5224 orationis,
1848 5175 1968 5228 qua:
2017 5161 2096 5230 in:

532 5232 665 5299 cipit
689 5229 755 5285 ab
786 5233 869 5286 his
886 5233 1082 5287 verbis.
1114 5230 1321 5286 Usitata
1340 5230 1454 5284 haec
1469 5246 1568 5285 vox
1597 5232 1650 5284 in
1672 5231 1806 5284 actis
1834 5232 1891 5282 ὃ.
1919 5229 2096 5283 Maioli

537 5301 763 5340 nhlmlte.

2200 4433 2474 4506 ad'prisca
2496 4436 2650 4505 quasi
2684 4435 2737 4488 in
2766 4434 2971 4490 circulo
2998 4433 3169 4506 posita
3209 4440 3545 4485 revertamur
3567 4440 3776 4506 tempo-

2199 4520 2282 4572 ra,
2302 4499 2360 4561 et
2379 4499 2768 4575 aliquantulum
2795 4519 2888 4574 per
2912 4499 3113 4572 majora
3135 4516 3418 4556 curramus
3438 4499 3702 4569 exctnpla.

2198 4616 2377 4672 Roma:
2409 4616 2581 4684 Vitam
2607 4616 2668 4671 S.
2705 4615 2924 4669 Martini
2958 4615 3170 4684 corrigit
3194 4625 3243 4667 et
3266 4612 3510 4683 glossulis
3526 4613 3773 4682 explicat.

2545 4682 2723 4738 Codex
2760 4685 2827 4737 ad
2855 4684 3083 4753 pluviam
3102 4682 3417 4737 inviolatus.

2266 4774 2355 4829 22.
2399 4777 2533 4829 Ante
2575 4774 2678 4828 hoc
2714 4773 3001 4827 triennium
3033 4772 3158 4826 dum
3197 4787 3441 4827 essemus
3480 4773 3620 4841 apud
3648 4774 3775 4841 bea—

2201 4854 2312 4899 tmn
2352 4843 2573 4898 Paulum
2604 4843 2804 4905 lititme,
2842 4842 3185 4912 rogaviteum
3208 4844 3437 4912 domnus
3478 4839 3617 4912 abba
3647 4839 3774 4912 B._tl-_

2198 4914 2411 4977 duinus,
2441 4924 2500 4966 ut
2547 4912 2742 4967 librum
2794 4908 2952 4980 quem
2977 4913 3043 4967 de
3067 4912 3182 4980 vita
3213 4911 3512 4965 beatissimi
3557 4908 3773 4964 Martini

2197 4983 2436 5052 episcopi
2467 4996 2616 5036 more
2642 4981 2837 5050 dialogi
2862 4980 3047 5052 Gallus
3072 4979 3536 5052 etPostumianus
3557 4993 3775 5052 compo-

2199 5048 2447 5117 suerunt,
2476 5052 2524 5107 ei
2551 5048 2867 5122 corrigeret,
2908 5063 2961 5106 et
2982 5049 3203 5121 glosulis
3237 5048 3557 5103 elueidaret.
3607 5048 3773 5118 Cujus

2203 5162 2344 5215 exitu
2373 5161 2708 5230 psallentibus
2730 5160 2938 5230 quidam
2955 5160 3019 5213 de
3036 5159 3391 5213 sacerdotibus
3416 5160 3629 5213 missam
3654 5174 3775 5212 con—

2204 5232 2338 5283 citus
2367 5231 2662 5293 celebravit,
2703 5239 2856 5298 atque
2878 5238 3267 5298 sacrosanctum
3299 5230 3602 5298 mysterium
3641 5239 3775 5280 atm-

2204 5298 2284 5340 lit-
2313 5298 2443 5340 Cum
2478 5316 2595 5340 nam
2632 5296 2845 5340 nm'rthm
2876 5298 3099 5340 dirnrpnt
3124 5297 3264 5340 nund
3293 5296 3398 5340 inm
3434 5296 3733 5340 decessisset
3753 5310 3772 5340 .'
