4004 5340
442 369 523 434 79
941 355 946 360 ’
981 357 987 362 ’
1459 382 1464 392 ·
1661 369 1722 428 s.
1763 367 1902 427 ooo
1937 365 2160 426 ABBAS
2191 361 2711 425 CLUNIACENSIS.
3655 373 3729 436 εο

444 482 849 559 lpse_idemque
893 473 1034 559 ignis
1065 467 1340 559 quotquot
1383 481 1760 559 deChaldreis
1797 484 2026 559 reperit,
2055 487 2107 547 Α
2132 483 2508 559 mente_veteri
2538 498 2675 538 nova
2699 480 2971 559 meditari,
3000 477 3099 538 hos
3137 497 3273 559 qu_os
3304 483 3375 559 ibi
3417 487 3725 559 reperimus

447 553 826 614 etnnbussitet
851 553 1071 611 occidit.
1111 553 1279 624 Igitur
1306 563 1359 610 et
1383 553 1739 610 Nahuzardan
1773 553 2028 625 princeps

447 642 747 700 coquorutu
778 625 1275 700 destruititumuros
1305 625 1638 700 _Jerusalcm.
1688 625 1830 697 Ergo
1858 627 2032 700 neuti-

447 695 574 755 nem
602 705 816 755 moveat
840 697 982 766 quod
1009 695 1154 750 Elias
1191 696 1350 751 famis
1387 706 1627 766 tempore
1674 695 1840 752 carne
1866 697 2031 753 alitus

449 778 536 825 est
562 783 719 824 mane
747 776 803 838 et
831 781 1073 838 vespere,
1125 767 1220 822 sed
1250 768 1342 834 qui
1386 767 1611 837 requirit
1644 767 1823 823 cibum
1855 769 2032 824 consi-

447 840 602 895 deret
627 835 954 898 ministrum.
996 835 1330 908 Stepergeuim
1385 835 1658 892 daemones
1698 839 1890 893 horum
1932 839 2034 894 ali-

446 919 600 964 tuum
631 909 858 964 litzuram
906 906 1109 964 tenent.
1160 906 1308 963 Talis
1343 908 1486 963 enim
1546 908 1700 964 cibus
1745 925 2031 964 corvorum

445 987 604 1050 aptus
653 978 754 1033 fuit
800 978 1100 1051 ministerio
1136 980 1358 1051 et_ejus
1402 979 1660 1051 saturitas
1712 995 1936 1050 veSpere
1977 987 2033 1035 et

445 1048 611 1132 mane
649 1048 849 1132 meruit
891 1048 1149 1132 esuriem.
1196 1048 1428 1132 At'vero
1473 1050 1688 1132 quando
1716 1048 1912 1132 panem
1937 1065 2030 1105 co-

443 1120 633 1190 medit,
689 1119 939 1190 angelum
992 1119 1284 1175 delatorem
1341 1119 1553 1184 habuit,
1607 1129 1663 1174 et
1717 1119 1768 1174 in
1823 1131 2032 1175 tantum

443 1189 787 1262 confortatus
799 1199 912 1262 est,
941 1198 1000 1244 ut
1020 1205 1122 1262 per
1143 1189 1494 1262 quadraginta
1522 1191 1636 1246 dies
1665 1191 1766 1246 cibi
1790 1190 2034 1262 refectio-

443 1276 516 1317 ne
542 1276 648 1315 non
701 1259 987 1330 indigeret.
1019 1259 1376 1316 Haec'omnia'
1407 1262 1660 1324 diximus,
1711 1271 1770 1315 ut
1820 1261 2032 1330 plenius

443 1332 858 1402 ostenderemus
886 1346 992 1385 non
1019 1347 1140 1387 esse
1168 1332 1220 1386 in
1254 1333 1376 1387 cibo
1403 1333 1612 1402 vitium,
1657 1332 1748 1386 scd
1782 1333 1833 1387 in
1862 1348 2030 1402 appe-

443 1402 568 1457 titu.
602 1400 807 1457 Horum
831 1411 1008 1457 tamen
1034 1402 1284 1457 interitus
1306 1401 1596 1458 multorum
1624 1403 1829 1458 exstitit
1849 1400 2034 1457 emen-

445 1471 854 1543 datiogmorum.
887 1472 978 1528 Sic
1000 1473 1146 1527 enim
1174 1473 1323 1543 apud,
1349 1489 1447 1528 nos
1477 1473 1612 1543 ordo
1640 1475 2032 1530 monachorum

444 1541 676 1613 cecidit;
707 1541 894 1612 sicque
915 1551 969 1597 et
995 1541 1275 1599 correctus
1303 1542 1404 1597 fuit
1431 1553 1485 1598 et
1513 1541 1824 1613 frequenter
1852 1543 2033 1598 multis

442 1611 705 1684 prodigiis
725 1611 1114 1684 corrigitur,lut
1143 1622 1364 1668 auctore
1381 1613 1490 1668 Deo
1521 1611 1849 1684 perseveret.
1875 1635 1893 1667 ι
1925 1614 2032 1669 Sed

444 1685 575 1738 dum
626 1683 792 1755 vitam
825 1723 840 1748 ,
884 1683 1299 1755 doctrinamque
1351 1683 1534 1754 patris
1589 1685 1757 1739 nostri
1822 1685 2033 1755 plenius

446 1753 1112 1825 enarraregdisposuimus,
1139 1753 1292 1825 quasi
1317 1753 1603 1824 improvidi
1631 1753 2031 1825 quodammodo

2134 554 2446 624 monachos,
2504 570 2610 609 non
2639 554 2928 624 quibamus
2987 567 3080 607 eos
3134 555 3455 613 subtrahere
3481 554 3571 615 'ab
3623 577 3728 618 esu

2133 625 2334 681 carnis.
2366 623 2861 680 Ordinavit'autem
2906 633 3065 693 pater
3092 634 3279 680 noster
3310 627 3365 681 in
3397 629 3588 686 eodem
3612 646 3730 688 cm-

2133 695 2693 766 nobiogprrcpositum
2742 711 2908 766 unum
2955 711 3022 750 ex
3059 697 3256 752 nostris
3307 697 3585 766 fratribus,
3633 719 3729 760 no-

2134 767 2280 822 mine
2302 764 2703 838 Theodardum.
2722 765 3127 838 Vidensautem
3152 766 3240 822 ille
3251 782 3318 822 eo
3337 769 3479 838 quod
3502 764 3723 838 virtute,

2133 852 2234 892 nec
2261 837 2650 908 sanctitateab
2673 836 2863 908 eodem
2886 837 3018 908 vitio
3067 851 3162 908 eos
3212 836 3396 908 posset
3445 836 3726 908 cohibere,

2134 907 2300 976 coepit
2328 923 2390 962 ex
2441 907 2686 962 finitimis
2731 906 3040 977 regionibus
3073 906 3248 977 pisces
3277 923 3484 976 emere,
3546 921 3606 966 ut
3639 906 3727 970 vel

2132 978 2213 1055 sic
2243 977 2502 1055 voluntati
2549 991 2738 1055 eorum
2763 977 3118 1055 satisfaceret.
3161 978 3275 1046 Qua
3306 981 3504 1055 etenim
3547 998 3606 1037 rc
3631 1001 3728 1055 pe-

2132 1048 2279 1102 nitus
2303 1049 2427 1118 equi
2449 1063 2586 1118 quos
2613 1047 2661 1103 ei
2688 1047 2969 1102 dimiserat
3009 1056 3162 1118 pater
3194 1060 3378 1105 noster
3407 1047 3728 1110 defecerant

2133 1119 2240 1194 huc
2272 1119 2507 1189 illucque
2528 1118 2918 1194 discurrentes.
2950 1119 3102 1174 Hanc
3140 1120 3284 1194 enim
3307 1136 3495 1194 eorum
3521 1124 3728 1194 impro-

2132 1187 2695 1265 bitatem,_-'s_ut_tmque
2732 1188 2979 1265 laborem
3017 1190 3305 1265 praedictus
3357 1191 3528 1265 frater
3580 1187 3728 1265 patri

2134 1268 2322 1314 nostro
2351 1258 2843 1327 crebr-iusstuduit,
2872 1260 3234 1316 innotescere.
3283 1261 3429 1316 Inter
3459 1258 3665 1322 haec—co
3697 1281 3729 1320 a

2139 1330 2360 1386 domino
2385 1339 2618 1404 petente.
2637 1330 2794 1384 vallis
2820 1330 2931 1401 ipsa
2955 1331 3039 1404 cui
3069 1332 3456 1404 monasterium
3481 1337 3728 1404 praeemi-
3800 1363 3802 1366 -

2134 1409 2225 1454 net
2255 1411 2417 1472 atque
2442 1400 2746 1467 interiacet,
2774 1400 2878 1472 non
2913 1400 3135 1472 multum
3183 1401 3369 1471 procul
3415 1400 3619 1470 junctis
3645 1407 3730 1460 in-

2137 1472 2312 1526 vicem
2333 1471 2645 1527 tnonticulis
2673 1486 2733 1526 se
2775 1471 2990 1542 clausit,
3021 1481 3076 1526 et
3122 1473 3432 1542 parvissimi
3466 1477 3728 1532 torrentis

2136 1543 2226 1610 qui
2253 1558 2350 1612 per
2397 1558 2515 1597 eam
2563 1542 2848 1606 defluebat,
2899 1541 3102 1596 aditum
3169 1543 3470 1602 interdixit.
3522 1545 3729 1602 Dehinc

2135 1613 2479 1684 multitudine
2510 1612 3043 1684 aquarumcollecta,
3071 1612 3245 1667 lacum
3270 1630 3336 1669 ex
3361 1629 3419 1668 se
3449 1616 3725 1684 produxit,

2135 1691 2190 1753 et
2243 1683 2481 1738 laborem
2542 1683 2693 1738 fratri
2744 1683 2983 1753 abstulit,
3044 1684 3171 1753 quia
3234 1685 3411 1752 pisces
3435 1683 3507 1740 illi
3540 1700 3728 1742 emere

2135 1751 2276 1806 ultra
2304 1769 2525 1809 necesse
2553 1771 2658 1809 non
2688 1753 2808 1806 fuit.
2843 1752 2948 1808 Sed
2973 1751 3075 1806 hoc
3111 1751 3312 1808 factum
3337 1754 3488 1821 cujus
3531 1755 3726 1813 fuisset

445 1821 692 1904 nolentes
719 1821 772 1876 in
811 1824 1001 1904 horum
1032 1821 1320 1904 incidimus
1367 1821 1700 1904 excessibus,
1751 1834 1806 1880 et
1826 1825 1901 1904 _ob
1930 1827 2033 1904 hoc
2060 1844 2107 1904 Β
2137 1823 2590 1904 nieriti,_quida_m
2618 1823 2852 1904 imperiti
2899 1823 3224 1904 nescierunt
3253 1840 3318 1879 eo
3344 1827 3485 1894 quod
3511 1827 3728 1904 publice

446 1906 480 1947 a
505 1901 693 1969 nostro
722 1894 1000 1969 proposito
1054 1895 1211 1964 longe
1239 1895 1470 1969 digressi
1522 1912 1740 1964 sumus,
1773 1895 1840 1951 ad
1889 1895 2033 1966 quod

446 1962 705 2020 velociter
727 1962 932 2036 stylum
955 1962 1255 2021 vertamus;

738 2055 875 2112 Item
901 2056 1032 2112 ultio
1055 2057 1120 2113 de
1145 2057 1252 2114 alio
1276 2063 1363 2114 cui
1391 2076 1521 2114 vena
1549 2069 1706 2114 secta.

515 2151 571 2208 5.
611 2151 795 2207 Fateri
830 2160 1010 2207 autem
1060 2151 1238 2208 solent
1279 2152 1476 2207 fratres
1527 2152 1718 2218 nostri,
1766 2153 1856 2218 qui
1910 2160 2036 2206 ante

443 2237 548 2279 nos
570 2222 861 2293 astiterunt
887 2221 982 2286 illi,
1011 2224 1155 2292 quod
1199 2222 1300 2278 fuit
1338 2239 1477 2278 unus
1521 2224 1740 2293 quidam
1772 2221 1942 2276 frater
1967 2239 2034 2278 ex

442 2291 618 2364 patris
665 2293 864 2364 nostri“
900 2291 1364 2364 congregatione,
1431 2291 1746 2364 qui—licito
1795 2303 2036 2362 tempore

467 2363 782 2420 thlebotomi
810 2362 911 2419 sibi
951 2362 1287 2419 curati—ouem
1335 2362 1689 2420 adhibuisset.
1725 2363 1900 2432 Super
1928 2379 2036 2432 quo

469 2435 592 2490 ’acto
618 2444 923 2506 commotus
943 2443 1027 2488 est
1055 2433 1172 2502 ejus
1213 2435 1448 2500 animus,
1489 2435 1613 2506 quia
1643 2434 1890 2506 quamvis
1911 2449 2033 2506 eum

430 2505 1062 2575 ,necessitasrcoegisset,
1106 2515 1288 2575 tamen
1312 2504 1522 2573 absque
1545 2505 1662 2574 ejus
1688 2505 1903 2558 licentia
1933 2504 2036 2575 hoc

445 2590 558 2630 non
609 2574 796 2646 debuit
846 2573 1192 2646 prtesumere.
1244 2574 1366 2630 Mox
1396 2591 1525 2630 vero
1557 2573 1651 2644 per
1679 2590 1840 2644 quam
1885 2573 2036 2642 prius

448 2645 674 2716 sanguis
701 2644 1003 2711 ellltuterat,
1056 2647 1297 2714 disrupta
1325 2653 1409 2700 est
1453 2661 1610 2716 vena,
1654 2653 1708 2716 et
1755 2659 2036 2716 quousque

444 2713 698 2771 redderet
723 2716 982 2780 animam,
1013 2731 1043 2768 a
1065 2713 1388 2785 quocunque
1417 2715 1769 2770 medicamine
1799 2729 1904 2768 non
1933 2713 2034 2768 fuit

444 2786 718 2841 restricta.
758 2785 1046 2840 Addebant
1099 2787 1337 2854 insuper,
1399 2786 1541 2854 quod
1592 2786 1704 2838 sive
1752 2799 2029 2854 prospera,

445 2871 545 2912 seu
578 2857 802 2910 adversa
834 2854 1054 2910 cuilibet
1085 2856 1388 2920 indixisset,
1438 2855 1743 2910 nullatenus
1790 2855 1893 2909 illis
1941 2869 2034 2909 ca-

444 2939 572 2995 rere
597 2926 894 2995 potuisset;
925 2926 1068 2994 quod
1097 2926 1304 2995 utinam
1330 2925 1547 2995 quidam
1576 2941 1642 2980 ex
1667 2926 1864 2980 nostris
1895 2925 1958 2995 in_
1973 2940 2032 2979 se

445 2994 569 3066 ipso
600 2993 864 3064 expertus
889 2993 997 3049 nun
1032 2995 1242 3051 fuisset.
1286 2993 1393 3050 Sed
1432 2995 1619 3050 felices
1668 2995 1763 3059 illi,
1796 2995 1884 3064 qui
1916 2993 2032 3062 ejus

443 3067 794 3137 praesentiam
821 3081 1045 3122 cernere
1081 3075 1400 3122 meruerunt
1447 3066 1622 3135 quoad
1646 3066 1808 3137 vixit.
1841 3066 2030 3137 Infelix

445 3135 570 3262 ego],
606 3135 701 3219 qui
731 3151 831 3192 nec
878 3137 1087 3192 duobus
1134 3137 1364 3208 expletis
1415 3136 1572 3192 annis
1624 3135 1698 3191 illi
1738 3137 1908 3191 merui
1943 3136 2030 3190 fa-

447 3221 541 3262 niu
566 3221 666 3262 ari.

447 3221 630 3262 niutar
631 3223 666 3262 1.

737 3275 936 3334 Odonis
953 3279 1110 3333 timor
1131 3278 1195 3333 de
1216 3277 1380 3348 culpis
1407 3279 1461 3333 in
1492 3277 1751 3333 abbatem.

523 3369 578 3452 ii.
597 3369 1092 3452 _Appropii_iquante
1115 3383 1294 3430 autem
1318 3385 1578 3452 _tempore
1607 3390 1714 3444 quo
1740 3372 2035 3452 secundum

450 3440 549 3495 Dei
565 3440 1035 3515 dispensationem
1083 3444 1350 3515 corporali
1391 3440 1769 3515 separaremur
1807 3444 2036 3515 visione,

450 3520 508 3566 et
532 3511 649 3580 ejus
665 3511 1095 3586 ’absentia,_qua:
1122 3511 1236 3572 fieri
1276 3511 1524 3580 debebat,
1573 3517 1834 3586 potiorem
1873 3514 2038 3568 menti

449 3596 589 3638 mea:
640 3582 856 3656 amoris
894 3582 1120 3641 inferret
1150 3586 1345 3656 ignem,
1372 3582 1602 3655 quadam
1647 3587 1734 3640 die
1778 3584 1903 3638 dum
1942 3599 2041 3656 me

453 3661 706 3707 cerneret
728 3653 954 3727 nimium
983 3653 1214 3721 tristem,
1246 3653 1415 3727 cthit
1438 3674 1524 3712 me
1546 3656 1740 3727 blande
1770 3654 2042 3708 consolari

450 3737 552 3778 suo
582 3738 752 3778 more.
787 3723 892 3779 Sed
920 3741 1042 3780 cum
1068 3728 1278 3783 videret
1318 3723 1528 3782 miserae
1576 3726 1738 3780 menti
1785 3739 1914 3778 meae
1943 3740 2044 3779 nec

451 3792 874 3867 sicsatisfacere
910 3812 1260 3866 posse,more
1293 3796 1460 3852 Jacob
1491 3797 1815 3867 patriarcha:
1847 3812 1875 3849 a
1907 3809 2042 3867 prae-

418 3890 420 3892 τ
455 3863 634 3936 teritis
659 3863 939 3936 exordium
980 3884 1220 3932 sumens,
1253 3868 1428 3921 futura
1457 3863 1587 3922 niihi
1619 3882 1860 3936 pra-sago
1886 3863 2043 3936 spiri-

452 3944 512 3989 tu
543 3933 816 4007 itaetepit
837 3939 1155 4006 exponendo
1200 3938 1513 4007 prasdicere.
1565 3933 2038 4000 Cliarissiine’lili,

455 4005 701 4078 ausculta
743 4022 861 4075 qua:
911 4005 1042 4062 dico
1093 4005 1212 4062 tibi.
1259 4007 1473 4063 Gratias
1532 4023 1633 4078 ago
1665 4007 1794 4073 Deo,
1825 4007 1952 4078 quia
1978 4022 2045 4060 ex

454 4076 707 4161 omnibus
734 4077 970 4161 peccatis
991 4094 1111 4148 qua:
1137 4095 1165 4132 a
1181 4078 1464 4161 juventute
1496 4076 1818 4161 pcipetravi,
1851 4077 2047 4161 ill-i130

457 4145 572 4199 vita
588 4144 700 4215 jam
727 4144 984 4202 ultionem
1008 4144 1217 4219 recepi,
1253 4144 1628 4220 exceptis-illis
1654 4164 1773 4220 qua:
1799 4149 1853 4202 iu
1882 4148 2046 4202 abba-

456 4225 565 4270 tem
598 4223 778 4270 meum
809 4220 1054 4289 commisi
1085 4235 1100 4273 :
1126 4230 1180 4275 et
1205 4235 1422 4289 semper
1461 4220 1600 4274 diem
1635 4219 1783 4272 illum
1832 4228 1886 4274 et
1915 4229 2046 4272 tem-

454 4301 559 4357 pus
584 4288 912 4360 exspectavi,
955 4289 1260 4360 deprecans
1291 4288 1482 4356 Deum,
1537 4300 1597 4345 ut
1643 4305 1707 4344 ea
1735 4305 1839 4345 non
1869 4303 2048 4344 reser-

454 4367 612 4412 varet
661 4357 791 4412 mlhi
836 4358 887 4411 iu
945 4357 1204 4414 futurum.
1258 4361 1324 4415 Et
1387 4378 1528 4415 nunc
1581 4361 1743 4415 credo
1792 4376 1876 4415 mc
1927 4375 2048 4414 esse

455 4428 951 4503 exaudituml‘quia
981 4445 1102 4499 quae
1138 4431 1194 4503 in_
1235 4431 1384 4485 illum
1433 4432 1603 4503 gessi,
1632 4431 1747 4503 haec
1777 4447 1990 4503 rursum
2016 4446 2046 4503 a

457 4505 513 4570 te
541 4499 886 4570 recepi.ifl‘ibi
910 4511 1090 4556 autem
1122 4501 1263 4556 scias
1301 4517 1408 4556 non
1439 4499 1606 4556 'reddi
1632 4501 1920 4570 simplicia,
1952 4500 2046 4555 sed

2139 1908 2244 1962 qua
2275 1895 2484 1948 ratione
2507 1895 2576 1949 sit
2615 1893 2814 1949 factum
2847 1909 2952 1947 non
2980 1893 3254 1959 viderunt,
3293 1893 3529 2020 eoqltilod
3555 1898 3728 1968 patris

2139 1965 2309 2017 nostri
2338 1964 2639 2019 orationem
2671 1964 2856 2018 auditu
2895 1979 3000 2018 non
3054 1965 3361 2020 audierunt.
3463 1982 3529 2020 oc
3577 1967 3724 2020 enim

2139 1965 2309 2017 nostri
2338 1964 2639 2019 orationem
2671 1964 2856 2018 auditu
2895 1979 3000 2018 non
3054 1965 3361 2021 audierunt.
3405 1964 3529 2022 Hoc
3556 1964 3724 2024 'enim

2137 2033 2548 2107 hypocritarum
2572 2046 2692 2107 est,
2714 2051 2820 2107 non
2852 2033 3113 2107 fidelium,
3143 2035 3393 2107 videlicet
3416 2037 3728 2107 ignorantes

2139 2103 2386 2178 quiilnec
2445 2106 2630 2160 dicunt
2663 2105 2792 2159 illud
2845 2105 3187 2178 quodhcani‘t
3236 2103 3723 2178 pghndgrapbus:

2137 2173 2468 2246 Desideria»:
2519 2191 2808 2246 pauperum
2844 2173 3124 2246 exaudivig
3148 2173 3423 2246 Dominus,
3450 2173 3728 2232 desideria

2139 2245 2312 2298 cordis
2330 2244 2527 2318 egrum
2548 2244 2751 2318 audivi;
2773 2245 2918 2318 auris
2941 2255 3032 2298 tua
3065 2244 3236 2318 (Psal.
3271 2263 3325 2313 χ,
3378 2247 3465 2318 ΓΙ)
3493 2263 3507 2312 ;
3540 2256 3588 2301 et
3626 2249 3728 2303 ite-

2139 2330 2296 2370 rum:
2330 2314 2660 2369 Voluntatem
2714 2316 3005 2368 timentium
3054 2314 3107 2368 se
3128 2315 3304 2384 faciet,
3357 2327 3406 2372 et
3447 2314 3726 2372 orationes

2137 2401 2316 2459 eorum
2343 2386 2587 2459 estaudiet
2617 2385 2789 2455 (Psal.
2809 2454 2813 2459 1
2836 2401 3027 2459 gxuv,
3059 2385 3170 2454 i9).
3217 2386 3350 2459 Nam
3380 2397 3434 2442 et
3469 2387 3726 2459 similiter

2137 2455 2344 2526 pridem
2371 2455 2498 2526 fecit
2521 2471 2642 2510 cum
2671 2455 2813 2510 esset
2836 2455 3078 2510 Francia?
3110 2457 3250 2526 apud
3293 2457 3512 2512 beatum
3558 2458 3729 2512 Bene-

2139 2524 2377 2579 dictum:
2407 2524 2560 2593 cujus
2596 2526 2670 2580 rei
2721 2526 2987 2598 rationem
3021 2524 3170 2580 tanto
3197 2528 3441 2584 securius
3492 2528 3728 2598 proferi-

2138 2610 2280 2669 ntus,
2304 2605 2507 2669 quautp
2527 2612 2590 2669 ex
2620 2611 2684 2669 ea
2711 2595 3004 2669 fideliorem
3031 2606 3218 2651 testem
3244 2595 3724 2669 eumdem'patrem

2138 2665 2422 2722 habemus.
2457 2665 2561 2720 Sed
2590 2667 2741 2736 prius
2769 2666 2910 2721 fideli
2937 2682 3187 2723 sermone
3211 2665 3588 2736 proferendum
3616 2678 3724 2736 est,

2136 2738 2591 2804 quemadmodum
2621 2737 2937 2807 przedictum
2979 2739 3278 2807 susceperit
3303 2740 3636 2802 emnobium,
3665 2746 3726 2794 ut

2137 2807 2204 2860 ad
2229 2822 2294 2879 ea
2323 2824 2441 2876 qua:
2465 2817 2588 2861 sunt
2617 2808 2891 2877 sequenda
2920 2809 3074 2878 quasi
3105 2824 3204 2879 per
3229 2810 3492 2864 directam
3520 2810 3724 2865 lineam

2135 2877 2308 2947 stylus
2337 2887 2522 2933 noster
2549 2879 2852 2947 perveniat.

2136 2988 2194 3044 S.
2224 2990 2489 3046 Benedicti
2513 2989 2854 3044 Floriacense
2877 2991 3256 3045 monasterium
3274 2999 3328 3044 ut
3354 2991 3724 3060 reformatum.

2204 3080 2258 3136 8.
2287 3081 2605 3152 Postglinem
2633 3079 2741 3152 jam
2795 3080 2945 3152 faue
2968 3082 3378 3152 persecutionis,
3434 3098 3552 3152 quae
3583 3082 3726 3138 facta

2141 3161 2224 3206 est
2263 3153 2363 3205 sub
2391 3151 2727 3205 Nortmundo
2747 3151 3045 3206 saevissimo
3088 3151 3546 3206 Nortmannor’um
3599 3167 3730 3220 rege

2065 3212 2111 3276 C
2143 3223 2196 3276 iu
2233 3221 2428 3276 ﬁnibus
2448 3221 2652 3292 Gallia},
2693 3230 2754 3275 ut
2797 3221 3117 3292 adimpleret
3169 3222 3425 3276 Dominus
3475 3212 3729 3278 Ecclesia:

2140 3308 2252 3373 sine
2275 3293 2422 3373 quod
2445 3308 2556 3373 per
2582 3291 2772 3373 Isaiam
2797 3291 2924 3373 olim
2949 3291 3277 3373 praedixerat
3305 3310 3318 3345 :
3344 3293 3425 3373 4d
3451 3303 3726 3373 punctum,

2141 3363 2413 3432 inquiens,
2439 3364 2503 3416 in-
2532 3363 2733 3416 modico
2785 3363 2971 3432 reliqui
2999 3371 3066 3426 te,
3107 3372 3156 3416 et
3205 3364 3258 3415 in
3306 3363 3730 3416 miserationibus

2139 3431 2343 3502 magnis
2409 3433 2730 3502 congrcgubo
2787 3442 2853 3485 te.
2907 3431 2974 3485 In
3030 3443 3289 3486 momento
3347 3433 3728 3500 indignationis

2141 3504 2391 3557 abscondi
2421 3505 2608 3573 faciem
2642 3519 2810 3556 meam
2849 3518 3132 3573 parumper
3155 3519 3187 3554 α
3209 3572 3213 3573 ί
3238 3511 3307 3566 te,
3339 3503 3498 3573 etiin
3524 3503 3726 3556 miseri-

2142 3575 2321 3627 cordia
2347 3571 2662 3642 sempiterna
2685 3573 2966 3625 miserebor
2985 3574 3060 3624 tui
3082 3571 3372 3643 (lsai.t.tv,
3401 3572 3452 3635 7,
3471 3573 3525 3643 8)
3555 3589 3584 3643 ;_
3600 3587 3733 3626 con-

2143 3643 2348 3714 gregali
2377 3641 2653 3714 fratresiu
2711 3643 2961 3714 idipsutn
2983 3658 3049 3696 ex
3082 3641 3330 3714 coenobio
3365 3641 3535 3714 beati_
3557 3641 3730 3696 Bene-

2144 3711 2296 3778 dicti,
2327 3715 2416 3783 qui
2452 3712 2631 3766 hostili
2665 3711 2808 3766 metu
2845 3713 3051 3782 pridem
3091 3713 3195 3767 huc
3246 3713 3476 3782 illucque
3513 3711 3730 3783 fuerant

2144 3782 2392 3852 dispersi,
2426 3785 2700 3854 proprium
2733 3791 3051 3852 receperunt
3080 3783 3418 3848 coenobium;
3444 3783 3538 3838 sed
3562 3782 3729 3853 (quod

2145 3855 2261 3910 sine
2316 3856 2501 3910 dolore
2543 3855 2724 3909 dicere
2788 3869 2894 3908 non
2955 3854 3261 3924 possumus)
3312 3854 3460 3908 unita
3500 3867 3730 3922 corpora

2145 3925 2333 3981 scissis
2385 3925 2656 3980 mentibus
2705 3925 3103 3978 sanctissinuun
3148 3923 3295 3978 illum
3334 3933 3538 3978 tantum
3587 3938 3730 3994 prae-

2146 3997 2485 4065 oceupabant
2525 3995 2699 4048 locum
2738 3995 2878 4064 quod
2917 3996 3192 4049 succincta
3253 3994 3525 4050 locutione
3554 4003 3730 4048 trans-

2146 4067 2437 4131 currimus,
2468 4081 2535 4119 ne
2557 4065 2608 4118 in
2637 4065 2819 4118 talium
2847 4066 2954 4119 vita
2987 4075 3170 4120 noster
3194 4065 3366 4136 stylus
3387 4067 3727 4120 immoretur.

2151 4136 2354 4190 Revera
2385 4138 2485 4191 hoc
2526 4146 2774 4206 patenter
2805 4150 3030 4190 narrare
3079 4137 3399 4205 satagimus,
3427 4136 3663 4205 qualiter
3697 4151 3727 4190 a

2147 4206 2306 4261 beato
2344 4207 2635 4262 Benedicto
2681 4218 2906 4260 vocatus
2936 4207 3006 4260 sit
3047 4215 3210 4274 atque
3253 4207 3480 4271 electus,
3522 4206 3631 4260 imo
3676 4217 3734 4261 et

2148 4277 2539 4347 praeordinatus
2587 4276 2710 4347 Udo~
2732 4285 2885 4346 pater
2913 4277 3279 4331 beatissituus.
3329 4278 3572 4344 Quodam
3601 4291 3731 4330 vero

2150 4345 2236 4402 die
2263 4347 2386 4402 dum
2419 4346 2660 4419 praedicti
2688 4345 2885 4402 fratres
2924 4348 3062 4419 intra
3111 4347 3404 4419 claustrum
3431 4347 3730 4419 residentes

2153 4433 2210 4472 se
2245 4417 2472 4474 invicein
2499 4419 2868 4481 corroderent,
2907 4417 3125 4487 quidam
3161 4434 3228 4472 ex
3255 4418 3337 4472 eis
3378 4419 3444 4472 de
3470 4418 3730 4472 obedien-

2155 4490 2225 4542 tia
2277 4491 2512 4553 rediens,
2561 4489 2776 4543 obvium
2821 4488 3006 4542 habuit
3056 4499 3181 4542 ante
3228 4488 3373 4543 fores
3415 4487 3730 4542 monasterii

458 4557 708 4642 decupla.
739 4569 1135 4642 Estohnamque
1165 4571 1323 4627 fortis
1347 4581 1404 4642 et
1426 4572 1659 4642 patiens,
1693 4557 1754 4624 ui
1777 4587 1839 4626 ea
1865 4557 2037 4642 valeas

2149 4558 2500 4642 Benedictum
2531 4569 2737 4642 patrem
2766 4576 2777 4611 :
2804 4559 2891 4642 cui
2919 4573 3042 4613 mox
3068 4559 3388 4639 imperavit:
3425 4557 3624 4638 «Vade,
3653 4557 3732 4609 iti-

460 4635 743 4713 t_ol_er2_indo
815 4640 996 4713 quiete
1044 4635 1307 4710 'portare.
1362 4635 1850 4713 Hzizc_lacrym..ns
1891 4640 2048 4707 dixit,

458 4707 655 4782 deinde
686 4707 1008 4782 exosculans
1056 4707 1217 4782 caput
1267 4727 1466 4776 meum,
1496 4707 1724 4765 Domino
1777 4726 2052 4782 meicomg-

458 4778 766 4852 luendavit;
818 4781 911 4852 sed
965 4791 1041 4847 tu,
1100 4778 1325 4838 Domine
1385 4783 1746 4852 omnipotens,
1795 4780 2048 4852 reddenti

459 4849 614 4923 mihi
634 4865 790 4906 versa
815 4851 948 4923 vice
966 4853 1202 4907 Caesarie
1225 4849 1551 4923 presbytero
1591 4850 1955 4923 centuplicata
1985 4866 2050 4906 ac

461 4919 740 4993 graviora,
766 4922 1197 4993 misericorditer
1211 4919 1401 4993 parce,
1419 4933 1474 4978 et
1499 4924 1544 4978 si
1559 4921 1736 4992 aliqua
1756 4919 2053 4993 supersunt

460 4989 602 5046 ineis
628 4991 990 5048 maerentibus
1012 4992 1168 5048 malis
1189 4989 1513 5065 propitiatus
1543 4989 1728 5048 averte
1755 4989 1890 5065 (59).

781 5102 1166 5158 Monachorum
1188 5105 1244 5158 in
1265 5121 1448 5159 carnes
1473 5105 1721 5160 aviditas.

535 5191 602 5264 7._
634 5191 835 5250 Eodem
884 5207 1100 5264 quoque
1151 5202 1391 5263 tempore
1441 5194 1710 5251 concessit
1753 5192 1908 5249 nobis
1929 5192 2043 5262 jam

461 5261 724 5340 pygl‘atus
794 5261 1076 5340 Alliericus
1129 5261 1395 5340 princeps
1434 5265 1822 5340 monasterium
1855 5261 2044 5340 sancti

2152 4631 2366 4698 quiens,
2399 4630 2564 4685 dicito
2592 4630 2674 4683 his
2705 4629 2981 4692 fratribus,
3028 4629 3153 4698 quia
3184 4645 3290 4684 non
3336 4643 3424 4682 me
3448 4629 3732 4697 quiescere

2154 4701 2357 4760 sinunt,
2383 4715 2509 4754 ecce
2543 4701 2735 4753 recedo
2758 4699 2826 4752 ab
2862 4698 2943 4752 his
2962 4701 3190 4762 milibus,
3221 4710 3274 4754 et
3301 4699 3476 4754 sciant
3505 4712 3590 4752 me
3623 4712 3728 4750 non

2155 4785 2500 4824 reversurum
2569 4771 2621 4822 in
2676 4769 2819 4823 hunc
2866 4769 3039 4823 locutu
3095 4783 3489 4839 quousqueex
3536 4768 3731 4822 finibus

2151 4840 2454 4908 Aquitaniae
2483 4839 2644 4893 talem
2679 4840 2850 4892 virum
2887 4839 2992 4894 huc
3021 4838 3406 4908 deft’ram,’qui
3433 4841 3504 4892 sit
3533 4853 3727 4908 secun-

2156 4906 2282 4966 dum
2307 4927 2404 4964 cor
2431 4925 2630 4964 meum.
2670 4928 2690 4962 ι
2729 4909 2897 4976 Quem
2939 4909 3110 4965 frater
3141 4911 3229 4965 ille
3267 4906 3389 4964 cuin
3419 4909 3487 4962 de
3515 4906 3728 4976 nomine

2153 4980 2315 5036 vellet
2378 4982 2672 5056 inquirere,
2724 4975 3002 5056 respondit
3054 4979 3378 5056 haesitationi
3422 4978 3540 5056 ejus
3575 4995 3589 5031 :
3619 4975 3726 5056 Ego

2154 5067 2298 5117 sum,
2350 5049 2512 5117 scias,
2567 5050 2737 5105 frater
2788 5051 3128 5105 Benedictus.
3159 5051 3268 5116 Ait,
3313 5059 3368 5104 et
3422 5049 3498 5102 ire
3544 5049 3721 5116 cmpit.

2153 5121 2320 5193 Igitur
2343 5123 2512 5177 frater
2541 5121 2628 5176 ille
2676 5137 2796 5191 qua:
2821 5121 2919 5176 sibi
2953 5122 3210 5193 imperata
3249 5123 3464 5174 fuerant
3508 5117 3724 5193 nuntiaf

2153 5190 2263 5258 vit;
2298 5195 2390 5248 sed
2415 5193 2596 5248 miseri
2630 5190 2778 5248 tanto
2825 5201 2978 5261 patre
3012 5190 3208 5254 erbati,
3240 5207 3343 5261 non
3371 5190 3724 5261 cucurrerunt

2151 5263 2217 5340 ad
2241 5257 2583 5340 lacrymaset
2611 5257 2970 5340 pre_ces,'qu_ae
2991 5263 3161 5331 ipsam
3188 5260 3396 5340 [_)omini
3430 5257 3724 5340 commina-
