4004 5340
547 380 614 438 87
1245 429 1248 432 ί
1753 380 1811 438 S.
1851 377 1987 438 ODO
2024 374 2242 432 ABBAS
2280 371 2796 431 CLUNIACENSIS.
3350 354 3353 356 ’
3734 383 3804 444 83

553 495 828 554 Sacerdoti
866 497 1212 554 committitur
1236 497 1578 554 erudiendas.
1621 497 1666 552 A
1693 497 1852 553 Petro
1877 506 1925 552 et
1957 493 2130 552 Paulo
2157 497 2210 558 Α
2235 509 2486 564 campros
2513 502 2570 551 et
2593 495 2878 564 accipitres
2905 495 3256 553 circumferre
3280 511 3498 555 versum
3527 496 3602 553 illi
3633 496 3808 556 fuerat

1183 571 1490 640 adaptatur.

627 661 682 716 4.
719 661 1017 717 Infan‘tulus
1053 661 1311 731 depulsus
1356 677 1384 715 a
1417 661 1556 717 lacte
1593 669 1648 715 et
1682 660 1941 716 nutrioris
1979 660 2134 716 cunis

552 742 835 802 exemptus
857 734 1070 803 cuidam
1101 734 1367 788 sacerdoti
1399 733 1608 803 longius
1632 732 1994 803 commanenti
2026 741 2135 785 tra-

554 805 700 858 ditur
735 802 1075 859 nutriendus.
1120 805 1440 873 Susceptum
1478 802 1702 873 puerum
1742 802 1934 857 blande
1963 819 2026 858 ac
2061 803 2133 856 le-

552 875 712 934 niter,
744 875 882 944 sicut
908 884 1038 928 mtas
1068 875 1333 928 infirmior
1361 875 1650 944 exigebat,
1684 874 1939 929 sacerdos
1969 873 2130 944 insti-

553 954 749 1003 tuens.
805 943 1143 999 litteratoriis
1191 945 1353 998 etiam
1404 943 1724 998 rudimentis
1774 945 1960 1000 rudem
2016 943 2132 1012 ejus

550 1014 832 1068 infantiam
859 1014 1104 1083 jnbebat.
1137 1013 1363 1071 Gemina
1404 1015 1548 1069 circa
1592 1031 1815 1085 puerum
1857 1015 2132 1084 diligentia

550 1086 833 1157 presbyter
879 1097 952 1139 ut.
974 1088 1152 1148 batur,
1204 1087 1329 1140 dum
1382 1086 1431 1157 ei
1467 1094 1520 1139 et
1561 1087 1803 1141 honestis
1840 1087 1982 1138 viam
2021 1086 2132 1139 suis

551 1155 834 1224 colloquiis
869 1157 1167 1211 inculcaret
1200 1167 1254 1211 et
1291 1157 1342 1209 in
1380 1155 1497 1227 ejus
1529 1166 1770 1227 teneram
1802 1164 1855 1209 et
1887 1165 2129 1227 tenacem

550 1227 862 1278 memoriam
920 1228 1160 1282 scientiae
1214 1226 1418 1281 fluenta
1477 1226 1901 1281 transfunderel.
1964 1226 2126 1293 Cujus

549 1296 914 1351 informationi
954 1299 1078 1350 dum
1118 1299 1263 1352 omni
1297 1297 1474 1351 studio
1500 1299 1866 1358 subserviret,
1903 1298 2045 1351 videt
2077 1299 2128 1350 in

552 1366 758 1438 visione
801 1369 972 1422 noctis
1012 1369 1261 1423 Ecclesiae
1311 1369 1579 1438 principes
1626 1369 1845 1422 Petrum
1894 1378 1946 1422 et
1991 1368 2131 1421 Pau-

549 1437 681 1502 lum,
697 1439 788 1507 qui
805 1440 953 1492 abeo
978 1456 1199 1507 puerum
1216 1437 1369 1508 q"asi
1397 1439 1626 1492 violenta
1649 1439 1931 1494 exactione
1949 1455 2132 1507 posce-

545 1509 694 1582 bant.
728 1510 1004 1582 Attonitus
1037 1510 1341 1582 presbyter,
1371 1509 1654 1579 quemdam
1677 1525 1840 1578 super
1875 1519 2130 1582 expostu-

546 1577 747 1650 latione
786 1580 871 1634 illa
907 1577 1145 1650 stuporis
1184 1577 1488 1650 patiebatur
1525 1577 1826 1635 excessum.
1869 1580 2129 1634 Sciscita-

547 1647 706 1702 batur
721 1665 851 1705 voce
866 1667 968 1720 qua
993 1647 1222 1719 poterat,
1241 1653 1368 1721 quid
1391 1653 1456 1705 de
1479 1667 1646 1721 puero
1661 1651 1774 1705 sive
1811 1650 1863 1705 in
1900 1665 2126 1717 puerum

547 1721 721 1791 acturi
755 1731 938 1775 eswnt
958 1763 972 1783 ,
1008 1739 1072 1774 av:
1101 1738 1224 1776 eum
1253 1735 1490 1791 paternm
1515 1722 1692 1776 domui
1723 1724 2010 1776 restituere
2035 1736 2128 1775 co-

544 1790 797 1862 gitarent.
824 1791 1031 1858 Quaere.
1063 1795 1095 1845 ti
1123 1809 1190 1847 ex
1217 1790 1535 1861 coinpendio
1560 1808 1876 1862 responsum
1903 1791 2122 1845 dantes:

541 1859 694 1924 Non,
739 1861 1019 1932 inquiunt.
1061 1865 1126 1916 ad
1167 1859 1384 1917 domum
1427 1859 1765 1931 patrisfsed
1809 1863 1858 1916 in
1899 1862 2126 1916 orientis
2161 1859 2202 1916 Β

542 1942 784 1986 extrema
825 1949 1048 2002 puerum
1088 1935 1438 1988 adducemus.
1482 1934 1747 1988 Sacerdos
1817 1933 2045 1996 anxius,
2075 1940 2130 1987 et

545 2018 701 2056 suum
752 2005 1003 2074 Spiritum
1055 2005 1168 2058 fere
1209 2005 1599 2074 nonihabens,
1646 2019 1712 2058 ne
1753 2003 1854 2057 sibi
1902 2019 2126 2074 puerum

546 2073 984 2128 commendatum
1013 2077 1288 2144 eriperent
1320 2073 1664 2129 formidolosa
1695 2073 1997 2129 constantia
2029 2073 2126 2128 de-

541 2154 816 2212 precatur,
848 2159 906 2215 se
946 2145 996 2198 in
1027 2161 1246 2199 causam
1280 2145 1581 2215 ducendum
1601 2186 1616 2210 ,
1645 2161 1702 2200 se
1731 2154 1971 2214 paternae
2006 2160 2129 2215 gra-

543 2215 630 2286 tite
662 2229 812 2286 reum
848 2214 1085 2268 futurum
1107 2255 1120 2279 ,
1154 2231 1211 2270 se
1244 2217 1382 2286 apud
1413 2214 1600 2271 affines
1637 2215 1887 2270 infantuli
1927 2214 2126 2270 notan-

541 2284 672 2356 dum
717 2283 939 2340 infamia
986 2283 1308 2353 proditoris}
1357 2288 1399 2340 si
1448 2301 1582 2356 puer
1629 2302 1733 2340 non
1780 2295 2124 2354 compareat,

541 2353 848 2427 profitetur.
907 2356 1226 2427 Advolvitur
1281 2353 1507 2427 genibus
1556 2358 1834 2410 beatorum
1864 2353 2127 2426 ,ipreces

543 2425 872 2495 ingeminat,
914 2436 1114 2487 utsme
1150 2425 1477 2481 calamitatis
1511 2427 1784 2482 miseriam
1823 2425 2127 2492 temperare

546 2496 854 2564 dignentur.
883 2496 1122 2552 Tandem
1149 2498 1375 2566 piissimi
1402 2506 1684 2554 exactores
1703 2539 1719 2563 ,
1750 2497 2124 2552 misericordia

446 2607 450 2615 .
541 2567 846 2638 presbyteri
907 2567 1296 2637 supplicatione
1350 2569 1631 2638 permoti,
1684 2583 1744 2622 se
1803 2569 2124 2624 dimissuros

539 2653 798 2706 puerum,
831 2640 924 2692 sed
962 2639 1028 2691 ad
1068 2649 1278 2708 tempus
1317 2639 1370 2692 in
1407 2653 1540 2692 voce
1579 2638 1963 2693 misericordia:
2001 2654 2126 2708 spo-

538 2709 861 2777 ponderum.
889 2707 1164 2776 Evigilans
1188 2710 1472 2831 preslpter
1491 2717 1614 2778 post
1633 2710 1889 2778 quietem,
1906 2720 1960 2764 et
1980 2707 2124 2778 quod

539 2779 749 2831 viderat
777 2793 960 2831 secum
993 2779 1300 2831 admirans.
1353 2779 1501 2831 ilium
1534 2777 1795 2831 reformat
1820 2781 1956 2831 patri
1989 2797 2124 2831 nrre-

539 2779 749 2833 viderat
777 2793 960 2834 secum
993 2777 1300 2843 admirans,
1328 2777 1504 2849 lilium
1534 2777 1795 2834 reformat
1820 2781 1956 2848 patri
1989 2777 2127 2849 prm-

539 2850 741 2911 missa,
767 2864 871 2918 qua
913 2850 1278 2903 commonitus
1318 2848 1509 2908 fuerat,
1541 2851 1766 2904 visione.
1809 2849 1852 2904 0
1888 2848 2123 2906 discreta

539 2919 847 2988 benignitas
876 2920 1018 2974 circa
1049 2928 1262 2975 aetatem
1294 2920 1456 2975 etiam
1492 2935 1597 2974 non
1625 2920 1950 2976 discretam!
1983 2921 2126 2977 Puer

543 2990 775 3044 necdum
825 2989 1104 3044 scientiam
1133 2990 1414 3045 electionis
1438 2991 1674 3057 habens,
1706 2992 1758 3045 in
1788 3001 1986 3047 sortem
2013 2993 2126 3046 ele-

537 3058 735 3131 ctionis
771 3060 898 3131 Dei,
927 3061 1211 3116 exactione
1249 3069 1561 3116 sanctorum
1598 3063 1888 3131 spirituum
1933 3063 2121 3118 trahe-

539 3129 733 3203 batur._
764 3129 892 3203 Non;
915 3141 998 3185 est
1033 3133 1149 3203 hate
1183 3131 1320 3187 visio
1355 3129 1654 3187 sacerdotis
1691 3143 1950 3188 consueta
2003 3133 2124 3203 lege

539 3198 737 3255 somnii
768 3201 1060 3257 metienda.
1090 3202 1617 3257 Praemonstrabatur
1647 3204 1699 3257 in
1729 3205 1833 3258 hac
1866 3198 2120 3258 similitu-

538 3271 664 3345 d_ine
695 3274 1136 3345 nonspernenda
1171 3272 1366 3328 futurae
1388 3273 1570 3345 ipsius
1601 3275 1884 3345 expressio
1911 3277 2127 3330 verita-

541 3340 880 3414 tis,_quibus
926 3343 1179 3398 videlicet
1231 3340 1538 3408 actoribus,
1567 3340 1796 3414 quorum
1831 3345 2028 3400 ducatu
2068 3354 2128 3401 et

538 3412 714 3486 gratia
766 3414 818 3486 in
860 3415 1124 3486 orientem
1171 3415 1477 3470 sanctitatis
1527 3412 1832 3486 etjustilite
1867 3431 2001 3486 puer
2036 3416 2126 3473 ille

539 3479 719 3538 fuerat
752 3483 1050 3540 ducendus.

539 3573 738 3631 Clerice
767 3577 936 3632 vivens
954 3618 970 3643 ,
1011 3577 1078 3632 ad
1105 3578 1397 3654 _mililarem
1431 3580 1590 3635 vitam
1621 3597 1652 3634 τι
1678 3590 1827 3652 patre
1854 3581 2124 3654 dirigitur,

1092 3650 1199 3704 Deo
1235 3663 1571 3721 repugnante.

607 3737 662 3794 5.
696 3737 930 3812 Emenso
954 3741 1201 3811 pueritia:
1223 3740 1399 3810 spatio
1427 3757 1552 3796 cum
1584 3741 1638 3796 in
1666 3741 1963 3812 pleniorem
1991 3743 2124 3797 ado-

543 3810 818 3882 lescentia:
845 3881 850 3882 ί
879 3810 1107 3882 gratiam
1164 3813 1508 3876 formaretur,
1552 3810 1893 3868 clericalibus
1931 3815 2125 3869 studiis

539 3881 757 3942 futurus
811 3881 1376 3954 clericusscrviebat.
1426 3882 1556 3936 Erat
1606 3884 1658 3954 in
1705 3900 1771 3940 eo
1825 3892 2124 3954 temperata

543 3954 708 4008 totius
755 3952 1000 4022 corporis
1038 3951 1237 4007 .habitu
1283 3960 1491 4006 statura
1545 3953 1768 4008 solidior
1806 3964 1861 4008 et
1908 3951 1960 4008 iu
2002 3969 2124 4009 eam

539 4023 1011 4094 pulchritudinem
1029 4022 1201 4076 forma
1233 4022 1522 4094 proficiens
1550 4039 1656 4094 qua
1702 4025 1842 4079 inter
1868 4024 2123 4080 collacta-

539 4091 672 4177 uer
693 4102 748 4148 et
762 4108 948 4177 etenus
963 4091 1027 4165 [Ῑ.
1040 4091 1274 4177 comvos]
1291 4091 1656 4177 praedicabi
1672 4095 1980 4177 haberetur.
1997 4094 2126 4177 ρει·-

547 4163 686 4236 nalis
704 4173 859 4234 pater
879 4163 994 4234 ejus
1020 4163 1314 4236 carnem—in
1335 4177 1402 4218 eo
1428 4164 1548 4234 plus
1567 4164 1814 4236 diligens,
1841 4167 1907 4221 de
1930 4165 2123 4235 spiritu

541 4235 721 4289 minus
735 4249 952 4300 curans,
973 4236 1025 4289 in
1043 4251 1208 4290 carne
1226 4235 1438 4304 juvenis
1455 4252 1574 4305 quae
1598 4235 1778 4291 carnis
1791 4246 1948 4292 erant
1963 4245 2123 4290 natu-

542 4319 618 4377 ra!
648 4305 841 4377 ductus
861 4307 1062 4377 impetu
1086 4316 1394 4360 contuetur.
1412 4307 1657 4361 Advertit
1675 4308 1728 4362 in
1752 4309 1860 4363 lilio
1880 4306 2124 4377 corporis

541 4373 861 4446 elegantiam
879 4416 895 4438 ,
921 4375 1098 4446 aetatis
1126 4391 1406 4446 accessum
1425 4416 1438 4439 ,
1473 4377 1859 4446 plenitudinem
1888 4373 2083 4433 virium
2103 4418 2118 4444 ,

544 4444 884 4501 ﬁrmamenta
923 4445 1311 4500 membrorum.
1356 4445 1438 4500 Ad
1475 4444 1590 4503 hare
1630 4451 1861 4504 recurrit
1908 4451 2118 4513 animo,

545 4515 875 4586 cogitatione
925 4515 1240 4580 reflectitur,
1273 4524 1329 4571 et
1362 4515 1479 4571 hzec
1515 4519 1696 4572 omnia
1727 4520 1905 4574 carnis
1934 4519 2121 4574 usibus

547 4581 829 4670 profutura
883 4601 991 4670 non
1040 4586 1179 4668 bene
1211 4600 1536 4669 .prtesagans
1579 4588 1852 4670 simulatio
1895 4599 2118 4670 paterna
2149 4581 2199 4642 D

544 4655 836 4711 blanditur.
877 4655 996 4711 Jam
1040 4655 1328 4727 impatiens
1373 4655 1586 4712 animus
1627 4659 1780 4726 quasi
1828 4655 2120 4727 ex'judicii

545 4727 758 4798 ratione
789 4726 1054 4798 deliberat
1083 4725 1250 4798 ﬁlium
1275 4725 1529 4795 juvenem
1563 4725 1720 4798 longe
1747 4728 1868 4784 aliis
1913 4725 2121 4786 artibus

543 4795 934 4863 imbuendum;
992 4811 1114 4852 esse
1165 4797 1345 4852 minus
1403 4795 1762 4864 conveniens,
1816 4808 1876 4854 ut
1928 4810 2120 4855 natura

540 4875 651 4920 tam
686 4865 874 4938 efﬁcax
911 4867 1115 4933 virtus,
1150 4869 1224 4922 ita
1253 4878 1310 4922 et
1335 4882 1564 4938 corpore
1594 4870 1898 4925 redundans
1923 4880 1978 4924 et
2007 4872 2124 4925 ani-

540 4952 633 4992 mo
664 4936 1018 5010 elericalibus
1061 4939 1221 5010 nugis
1260 4947 1318 4993 et
1355 4936 1470 5010 otio
1514 4940 1804 4996 inserviret
1850 4941 2039 4996 molles
2067 4948 2124 4997 et
2160 4960 2168 4968 ·

542 5008 800 5064 remissas
826 5023 1020 5064 manus
1041 5008 1308 5065 enervens
1330 5009 1540 5065 animos
1569 5019 1626 5065 et
1654 5009 1897 5066 imbelles
1927 5011 2125 5067 litteris

2237 568 2289 621 in
2320 576 2585 621 naturam.
2614 566 2717 621 Sed
2752 583 2941 621 manus
2975 568 3181 622 Domini
3210 583 3363 622 suum
3396 569 3728 624 desertorem
3754 577 3809 626 et

2239 636 2568 707 transfugam
2610 648 2853 691 aversata
2876 679 2890 700 ,
2923 639 3255 708 singulisque
3289 640 3494 709 agenda
3565 649 3810 695 tentare-

2234 718 2352 771 rat,
2405 724 2689 763 successus
2737 724 3026 778 prosperos
3075 710 3370 763 abnuebat.
3431 709 3693 764 Terretur
3751 712 3807 767 in

2235 783 2474 843 somnis,
2525 789 2746 849 urgetur
2795 780 3130 842 visionibus,
3175 778 3594 835 revelationibus
3620 780 3810 836 admo-

2234 860 2412 912 netur,
2446 859 2522 915 ut,
2555 861 2732 918 Spreta
2768 850 2852 903 cui
2882 851 3184 904 adlueserat
3223 851 3462 905 vanitate
3483 891 3495 913 ,
3518 851 3584 905 ad
3625 865 3810 906 veram

2234 921 2527 975 Dominicaa
2565 920 2842 974 servitutis
2888 921 3073 974 redeat
3115 921 3441 975 libertatem.
3485 921 3695 975 Recens
3728 931 3810 975 ta-

2233 1006 2353 1062 men
2376 988 2596 1062 juvenis,
2616 991 2827 1044 animus
2851 1000 2904 1044 et
2936 991 3212 1053 informis,
3244 992 3411 1045 odore
3465 993 3675 1046 militia:
3703 1006 3812 1062 quo

2231 1060 2407 1116 fuerat
2438 1061 2604 1117 semel
2634 1062 2872 1116 imbutus
2901 1063 3153 1116 evacuari
3188 1077 3293 1116 non
3327 1064 3519 1132 potuit.

2767 1153 2972 1208 Visione
2999 1170 3289 1210 revocatur.

2303 1248 2356 1303 6.
2397 1248 2570 1304 Cursu
2611 1248 2869 1317 temporis
2905 1246 3151 1310 evoluto,
3189 1245 3446 1301 solemnis
3485 1245 3606 1315 pius
3642 1252 3816 1299 inter-

2233 1331 2455 1374 venerat
2482 1319 2744 1372 Dominici
2786 1318 2989 1372 Natalis
3020 1319 3166 1378 dies;
3198 1327 3438 1387 paterme
3479 1317 3816 1370 invitationis

2231 1391 2446 1446 occasio
2475 1390 2679 1445 OtIOIliS
2709 1391 2968 1442 incuriam
2997 1390 3252 1442 excitavit
3275 1429 3290 1450 ,
3331 1398 3388 1441 ut
3429 1388 3651 1456 virginei
3692 1402 3814 1456 par-

2234 1471 2318 1516 tus
2347 1461 2554 1526 vigilias
2579 1461 2690 1514 suis
2721 1462 2834 1529 ipse
2862 1459 3056 1528 vigiliis
3084 1461 3394 1513 bonoraret.
3420 1457 3656 1512 Profecti
3688 1466 3818 1529 sunt

2231 1547 2297 1587 ex
2327 1547 2590 1586 consensu
2622 1527 2776 1600 pater
2797 1540 2847 1584 et
2882 1527 3059 1592 filius,
3089 1540 3141 1584 et
3173 1529 3474 1600 humilitate
3498 1527 3820 1600 quaidecuit

2231 1603 2548 1657 cmlestihns
2587 1598 2832 1656 cucubiis
2871 1601 3217 1654 incubabant.
3269 1598 3542 1654 Suscitata
3591 1599 3816 1653 devotio

2231 1674 2555 1730 clericorum
2588 1672 2695 1725 Deo
2730 1682 2857 1725 nato
2886 1671 3098 1724 laudem
3125 1680 3180 1724 et
3211 1673 3415 1740 gratias
3442 1670 3816 1740 personabat:

2233 1759 2353 1799 cum
2393 1745 2546 1796 boum
2582 1742 2778 1796 indolis
2805 1744 3125 1796 adolescens
3153 1757 3218 1794 ex
3247 1742 3430 1795 animo
3461 1756 3520 1795 se
3545 1740 3821 1795 convertit

2233 1817 2301 1870 ad
2340 1813 2611 1884 Virginem
2651 1812 3022 1884 cujuspartus
3047 1811 3225 1884 glorja
3249 1821 3461 1884 noctem
3495 1811 3641 1866 illam
3670 1811 3817 1866 divi-

2233 1886 2319 1939 nis
2347 1881 2727 1955 spléndoribus
2771 1881 3093 1955 illustrabat.
3141 1882 3378 1955 Effundit
3417 1897 3598 1955 coram
3640 1890 3821 1936 matre

2233 1953 2440 2011 Domini
2473 1970 2568 2008 cor
2594 1970 2750 2008 suum
2772 1996 2785 2018 ,
2818 1954 3057 2024 loquitur
3092 1953 3339 2024 adiillam
3379 1953 3820 2024 quasiprtesens

2229 2029 2295 2080 ad
2341 2026 2632 2080 ecclesiam
2678 2025 2764 2078 ubi
2811 2022 2972 2079 esset.
3019 2022 3243 2078 Revelat
3286 2024 3338 2077 in
3381 2023 3496 2091 ejus
3539 2023 3677 2077 facie
3703 2023 3820 2077 vias

2229 2113 2374 2162 suas,
2391 2095 2584 2151 delicta
2604 2095 2906 2165 juventutis
2927 2109 3036 2149 sua:
3059 2104 3114 2148 et
3140 2095 3475 2165 ignorantias
3499 2092 3818 2165 confitetur.

2227 2169 2380 2238 Apud
2425 2164 2822 2238 misericordiae
2857 2174 3083 2238 matrem
3128 2164 3305 2219 lecum
3354 2164 3721 2238 miserationis
3744 2173 3823 2238 et

2227 2234 2400 2294 venite
2427 2246 2784 2306 compunctus
2807 2235 3022 2306 juvenis
3047 2236 3396 2306 imprecatnr.
3415 2235 3589 2306 Magni
3607 2234 3820 2290 consilii

2225 2309 2491 2381 Angelum
2515 2317 2703 2362 natum
2736 2322 2804 2362 ex
2831 2321 2894 2361 ea
2926 2306 3161 2381 medium
3191 2307 3449 2381 adhibet;
3494 2306 3820 2381 inserit_ad-

2226 2377 2476 2435 vocatum
2506 2395 2521 2444 ;
2554 2393 2714 2433 orare
2745 2393 2803 2433 se
2840 2387 2894 2432 et
2935 2377 3204 2431 desiderio
3244 2379 3346 2433 sibi
3393 2392 3549 2441 esse,
3596 2385 3656 2430 ut
3701 2377 3821 2446 ipse

2229 2453 2298 2505 ad
2343 2449 2744 2520 beneplacitum
2773 2465 2925 2520 suum
2957 2447 3157 2520 ejusget
3181 2449 3408 2503 instruat
3442 2447 3812 2520 voluntatem,

2226 2527 2281 2576 et
2306 2517 2506 2591 dirigat
2536 2520 2826 2591 actionem.
2856 2517 3201 2591 leestibus
3229 2519 3515 2591 praeconiis
3569 2533 3679 2591 nox
3723 2531 3823 2591 eat-

2227 2603 2348 2647 acta
2372 2589 2584 2646 lucebat
2599 2590 2651 2644 in
2667 2589 2830 2654 diem,
2845 2597 2899 2643 et
2921 2589 3176 2660 mysteria
3192 2589 3326 2645 lucis
3346 2604 3411 2644 ex
3433 2604 3585 2644 more
3600 2589 3821 2660 devotio

2225 2663 2494 2717 clericalis
2507 2661 2830 2716 exsolverat.
2854 2659 2996 2714 Inter
3017 2661 3282 2731 agendum
3305 2660 3621 2731 solemnitas
3641 2659 3820 2730 majo-

2227 2734 2304 2788 ris
2352 2735 2532 2788 missze
2577 2747 2700 2786 cum
2751 2746 2912 2786 voces
2960 2729 3352 2786 modulantium
3399 2729 3534 2800 Regi
3583 2729 3820 2786 nato’in

2225 2805 2461 2883 excelsis
2486 2802 2726 2883 gloriam
2754 2801 3460 2883 frequentarentur,_tactus
3487 2800 3818 2883 alio-spiritu

2218 2873 2433 2942 juvenis
2452 2915 2466 2937 ,
2493 2871 2555 2929 in
2589 2873 2824 2928 medium
2847 2871 3132 2939 jnbilantis
3158 2871 3402 2929 ecclesiae
3430 2871 3730 2942 prosilivit,
3760 2878 3820 2926 et

2226 2941 2278 2999 in
2305 2961 2435 3000 voce
2458 2944 2725 3000 libertatis
2745 2985 2759 3010 ,
2789 2944 3058 3014 primitias
3087 2943 3262 2999 laudis
3285 2959 3395 2999 suae
3419 2941 3556 2999 Filio
3580 2941 3820 3015 Virginis

2226 3016 2418 3070 offerre
2456 3016 2641 3070 comit.

2224 3016 2418 3072 offerre
2456 3016 2641 3086 coepit.

2483 3104 2682 3178 Capitis
2721 3108 2901 3160 dolore
2948 3114 3152 3176 captus,
3195 3105 3264 3176 ’βε
3309 3104 3550 3161 clericus.

2296 3201 2348 3256 7.
2411 3199 2782 3254 Temerarium
2819 3208 3263 3271 przesurnptorem
3303 3214 3335 3255 e
3373 3198 3601 3271 vestigio
3632 3197 3817 3253 divina

2232 3283 2317 3351 est
2344 3271 2475 3328 ultio
2504 3268 2833 3325 subsecuta.
2857 3268 3066 3351 Capitis
3110 3270 3295 3351 dolore
3325 3268 3622 3351 concussus
3664 3279 3817 3351 exta?

2229 3347 2361 3404 buit.
2395 3354 2449 3398 et
2497 3356 2601 3396 non
2638 3355 2760 3412 esse
2805 3340 3104 3412 speciosam
3155 3341 3208 3395 in
3265 3356 3360 3396 ore
3407 3340 3713 3411 peccatoris
3759 3346 3815 3412 et

2228 3417 2429 3482 refuga:
2455 3413 2662 3466 laudem
2690 3411 2807 3476 Dei,
2835 3410 3046 3482 'acriori
3084 3426 3304 3480 pressus
3348 3410 3616 3475 melestia,
3667 3410 3818 3466 testi-

2229 3480 2468 3542 monium
2498 3483 2697 3538 invitus
2721 3482 2885 3537 dedit.
2919 3480 3135 3548 Quievit
3182 3491 3360 3537 tamen
3389 3491 3512 3553 post
3538 3481 3814 3553 modicum

2227 3558 2446 3613 sedatus
2496 3553 2673 3620 dolor,
2720 3563 2776 3608 et
2820 3553 2944 3607 data
2990 3554 3044 3606 in
3089 3552 3848 3624 praesumptOrem'invectio-

2227 3628 2496 3684 resedisse
2511 3624 2624 3680 visa
2646 3633 2731 3679 est
2758 3624 2824 3678 ad
2853 3633 3205 3678 momentum.
3239 3622 3560 3692 Evangelica
3585 3622 3815 3678 lectione

2227 3699 2499 3771 perlecta,
2555 3694 2718 3752 simili
2769 3693 2962 3765 capitis
3005 3694 3200 3771 _dolore
3255 3695 3514 3771 turbatus
3550 3693 3809 3757 evanuit;

2227 3764 2542 3825 conciderat
2567 3775 2735 3830 totus,
2758 3774 2813 3828 et
2839 3764 2975 3836 pene
3001 3764 3181 3820 fuerat
3203 3766 3473 3836 collapsus
3488 3766 3554 3836 in
3586 3774 3810 3827 terram.

2227 3842 2332 3896 nisi
2361 3838 2761 3894 accurrentium
2812 3833 3068 3906 suffragio
3120 3833 3414 3906 teneretur.
3479 3834 3809 3906 Sustentatu-

2229 3913 2360 3966 tium
2391 3909 2640 3965 manibus
2678 3907 2936 3963 deductus
2969 3905 3211 3972 domum,
3253 3905 3368 3962 fere
3396 3923 3490 3977 per
3520 3905 3812 3962 triennium

2227 3982 2518 4037 durissimo
2547 3979 2638 4035 illo
2685 3977 2886 4032 doloris
2926 3977 3268 4033 incommodo
3319 3977 3633 4042 laborabat;
3683 3989 3814 4030 cono

2227 4053 2386 4107 ducta
2437 4052 2614 4120 pretio
2663 4047 2930 4120 medicina
2988 4063 3088 4104 nec
3129 4045 3814 4120 momentanetelevjtatis

2227 4116 2527 4177 remedium
2621 4117 2900 4189 indulgere
2969 4128 3220 4190 poterat-
3266 4118 3575 4190 aegrotanti.
3650 4116 3814 4190 Dolor

2224 4207 2363 4264 pene
2409 4191 2700 4246 continuus
2747 4185 2985 4259 urgebat
3028 4185 3342 4264 infirmum:
3377 4199 3433 4246 et
3482 4185 3809 4264 tlesperandi

2225 4259 2756 4334 proximumgenus
2816 4269 2970 4323 erat,
3033 4259 3288 4334 alllictum
3346 4261 3631 4316 remediari
3705 4273 3810 4334 non

2225 4330 2400 4404 posse.
2432 4330 2627 4388 Facilis
2657 4331 2834 4386 fuerat
2862 4340 3042 4404 tamen
3089 4331 3422 4404 conjectura,
3463 4345 3571 4404 quo
3615 4330 3813 4404 merito

2225 4400 2308 4460 vel
2347 4413 2496 4461 reatu
2542 4404 2704 4458 tantis
2731 4401 3072 4473 passionibus
3103 4403 3448 4472 plecteretur.
3483 4400 3654 4472 ’Δριιά
3695 4400 3813 4473 illos

2224 4478 2420 4546 quibus
2465 4474 2564 4529 fuit
2593 4470 2748 4546 mens
2787 4470 3220 4546 saniorverbnm
3257 4485 3399 4538 erat,
3435 4470 3727 4546 Martinnm
3760 4470 3812 4523 id

2225 4543 2405 4619 agere,
2441 4547 2491 4602 id
2517 4545 2693 4601 moliri
2708 4585 2729 4619 _,
2769 4553 2827 4598 ut
2853 4543 3140 4619 __rcciperet
3183 4547 3640 4619 commendatum,
3673 4543 3813 4619 hanc

2225 4613 2345 4673 esse
2372 4632 2591 4672 causam
2627 4617 2790 4670 totius
2835 4614 3123 4685 dispendii,
3155 4617 3280 4684 quia
3329 4617 3508 4669 minus
3551 4613 3812 4685 providus

2225 4689 2537 4744 adolescens
2573 4701 2631 4742 se
2657 4685 2872 4740 Martini
2920 4683 3145 4740 servitio
3173 4683 3536 4740 Subduxisset.
3572 4683 3810 4738 Martino

2217 4758 2308 4829 jus
2335 4759 2607 4829 proprium
2636 4757 2981 4829 reifortnetur,
3026 4766 3082 4810 et
3119 4766 3322 4828 aegroto
3351 4771 3456 4811 non
3484 4755 3661 4810 deerit
3682 4768 3811 4823 gra-

2227 4827 2298 4882 tia
2337 4827 3126 4898 sospitatisaTandempater
3175 4829 3290 4881 suis
3339 4829 3451 4897 ipse
3499 4835 3814 4898 coarctatus

2226 4897 2511 4970 angustiis,
2542 4907 2597 4952 et
2619 4897 2904 4951 Martinam
2938 4897 2991 4970 in
3033 4898 3143 4970 filio
3168 4899 3407 4970 sentiens
3447 4897 3809 4970 indignatum,

2226 4966 2333 5039 (ιιιό
2358 4970 2497 5024 ultra
2522 4970 2778 5024 evaderet
2814 4983 2917 5022 non
2967 4969 3221 5022 habebat.
3273 4968 3449 5038 Super
3501 4966 3812 5039 temeritate

2227 5037 2387 5076 tunam
2418 5041 2708 5076 οΑιιιῖοΔΡσδΙ
2744 5039 3000 5076 ααιίεΐορίι
3078 5048 3129 5076 οι
3186 5037 3365 5076 ﬁlium,
3405 5039 3470 5076 ml
3519 5037 3809 5076 Μριοείέιπὶ
