4004 5340
239 118 319 182 δε)
1114 116 1628 173 ιιιιοιλερολιιίχλ
1691 146 1759 156 .-
1800 115 1857 172 s.
1900 115 2154 174 ODOMS
2194 119 2357 176 vrra
2395 103 2698 195 ALTERA.
3218 108 3225 113 '
3450 115 3539 186 90'

249 240 380 313 uive
405 236 648 313 [f.,tide]_
672 235 1017 313 desponsavit
1039 243 1251 313 amator
1274 233 1447 302 factus
1464 231 1648 313 forma:
1674 232 1836 313 illius.
1866 237 1915 297 Α
1944 236 2072 313 quia
2121 244 2263 313 tunc
2287 238 2617 313 primumiex
2652 238 2769 305 ejus
2803 238 3114 313 magisterio
3146 231 3520 313 nascerentur.

252 306 491 365 Victtfet
520 306 711 364 ves‘t'itu
728 306 881 375 juxta
908 307 1222 376 Apostolum
1252 316 1536 362 contentus
1556 306 1672 363 Odo
1692 315 1747 362 et
1774 307 1838 362 de

252 381 474 436 czeteris
504 379 637 434 nihil
687 378 961 437 affectans.
990 388 1049 431 ut
1077 377 1188 431 Deo
1217 380 1441 443 viveret,
1469 395 1624 433 suum
1650 378 1704 431 in
1730 379 1839 432 Do-

251 451 405 522 mino
431 452 737 522 jactaverat
778 449 1093 522 cogitatum.
1124 446 1327 522 Noctes
1351 450 1689 522 orationibus
1724 448 1839 503 fere

254 518 607 590 continuatis,
641 518 867 574 dierum’
896 518 1067 590 spatia
1123 519 1331 590 legendi
1378 521 1570 574 studiis
1612 534 1842 588 occupa-

252 592 372 646 bat.
401 589 580 644 Tanto
617 591 857 645 scientia:
885 588 1415 655 ducebatur‘amore,
1459 603 1519 647 ut
1546 590 1613 644 ad
1660 591 1843 659 Iegen-
1940 644 1947 655 ,

254 660 355 716 das
409 662 627 731 naeniae
670 669 952 731 poetarum
1001 660 1225 715 colorati
1270 663 1538 716 sermonis
1574 662 1842 731 elegantia

254 738 565 802 raperetur.
606 730 944 801 Propositum
982 730 1132 802 illius
1161 732 1261 802 fuit
1289 742 1348 785 ut
1374 732 1578 802 Virgilii
1610 730 1844 786 Maironis

255 801 460 856 librum
511 814 575 855 ex
629 803 819 855 ordine
868 801 1156 856 lectitaret.
1208 801 1663 857 Insecuta’nocte
1718 818 1841 856 cum

256 874 509 926 membra
567 871 801 941 solveret
849 872 901 925 in
954 872 1219 941 quietem,
1270 874 1405 927 vidit
1453 874 1506 927 in
1572 874 1691 926 visu
1750 887 1845 927 vas

258 943 468 1012 grande
529 940 664 995 mira
715 940 1411 1010 exteriuspulchritudine
1466 952 1841 1006 venustatum,

256 1013 351 1066 sed
380 1012 615 1083 interius
662 1014 961 1067 innumeris
1004 1014 1346 1082 serpentibus
1371 1023 1710 1076 aestuantem,
1750 1013 1844 1083 qui

256 1082 607 1152 prosilientes
639 1098 704 1137 ex
738 1098 865 1137 vase
907 1083 1215 1137 ambiebant
1254 1099 1402 1148 eum,
1451 1086 1577 1139 licet
1625 1082 1847 1139 minime

260 1153 601 1225 nocuissent.
642 1153 910 1225 Evigilans
947 1154 1049 1225 vir
1070 1154 1284 1216 beatus,
1317 1166 1369 1209 et
1398 1156 1689 1225 prudenter
1716 1169 1846 1209 con-

257 1223 507 1296 siderans
531 1223 820 1296 visionem,
834 1224 1176 1296 advertitin
1213 1223 1563 1296 serpentibus
1595 1226 1848 1294 figmenta

255 1293 496 1365 poetica,
554 1294 751 1349 librum
802 1293 1039 1365 Maronis
1092 1293 1399 1365 intelligens
1454 1298 1505 1350 in
1555 1293 1682 1349 vase
1735 1296 1843 1359 illo,

257 1364 402 1431 quod
428 1365 672 1419 exterius
700 1366 842 1419 civili
890 1364 1136 1420 facundia
1168 1364 1490 1427 coloratum.
1536 1366 1845 1420 immundo-

260 1449 380 1487 rum
427 1450 687 1489 sensuum
728 1436 965 1489 vanitate
1006 1436 1233 1490 interius
1276 1437 1643 1492 sordescchat.
1676 1436 1847 1490 Abre-

256 1505 520 1579 nu_n_tiaus
554 1505 808 1579 deinceps
856 1505 1179 1579 Yirgilioiet
1205 1508 1415 1579 pompis
1450 1506 1591 1579 ejus,
1641 1514 1698 1560 et
1747 1521 1846 1561 suo

256 1575 719 1657 cubiculo_poetis
749 1575 1020 1657 exclusis,
1073 1575 1379 1633 divitiarum
1444 1576 1844 1647 Scripturarum
1877 1596 1926 1657 Β

255 1645 410 1716 pasci
448 1645 625 1701 voluit
660 1647 911 1703 veritate.

501 1737 689 1794 Sancti
718 1738 937 1793 Martini
966 1739 1261 1811 sepulcrum
1290 1740 1402 1794 adit
1428 1750 1605 1795 noctu.

323 1830 380 1887 9.
421 1830 658 1903 Parvam
704 1833 952 1889 cellulam
993 1833 1203 1902 longea
1233 1832 1419 1887 mundi
1468 1834 1698 1903 strepitu
1747 1832 1851 1889 sibi

256 1902 391 1959 fecit
411 1944 428 1967 ,
476 1902 533 1957 in
570 1919 678 1974 qua
710 1903 858 1960 solus
889 1904 1145 1959 solitaria:
1171 1905 1336 1974 quieti
1364 1918 1564 1974 vacans
1587 1902 1716 1958 solis
1741 1918 1855 1958 coe-

259 1974 500 2046 lestibus
548 1973 787 2046 inhians,
822 1976 888 2028 ad
915 1977 1138 2030 odorem
1157 1973 1522 2046 spiritualium
1553 1983 1852 2046 unguento:

252 2060 379 2101 rum
422 2044 542 2099 solo
580 2045 888 2101 Conditoris
938 2043 1208 2101 desiderio
1263 2044 1596 2099 trahebatur.
1633 2043 1851 2100 'Orandi

255 2116 517 2170 virtutem
553 2116 852 2181 assiduam,
882 2131 1044 2186 quam
1075 2116 1176 2171 sibi
1204 2129 1418 2171 summa
1446 2116 1699 2186 amicitiae
1722 2130 1849 2170 san-

254 2186 450 2242 ctitate
492 2186 872 2254 conjunxerat,
903 2185 1133 2242 summa
1182 2186 1462 2241 alacritate
1486 2194 1540 2241 et
1568 2185 1746 2241 studio
1766 2199 1852 2240 se-

256 2256 532 2328 ctabatur.
573 2255 894 2328 Sepulcrum
936 2257 1080 2313 beati
1136 2257 1373 2319 Martini,
1420 2256 1562 2327 quod
1615 2257 1684 2310 ab
1731 2257 1852 2328 ejus

257 2326 455 2383 cellula
505 2326 718 2383 duobus
764 2327 879 2383 fere
930 2328 1172 2383 millibus
1223 2326 1542 2392 absistebat,
1569 2326 1851 2383 nocturnis

259 2397 608 2454 orationibus
638 2397 1093 2468 frequentandum
1125 2412 1226 2468 pro
1253 2399 1644 2454 consuetudine
1668 2398 1853 2453 visita-

256 2468 373 2523 bat.
402 2468 714 2533 Aliquando
736 2470 821 2523 vir
850 2471 1044 2525 beatus
1091 2469 1221 2525 illud
1261 2470 1522 2524 orationis
1566 2469 1671 2523 iter
1703 2468 1850 2523 solus

256 2537 313 2594 in
370 2547 533 2595 nocte
589 2539 918 2604 conficiens,
978 2550 1273 2596 venenatas
1328 2539 1526 2594 veteris
1578 2539 1850 2604 serpentis

256 2609 490 2664 astutias
514 2609 570 2665 in
598 2610 743 2666 hunc
772 2611 988 2665 modum
1018 2618 1409 2681 expertusiest.
1433 2609 1848 2681 vulpecularum

254 2681 534 2752 exercitus
576 2682 770 2752 obvius
819 2679 1104 2752 gradiendi
1132 2681 1247 2735 viro
1278 2680 1375 2736 Dei
1401 2680 1454 2734 in
1486 2679 1679 2735 faciem
1707 2679 1848 2752 fere-

255 2749 438 2822 batur,
485 2751 801 2807 ambiebant
825 2749 965 2806 'eum
996 2767 1023 2806 a
1055 2751 1305 2822 latereet
1331 2766 1373 2822 ar
1393 2750 1850 2822 tergo,ig_raviter

256 2820 607 2886 insistebant,
633 2836 868 2892 eumque
890 2823 963 2889 ab
994 2821 1190 2877 itinere
1218 2821 1308 2876 illo
1330 2820 1545 2876 virtutis
1564 2820 1849 2892 deﬂectere

255 2893 622 2963 conabantur,
669 2894 753 2947 cui
785 2891 931 2949 cum
984 2892 1278 2963 praevalere
1308 2907 1414 2946 non
1444 2902 1686 2962 possent,
1717 2891 1847 2946 hor-

256 2962 500 3035 rendum
540 2963 799 3035 quiddam
834 2971 902 3035 et;
930 2962 1204 3019 insolitum
1233 2963 1573 3035 gannientes,
1598 2963 1651 3035 in
1674 2964 1848 3032 ipsam

255 3032 376 3100 ejus
397 3032 594 3089 faciem
630 3033 1015 3090 miserabiliter
1056 3032 1358 3088 irruebant.
1393 3034 1848 3088 Animadvertens

257 3102 378 3173 Odo
422 3104 763 3173 deceptrices
799 3105 1100 3159 daemonum
1129 3104 1397 3158 versutias
1427 3104 1642 3158 inducta
1665 3103 1851 3173 vulpe-

257 3172 508 3230 cularum
532 3172 717 3245 specie
738 3175 1086 3242 adumbrari,
1115 3174 1487 3230 insistentibus
1509 3174 1612 3245 sibi
1633 3172 1851 3245 signum

259 3245 446 3315 erucis
492 3243 711 3300 obvium
752 3246 1085 3301 intendebat.
1118 3246 1299 3315 Lupus
1328 3245 1491 3299 etiam
1523 3244 1615 3315 qui
1646 3243 1712 3299 ad
1741 3243 1852 3299 suf-

258 3314 499 3387 fragium
532 3315 837 3387 laborantis
856 3316 1136 3387 'accurrit,
1165 3314 1355 3386 vulpes
1378 3316 1497 3387 illas
1525 3314 1650 3371 dato
1676 3317 1726 3369 in
1759 3329 1853 3387 eas

258 3384 466 3459 impetu
481 3384 769 3459 effugavit,
796 3395 851 3459 et
879 3386 996 3442 viro
1026 3386 1120 3442 Dei
1153 3384 1419 3459 usquead
1450 3385 1629 3459 locum
1654 3386 1853 3441 oratio-

260 3455 348 3511 nis
379 3455 638 3513 socialem
664 3458 844 3513 solatii
883 3459 1231 3513 securitatem
1257 3457 1519 3512 exhibuit.
1552 3455 1649 3511 Vir
1670 3462 1859 3511 autem‘

267 3526 508 3595 Domini,
539 3529 623 3584 cui
655 3530 821 3587 etiam
862 3527 1097 3583 immites
1127 3528 1315 3584 bestia:
1356 3528 1663 3583 serviebant
1698 3542 1855 3597 spur-

264 3613 458 3652 corum
513 3599 956 3670 phantasmatum
1005 3598 1296 3667 vanitates,
1341 3600 1619 3665 immotus,
1654 3612 1720 3653 eo
1746 3612 1855 3668 quo

260 3677 509 3740 ceperat
534 3671 718 3726 animo
746 3670 1120 3744 pertransivit.

815 3761 960 3817 Dure
989 3762 1147 3817 vitam
1173 3762 1302 3834 agit.

334 3849 426 3924 li).
486 3850 837 3909 lllecebrosos
874 3853 1057 3910 carnis
1087 3855 1358 3924 appetitus
1386 3853 1701 3924 excludens,
1730 3870 1859 3924 pre-

262 3920 423 3977 tiosis
463 3924 709 3994 vestibus
756 3925 1042 3989 abdicatis,
1081 3920 1143 3979 ea
1159 3920 1291 3994 'qua:
1312 3926 1397 3980 vix
1429 3923 1704 3980 sufﬁceret
1732 3920 1858 3981 Tne-'-

258 4003 353 4066 rat
378 3993 643 4063 parcitate
671 4003 979 4050 contentus.
1012 3994 1176 4049 Matta
1191 3993 1538 4066 superposita
1567 3996 1633 4049 ad
1659 3997 1855 4051 nudam

265 4063 517 4136 humum_,
557 4065 883 4136 ambitiosos
929 4066 1245 4122 lectisternii
1267 4063 1666 4122 'eliininaverat
1687 4082 1857 4136 appa-

264 4143 442 4206 ratus.
476 4133 734 4206 Triennio
776 4138 1004 4193 vestitus
1041 4136 1215 4206 jacuit
1260 4138 1614 4206 tempestivus
1663 4133 1854 4190 mona-
1894 4180 1904 4191 .

263 4204 425 4278 utea;
465 4205 743 4278 religionis
774 4216 829 4263 et
860 4204 1068 4278 ordinis
1100 4204 1771 4278 imitatorJNihilihabens
1801 4207 1854 4261 in

259 4273 461 4331 cellula
490 4273 634 4347 quod
664 4292 857 4334 manus
895 4277 1089 4334 aemula
1125 4276 1417 4343 furaretur,
1451 4276 1599 4331 nullo
1623 4292 1744 4332 eam
1774 4278 1852 4332 fe-

264 4361 456 4400 rarum
506 4347 805 4403 munimine
849 4352 1121 4404 tuebatur.
1173 4349 1404 4402 Carnem
1450 4363 1601 4402 suam
1638 4356 1851 4403 amator

259 4414 454 4489 jejunii
484 4423 632 4472 tanta
658 4419 767 4474 cibi
798 4422 1025 4474 raritate
1050 4419 1297 4484 curabat,
1343 4427 1403 4473 ut
1441 4418 1665 4473 dimidia
1695 4421 1852 4489 panis

264 4487 404 4542 libra
449 4501 603 4560 suam
644 4503 742 4560 per
766 4491 882 4546 dies
918 4489 1163 4560 singulos
1208 4489 1442 4544 inediam
1481 4487 1844 4557 sustentaret;

265 4558 659 4613 necessitatem
709 4561 830 4616 sitis
893 4569 952 4615 et
1002 4558 1219 4615 faucum
1284 4560 1491 4614 aridam
1546 4560 1849 4616 siccitatem

267 4644 424 4701 aqua
462 4629 646 4684 sobria
693 4632 1042 4701 perceptione
1091 4630 1381 4686 mulcebat.
1431 4630 1566 4685 Cum
1610 4632 1755 4686 circa
1791 4647 1851 4686 se

268 4698 650 4766 inhumanum,
682 4698 804 4757 eum
835 4698 889 4757 in
914 4717 971 4756 se
996 4703 1169 4757 solum
1196 4716 1584 4772 expavesceres
1618 4702 1848 4757 saevien-

270 4774 608 4843 tem._Quod
656 4773 919 4828 miraculo
967 4773 1273 4843 proximum
1324 4774 1377 4827 in
1432 4772 1524 4827 illo
1578 4782 1698 4828 erat
1752 4788 1854 4830 nec

271 4841 437 4915 animi
477 4843 670 4896 crebra
713 4844 946 4915 jejunia,
970 4841 1086 4897 nec
1122 4844 1179 4915 in
1221 4843 1481 4915 membris
1515 4843 1632 4913 ejus
1659 4845 1854 4900 candi-

274 4910 396 4966 dam
426 4910 1120 4970 venustatein'lectisternia
1150 4913 1284 4969 dura
1313 4910 1593 4970 solvebant
1618 4932 1631 4969 :
1668 4915 1859 4969 indeli-

275 4983 423 5039 ciens
468 4985 726 5040 sanctitas
771 4988 825 5040 in
880 4987 998 5040 viro
1043 4984 1136 5040 Dei
1185 4983 1351 5040 illaesa
1386 4986 1439 5039 in
1470 4999 1536 5041 eo
1564 4995 1620 5041 et
1647 4987 1860 5056 integra

278 5056 519 5110 membra
542 5057 805 5113 servabat.

747 5143 1057 5216 Remigium
1085 5146 1373 5201 auscultat.
1838 5215 1849 5221 ἰ

349 5238 439 5296 ll.
475 5237 575 5293 His
598 5238 783 5296 diebus
814 5240 1084 5293 honestus
1100 5239 1314 5306 juvenis
1348 5252 1643 5295 succensus
1674 5252 1863 5297 amore

286 5308 518 5340 δίε-ωηιιῖ
572 5307 835 5340 Ὡηηῖρζηηη
879 5307 1007 5340 ηδῖἷι
1048 5310 1277 5340 ηηῖηαιηηι
1309 5307 1453 5340 οΔιΙῖο
1488 5310 1647 5340 ιιιιηῖηη
1677 5310 1836 5340 ηἶιιῖιιι

1946 307 2081 362 Huic
2134 307 2415 365 adhmrens
2468 310 2614 374 Odo,
2668 313 2809 367 hunc
2860 307 3044 367 habuit
3101 313 3151 367 in
3209 312 3523 373 liberalibus

1944 380 2381 451 multoteinpore
2404 392 2791 451 prmceptorem
2824 400 2837 436 :
2870 398 2963 451 per
2986 383 3129 438 hunc
3154 384 3206 436 in
3239 384 3523 443 dialectica

1943 461 1998 529 et
2040 449 2416 529 philos_0phiis,
2465 449 2735 529 prguéipue
2778 452 2830 506 in
2869 449 3159 529 Marciane
3180 453 3333 529 valde
3358 456 3530 529 proli.

1944 519 2111 586 ciens,
2148 521 2215 575 ad
2239 537 2447 592 magnae
2467 519 2710 577 scientiae
2740 523 3014 578 cumulum
3041 523 3298 579 evolavit.

2444 613 2648 685 Algenti
2672 624 2858 669 vestem
2885 615 2999 669 dat.

2010 701 2095 759 12.
2133 701 2376 771 Quadam
2419 704 2503 758 die
2527 704 2689 786 (sicut
2721 704 2848 786 ipse
2897 705 2999 786 sub
3032 719 3263 786 persona
3293 704 3520 786 alterius

1945 789 2044 829 suo
2070 789 2360 843 suppresso
2397 774 2614 829 nomine
2656 774 2949 846 referebat)
2990 779 3256 831 maturius
3285 778 3525 833 surrexit

1945 861 1976 900 e
2009 846 2229 908 lectulo,
2275 855 2333 898 ut
2386 846 2820 901 conscholarium
2842 861 3063 900 suorum
3095 847 3380 901 conventui
3413 864 3521 903 non

1944 914 2176 970 deesset.
2214 916 2561 970 Inhorrucrat
2591 916 2787 987 hiemis
2806 925 2971 987 tanta
2997 917 3282 987 aSperitas,
3307 925 3366 970 ut
3391 918 3526 973 den-

1946 987 2021 1042 sis
2072 986 2231 1040 etiam
2275 987 2503 1056 pellibus
2530 986 2748 1040 involuti
2797 986 3012 1055 frigoris
3036 987 3289 1041 duritiam
3317 995 3529 1056 tempe‘

1948 1072 2069 1111 rare
2098 1058 2186 1129 vix
2217 1067 2456 1129 possent.
2485 1057 2539 1129 In
2571 1057 2710 1110 atrio
2740 1057 2978 1111 ecclesiae
3004 1072 3295 1129 pauperem
3324 1057 3525 1112 nudum

1946 1134 2019 1183 et’
2052 1127 2435 1182 miserabiliter
2490 1128 2849 1197 algcscentcm
2912 1127 3155 1192 invenit,
3213 1141 3529 1196 compassus

1949 1197 2509 1279 miserthabescnenti,
2547 1199 2733 1279 tunica
2779 1214 2876 1253 sua
2923 1198 3152 1279 latenter
3197 1213 3256 1279 se
3299 1211 3529 1279 exuens,

1949 1267 2314 1339 frigoreticnm
2368 1268 2660 1323 investivit.
2710 1268 2987 1339 Ingressus
3031 1278 3112 1323 est
3158 1270 3224 1322 ad
3254 1267 3527 1339 condisci-

1947 1338 2118 1409 pulos,
2148 1339 2240 1393 sed
2267 1338 2483 1409 frigoris
2507 1339 2904 1393 inclementiam
2933 1339 3070 1392 ultra
3101 1354 3205 1394 non
3232 1338 3527 1402 sustinens,

1952 1411 2126 1481 redire
2152 1409 2499 1481 atllcelulurn
2538 1409 2740 1477 algoris
2767 1412 3062 1481 asperitate
3082 1409 3393 1481 compulsus
3420 1419 3528 1481 est.

1948 1477 2090 1550 Jam
2120 1478 2351 1533 cubiculi
2401 1480 2603 1550 primas
2640 1477 2845 1549 partes
2868 1480 3143 1550 attigerat,
3176 1477 3295 1533 cum
3330 1479 3382 1532 in
3413 1478 3529 1550 ejus

1956 1549 2132 1604 medio
2174 1565 2231 1604 se
2256 1549 2542 1619 reponens,
2596 1552 2881 1618 repositam
2907 1549 3023 1605 auri
3056 1551 3246 1605 libram
3279 1549 3528 1604 incurrit.

1958 1620 2221 1673 lntcllexit
2260 1620 2479 1675 cmleste
2514 1621 2730 1681 donum,
2757 1630 2810 1674 et
2838 1620 3002 1674 oblati
3031 1619 3285 1690 ponderis
3313 1619 3528 1690 quanti-

1954 1699 2117 1744 tatem
2148 1691 2303 1745 laatus
2328 1691 2559 1761 excepit.
2591 1690 2635 1745 Ο
2666 1692 2837 1744 virtus
2869 1691 3207 1761 scholaribus
3234 1689 3531 1761 disciplinis

1953 1762 2216 1815 hactenus
2281 1763 2595 1831 inexperta!
2668 1761 3018 1831 philosophus
3070 1761 3299 1831 eremita
3357 1761 3530 1813 Deum

1952 1847 2128 1893 smim,
2157 1847 2318 1901 quem
2343 1830 2419 1901 ad
2438 1832 2715 1901 Socratem
2749 1839 2803 1885 et
2829 1830 3130 1894 Platonem,
3163 1830 3306 1886 inter
3333 1843 3528 1901 aureos

1954 1895 2193 1957 rationis'
2219 1913 2274 1957 et
2314 1895 2634 1971 eldquentize
2670 1899 2828 1956 flores
2860 1916 2965 1971 non
2995 1901 3295 1971 invenerat,
3325 1899 3528 1971 nudum

1954 1972 2021 2043 in?
2059 1973 2201 2026 nudo
2242 1968 2479 2043 paupere
2526 1970 2955 2043 comprehendit.
3010 1968 3385 2043 Commodavit
3431 1969 3534 2043 De:

1953 2042 2101 2096 mino
2125 2043 2191 2097 ad
2222 2038 2463 2106 usuram,
2515 2051 2571 2097 et
2618 2038 2716 2111 pro
2763 2042 2851 2096 vili
2907 2042 3088 2096 tunica
3122 2055 3376 2111 magnum
3414 2038 3533 2111 auri

1951 2113 2182 2182 pretium
2234 2113 2546 2181 reportavit.
2620 2108 2699 2166 lta
2747 2111 3028 2166 consuevit
3080 2108 3388 2182 liberalitas
3435 2108 3533 2164 Dei

1952 2180 2144 2253 nostri,
2197 2192 2257 2238 ut
2296 2180 2526 2253 amplius
2569 2190 2831 2253 praeroget
2875 2196 3038 2251 quam
3072 2180 3174 2236 fuit
3224 2188 3529 2253 erogatum.

1953 2251 2127 2307 Solvit
2154 2250 2400 2324 mutuum
2427 2250 2583 2323 quod
2596 2250 2800 2324 pauper
2826 2250 3110 2324 acceperat
3129 2291 3157 2324 _,_
3184 2258 3240 2324 et
3260 2250 3337 2305 ex’
3355 2250 3532 2324 gratia

1952 2331 2162 2378 tantum
2208 2323 2425 2392 adjecit,
2445 2319 2613 2378 'unde'
2635 2319 2993 2378 scl'iulasticu's
3014 2329 3070 2376 et
3096 2321 3198 2392 sibi
3225 2319 3530 2392 consulere,

1949 2403 2004 2449 et
2023 2389 2318 2465 pauperum
2351 2393 2606 2449 subsidiis
2649 2393 2837 2465 adesse
2880 2402 3083 2463 posset.
3128 2390 3243 2446 Hoc
3259 2392 3322 2465 _in
3349 2406 3409 2465 se
3453 2389 3534 2444 fa-

1952 2461 2098 2519 ctum
2132 2461 2226 2520 'vir
2257 2465 2465 2520 Domini
2497 2465 2598 2520 sub
2627 2464 2849 2518 alterius
2880 2461 3106 2531 persona
3146 2461 3341 2531 saepius
3369 2461 3537 2531 itera-

1951 2534 2063 2600 bat,
2104 2537 2230 2607 quia
2283 2536 2576 2607 hominum.
2611 2533 2835 2606 gloriam
2879 2530 3111 2607 fugiens,
3157 2530 3341 2603 gloria:
3388 2530 3538 2586 illius

1952 2619 2070 2674 qua:
2094 2603 2191 2662 Dei
2217 2614 2322 2670 est,
2346 2621 2509 2662 verus
2539 2603 2716 2660 fuerat
2745 2603 3036 2674 appetitor,
3063 2617 3284 2674 suorum
3307 2615 3535 2674 operum

1954 2671 2181 2755 magnus
2224 2691 2540 2755 oppressor,
2572 2671 2904 2755 alienorum
2926 2672 3245 2755 magniﬁcus
3276 2671 3539 2755 praadica-

1954 2743 2068 2823 tur,
2088 2763 2184 2823 sua
2216 2743 2574 2823 quoque'aliis
2592 2746 2934 2823 ascribebat,
2964 2743 3152 2799 evitati
3187 2743 3539 2823 favoringraa

1954 2810 2085 2871 tiam
2113 2819 2180 2873 ab
2205 2810 2270 2873 eo
2298 2810 2390 2887 qui
2417 2817 2563 2872 videt
2590 2817 2643 2872 in
2666 2816 2985 2887 abscondito
3012 2824 3350 2887 recepturus.
3370 2810 3539 2887 Cujus

1953 2887 2253 2956 profectum
2286 2882 2339 2943 in
2371 2888 2596 2943 scientia
2635 2896 2691 2942 et
2731 2885 3048 2941 liberalibus
3072 2882 3214 2941 scire
3245 2884 3341 2956 qui
3370 2882 3535 2956 volet,

1953 2951 2237 3030 percurrat
2268 2969 2324 3014 et
2347 2959 2553 3029 relegat
2573 2958 2741 3014 libros
2766 2958 2904 3030 ejus,
2934 2966 2990 3012 et
3012 2951 3433 3027 magister-istem
3463 2951 3539 3008 illi

1952 3028 2160 3097 apicem
2186 3045 2292 3085 non
2318 3028 2555 3100 negabit.

2384 3117 2515 3175 Post
2542 3120 2722 3176 studia
2754 3120 2945 3176 rectius
2963 3118 3104 3176 uiuit.

2024 3220 2111 3275 15.
2145 3216 2515 3288 Regressusa
2539 3213 2932 3288 studiis_homo
2966 3212 3062 3269 Dei
3094 3209 3339 3288 scientiae
3366 3205 3543 3280 pleni-

1954 3290 2127 3347 tudiui
2182 3282 2380 3358 adjecit
2415 3284 2644 3358 virtutis
2706 3283 3044 3358 altitudinem
3099 3291 3162 3358 et
3213 3282 3541 3358 profectum.

1953 3361 2141 3418 Gratia
2170 3353 2449 3412 'v'isitandi
2491 3356 2682 3410 vicinae
2724 3355 2791 3409 ad
2817 3354 2964 3409 illum
3009 3353 3382 3409 multitudines
3411 3364 3542 3405 con-

1954 3433 2210 3488 ﬂuebant.
2260 3427 2469 3495 Quibus
2505 3426 2782 3496 suspensis
2807 3434 2863 3496 et
2891 3424 3255 3496 aspirantibus
3286 3422 3540 3496 ad‘verba

1954 3505 2092 3571 ejus,
2142 3491 2347 3554 tantam
2394 3491 2629 3571 coelestis
2679 3491 3181 3571 dociriuae'copiam
3219 3491 3537 3571 instillabat,

1956 3557 2020 3629 u‘t
2043 3557 2355 3645 proponens
2376 3568 2587 3645 singula
2603 3583 2737 3645 gum
2761 3564 2986 3636 singulis
3010 3557 3396 3645 convenirent,
3405 3557 3537 3644 nul-.-

1956 3632 2200 3701 ced'ine'm
2245 3639 2395 3695 verbi
2438 3632 2530 3692 D'ei
2566 3632 2936 3711 aﬂluenterex
2966 3636 3337 3711 promptuario
3365 3632 3538 3711 divini

1956 3714 2195 3786 pectoris
2242 3718 2539 3786 eructaret.
2589 3708 2769 3786 inerat
2814 3701 3092 3786 abundans
3126 3701 3304 3776 gratia
3358 3701 3542 3786 verbis

1956 3775 2095 3855 ejus,
2124 3798 2245 3855 qua:
2271 3782 2340 3836 ad
2367 3780 2780 3855 aediﬁcationem
2825 3775 3161 3855 auditoribus
3196 3777 3541 3855 eumpararet

1956 3842 2009 3911 εἶ
2048 3842 2157 3911 eos'
2176 3854 2241 3908 ad
2271 3852 2487 3922 propria
2520 3850 2822 3922 remitteret
2852 3846 3146 3922 alacriores
3171 3842 3414 3922 eil‘ectos.
3441 3842 3542 3899 Mi-

1958 3926 2184 3982 rabilem
2238 3916 2494 3992 léquendi
2545 3919 2852 3992 facundiam
2906 3916 3370 3992 vita_mirabilio_r
3393 3929 3542 3992 com-

1956 3996 2265 4057 mendabat,
2292 3986 2346 4046 et
2375 3991 2569 4046 melius
2591 3990 2781 4043 vivens
2821 4003 2985 4059 quam
3034 3986 3283 4059 loquens,
3312 3986 3542 4059 dignita:

1960 4078 2065 4123 tem
2097 4064 2299 4134 eloquii
2327 4061 2665 4132 dignioribus
2712 4060 2907 4115 studiis
2936 4058 3148 4114 vivendi
3170 4057 3442 4114 anteibat.

2363 4150 2591 4206 Moralia
2619 4151 2675 4205 in
2712 4148 2814 4203 Job
2846 4148 3130 4213 abbreviat.

2028 4252 2107 4307 Eo
2137 4258 2379 4319 tempore
2424 4247 2615 4319 beatus
2655 4241 2860 4319 (_)do__ut
2901 4241 3157 4319 moralia
3182 4242 3237 4296 in
3272 4240 3374 4298 Job
3419 4257 3541 4319 qua:

1957 4323 2122 4379 nimis
2165 4323 2217 4375 in
2250 4312 2511 4389 prolixam
2544 4314 2936 4387 longitudinem
2977 4312 3347 4389 ﬁndebantur
3371 4353 3387 4377 ,
3419 4312 3545 4369 bre-

1952 4395 2105 4450 viore
2122 4384 2439 4461 compendio
2460 4384 2783 4461 coar_c_laret,
2808 4384 3297 4461 concanonicorum
3320 4398 3544 4461 suorum

1955 4464 2214 4521 instantia
2240 4454 2554 4527 cogebatur.
2587 4454 2709 4527 Non
2754 4470 2877 4527 esse
2906 4470 3127 4527 suarum
3156 4454 3351 4509 virium
3399 4454 3543 4526 quod

1952 4536 2208 4607 petebant
2224 4540 2291 4607 et
2309 4525 2496 4607 operis.
2513 4526 2714 4598 egregii
2747 4525 3022 4607 famosa";
3037 4525 3546 4607 inuninuerequan-

1956 4594 2163 4663 litatem
2194 4603 2296 4659 sibi
2330 4594 2433 4655 non
2463 4594 2627 4653 licere
2648 4594 2954 4667 ireSpondit.
2983 4594 3260 4667 Fraterna;
3287 4595 3546 4667 petitiun-

1955 4662 2128 4734 culam
2155 4672 2439 4730 charitatis
2463 4668 2701 4732 humilis,
2728 4662 2783 4721 et
2810 4666 2929 4720 ideo
2952 4681 3078 4721 vera
3102 4662 3344 4722 charitas
3363 4662 3548 4734 exclu-

1961 4732 2140 4803 debat.
2210 4742 2317 4797 Pize
2385 4738 2807 4810 importunitatis
2873 4736 3189 4810 instantiam
3265 4732 3551 4803 responsio

1962 4818 2196 4887 benigna
2222 4807 2507 4887 frangebat
2533 4810 2662 4864 dum
2694 4807 2769 4862 illi
2795 4807 3547 4887 indesinenternexpeterent,

1962 4898 2019 4942 et
2059 4874 2161 4942 iste
2212 4874 2517 4955 petentibus
2561 4893 2778 4955 semper
2827 4877 3110 4955 abnueret.
3163 4874 3552 4955 Controversia

2002 4957 2182 5012 ietatis
2212 4949 2283 5008 ’in
2341 4953 2483 5006 hunc
2517 4949 2804 5005 solutionis
2856 4949 3145 5003 terminum
3203 4955 3263 4997 se
3310 4949 3549 5014 excepit;

2003 4975 2182 5012 tetaus
2231 4975 2283 5008 Ill
2341 4975 2483 5006 IIUIIC
2517 4975 2804 5005 δυιιιιιυιιιδ
2857 4975 3145 5003 ιυιἸΙΙιΙιυιιι
3203 4975 3263 4997 δυ
3310 4975 3549 5014 υλισγιιο

1964 4975 2133 5107 R0099
2159 5022 2547 5107 ‘l“a"a'“..d“'!‘
2586 5021 2727 5107 ³Ρ¹¹Έ¹
2752 5019 2973 5107 hem":
3000 5014 3551 5107 Ψτξῖὲξξωέῗὲἷῗεὲῗ

1966 5081 2231 5156 orationis
2282 5092 2463 5147 Studio
2513 5081 2825 5164 teneretur,
2880 5088 3060 5141 carnis
3110 5097 3235 5164 euut
3289 5081 3553 5164 lassitudo

1968 5152 2123 5240 cogit
2158 5168 2210 5220 in
2242 5177 2494 5240 somnum
2518 5201 2533 5225 ,
2581 5160 2734 5229 cujus
2772 5152 3553 5240 escessu’rnrvis-losuhsecuta

1966 5222 2067 5295 ééi’
2094 5237 2257 5299 ﬁnem
2308 5222 2623 5302 impositura
2646 5222 2930 5302 'negotio._
2962 5222 3190 5302 Videbat
3237 5234 3551 5302 sanctorum

1968 5296 2165 5340 Δια-ιιιηρ
2210 5308 2260 5340 :n
2293 5296 2536 5340 ο-πξιιιριη
2580 5299 2866 5340 annlminm
2900 5296 3291 5340 descendentes
3335 5296 3553 5340 ordina-
