4004 5340
146 397 249 453 I09

898 385 1200 446 EPITOME
1235 384 1598 444 MORALIUM
1637 384 1694 441 S.
1734 385 1945 444 GREG.
1987 386 2053 441 IN
2087 386 2226 443 JOB.
2265 415 2333 426 —
2370 385 2500 440 LIB.
2534 385 2578 438 ι.

3284 384 3386 440 HO

141 505 454 570 enucleata,
485 518 668 560 verum
700 501 863 558 etiam
890 503 945 556 in
981 502 1264 573 aenigmate
1285 500 1490 571 prolata
1519 515 1714 571 cogno-
1742 506 1789 564 Α
1817 500 1960 556 hunc
1989 499 2167 570 operis
2199 498 2378 569 exigui
2411 497 2651 568 penuria:
2681 510 2842 553 causa
2874 501 3107 565 ceptum
3139 493 3389 551 meditari

140 612 318 662 scere,
350 596 483 652 dum
511 596 701 651 saltem
729 594 859 649 mihi
889 593 1100 664 meique
1127 592 1390 650 similibus
1419 593 1715 649 concedant

1817 591 2076 648 libellum.

141 800 3382 836 __.____—_——————-—————-—————-——————-——-—

970 947 1427 1026 EJUSDEM
1502 945 2028 1023 PREFATIO
2103 939 2572 1020 METBICA.

139 1357 391 1430 Gregorii
424 1355 602 1411 sancti
633 1353 828 1410 nitidos
857 1367 1170 1424 percurrere
1199 1368 1420 1423 campos

143 1450 213 1506 Ut
239 1449 417 1519 coepi,
448 1449 688 1504 micuere
716 1448 930 1518 quidem
961 1462 1059 1501 ceu
1089 1447 1266 1501 sidera
1297 1446 1420 1501 coeli

144 1539 324 1594 Verba
357 1537 664 1600 salutifera,
693 1546 906 1593 nostros
931 1551 1258 1606 componere
1284 1550 1484 1601 mores,

141 1630 275 1698 Quae
304 1638 528 1692 norunt,
559 1626 784 1682 nimium
815 1636 870 1682 et
895 1627 1057 1682 duras
1083 1625 1401 1681 mollescere
1427 1634 1652 1689 mentes,

144 1718 375 1773 Lumine
404 1716 663 1786 praeclaro
693 1725 748 1770 et
775 1716 1024 1771 tenebras
1052 1715 1316 1785 depellere
1343 1723 1512 1770 tetras
1537 1733 1551 1769 :

145 1808 314 1879 Cujus
345 1810 416 1863 ab
443 1821 538 1862 ore
564 1806 733 1862 ﬂuens
762 1807 955 1862 ﬂuvius
981 1822 1078 1878 per
1103 1807 1339 1877 compita
1367 1805 1586 1872 mundi,

145 1900 423 1955 Pronesize
448 1898 786 1972 [Phrenesis]
816 1899 1126 1970 pariterque
1157 1897 1359 1969 sophia:
1386 1899 1532 1954 clare
1561 1895 1728 1953 reful-

147 1989 406 2045 Lucidior
431 2005 584 2054 auro,
615 1991 755 2044 vitro
780 2004 992 2060 quoque
1020 1988 1218 2044 clarior
1243 1987 1411 2055 omni,
1523 1987 1656 2062 (get,

148 2080 404 2136 Melliﬂuo
431 2089 588 2150 gustu
618 2088 808 2133 cuncta
835 2078 1129 2133 redolentia
1155 2078 1400 2133 vincens.

149 2169 193 2226 0
223 2187 380 2226 meus
410 2169 582 2226 ﬂenda
613 2169 791 2234 nimis,
819 2185 876 2223 se
903 2184 1022 2238 qua:
1047 2169 1380 2223 subtraxerit
1406 2167 1523 2222 istis

152 2262 421 2317 Melliﬂuis
450 2263 626 2328 undis,
659 2260 794 2316 coelo
822 2262 1089 2315 venientia
1118 2260 1393 2329 linquens,

155 2353 218 2407 Et
247 2354 496 2423 peritura
522 2367 773 2422 sequens,
804 2351 934 2417 nulli
963 2367 1081 2420 quae
1107 2349 1306 2419 profuit
1332 2363 1588 2420 unquam.

154 2443 198 2500 Ο
225 2445 269 2498 si
300 2443 448 2497 mille
476 2441 654 2496 forent
681 2442 852 2496 docta:
881 2442 1012 2496 mihi
1041 2441 1205 2495 millia
1234 2440 1449 2511 linguae,

159 2534 297 2588 Mille
330 2548 618 2602 meumque
646 2547 808 2587 sonos
833 2540 1017 2603 posset
1043 2533 1359 2602 depromere
1386 2537 1589 2602 guttur,

157 2625 317 2682 Erea
343 2639 555 2694 voxque
583 2625 713 2678 mihi
742 2633 920 2695 posset
949 2623 1080 2679 dare
1107 2623 1284 2679 ferrea
1311 2623 1496 2688 verba,

158 2717 265 2772 Ilac
294 2717 348 2770 in
379 2715 536 2770 laude
561 2715 687 2779 viri,
723 2723 863 2770 totus
887 2729 1046 2786 quem
1076 2715 1314 2770 concinit
1336 2713 1506 2781 orbis,

158 2808 224 2863 Ut
251 2808 414 2877 digna
445 2806 564 2860 ﬁeri
593 2812 814 2876 possent
841 2821 958 2874 qua:
987 2820 1157 2876 pauca
1187 2805 1379 2871 relatu,

155 2899 408 2955 Praasulis
436 2899 491 2952 in
524 2899 657 2954 tanti
688 2898 832 2952 nitor
856 2913 1178 2968 componere
1203 2913 1452 2962 carmen,

152 2992 253 3059 Qui
283 2991 488 3046 meruit
511 2998 735 3045 cunctos
759 2991 1036 3045 hominum
1065 3005 1390 3060 cognoscere
1416 3004 1630 3056 sensus,

152 3080 214 3136 Et
242 3080 424 3151 potuit
449 3081 627 3135 verbis
652 3095 848 3150 pravos
874 3081 1158 3134 ostendere
1184 3095 1380 3147 mores,

154 3173 251 3240 Qui
283 3173 477 3227 docuit
508 3187 756 3227 resecare
787 3172 960 3227 malos
985 3172 1049 3226 de
1079 3187 1307 3242 corpore
1333 3179 1536 3228 motus.

154 3264 218 3319 Et
243 3264 461 3320 monuit
487 3262 725 3333 placidos
756 3270 936 3316 mente
962 3263 1253 3318 recondere
1283 3277 1484 3328 mores,

156 3356 430 3410 Virtutum
465 3367 717 3408 reserans
743 3352 947 3407 fontem
973 3363 1029 3407 et
1053 3353 1259 3424 pariter
1285 3353 1561 3419 vitiorum,

154 3444 248 3500 Hic
273 3444 496 3500 modice
525 3442 734 3498 reﬂexit
763 3442 868 3498 iter
893 3458 1210 3512 percurrere
1237 3457 1449 3497 sacram

156 3535 455 3591 Historiam
481 3533 677 3600 Jobab,
706 3533 858 3602 cujus
884 3550 982 3605 per
1005 3534 1236 3604 compita
1263 3535 1446 3589 mundi

155 3628 292 3684 Laus
325 3627 640 3683 veneranda
669 3626 826 3691 nitet,
856 3626 1003 3681 claro
1031 3641 1190 3695 quem
1220 3627 1437 3682 climate
1468 3635 1617 3683 tensa

154 3718 400 3774 Ecclesia
430 3716 666 3772 reboans
692 3715 896 3780 laudat,
926 3715 1069 3769 hunc
1096 3715 1300 3769 arbiter
1330 3715 1443 3784 ipse

155 3808 256 3865 Ore
284 3824 390 3865 suo
417 3806 667 3871 laudans,
695 3806 902 3860 monuit
927 3805 1175 3859 venerari
1204 3819 1303 3873 per
1329 3805 1537 3872 orbem,

154 3901 230 3956 Ex
255 3916 369 3971 qua
398 3899 632 3954 miriﬁce
662 3905 744 3951 ter
769 3897 894 3951 bina
921 3895 1190 3951 volumina
1222 3896 1459 3951 condens

153 3993 406 4049 Tradidit
430 3991 697 4049 Ecclesim
722 3990 904 4062 plures
930 3990 1181 4046 distincta
1207 3989 1436 4058 libellos,

1748 1357 1796 1416 B
1824 1353 1924 1421 Qui
1959 1370 2052 1409 seu
2079 1363 2232 1425 prata
2263 1356 2439 1412 virent
2467 1338 2680 1412 diverso
2706 1353 2949 1426 gramine
2974 1353 3109 1408 i'uita

1827 1443 2076 1499 Floribus
2106 1460 2326 1515 aspersa
2356 1445 2600 1500 redolent
2629 1446 2991 1516 pulcherrima
3019 1447 3136 1501 visu
3163 1463 3179 1498 :

1828 1533 1965 1589 Ilinc
1994 1535 2194 1589 etenim
2219 1535 2370 1590 violae
2397 1537 2638 1602 rutilant,
2669 1538 2795 1593 hinc
2820 1537 2930 1592 lilia
2956 1538 3222 1602 candent,

1827 1624 2040 1678 Emicat
2067 1624 2191 1680 hinc
2223 1641 2375 1690 rosa,
2414 1628 2686 1683 narcissus
2713 1643 2811 1683 seu
2841 1629 3062 1694 nardus,
3095 1639 3398 1693 amomum,

1829 1712 1962 1768 Cum
1996 1716 2160 1771 variis
2186 1714 2430 1785 fragrant
2454 1719 2742 1788 unguentis
2769 1719 3007 1774 balsama
3032 1717 3241 1789 juncta.

1831 1801 1940 1858 Hos
1969 1819 2066 1875 ego
2090 1803 2368 1876 ﬂorigeros
2394 1807 2612 1876 cupiens
2637 1823 2954 1877 percurrere
2980 1823 3222 1878 campos,

1831 1892 2258 1966 Multigcnasque
2287 1897 2420 1952 mihi
2447 1912 2639 1968 perpes
2665 1900 2956 1971 decerpere
2982 1899 3161 1967 ﬂores,

1832 1981 2083 2038 Exteusis
2109 1985 2353 2040 manibus
2381 1987 2590 2041 nitebar
2615 2003 2860 2057 carpere,
2879 1988 3120 2060 jamque,

1832 2073 1965 2130 Cum
1995 2077 2170 2131 subito
2199 2085 2452 2147 stupuere
2481 2093 2613 2134 meze
2639 2094 2739 2135 ceu
2771 2096 3042 2136 marmora
3071 2082 3284 2152 planae,

1831 2163 2128 2236 Obriguere
2156 2183 2369 2232 manus,
2401 2171 2565 2238 coepit
2591 2169 2886 2239 pallescere
2911 2173 3112 2239 vultus,

1835 2253 2040 2310 Sensus
2067 2265 2122 2311 et
2147 2258 2442 2312 extimuit“
2467 2261 2655 2316 crebra
2688 2264 2919 2333 suspiria
2944 2265 3173 2338 jactans.

1836 2347 2071 2402 Vocibus
2098 2357 2153 2403 et
2179 2351 2388 2420 magnis
2415 2353 2568 2421 quasi
2598 2356 2695 2408 sub
2722 2358 2958 2424 pondere
2984 2359 3222 2414 clamans
3243 2373 3263 2412 :

1837 2435 1991 2502 Quis,
2028 2439 2131 2504 ait,
2161 2439 2260 2494 hos
2289 2441 2565 2496 hominum
2595 2446 2795 2513 poterit
2821 2461 3140 2515 percurrere
3166 2464 3404 2519 campos,

1836 2528 1944 2582 Aut
1971 2530 2091 2598 quis
2119 2530 2216 2585 hos
2247 2533 2444 2601 poterit
2467 2532 2628 2589 ﬂores
2654 2535 2944 2606 decerpere
2971 2538 3237 2593 cunctos?

1841 2619 1913 2675 Ut
1938 2621 2165 2691 stipatus
2190 2630 2296 2689 cat,
2325 2622 2607 2694 alacerque
2631 2627 2873 2696 quiescat
2900 2628 2955 2683 in
2979 2645 3172 2684 aevum.

1763 2703 1808 2766 C
1839 2709 1964 2764 Haec
1994 2725 2113 2765 mea
2141 2727 2243 2767 nec
2271 2714 2351 2769 vis
2378 2723 2478 2779 est,
2511 2724 2720 2772 tantum
2750 2734 2848 2774 nec
2877 2721 3112 2790 pectoris
3140 2729 3316 2776 exstat

1839 2800 2042 2866 Robur,
2076 2810 2134 2854 ut
2160 2803 2392 2860 eximias
2417 2803 2623 2860 valeam
2651 2809 3035 2878 comprendere
3060 2824 3223 2880 gazas

1837 2890 2046 2960 Pauper
2071 2901 2126 2946 et
2150 2893 2395 2963 exiguus,
2425 2895 2625 2950 misero
2653 2897 2719 2951 de
2748 2899 2990 2968 germine
3020 2907 3221 2955 cretus.

1839 2980 2164 3052 Magniloqui
2196 2986 2446 3039 studeant
2475 2985 2576 3040 ista
2604 2987 2694 3056 qui
2725 2989 2948 3057 grandia
2980 2997 3231 3058 poscunt,

1839 3074 1934 3130 Est
1959 3076 2151 3144 quibus
2177 3084 2230 3130 et
2259 3092 2448 3131 sensus
2477 3076 2654 3144 fortis,
2681 3080 2878 3150 quibus
2904 3090 3081 3136 exstat
3108 3082 3354 3137 anhelus.

1840 3159 2121 3218 Suﬂiciant
2149 3166 2272 3220 dum
2300 3181 2467 3236 parva
2497 3168 2626 3222 mihi
2656 3184 2776 3238 quae
2806 3171 3020 3227 vascula
3046 3181 3272 3242 possunt

1838 3260 2043 3330 Exigua
2076 3260 2308 3314 retinere
2339 3277 2478 3326 mea,
2510 3275 2576 3315 ne
2604 3264 2826 3332 grandia
2856 3279 3084 3335 poscens

1838 3351 2098 3406 Amittam
2127 3352 2357 3407 modica.
2393 3352 2730 3423 Quapropter
2755 3357 2978 3424 grandia
3007 3355 3258 3427 linquens

1839 3441 1954 3498 Hoc
1978 3458 2112 3514 opus
2137 3443 2386 3514 exiguum
2413 3445 2552 3515 coepi
2575 3461 2680 3502 non
2714 3448 2876 3503 corde
2903 3451 3188 3516 cothurno,

1838 3533 2056 3589 Arbiter
2078 3535 2193 3589 hazc
2215 3535 2363 3588 novit
2392 3550 2639 3607 superus,
2663 3539 2754 3609 qui
2789 3540 2967 3595 sidera
2997 3544 3182 3598 sentit.

1839 3623 1957 3681 Non
1981 3640 2110 3698 ergo
2133 3627 2235 3689 hoc
2254 3638 2512 3697 spernant
2537 3632 2750 3697 modici,
2782 3648 2881 3688 nec
2909 3632 2997 3688 illa
3027 3637 3284 3706 supremi.

1840 3715 1956 3770 Hoc
1981 3727 2197 3772 teneant
2223 3718 2463 3786 hebetes,
2493 3729 2711 3776 teneant
2735 3721 2833 3776 sed
2870 3732 2924 3777 et
2955 3723 3042 3777 illa
3071 3739 3294 3796 sagaces
3323 3742 3338 3779 :

1840 3805 1934 3860 Illa
1963 3807 2136 3861 sciant
2157 3806 2402 3875 juvenes,
2436 3809 2644 3862 discant
2674 3811 2776 3864 hoc
2807 3810 3034 3880 denique
3064 3813 3198 3874 noti,

1840 3894 1935 3951 IHa
1966 3897 2181 3965 quidem
2211 3906 2410 3952 norunt
2437 3913 2681 3967 magnos,
2705 3899 2820 3955 haec
2848 3916 3070 3970 pascere
3094 3917 3291 3971 parvos
3323 3921 3336 3955 :

1843 3988 1938 4044 Illa
1959 3989 2125 4060 dapes
2157 3987 2421 4056 tribuunt,
2451 3998 2600 4045 novit
2627 3991 2730 4047 hoc
2753 3992 3029 4062 porrigere
3057 3992 3254 4047 lactcn.

189 4145 3374 4176 _____________________________________________.__.

1388 4270 1684 4347 LIBER
1749 4267 2164 4347 PRIMUS.

680 4579 909 4638 CAPUT
948 4579 1235 4638 PRIMUM.

223 4675 392 4731 Vatis.
423 4675 476 4728 I.
519 4673 614 4727 Vir
643 4680 756 4726 erat
794 4671 852 4728 in
887 4680 1026 4725 terra
1070 4669 1186 4724 Hus
1211 4712 1225 4736 ,
1261 4671 1466 4725 nomine
1501 4669 1601 4724 Job
1623 4688 1642 4725 :
1669 4700 1739 4711 —

155 4763 364 4820 Idcirco
404 4771 628 4818 sanctus
655 4761 743 4814 vir
774 4761 864 4815 ubi
894 4759 1218 4815 habitaverit
1263 4761 1496 4825 dicitur,
1533 4771 1591 4814 ut
1623 4762 1739 4832 ejus

157 4857 416 4910 meritum
469 4852 686 4907 virtutis
743 4851 1098 4921 exprimatur.
1159 4851 1273 4907 Ilus
1335 4868 1568 4923 namque
1616 4853 1739 4924 quis

159 4948 369 5001 nesciat
399 4947 542 5014 quod
585 4946 656 4999 sit
685 4951 830 4998 terra
875 4944 1191 5013 gentilium?
1232 4944 1514 5000 Gentilitas
1557 4955 1736 4999 autem

163 5052 228 5092 eo
255 5038 493 5107 obligata
517 5037 661 5090 vitiis
691 5035 939 5101 exstitit,
984 5051 1091 5106 quo
1115 5036 1473 5106 cognitionem
1504 5038 1583 5091 sui
1611 5052 1738 5091 con-

164 5127 359 5181 ditoris
397 5127 679 5196 ignoravit.
729 5124 916 5192 Neque
962 5126 1106 5180 enim
1159 5127 1316 5182 valde
1349 5127 1616 5182 laudabile
1658 5133 1742 5181 est

167 5214 370 5269 bonum
399 5229 520 5269 esse
544 5230 663 5269 cum
697 5214 881 5277 bonis,
905 5215 999 5267 sed
1030 5214 1228 5270 bonum
1263 5231 1383 5270 esse
1412 5232 1533 5272 cum
1562 5217 1738 5270 malis.

169 5301 304 5336 “Ino
345 5303 512 5336 :cr'nrn
567 5305 781 5336 οἷιιῖωοο
836 5311 1122 5336 nllnclnlnn
1163 5306 1376 5336 ιΙῖηι-ιηο-
1431 5303 1614 5336 νιν-οη..
1667 5303 1743 5336 rue.

1770 4584 1821 4644 D
1849 4583 2031 4654 quitur
2053 4582 2236 4638 dicens
2265 4599 2318 4635 τι
2347 4579 2572 4637 Dolores
2585 4591 2796 4638 nostros
2819 4582 2930 4653 ipse
2945 4583 3215 4656 portavit?
3239 4603 3255 4639 ι
3279 4583 3413 4655 (ιεα.

1845 4691 1967 4741 LIII,
2001 4675 2078 4744 4.)
2126 4673 2226 4741 Qui
2269 4673 2378 4728 Hus
2421 4683 2621 4729 terram
2666 4675 2931 4732 inhabitat
2958 4713 2975 4742 ,
3000 4676 3127 4746 quia
3160 4677 3215 4732 in
3256 4677 3418 4733 corde

1846 4765 2024 4836 populi
2075 4764 2438 4819 consiliatoris
2483 4775 2689 4836 regnat.
2737 4765 2934 4820 Paulus
2982 4767 3180 4837 quippe
3213 4785 3232 4818 ε
3265 4768 3419 4824 Chri-

1846 4867 1986 4912 stum
2015 4857 2108 4912 Dei
2131 4859 2408 4922 virtutem,
2434 4866 2487 4912 et
2517 4860 2608 4914 Dei
2641 4854 2969 4927 Sapientiam
3000 4877 3020 4912 ι
3049 4859 3180 4914 dicit
3211 4858 3259 4930 (1
3293 4858 3413 4912 Cor.

1845 4967 1886 5014 ι,
1900 4950 2014 5018 24).
2033 4951 2207 5021 Atque
2224 4951 2340 5005 haec
2365 4951 2478 5019 ipsa
2495 4951 2768 5021 Sapientia
2792 4965 2886 5018 per
2902 4950 3244 5006 Salomonem
3259 4950 3415 5002 dicit:

1851 5058 1870 5089 ι
1910 5039 2019 5108 Ego
2044 5040 2309 5109 sapientia
2343 5039 2528 5093 habito
2557 5042 2608 5095 in
2631 5039 2892 5104 consiliis,
2923 5050 2977 5095 et
3001 5041 3226 5094 eruditis
3253 5038 3409 5090 inter.

1847 5143 1966 5184 sum
1993 5128 2409 5198 cogitationibus
2434 5127 2614 5199 (Prov.
2642 5145 2736 5183 vm
2759 5168 2773 5192 ,
2813 5128 2923 5199 12).
2947 5152 2964 5182 ι
2996 5130 3220 5196 Tropice
3239 5134 3419 5179 autem

1847 5218 1891 5272 si
1916 5217 2016 5272 Job
2053 5219 2261 5282 dolens,
2290 5226 2343 5270 et
2367 5217 2478 5272 Hus
2503 5220 2817 5274 consiliator
2847 5213 3074 5281 dicitur,
3097 5231 3201 5268 non
3226 5214 3419 5266 imme-

1849 5307 1952 5336 ..ἴση
1982 5323 2080 5336 nn»
2105 5317 2334 5336 gul-nancta
2367 5310 2581 5336 “Al‘\:nn
2629 5311 2818 5336 ..ο-Λοιδὴ
2868 5311 3093 5336 η-ιῖρηοαη
3122 5303 3382 5336 Ωηιισιαιηιιι
