4004 5340
580 284 672 340 ίΗ

1436 320 1439 323 η
1535 273 1593 330 S.
1624 271 1882 331 ’ODONIS
1913 272 2207 331 ABBATIS
2242 271 2734 333 CLUNIACENSIS
2768 272 2810 329 ιι

3722 274 3824 331 ιη

575 399 796 463 apponit
817 388 1117 453 scientiam,
1141 388 1431 458 apponitet
1448 386 1684 444 dolorem
1709 386 1906 460 (Eccle.
1933 388 2096 460 1,38).
2124 406 2142 441 ι
2179 394 2228 455 Α
2253 387 2431 445 electi.
2459 387 2515 442 ln
2546 387 2718 444 tribus
2737 400 2865 443 vero
2886 384 3116 451 ﬁliabus,
3140 385 3425 443 multitudo
3449 387 3695 457 signatur
3722 406 3824 443 au-

468 472 474 476 ’
575 482 854 553 Sequitur.
902 478 1139 550 Simplex
1179 489 1227 534 et
1274 488 1464 535 rectus.
1489 478 1740 536 Nonnulli
1786 494 2020 549 namque
2070 480 2145 535 ita

572 582 700 629 sunt
723 556 1011 640 simplices,
1040 578 1101 626 ut
1147 577 1351 625 rectum
1377 571 1506 640 quid
1541 571 1613 626 sit
1641 571 1909 642 ignorent.
1946 570 2052 625 Sed
2080 584 2145 626 eo

569 678 713 720 verae
758 663 1118 733 simplicitatis
1168 663 1534 719 innocentiam
1595 663 1849 718 deserunt
1876 701 1891 726 ,
1939 663 2147 732 quoad

569 753 825 807 virtutem
870 751 1210 808 rectitudinis
1235 767 1340 808 non
1370 758 1679 823 assurgunt.
1708 750 1810 818 Qui
1845 751 1970 805 dum
1995 750 2142 805 cauti

569 858 688 900 esse
721 858 819 913 per
869 843 1247 899 rectitudinem
1296 845 1560 907 nesciunt,
1596 856 1934 912 nequaquam
1981 841 2143 897 inno-

567 946 752 991 centes
798 935 1093 1004 persistere
1130 949 1228 1005 per
1258 934 1659 1013 simplicitatem
1706 942 1951 1003 possunt.
2003 931 2141 988 Hinc

566 1034 649 1081 est.
677 1025 820 1095 quod
847 1024 1043 1081 Paulus
1072 1024 1362 1095 discipulos
1385 1026 1642 1080 admonet
1669 1025 1858 1080 dicens
1887 1043 1902 1079 :
1951 1043 1970 1077 ι
2007 1024 2142 1081 Volo

565 1131 665 1171 vos
695 1117 967 1186 sapientes
992 1130 1112 1172 esse
1136 1116 1190 1170 in
1219 1117 1381 1182 bono,
1412 1116 1685 1186 simplices
1710 1124 1887 1171 autem
1915 1116 1968 1171 ill
1994 1115 2139 1171 malo

568 1207 740 1266 (Rom.
770 1223 890 1273 xvr,
920 1208 1030 1278 l9).
1072 1226 1091 1262 ι
1144 1207 1281 1264 Hinc
1308 1207 1519 1264 Veritas
1545 1208 1620 1262 ait
1649 1225 1662 1260 :
1717 1227 1736 1260 ι
1781 1208 1967 1264 Estote
2004 1224 2141 1279 pru-

567 1297 754 1353 dentes
781 1297 921 1352 sicut
947 1307 1226 1367 serpentes
1250 1338 1265 1364 ,
1313 1306 1367 1354 et
1396 1298 1669 1369 simplices
1711 1298 1852 1354 sicut
1879 1298 2140 1354 columba:

567 1387 783 1458 (Matth.
812 1377 864 1451 ll,
891 1389 1003 1461 l5).
1034 1409 1053 1442 ι
1078 1389 1187 1446 Sed
1208 1390 1461 1460 quoniam
1489 1391 1541 1444 in
1567 1391 1891 1447 rectitudine
1905 1389 2139 1460 justitia,

563 1479 620 1533 in
642 1478 989 1549 simplicitate
1012 1488 1193 1536 autem
1220 1481 1578 1536 mansuetudo
1602 1483 1933 1553 designatur,
1967 1483 2143 1538 incar-

562 1578 727 1625 natus
753 1571 1011 1625 Dominus
1031 1569 1428 1641 simplicitatem
1455 1586 1579 1625 cum
1606 1572 1929 1628 rectitudine
1950 1573 2139 1639 tenuit,

563 1662 691 1734 quia
740 1648 840 1717 nec
894 1663 947 1717 ill
1002 1663 1415 1717 mansuetudine
1464 1663 1856 1719 districtionem
1880 1662 2136 1732 iustitiae,

2244 480 2500 536 ditorum.
2533 478 2663 545 Quae
2683 478 2729 532 si
2758 485 2813 532 et
2856 491 2954 545 per
2978 473 3361 547 perfectionem
3402 478 3582 548 operis
3611 495 3823 550 nequa-

2243 585 2404 640 quam
2445 567 2568 623 forti
2589 567 2787 621 virtute
2814 573 3150 636 permanent,
3183 565 3342 621 ﬁdem
3378 574 3551 622 tamen
3585 567 3826 623 Trinita-

2242 662 2313 717 tis
2342 660 2610 731 cognitam
2657 667 2969 715 constanter
3003 664 3206 712 tenent.
3248 657 3675 713 Possunt‘etiam
3725 674 3826 728 per

2243 762 2353 807 tres
2385 751 2520 805 ﬁlias
2551 761 2661 805 tres
2690 748 2907 804 ordines
2935 747 3166 802 ﬁdelium
3198 747 3484 819 designari,
3536 747 3823 804 Pastorum

2241 841 2511 906 videlicet,
2547 838 2938 895 continentium
2981 846 3143 920 atque
3172 836 3605 907 coniugatorum.
3666 837 3826 895 Unde

2221 941 2294 988 -~et
2318 931 2572 987 Ezechiel
2600 931 2859 1000 propheta
2896 938 3008 984 tres
3046 929 3304 984 liberatos
3330 930 3474 984 viros
3508 931 3730 986 audisse
3767 947 3827 987 se

2242 1024 2457 1085 asserit.
2510 1021 2622 1077 Noe
2693 1020 2918 1083 scilicet,
2975 1019 3270 1084 Danielem,
3320 1028 3376 1074 et
3429 1018 3549 1076 Job.
3603 1020 3828 1091 Septem

2241 1113 2436 1183 quippe
2480 1113 2643 1168 etiam
2694 1111 2848 1166 nobis
2880 1109 2974 1165 ﬁlii
2998 1118 3313 1173 nascuntur,
3363 1124 3485 1165 cum
3544 1125 3644 1180 per
3699 1126 3824 1167 con-

2241 1204 2545 1273 ceptionem
2575 1203 2729 1258 bonae
2766 1200 3096 1270 operationis
3131 1200 3303 1256 sancti
3332 1198 3590 1271 Spiritus,
3617 1211 3826 1271 septem

2242 1295 2296 1350 in
2325 1293 2478 1349 nobis
2502 1293 2729 1347 virtutes
2751 1293 3018 1348 oriuntur.
3052 1292 3126 1346 De
3152 1292 3345 1361 quibus
3373 1293 3637 1362 propheta
3661 1292 3827 1347 dicit:

2249 1402 2267 1436 ι
2305 1383 2624 1452 Requiescet
2669 1396 2830 1451 super
2879 1395 3000 1435 eum
3030 1380 3263 1453 Spiritus
3311 1381 3544 1446 Domini,
3588 1382 3829 1452 Spiritus

2242 1477 2520 1548 sapientiae
2569 1483 2624 1531 et
2669 1474 2993 1540 intellectus,
3026 1494 3045 1528 ι
3106 1483 3162 1530 et
3203 1474 3409 1544 reliqua
3456 1474 3589 1546 ('Isa.
3640 1475 3825 1544 xr,2).

2240 1565 2546 1639 Nascuntur
2569 1574 2623 1620 et
2659 1575 2768 1620 tres
2814 1580 3050 1621 sorores.
3100 1564 3237 1633 Quia
3286 1566 3543 1637 quidquid
3588 1566 3747 1621 virile
3772 1566 3829 1622 hi

2240 1656 2500 1712 virtutum
2561 1671 2753 1712 sensus
2808 1656 3036 1723 faciunt,
3097 1656 3244 1721 fidei,
3297 1660 3411 1726 spei
3461 1657 3832 1727 charitatique

562 1768 664 1808 nec
706 1753 1006 1809 rursumia
1036 1752 1636 1824 districtionefjustitiaa
1678 1753 1937 1810 virtutem
1985 1769 2139 1809 man—
2169 1757 2216 1815 B
2242 1745 2593 1817 coniungunt.
2648 1746 2835 1817 Neque
2865 1746 3008 1802 enim
3060 1747 3128 1801 ad
3176 1746 3385 1817 denarii
3433 1746 3831 1817 perfectionem

561 1845 866 1899 suetudinis
902 1845 1107 1900 amisit.
1145 1844 1297 1900 Unde
1328 1846 1378 1900 ei
1405 1861 1500 1915 per
1529 1844 1861 1916 Prophetam
1891 1845 2093 1900 dicitur
2124 1862 2139 1898 :

566 1954 586 1988 ‹
638 1936 884 2001 Intende,
939 1951 1197 2009 prospere
1248 1937 1486 2007 procede
1544 1946 1598 1993 et
1660 1952 1845 2007 regna.
1889 1936 2144 1992 Dilexisti

558 2024 825 2096 justitiam
859 2027 977 2100 (Ps.
1020 2043 1170 2095 xle,
1195 2027 1249 2094 5,
1295 2027 1372 2098 8).
1413 2027 1688 2098 i‘Tropice
1714 2042 1950 2099 namque
1991 2027 2143 2099 quis-

558 2121 685 2190 quis
713 2106 973 2176 altemam
1000 2121 1230 2192 patriam
1260 2119 1484 2190 appetit,
1518 2117 1742 2189 simplex
1766 2116 1955 2189 procul
1978 2117 2144 2173 dubio

562 2220 618 2266 et
646 2219 828 2267 rectus
847 2211 998 2268 vivit.
1030 2201 1269 2282 Simplex
1298 2211 1546 2267 videlicet
1572 2225 1753 2281 opere,
1799 2220 1981 2265 rectus
2007 2209 2138 2265 ﬁde.

562 2298 671 2356 Sed
700 2300 947 2370 quisquis
973 2299 1025 2354 in
1058 2300 1216 2354 bonis
1253 2314 1371 2369 qua:
1394 2299 1526 2372 agit,
1581 2314 1689 2354 non
1729 2298 2140 2354 retributionem

562 2390 814 2456 interius,
844 2391 935 2446 sed
964 2390 1202 2446 favorem
1250 2390 1490 2445 exterius
1530 2389 1743 2459 quierit,
1774 2386 2003 2457 simplex
2034 2401 2141 2441 non

562 2488 667 2536 est.
700 2479 853 2536 Unde
872 2495 968 2550 per
987 2480 1274 2555 quemdam
1297 2479 1591 2548 sapientem
1616 2478 1841 2534 dicitur:
1863 2495 1882 2530 ι
1906 2479 1998 2535 Vae
2017 2493 2144 2548 pec-

558 2570 733 2627 catori
763 2569 1314 2641 tcrram,ingredienti
1331 2569 1536 2624 duabus
1563 2567 1666 2623 viis
1681 2566 1956 2638 (Eccli.ll,
1984 2567 2094 2641 14).
2116 2586 2136 2621 ι

562 2659 837 2732 Sequitur.
871 2660 1077 2715 Timena
1104 2659 1271 2714 Deum
1289 2671 1336 2715 et
1364 2658 1601 2712 recedens
1625 2675 1655 2712 a
1688 2656 1845 2711 malo.
1874 2687 1945 2697 —
1973 2658 2140 2715 Deum

556 2748 755 2805 timere
774 2757 877 2815 est,
912 2748 1056 2803 nulla
1078 2762 1199 2818 quae
1241 2747 1491 2803 facienda
1522 2755 1647 2803 sunt
1673 2746 1812 2804 bona
1838 2747 2138 2817 praeterire.

560 2834 718 2893 Unde
747 2837 1223 2909 perSalomonem
1269 2836 1502 2893 dicitur:
1531 2856 1550 2889 ι
1589 2836 1689 2905 Qui
1742 2836 1913 2893 De’um
1964 2840 2138 2908 timet,

559 2927 701 2985 nihil
733 2927 954 3000 negligit
979 2926 1178 3000 (Eccle.
1203 2942 1303 2996 vn,
1332 2926 1444 2999 to).
1481 2946 1509 2981 ι»
1527 2914 1632 2982 Sed
1654 2928 1776 2998 quia
1799 2929 2035 2984 nonnulli
2060 2930 2141 2986 sic

556 3020 700 3077 bona
725 3018 948 3086 faciunt,
976 3028 1035 3074 ut
1064 3026 1246 3075 tamen
1277 3034 1307 3073 a
1357 3018 1677 3090 quibusdam
1706 3018 1863 3075 malis
1909 3036 2015 3077 non
2053 3036 2141 3076 re-

2243 1847 2450 1909 septem
2481 1839 2573 1893 ﬁlii
2600 1840 2940 1909 perveniunt,
2969 1840 3074 1895 nisi
3101 1840 3155 1894 in
3194 1840 3322 1908 ﬁde,
3353 1855 3448 1911 spe
3476 1851 3532 1897 et
3557 1841 3829 1897 cbaritate

2244 1928 2408 1986 fuerit
2433 1945 2595 1986 omne
2616 1931 2757 2002 quod
2789 1941 2975 2004 agunt.
3008 1930 3267 2003 Sequitur
3306 1951 3321 1988 :

2315 2023 2477 2079 Vatis.
2494 2023 2545 2079 ὅ.
2574 2023 2641 2079 Et
2663 2024 2766 2094 fuit
2779 2024 3034 2095 possessio
3055 2024 3191 2095 ejus,
3222 2034 3414 2095 septem
3437 2023 3607 2080 millia
3629 2026 3826 2089 ovium,

2241 2127 2287 2171 et
2336 2117 2438 2170 tria
2474 2115 2644 2171 millia
2693 2115 3011 2171 camelorum
3039 2157 3055 2184 ,
3100 2118 3384 2188 quingenta
3442 2133 3653 2188 quoque
3691 2096 3845 2186 ,ᾔειςῖ

2242 2206 2419 2272 boum,
2446 2216 2492 2261 et
2517 2207 2811 2278 quingenta:
2832 2207 3017 2274 asinw,
3046 2224 3109 2262 ac
3127 2207 3349 2278 familia
3376 2207 3540 2261 multa
3564 2207 3830 2261 nimis.—

2245 2294 2459 2352 Scilnus
2479 2295 2606 2365 quia
2638 2296 2705 2350 ad
2739 2292 2999 2363 majorem
3037 2295 3276 2351 dolorem
3306 2304 3542 2351 mentem
3583 2310 3832 2352 commo-

2241 2393 2370 2441 vent
2420 2386 2613 2441 damna
2659 2384 2888 2457 majora.
2933 2385 3004 2442 Ut
3047 2385 3211 2457 igitur
3261 2387 3577 2442 ostendatur
3611 2396 3831 2456 quantae

2241 2475 2457 2531 virtutis
2487 2474 2713 2541 exstitit,
2746 2475 2972 2530 multum
3018 2474 3184 2531 fuisse
3210 2475 3401 2531 dicitur
3429 2475 3573 2545 quod
3618 2476 3831 2545 pariter

2243 2564 2753 2636 amisit.'Nunquam
2782 2567 2978 2637 quippe
3007 2567 3124 2622 sine
3170 2565 3353 2622 dolore
3391 2566 3679 2632 amittitur,
3721 2567 3827 2622 nisi

2241 2657 2383 2727 quod
2407 2658 2524 2711 sine
2555 2672 2740 2712 amore
2788 2656 3113 2729 possidetur.
3161 2656 3299 2724 Quid
3329 2656 3473 2712 enim
3511 2658 3745 2729 mystice
3772 2657 3827 2711 in

2242 2754 2448 2814 septem
2470 2745 2706 2801 millibus
2737 2747 2947 2812 ovibus,
2982 2746 3085 2800 nisi
3109 2744 3361 2802 Hebraeos
3390 2762 3418 2800 a
3444 2746 3661 2817 pascuis
3689 2746 3825 2817 legis

2243 2836 2558 2893 innocenter
2578 2836 2644 2891 ad
2670 2836 2829 2892 ﬁdem
2860 2837 3158 2905 venientes,
3185 2837 3671 2908 acc‘ipimus?Quid
3694 2853 3827 2893 vero

2240 2928 2296 2983 in
2327 2927 2498 2985 tribus
2525 2927 2761 2984 millibus
2790 2928 3142 2995 camelorum,
3180 2928 3284 2985 nisi
3314 2930 3383 2983 ad
3427 2928 3822 3000 plenitudinem

2243 3018 2370 3074 ﬁdei
2399 3003 2623 3075 veniens
2655 3028 2765 3074 tota
2795 3019 3073 3091 gentilium
3100 3020 3389 3086 vitiositas,
3419 3028 3613 3076 onusta
3655 3021 3828 3076 idolo-

559 3109 780 3177 cedant,
806 3109 943 3165 bene
990 3117 1275 3180 postquam
1305 3107 1510 3164 Timens
1528 3107 1700 3179 Deum
1750 3110 1967 3179 dicitur,
1997 3126 2137 3165 rece-
2164 3104 2209 3166 C
2241 3124 2359 3164 rum
2373 3108 2607 3165 cultibus
2629 3108 2970 3180 designatur?
2992 3108 3176 3165 Potest
3194 3123 3425 3180 namque
3448 3123 3546 3178 per
3558 3111 3822 3170 camelos.

558 3197 688 3254 deus
703 3212 915 3271 quoque
939 3214 973 3253 a
993 3197 1133 3253 malo
1155 3213 1276 3255 esse
1296 3198 1631 3270 perhibetur.
1658 3198 1928 3269 Scriptum
1944 3200 2138 3271 quippe

555 3297 671 3345 est:
709 3305 728 3339 ι
750 3287 983 3343 ‘Declina
1011 3302 1042 3342 a
1069 3286 1211 3344 malo
1236 3297 1290 3343 et
1316 3287 1400 3344 fac
1415 3288 1611 3343 bonum
1636 3287 1752 3359 (Ps.
1772 3290 2082 3361 xxxvl,27).
2112 3310 2132 3343 ι

558 3378 629 3434 Et
654 3376 888 3435 Iacobus
919 3395 933 3434 :
974 3377 1365 3450 gQuicunque,
1396 3379 1590 3450 inquit,
1640 3388 1803 3436 totam
1826 3381 2000 3451 legem
2030 3396 2140 3437 ser-

555 3467 790 3533 vaverit,
834 3466 1068 3523 oti‘endat
1093 3476 1272 3522 autem
1318 3467 1372 3523 in
1422 3484 1549 3533 uno,
1579 3468 1755 3524 factus
1782 3478 1864 3525 est
1897 3471 2138 3525 omnium

555 3570 685 3612 reus
712 3556 932 3630 (Jac.n,
971 3557 1082 3629 10).
1117 3576 1136 3610 ι
1182 3556 1289 3613 Sed
1329 3559 1466 3613 bene
1512 3559 1615 3614 hoc
1669 3575 1732 3615 ex
1764 3559 2139 3631 Redemptoris

556 3649 731 3706 ποειιί
759 3665 892 3706 voce
916 3650 1132 3706 dicitur.
1156 3647 1319 3709 ‘Juxta
1342 3651 1697 3706 humanitatis
1720 3651 1862 3705 enim
1887 3659 2136 3707 naturam

558 3739 731 3795 Deum
756 3740 953 3807 timuit,
984 3739 1108 3810 quia
1139 3748 1200 3793 ut
1220 3740 1511 3809 superbum
1530 3739 1805 3794 hominem
1830 3739 2135 3806 redimeret,

553 3837 795 3884 mentem
821 3843 920 3899 pro
941 3828 1031 3884 illo
1054 3828 1312 3883 humilem
1337 3828 1585 3898 sumpsit.
1613 3827 1884 3899 Scriptum
1908 3845 2140 3900 namque

557 3920 627 3976 de
655 3920 748 3976 illo
772 3928 900 3975 est:
939 3938 958 3972 ι
991 3919 1060 3974 Ει
1108 3919 1337 3989 replebit
1376 3933 1498 3973 eum
1534 3919 1755 3988 spiritus
1798 3920 2006 3976 timoris
2038 3920 2140 3975 Do-

556 4010 688 4065 mini
713 4009 869 4080 (lsai.
900 4025 977 4075 ιι,
1003 4009 1114 4081 5).»
1144 4008 1392 4063 Recessit
1415 4016 1597 4063 autem
1624 4024 1654 4063 a
1678 4008 1842 4075 malo,
1869 4025 1975 4065 non
1997 4010 2138 4079 quod

554 4097 804 4154 faciendo
834 4099 1074 4170 contigit,
1123 4099 1218 4154 sed
1259 4098 1401 4168 quod
1448 4098 1766 4153 inveniendo
1809 4100 2135 4169 reprobavit.

556 4191 760 4247 Sancta
786 4193 950 4248 etiam
971 4191 1264 4248 electorum
1290 4191 1551 4258 Ecclesia,
1573 4190 1935 4262 simplicitatis
1950 4209 2065 4250 suae
2085 4203 2141 4249 et

556 4280 896 4336 rectitudinis
910 4280 1027 4336 vias
1046 4296 1078 4336 a
1097 4281 1290 4336 timore
1306 4279 1640 4336 inclloat.Cui
1656 4291 1785 4338 tunc
1798 4290 1882 4338 est
1903 4283 2140 4340 funditus

555 4386 589 4424 a
623 4370 765 4426 malo
811 4371 1087 4436 recedere,
1131 4385 1251 4426 cum
1291 4387 1358 4426 ex
1397 4387 1585 4428 amore
1632 4372 1729 4429 Dei
1769 4377 1997 4445 cmperit
2020 4377 2136 4447 jam

2242 3200 2369 3271 quia
2429 3214 2716 3255 commune
2763 3209 2891 3255 sunt
2933 3200 3151 3266 animal,
3188 3199 3664 3257 Samaritanorum
3710 3203 3825 3257 vita

2241 3289 2464 3360 signari.
2489 3288 2589 3358 Qui
2620 3289 2772 3359 quasi
2818 3289 3118 3356 ruminant,
3172 3298 3232 3345 ut
3277 3290 3531 3355 camelus,
3582 3291 3711 3361 quia
3755 3305 3823 3346 ex

2240 3388 2395 3450 parte
2414 3380 2577 3435 verba
2605 3378 2754 3449 'leg‘is
2792 3379 3077 3448 recipiunt,
3121 3387 3177 3434 et
3220 3380 3374 3450 quasi
3414 3379 3667 3452 ungulam
3711 3394 3823 3449 ιι,οη

2240 3471 2452 3526 ﬁndunt
2480 3479 2541 3526 ut
2564 3470 2822 3535 camelus,
2851 3470 2978 3539 quia
3001 3485 3120 3524 eam
3149 3484 3247 3541 pro
3272 3478 3423 3540 parte
3447 3478 3818 3526 contemnunt.

2239 3561 2341 3628 Qui
2366 3562 2528 3616 etiam
2560 3576 2726 3632 grave
2767 3576 2904 3616 onus
2927 3568 3169 3630 portant,
3201 3561 3328 3630 quia
3355 3560 3470 3615 sine
3496 3575 3593 3630 spe
3640 3546 3823 3617 resur-

2240 3653 2494 3709 rectionis
2530 3653 2792 3708 laborant.
2824 3651 2931 3707 Sed
2956 3652 3425 3723 quiaincarnatns
3449 3653 3735 3720 Dominus,
3767 3664 3822 3709 et

2240 3740 2588 3798 Hebrazorum
2636 3742 2887 3812 populum
2925 3749 2978 3796 et
3041 3740 3504 3798 Samaritanorum
3552 3745 3821 3815 quosdam

2240 3833 2305 3888 ad
2353 3833 2510 3888 ﬁdem
2573 3834 2839 3902 perduxit,
2900 3842 3103 3904 septem
3162 3833 3328 3889 millia
3372 3836 3574 3901 ovium,
3615 3845 3675 3892 et
3716 3839 3822 3892 tria

2240 3925 2405 3980 millia
2458 3925 2784 3980 camelorum
2826 3926 3084 3995 possedit.
3133 3925 3189 3980 In
3225 3925 3504 3998 Scriptura
3552 3942 3826 3984 sacraee-

2240 4015 2362 4070 meli
2410 4016 2627 4070 nomine
2688 4013 2977 4084 aliquando
3020 4016 3134 4086 ipse
3190 4015 3332 4072 Deus
3386 4017 3729 4087 exprimitur,
3766 4028 3824 4073 ut

2242 4105 2404 4160 illud:
2437 4123 2454 4157 ι
2493 4104 2786 4175 Liquantes
2813 4104 3058 4171 culicem,
3089 4114 3144 4160 et
3187 4106 3451 4161 camelum
3503 4107 3819 4177 glutientes.

2241 4196 2456 4269 (Matth.
2486 4211 2645 4261 χχιιι,
2670 4196 2784 4264 24).
2808 4216 2826 4248 ι
2859 4195 3159 4265 Aliquando
3185 4207 3364 4253 autem
3393 4198 3625 4268 populus
3650 4200 3826 4271 genti-

2239 4288 2324 4344 lis.
2355 4287 2508 4344 Unde
2532 4297 2584 4342 et
2610 4287 2853 4343 Rebecca
2886 4289 2953 4343 ad
2981 4287 3131 4344 lsaac
3150 4289 3391 4354 veniens,
3424 4299 3609 4360 typum
3638 4291 3823 4346 Eccle-

2238 4379 2332 4434 siae
2357 4378 2664 4448 praeferens,
2696 4377 2856 4432 dorso
2898 4378 3088 4432 cameli
3132 4376 3431 4433 deducitur.
3475 4378 3817 4436 MORALI‘I’ER.

557 4459 701 4516 nolle
712 4473 959 4531 peccare.
982 4459 1085 4527 Qui
1105 4474 1236 4515 vero
1255 4461 1449 4517 timore
1469 4462 1606 4517 bona
1631 4465 1760 4535 agit,
1777 4481 1805 4520 a
1823 4466 1964 4521 malo
1983 4468 2137 4537 peni-
2166 4451 2217 4512 Ῑ)
2242 4466 2382 4525 Oves
2400 4470 2560 4524 etiam
2590 4482 2690 4522 nos
2718 4468 3076 4537 possidemus,
3108 4483 3229 4523 cum
3274 4468 3630 4540 cogitationes
3663 4472 3819 4526 inno-

558 4563 646 4606 tus
660 4552 1025 4621 nonrecessit,
1047 4551 1171 4621 quia
1183 4567 1247 4608 eo
1270 4552 1383 4622 ipso
1396 4562 1582 4623 peccat
1595 4570 1700 4625 quo
1717 4572 1940 4626 peccare
1956 4559 2135 4627 vellet,

558 4641 605 4695 si
645 4640 824 4698 multae
857 4640 927 4714 [si
970 4641 1218 4714 multum]
1252 4658 1476 4712 peccare
1514 4647 1795 4716 potuisset.
1833 4647 2089 4719 Sequitur
2119 4669 2133 4705 :

574 4786 580 4792 .
630 4734 792 4790 Vens.
819 4734 874 4789 2.
900 4734 1131 4808 Natique
1158 4744 1281 4790 sunt
1301 4736 1349 4790 ei
1369 4747 1562 4808 septem
1590 4738 1689 4807 ﬁlii
1715 4748 1763 4794 et
1787 4748 1889 4794 tres
1917 4740 2139 4809 ﬁliae.—

561 4825 717 4897 Saepe
737 4827 806 4882 ad
835 4827 1117 4909 avaritiam
1139 4842 1236 4884 cor
1256 4829 1499 4899 parentis
1525 4830 1674 4885 ducit
1697 4830 1997 4887 fecunditas
2015 4847 2139 4902 pro-

560 4919 644 4977 lis.
663 4919 1030 4992 Utergobeati
1052 4918 1152 4977 Job
1174 4936 1337 4992 quam
1351 4930 1539 5001 sancta
1564 4936 1717 4976 mens
1745 4920 1924 4988 fuerit,
1949 4931 2133 4979 osten-

562 5013 720 5067 datur
738 5021 797 5066 et
815 5010 997 5081 justus
1029 5012 1246 5077 dicitur,
1276 5020 1335 5068 et
1370 5012 1551 5068 multae
1597 5012 1764 5082 prolis
1790 5021 1944 5083 pater
1971 5012 2137 5070 luisse

561 5104 893 5173 perhibetur.
923 5104 1182 5160 Mrsrlcs.
1206 5104 1345 5171 Quid
1369 5103 1424 5158 in
1446 5103 1775 5172 septenario,
1801 5105 1901 5159 nisi
1927 5119 2134 5160 summa

560 5194 909 5265 perfectionis
934 5194 1242 5266 accipitur?
1264 5194 1309 5248 A
1337 5196 1644 5264 septenario
1673 5196 1868 5267 quippe
1890 5213 2132 5264 numero,

562 5288 618 5340 in
638 5287 1029 5340 duodenarium
1057 5287 1314 5340 surgitur.
1347 5284 1406 5340 Si
1448 5285 1590 5340 enim
1618 5295 1851 5340 uuatuor
1885 5304 1979 5340 [ιρι-
2011 5290 2133 5340 tria.

2240 4561 2358 4615 xias
2397 4559 2757 4630 possidemus.
2827 4558 3074 4614 Camelos
3117 4560 3313 4629 quippe
3342 4559 3731 4629 possidemus,
3770 4563 3817 4618 si

2239 4653 2381 4724 quod
2418 4652 2582 4707 altum
2605 4653 2862 4723 sapimus,
2910 4651 3183 4707 humiliter
3211 4651 3553 4721 deponimus,
3584 4669 3709 4709 cum
3730 4671 3821 4711 co-

2238 4746 2345 4816 gita
2355 4743 2527 4799 tiones
2546 4753 2757 4797 nostras
2778 4742 2847 4797 ad
2869 4741 3197 4797 inﬁrmitatis
3212 4740 3466 4799 fraternae
3484 4745 3820 4814 compassio-

2240 4847 2364 4887 nem
2398 4830 2690 4887 ﬂectimus.
2733 4831 2887 4898 Quod
2921 4831 3135 4900 quidem
3185 4831 3304 4886 sine
3341 4832 3677 4904 cognitione
3700 4835 3819 4888 ﬁdei

2242 4923 2522 4979 Trinitatis
2574 4937 2735 4995 agere
2780 4937 2887 4978 non
2934 4919 3189 4978 valemus.
3231 4920 3464 4977 Possunt
3501 4934 3688 4979 autem
3728 4940 3820 4995 per

2241 5016 2498 5081 camelos,
2545 5022 2887 5075 terrenarum
2952 5028 3134 5068 rerum
3180 5014 3335 5070 bona:
3388 5014 3820 5085 dispensationes

2242 5105 2483 5177 intelligi.
2521 5102 2654 5172 Quia
2686 5105 2849 5176 igitur
2879 5118 2985 5159 non
3012 5115 3071 5158 se
3091 5103 3305 5172 penitus
3346 5103 3528 5159 anima
3576 5107 3649 5162 ab
3674 5108 3816 5163 omni

2243 5210 2460 5256 terreno
2504 5213 2666 5268 opere
2712 5195 2990 5266 disiungit,
3034 5194 3288 5266 ungulam
3337 5210 3443 5250 non
3491 5196 3674 5265 ﬁlldit,
3729 5199 3818 5255 sed

2246 5304 2423 5340 tamen
2455 5294 2709 5340 ruminat-
2749 5294 2873 5340 mlia
2914 5291 3053 5340 bene
3078 5291 3434 5340 disnensandn
3482 5297 3815 5340 temmmlia-
