4004 5340
171 351 275 408 H5

949 350 1249 411 Epiron:
1286 352 1648 411 nomnen
1687 353 1746 411 s.
1781 352 1986 412 anno.
2026 355 2094 410 IN
2131 353 2269 414 JOB.
2303 341 2380 396 "—
2415 355 2544 412 LIB.
2582 354 2628 412 1.

3322 358 3428 418 {ﬂ

169 446 460 533 signatur,
482 472 541 518 ut
567 462 724 519 illud:
757 484 775 517 ε
807 461 923 520 Non
950 467 1191 538 alligabis
1233 484 1294 526 os
1320 469 1444 524 bovi
1475 470 1750 526 trituranti
1778 476 1826 535 Α
1856 469 2021 524 tionis
2050 479 2248 525 nostra:
2278 471 2467 537 radiis,
2509 471 2560 525 in
2593 478 2850 540 quantum
2880 472 3206 542 possibilitas
3236 490 3430 546 suppe-

167 553 349 621 (Deut.
401 568 531 618 xxv,
576 554 653 619 4;
704 554 730 607 Ι
787 553 908 609 Cor.
963 573 1039 622 Ix,
1097 558 1167 624 9;
1213 557 1400 613 lTim.
1438 575 1494 627 ν,
1552 561 1661 633 l8).
1725 581 1744 616 ι

165 645 476 715 Aliquando
524 647 790 703 hebetudo
824 649 1114 717 fatuorum,
1149 662 1210 708 ut
1234 653 1361 708 illud
1415 655 1744 710 Salomonis:

171 753 190 788 ι
232 737 548 809 Statimque
573 754 691 794 eam
720 743 962 810 sequitur
997 745 1151 811 quasi
1199 745 1296 800 bos
1328 746 1520 800 ductus
1575 747 1642 802 ad
1669 747 1749 801 vi-

163 827 389 882 ctimam
416 827 600 898 (Prov.
627 845 720 895 vn,
749 832 860 902 ἓξ).
893 853 910 885 ι
946 833 1237 890 Asinorum
1272 850 1486 906 quoque
1508 838 1748 905 nomine,

162 917 459 988 aliquando
507 921 790 976 stultorum
839 923 1050 994 pigritia
1101 925 1447 996 designatur,
1504 938 1564 982 ut
1621 929 1750 984 illud

162 1006 332 1078 Moysi
364 1023 380 1061 :
415 1027 434 1060 ι
471 1009 585 1064 Non
635 1012 814 1067 arabis
855 1013 908 1066 in
953 1015 1090 1070 bove
1127 1015 1283 1070 simul
1313 1026 1366 1072 ct
1395 1019 1544 1074 asino
1570 1019 1746 1090 (Deut.

159 1112 323 1164 un,
371 1099 486 1170 ω).
529 1118 548 1152 ι
616 1101 918 1172 Aliquando
977 1105 1331 1161 immoderata
1395 1109 1747 1180 petulantiam

159 1193 377 1246 luxuria
402 1233 418 1257 ,
465 1203 526 1248 ut
569 1193 696 1250 illud
732 1197 1012 1266 prepbeta:
1039 1215 1050 1252 :
1085 1217 1104 1250 ι
1137 1198 1376 1266 Quorum
1405 1216 1597 1257 carnes
1624 1213 1749 1259 sunt

159 1292 220 1338 ut
258 1298 458 1339 carnes
497 1285 772 1340 asinorum
809 1285 1025 1358 (Ezecﬁ.
1059 1306 1218 1354 uin,
1241 1290 1354 1363 20).
1381 1311 1400 1345 ι
1445 1292 1750 1363 Aliquando

158 1377 445 1444 gentilium
493 1379 852 1449 simplicitas:
879 1382 1020 1437 unde
1059 1382 1356 1441 Jerusalem
1393 1387 1618 1442 tendens
1645 1388 1750 1445 Do-

158 1469 362 1532 minus,
404 1469 630 1524 asellum
669 1472 875 1527 sedisse
909 1472 1244 1542 perhibetur.
1292 1475 1428 1544 Quid
1455 1479 1598 1534 enim
1630 1478 1746 1545 bos,

157 1560 260 1615 nisi
284 1559 544 1617 Judaicus
577 1564 804 1633 populus
838 1565 1071 1632 exstitit,
1095 1564 1250 1636 cujus
1273 1569 1538 1624 cervicem
1560 1571 1748 1642 jugum

157 1649 294 1721 legis
335 1652 589 1707 attrivit?
635 1653 702 1707 Et
740 1655 869 1723 quid
913 1656 1098 1712 asinus
1157 1658 1258 1712 nisi
1309 1660 1580 1728 gentilitas
1607 1661 1750 1716 fuit?

157 1740 331 1807 Quam
374 1743 605 1812 quilibet
647 1745 902 1800 seductor
950 1748 1166 1816 repetit,
1207 1749 1359 1818 quasi
1389 1751 1606 1806 brutum
1632 1754 1749 1807 ani-

1855 559 1945 624 tit,
1970 560 2260 615 sociamur.
2295 560 2367 616 Ut
2391 560 2587 617 Paulus
2611 562 2716 615 ait:
2743 580 2760 613 ι
2789 560 2982 618 Nostra
3007 567 3346 622 conversatio
3373 567 3428 621 in

1855 651 2007 706 caelis
2033 660 2115 706 est
2139 650 2307 722 (Phil.
2335 667 2416 716 ιιι,
2445 653 2558 723 20).
2589 672 2606 704 ι
2643 652 2934 722 Sequitur:
3162 660 3166 664 '

1924 739 2089 795 Vsus.
2118 741 2173 794 4.
2215 739 2284 794 Ει
2312 741 2454 795 ibant
2479 741 2580 809 ﬁlii
2607 741 2741 810 ejus,
2773 751 2821 796 et
2851 742 3109 810 faciebant
3139 745 3426 800 convivium

1850 847 1941 900 per
1967 831 2257 886 domos.-—
2285 831 2328 887 Ο
2360 832 2784 887 inaestimabilem
2812 842 3050 902 paterna:
3076 835 3431 893 institutionis

1854 919 2110 975 laudem?
2162 921 2226 975 Et
2262 930 2416 992 pater
2443 922 2591 977 dives
2620 922 2836 987 dicitur,
2877 932 2932 978 et
2971 924 3061 979 ﬁlii
3101 927 3420 982 concordes.

1853 1009 2112 1066 Mvsrtcc.
2147 1012 2266 1067 Filii
2293 1029 2389 1083 per
2411 1013 2598 1069 domos
2621 1014 2864 1069 convivia
2890 1015 3082 1071 facturi
3114 1017 3283 1082 ibant,
3305 1032 3431 1074 cum

1851 1101 2234 1170 praedicatores
2266 1103 2490 1173 apostoli
2530 1105 2581 1159 in
2619 1105 2846 1162 diversis
2883 1107 3063 1161 mundi
3096 1107 3427 1178 regionibus,

1851 1190 2112 1247 virtutum
2149 1195 2335 1264 epulas
2376 1195 2714 1250 audientibus
2752 1196 2908 1266 quasi
2947 1197 3232 1253 edentibus
3264 1198 3428 1252 mini-

1851 1282 2117 1338 strabant.
2153 1284 2305 1340 Unde
2333 1295 2388 1342 et
2417 1287 2617 1342 eisdem
2649 1287 2772 1343 tiliis
2791 1287 3154 1344 esurientibus
3181 1288 3430 1358 plebibus

1851 1371 2078 1428 dicitur:
2099 1393 2116 1425 ι
2139 1375 2271 1430 Date
2300 1368 2406 1431 illis
2431 1393 2526 1433 vos
2554 1379 2882 1434 manducare
2906 1379 3120 1449 (Matth.
3140 1395 3252 1447 xtv,
3269 1379 3380 1450 10).
3405 1400 3424 1432 ι

1852 1459 1910 1515 Si
1940 1462 2083 1516 enim
2124 1463 2441 1533 ignorantia:
2472 1466 2778 1522 obscuritas
2814 1468 2932 1522 sine
2957 1468 3293 1525 dubitatione
3320 1486 3428 1525 nox

1848 1559 1932 1607 est
1960 1553 2158 1620 cordis,
2190 1555 2493 1613 intellectus
2523 1574 2630 1613 non
2660 1559 2932 1615 immerito
2962 1561 3074 1616 dies
3100 1570 3338 1624 vocatur,
3370 1573 3434 1619 ut

1848 1641 2045 1700 Paulus
2075 1645 2189 1700 ait:
2226 1665 2244 1698 ‹
2281 1647 2434 1703 Alius
2470 1649 2678 1719 judicat
2714 1651 2856 1705 diem
2905 1653 3046 1707 inter
3072 1653 3235 1707 diem.
3281 1654 3433 1711 Alius

1843 1731 2050 1802 iudicat
2093 1751 2305 1792 omnem
2352 1737 2492 1794 diem
2523 1739 2698 1811 (Rom.
2726 1758 2835 1808 xw,
2863 1743 2915 1812 5)
2974 1762 2993 1794 ι
3052 1742 3434 1817 Unusquisque

157 1834 268 1888 mal
313 1850 423 1904 quo
461 1836 634 1893 νοιυη
681 1854 869 1895 errore
913 1841 1254 1898 substravit?
1305 1843 1442 1911 Quid
1482 1861 1613 1902 vero
1654 1863 1751 1918 per
1780 1857 1826 1918 Β
1854 1841 1982 1898 ergo
2014 1827 2158 1884 ﬁlius
2191 1830 2246 1884 in
2274 1830 2360 1886 die
2391 1845 2491 1887 suo
2520 1833 2825 1888 convivium
2855 1835 3108 1902 exhibet,
3140 1837 3265 1906 quia
3299 1853 3430 1892 san-

157 1923 656 1995 quingentesimum
704 1944 992 1985 numerum
1033 1933 1125 2002 qui
1171 1949 1202 1988 a
1247 1935 1745 2007 quinquagenaria,

157 2015 253 2083 qui
303 2027 517 2085 septem
566 2019 994 2078 hebdomadibus
1037 2039 1102 2079 ac
1141 2027 1371 2082 monade
1415 2029 1620 2097 addita,
1652 2031 1748 2087 ad-

159 2107 438 2177 lmpletur,
468 2110 569 2165 nisi
598 2112 812 2181 requies
839 2114 1123 2186 signatur?
1157 2115 1295 2183 Quid
1325 2134 1421 2188 per
1443 2120 1746 2188 denarium,

158 2197 264 2252 nisi
296 2214 514 2254 summa
550 2200 901 2270 perfectionis
934 2205 1299 2276 exprimitur?
1344 2208 1477 2275 Quia
1515 2225 1646 2281 ergo
1683 2214 1751 2266 ad

157 2297 423 2345 :eternam
467 2295 712 2362 requiem
751 2311 848 2365 pro
882 2295 1179 2353 electorum
1217 2309 1373 2370 parte
1411 2299 1593 2356 Iudaea
1623 2316 1753 2373 gen-

158 2377 444 2450 tilitasque
506 2381 799 2452 colligitur,
851 2394 999 2441 recte
1040 2387 1334 2458 quingenta
1389 2390 1519 2460 juga
1556 2391 1751 2458 boum,

157 2468 582 2540 quingentzeque
603 2472 770 2527 asina:
795 2472 981 2530 haberi
1008 2477 1381 2546 perhibentur.
1411 2478 1748 2544 Monau'rnn.

157 2558 294 2630 luga
319 2561 489 2616 etiam
513 2563 678 2618 boum
715 2564 769 2620 in
802 2582 958 2621 usum
995 2578 1194 2625 nostrae
1219 2572 1580 2641 possessionis
1605 2581 1748 2638 sunt,

158 2667 283 2705 cum
325 2656 632 2712 concordes
675 2658 904 2715 virtutes
955 2671 1183 2719 exarant
1237 2665 1489 2720 duritiam
1535 2667 1750 2723 mentis.

158 2744 364 2802 Asinas
406 2750 771 2818 possidemus,
797 2767 920 2807 cum
953 2753 1294 2812 lascivientes
1323 2766 1504 2814 motus
1532 2759 1755 2814 restrin-

161 2836 384 2906 gimus,
445 2840 532 2894 vel
581 2857 705 2896 cum
749 2844 1106 2915 cogitationes
1152 2847 1294 2903 intra
1341 2864 1438 2927 nos
1484 2850 1754 2921 simplices

160 2928 434 2996 regimus.
483 2930 621 2986 Dum
666 2933 811 2987 enim
858 2935 1070 2994 de.boc
1111 2938 1254 3006 quod
1292 2939 1588 3008 prudenter
1614 2942 1758 3012 sapi-

157 3033 283 3073 mus
308 3060 325 3084 ,
373 3019 458 3075 vel
496 3022 640 3091 quod
683 3023 963 3080 humiliter
997 3027 1308 3095 ignoramus
1348 3037 1560 3084 aeternae
1606 3031 1756 3098 pacis

159 3111 410 3180 requiem
458 3113 795 3183 quaerimus,
849 3117 1004 3184 quasi
1052 3118 1191 3171 intra
1235 3118 1436 3186 jubelci
1483 3119 1750 3193 [jubilaci]

1854 1928 1975 1976 ctus
2003 1922 2232 1993 quisque
2255 1924 2580 1996 prmdicator
2602 1927 2754 1997 juxta
2779 1943 3085 1984 mensuram
3117 1930 3435 1988 illuminatte

1853 2011 2227 2085 intelligentiae
2256 2025 2466 2073 mentes
2495 2019 2826 2074 audientium
2858 2020 3030 2090 epulis
3062 2022 3306 2077 veritatis
3335 2039 3438 2092 pa-

1854 2104 1978 2158 scit.
2040 2104 2132 2161 Sic
2179 2107 2378 2177 quippe
2424 2107 2624 2164 Paulus
2674 2107 2944 2178 faciebat,
2999 2127 3120 2166 cum
3173 2112 3432 2167 dicebat:

1859 2212 1877 2246 ‹
1907 2195 2180 2253 Beatiores
2223 2209 2382 2254 erunt
2426 2201 2471 2254 si
2521 2203 2599 2256 sic
2644 2203 3082 2272 permanserint,
3137 2207 3436 2262 secundum

1854 2302 2030 2343 meum
2073 2289 2356 2344 consilium
2390 2291 2443 2363 (Ι
2470 2291 2592 2346 Cor.
2622 2309 2719 2360 vn,
2748 2293 2861 2364 40).
2895 2314 2912 2347 ι
2966 2293 3192 2352 Sorores
3233 2296 3325 2352 ﬁlii
3365 2297 3437 2353 ad

1856 2377 2168 2433 convivium
2199 2388 2429 2447 vocant,
2470 2382 2595 2451 quia
2633 2383 2861 2440 inﬁrmis
2897 2387 3231 2443 auditoribus
3261 2389 3437 2444 sancti

1856 2470 2085 2540 apostoli
2120 2471 2432 2528 refectionis
2461 2488 2707 2544 supernae
2745 2477 2938 2546 gaudia
2968 2480 3294 2548 prtedicant,
3344 2496 3438 2535 ee—

1855 2576 2084 2631 rumque
2108 2574 2315 2619 mentes
2335 2563 2529 2635 pabulo
2550 2566 2792 2622 veritatis
2810 2566 3022 2637 jejunas
3041 2569 3208 2625 divini
3232 2571 3435 2641 eloquii

1856 2653 2027 2724 epulis
2054 2663 2298 2724 pascunt.
2356 2655 2636 2727 Scriptura
2667 2659 2811 2714 enim
2848 2675 3000 2715 sacra
3032 2661 3321 2732 aliquando
3349 2665 3430 2718 ci-

1855 2742 1954 2799 bus
1983 2752 2097 2808 est,
2140 2753 2199 2798 ut
2230 2745 2357 2800 illud
2387 2747 2665 2817 propheta:
2693 2767 2705 2802 :
2743 2768 2760 2800 ‹
2794 2747 3010 2805 Parvuli
3041 2753 3313 2821 petierunt
3342 2767 3437 2823 pa-

1855 2849 2011 2900 nem,
2049 2844 2103 2890 ct
2137 2851 2247 2890 non
2276 2845 2396 2891 erat
2422 2838 2513 2907 qui
2548 2839 2822 2910 frangeret
2849 2841 2928 2896 eis
2957 2840 3173 2912 (Thren.
3204 2858 3276 2908 IV,
3300 2843 3378 2912 4).
3411 2864 3430 2896 ι

1855 2925 2156 2995 Aliquando
2203 2936 2386 2997 potus,
2438 2937 2493 2982 ut
2547 2929 2676 2984 illud
2719 2932 3030 3004 prephetze:
3065 2952 3085 2985 ι
3118 2931 3318 2989 Omnes
3356 2934 3434 2990 si-

1857 3016 2051 3082 tientes
2081 3017 2260 3072 venite
2290 3019 2357 3072 ad
2388 3033 2556 3088 aquas
2603 3020 2738 3090 (Isa.
2787 3037 2875 3086 ιν,
2905 3021 2979 3093 i).
3011 3042 3029 3075 ι
3085 3022 3151 3078 Ει
3179 3025 3233 3078 in
3260 3024 3439 3080 Evan-

1859 3104 2028 3173 gelio:
2059 3125 2076 3157 ‹
2103 3105 2158 3162 Si
2191 3108 2312 3178 quis
2342 3108 2460 3164 sitit
2487 3111 2688 3177 veniat,
2719 3120 2772 3167 et
2800 3111 3428 3188 bibat(Joan.vn,57)..i

162 3218 459 3259 numerum
506 3213 773 3260 tenemus.
820 3205 1113 3276 Sequitur:
1140 3208 1212 3262 Ac
1241 3209 1446 3278 familia
1475 3209 1640 3263 multa
1676 3211 1752 3264 ni-
1783 3204 1830 3268 C
1861 3196 2205 3254 MOMUTER-
2237 3199 2356 3254 Filii
2387 3215 2483 3270 Ρθτ
2510 3202 2695 3257 domos
2723 3203 3027 3258 οοηνίνίυῐη
3053 3205 3281 3273 “Cium.
3306 3209 3436 3262 dum

165 3298 281 3351 mis.
305 3327 383 3338 —
403 3295 539 3364 Quia
582 3297 729 3352 enim
755 3298 821 3354 ad
847 3299 1208 3368 cognitionem
1255 3300 1378 3354 ﬁdei
1415 3301 1567 3370 prius
1593 3302 1755 3356 stulta

166 3387 353 3441 mundi
391 3387 616 3443 collecta
653 3397 799 3453 sunt,
842 3397 902 3443 ut
942 3397 1062 3459 post
1103 3389 1219 3459 ejus
1258 3389 1418 3444 etiam
1453 3399 1631 3444 astuta
1665 3407 1756 3446 vo-

165 3483 444 3540 carentur,
490 3476 810 3532 animalium
853 3478 1004 3547 prius
1049 3477 1332 3534 multitudo
1370 3487 1424 3534 et
1467 3478 1666 3534 familia
1703 3481 1754 3535 in

166 3576 414 3623 extremo
437 3577 792 3623 memoratur.
824 3568 990 3624 Paulo
1013 3579 1326 3635 attestante,
1349 3571 1441 3640 qui
1466 3571 1572 3625 ait:
1598 3591 1614 3623 ι
1638 3570 1752 3624 Νοη

165 3656 318 3711 multi
368 3659 646 3726 sapientes
684 3659 979 3722 secundum
1019 3673 1268 3730 carnem,
1318 3676 1425 3716 non
1463 3660 1618 3715 multi
1656 3676 1757 3731 po-

167 3754 383 3812 tentes,
436 3763 542 3802 non
592 3749 748 3803 multi
800 3749 1047 3816 nobiles;
1105 3752 1200 3806 sed
1248 3766 1368 3820 quae
1415 3751 1576 3806 stulta
1629 3759 1756 3805 sunt

167 3837 356 3892 mundi
381 3838 730 3908 elegit-Dens,
755 3848 815 3894 ut
834 3839 1125 3896 confundat
1147 3840 1371 3914 fortia(l
1394 3838 1518 3896 Cor.
1535 3841 1700 3913 1,26).
1732 3860 1750 3894 ι

169 3927 524 3985 Μοωιιιτειι.
583 3929 804 3985 Multam
860 3931 1022 3986 nimis
1073 3932 1330 3987 familiam
1381 3933 1752 4004 possidemus,

167 4033 291 4074 cum
319 4019 680 4090 cogitationes
713 4021 1022 4076 innumeras
1049 4021 1148 4075 sub
1163 4022 1366 4076 mentis
1392 4023 1756 4078 dominatione

169 4098 576 4181 restringimus.
613 4111 766 4166 Sicut
784 4113 925 4167 enim
949 4114 1171 4168 absente
1192 4114 1409 4170 domina
1439 4115 1756 4170 ancillarum

169 4200 376 4273 lingere
419 4213 789 4275 perstrepunt,
813 4207 992 4275 operis
1017 4206 1189 4260 ollicia
1215 4207 1512 4278 negligunt,
1538 4216 1757 4278 repente

170 4295 395 4351 domina
440 4299 710 4365 veniente,
741 4298 934 4369 lingua!
970 4309 1371 4369 perstrepentes
1411 4302 1659 4364 reticent,
1689 4298 1756 4352 ad

172 4401 310 4457 opus
335 4397 716 4455 revertuntur;
767 4390 845 4444 sic
871 4391 1032 4460 igitur
1063 4391 1106 4445 si
1145 4392 1358 4445 domina
1394 4392 1589 4445 mentis
1621 4392 1756 4446 ratio

174 4478 458 4544 discedat,
509 4482 896 4552 cogitationum
941 4497 1000 4537 se
1040 4482 1244 4536 clamor
1283 4473 1646 4552 multiplicat;
1699 4489 1758 4560 ut

1855 3283 2086 3340 virtutes
2137 3287 2363 3356 singulae
2413 3287 2566 3356 juxta
2619 3290 2818 3346 donum
2869 3294 3149 3364 proprium
3199 3305 3439 3352 mentem

1855 3383 2100 3442 pascunt.
2153 3375 2220 3430 In
2248 3377 2332 3430 die
2360 3394 2474 3432 suo.
2510 3408 2579 3417 —
2621 3371 2745 3434 Dies
2774 3380 3200 3453 uniuscujusque
3229 3384 3322 3439 ﬁlii
3353 3391 3442 3440 est

1855 3460 2178 3520 illuminatio
2206 3465 2627 3537 uniuscujusque
2655 3468 2892 3524 virtutis.
2949 3469 3222 3541 Sapientia
3265 3473 3317 3526 in
3353 3472 3442 3527 die

1856 3567 1954 3608 suo
1988 3555 2293 3610 convivium
2330 3557 2501 3624 facit,
2553 3561 2676 3628 quia
2725 3569 2960 3617 mentem
3001 3564 3067 3618 de
3106 3573 3439 3620 aatcrnorum

1857 3662 1951 3717 spe
1988 3657 2043 3702 et
2079 3649 2404 3704 certitudine
2439 3651 2627 3722 replet.
2686 3653 3031 3722 Intellectus,
3078 3673 3200 3711 cum
3251 3657 3435 3712 audita

1855 3747 2138 3810 penetrat,
2186 3747 2241 3794 et
2282 3741 2461 3796 cordis
2498 3743 2750 3799 tenebras
2805 3745 3056 3800 illustrat.
3109 3745 3432 3814 Consilium,

1836 3829 2161 3884 "convivium
2212 3827 2382 3897 facit,
2432 3847 2552 3886 cum
2603 3846 2723 3888 esse
2776 3833 3107 3914 praecipitem
3160 3835 3434 3906 prohibet.

1855 3916 2159 3983 Fortitudo,
2190 3933 2312 3973 cum
2342 3919 2567 3975 adversa
2597 3935 2705 3976 non
2736 3921 2956 3988 metuit,
2995 3932 3050 3978 et
3087 3923 3235 3979 cibos
3266 3924 3440 3980 conﬁ-

1857 4007 2052 4063 dentiie
2076 4008 2314 4078 apponit.
2351 4007 2590 4065 Scientia
2621 4012 2923 4067 convivium
2951 4012 3102 4077 facit,
3133 4014 3256 4083 quia
3289 4015 3441 4086 igno-

1859 4098 2050 4152 rantiae
2072 4097 2334 4167 jejunium
2362 4109 2602 4170 superat.
2636 4101 2839 4166 Pietas,
2872 4117 2995 4156 cum
3027 4105 3204 4159 cordis
3230 4105 3440 4162 viscera

1859 4189 2249 4246 misericordiae
2275 4192 2530 4262 operibus
2560 4192 2746 4262 replet.
2784 4193 2971 4250 Timor
2995 4196 3046 4249 in
3073 4196 3158 4251 die
3186 4211 3284 4252 suo
3315 4213 3439 4252 con-

1847 4283 2061 4337 'vivium
2088 4291 2277 4352 parat,
2317 4283 2442 4338 dum
2479 4284 2674 4352 premit
2704 4294 2938 4340 mentem
2972 4302 3038 4343 ne
3067 4289 3134 4343 de
3160 4290 3441 4358 praesenti-

1860 4371 1961 4426 bus
1989 4371 2296 4441 superbiat,
2336 4371 2409 4426 dc-
2432 4372 2629 4428 futuris
2668 4373 2813 4428 illam
2852 4375 2963 4446 Spei
2999 4377 3119 4432 cibo
3148 4377 3439 4434 confortat.

1863 4457 2102 4514 Sorores
2125 4460 2287 4514 etiam
2323 4459 2416 4515 ﬁlii
2457 4462 2524 4516 ad
2559 4464 2865 4518 convivium
2893 4474 3126 4531 vocant,
3170 4483 3291 4522 cum
3328 4469 3440 4522 vir-

175 4577 358 4623 autem
403 4571 544 4625 ratio
592 4570 848 4637 redierit,
894 4571 1282 4641 cogitationum
1324 4585 1381 4624 se
1426 4555 1752 4624 tumultuosa

1869 4561 2008 4609 tules
2038 4562 2237 4610 nostrae
2275 4555 2527 4611 iu'omne
2556 4558 2698 4627 quod
2736 4565 2932 4627 agunt,
2962 4573 3142 4628 spem,
3184 4559 3344 4613 ﬁdem
3385 4568 3442 4616 et

177 4662 340 4715 turba
371 4662 685 4730 compescit.
735 4661 992 4731 Sequitur
1018 4679 1030 4715 :
1063 4661 1295 4731 Eratque
1322 4661 1398 4715 vir
1427 4659 1512 4714 ille
1541 4677 1760 4731 magnus

176 4752 517 4804 inter-omnes
543 4749 946 4805 0ricntales.——
971 4750 1274 4806 Orientales
1304 4751 1446 4804 viros
1475 4763 1594 4804 esse
1625 4766 1760 4820 pra:-

180 4843 394 4907 divites,
432 4843 552 4912 quis
585 4841 843 4913 ignorat?
889 4841 1112 4912 Magnus
1158 4837 1286 4913 ergo
1330 4843 1472 4896 inter
1511 4840 1762 4897 Orienta-

180 4929 254 4986 les
293 4933 523 4997 exstitit,
564 4933 694 5003 quia
743 4939 800 4986 et
838 4931 1094 4985 divitibus
1131 4932 1292 4986 ditior
1332 4931 1450 4984 fuit.
1500 4930 1760 4986 Mvsncn.

181 5019 374 5078 Oriens
393 5024 724 5095 Redemptor
747 5031 936 5076 noster
958 5023 1172 5089 dicitur,
1199 5035 1257 5078 ut
1285 5024 1414 5077 illud
1443 5025 1715 5095 prophetze
1739 5043 1752 5078 :

189 5131 206 5163 ι
249 5114 386 5170 Ecce
425 5115 528 5180 vir,
578 5115 776 5170 Oriens
825 5128 1021 5166 nomen
1064 5113 1180 5184 ejus
1225 5113 1409 5184 (Zaclt.
1443 5131 1527 5182 v1,
1577 5117 1685 5187 12).
1735 5133 1754 5166 ι

729 5204 796 5230 :ns.
830 5202 970 5230 ...ιη’-ι
1005 5202 1278 5230 halitus...“
1313 5205 1412 5230 ‘22,.
1443 5207 1736 5230 An-.-f-a_--l

188 5200 382 5230 nmﬁnn
431 5221 549 5230 ποια-Α
594 5207 678 5230 ιιι-ξ

1865 4643 2188 4699 charitatem
2240 4645 2587 4713 adsciscunt,
2641 4655 2700 4700 ut
2747 4645 2910 4712 ﬁdes,
2963 4663 3085 4718 spes
3118 4639 3440 4705 et'charitas

1867 4739 2135 4806 gaudeant
2173 4738 2226 4793 in
2264 4753 2400 4809 cpus
2437 4739 2670 4803 bonum,
2720 4740 2864 4809 quod
2899 4755 3238 4813 unaquaeque
3271 4742 3441 4796 virtus

1847 4833 2224 4888 administrat.
2264 4832 2556 4902 Sequitur:

1937 4925 2099 4981 Vens.
2142 4927 2195 4982 5.
2237 4925 2469 4994 Cumque
2500 4926 2555 4979 in
2595 4925 2767 4980 orbem
2812 4927 3118 4981 transissent
3162 4925 3273 4978 dies
3316 4939 3442 4975 con-

1865 5016 2004 5081 vivii,
2033 5026 2087 5072 et
2119 5019 2416 5086 reliqua.—
2430 5015 2566 5072 Cum
2592 5017 2992 5078 dicit,mittebat
3015 5029 3060 5072 et
3089 5010 3446 5079 sanctiﬁCabat

1868 5105 2009 5172 illos,
2039 5118 2226 5178 aperte
2260 5113 2598 5162 monstratur
2626 5105 2754 5178 quid
2780 5105 3136 5162 districtionis
3163 5115 3291 5170 erga
3329 5099 3448 5153 illos

1870 5213 2106 5230 rus-manna
2157 5208 2335 5230 annual
2432 5200 2626 5230 ηι-ἷῑιηη
2679 5202 2868 5230 «lu-Ann
2931 5196 3292 5230 οΛῘΙέηἶοηᾹῖηο
3341 5209 3446 5230 nnn
