4004 5340
608 337 711 413 ns

1550 338 1637 394 .S.
1673 336 1922 395 ODONIS
1955 335 2240 394 ABBATIS
2277 332 2768 394 CLUNIACENSIS
2804 331 2846 386 ιι

3745 332 3840 386 HG

608 456 929 528 mysterium
951 452 1302 509 surrectionis
1321 451 1464 508 colit.
1496 451 1753 508 Mvsrtcs.
1781 450 2037 507 Inorbem
2065 449 2179 505 dies
2205 453 2252 514 Α
2274 446 2536 516 judicare,
2561 444 2907 513 quoadusque
2931 440 3107 497 veniat
3135 438 3412 505 Dominus,
3444 439 3534 510 qui
3565 446 3620 495 et
3651 438 3844 496 illumi-

610 548 839 604 convivii
865 554 1293 609 transeunt,cum
1317 544 1710 614 prmdicationis
1733 543 2025 598 ministeria
2056 556 2180 610 per-

610 647 859 708 aguntur.
905 637 1144 691 Peractis
1186 636 1450 690 conviviis
1505 636 1877 689 holocaustum
1927 631 2027 686 Job
2087 645 2182 699 pro

609 728 734 783 ﬁliis
781 726 1008 788 obtulit,
1055 725 1180 794 quia
1234 740 1333 794 pro
1381 723 1636 793 apostolis
1690 723 1756 776 de
1804 720 2183 791 praedicatione

609 819 956 875 redeuntibus
984 817 1197 872 Patrem
1244 815 1570 885 Redemptor
1608 814 1869 869 exoravit.
1898 811 2054 866 Mittit
2083 810 2185 866 Job

607 916 663 963 et
691 907 994 961 sanctiﬁcat
1024 906 1192 966 ﬁlios,
1225 905 1349 974 quia
1385 919 1484 973 per
1511 903 1771 972 Spiritum
1799 910 2064 964 sanctum,
2091 899 2184 968 qui

609 1011 672 1050 ex
696 1009 754 1050 se
773 995 1040 1065 procedit,
1055 992 1434 1064 discipulorum
1456 992 1708 1047 cordibus
1730 991 2056 1059 Redemptor
2083 1003 2184 1044 no-

611 1093 722 1140 ster
751 1085 1010 1154 quidquid
1035 1084 1204 1153 culpa:
1230 1083 1402 1152 potuit
1433 1081 1765 1137 emundavit.
1809 1079 2050 1135 Diluculo
2083 1080 2183 1134 ho-

612 1173 850 1228 locausta
888 1173 1064 1238 ollert,
1094 1172 1217 1241 quia
1246 1172 1492 1226 tenebras
1521 1170 1717 1224 mentis
1745 1169 1991 1223 humanm
2013 1167 2182 1221 inter-

610 1263 868 1319 cessionis
882 1279 991 1317 sua:
1009 1263 1264 1332 petitione
1279 1260 1583 1316 illustravit.
1601 1259 1941 1314 Monam-rea.
1957 1257 2183 1313 Peracto

609 1355 740 1409 orbe
793 1354 1001 1408 dierum
1058 1353 1309 1417 convivii,
1368 1352 1583 1410 mittere
1643 1350 1708 1403 ad
1760 1349 1932 1414 ﬁlios,
1980 1362 2183 1417 eosque

609 1445 951 1500 sanctilicare
977 1452 1078 1509 est,
1111 1452 1233 1514 post
1273 1444 1530 1497 virtutum
1559 1456 1800 1506 sensum,
1828 1440 2180 1494 intentionem

609 1534 791 1588 cordis
816 1534 1071 1604 dirigere,
1102 1549 1169 1589 ne
1184 1535 1322 1588 bona
1350 1533 1703 1596 aestimentur,
1733 1546 1852 1600 qum
1873 1529 2011 1584 mala
2036 1537 2178 1584 sunt.

607 1622 853 1679 Diluculo
881 1639 1113 1693 namque
1155 1624 1548 1694 consurgimus,
1589 1637 1713 1677 cum
1757 1613 2181 1691 compunctionis

607 1712 726 1768 luce
751 1714 974 1784 perfusi,
1007 1713 1359 1769 humanitatis
1383 1721 1580 1766 nostrae
1620 1719 1832 1765 noctem
1857 1709 2178 1774 deserimus,

2283 537 2431 590 nabit
2455 535 2764 590 abscondita
2790 531 3146 594 tenebrarum,
3169 539 3222 587 et
3243 529 3607 584 manifesubit
3627 531 3845 586 consilia

2284 627 2528 681 cordium
2582 623 2632 696 (1
2668 623 2791 679 Cor.
2823 639 2897 689 IV,
2926 623 3000 692 5).
3034 641 3053 674 ι
3079 621 3338 676 Μῑετιίιε.
3381 620 3491 675 Deo
3532 620 3849 677 benedicere

2282 727 2387 783 est,
2420 718 2474 772 id
2506 726 2590 771 cst
2627 715 2967 777 maledicere,
2997 714 3062 768 de
3088 711 3204 780 ejus
3238 726 3460 766 munere
3488 711 3587 766 sibi
3629 709 3849 781 gloriam

2282 807 2539 877 praebere.
2583 807 2733 862 Unde
2772 805 3026 874 apostolis
3052 803 3397 859 redeuntibus
3419 818 3449 857 a
3474 802 3852 872 prtcdicatione

2285 899 2540 954 Dominus
2563 898 2727 967 pedes
2760 897 2910 962 lavit,
2942 899 3065 965 quia
3093 896 3405 966 plerumque
3430 895 3483 948 in
3520 893 3662 948 bono
3696 907 3854 962 opere

2282 990 2456 1060 pulvis
2503 1003 2684 1058 pravae
2720 987 3061 1056 cogitationis
3103 987 3352 1042 sumitur.
3406 985 3556 1052 Quod
3587 985 3745 1048 dicit,
3797 1000 3856 1037 nc

2283 1077 2438 1147 forte,
2466 1089 2706 1132 nostram
2739 1077 3096 1148 ignorantiam
3133 1077 3379 1146 suscipit,
3417 1085 3478 1130 ut
3507 1075 3637 1130 illud
3668 1093 3682 1129 :
3720 1093 3739 1127 ι
3769 1075 3855 1130 Fi—

2284 1171 2384 1228 lius
2411 1173 2644 1228 hominis
2665 1173 2910 1236 veniens,
2931 1183 3088 1241 putas
3115 1171 3351 1227 inveniet
3378 1170 3534 1225 Iidem
3571 1185 3737 1240 super
3758 1180 3856 1225 ter-

2283 1263 2434 1316 ram?
2463 1283 2480 1315 »
2517 1262 2666 1333 (Luc.
2698 1278 2851 1326 xvm,
2880 1262 2958 1331 8.)
2993 1261 3333 1315 MORALITER.
3374 1259 3496 1314 Filii
3525 1260 3577 1314 in
3603 1260 3856 1315 cordibus

2285 1354 2397 1408 Deo
2428 1353 2772 1419 maledicunt,
2804 1368 2926 1408 cum
2959 1360 3104 1408 recta
3137 1361 3320 1406 nostra
3357 1365 3520 1420 opera
3547 1365 3657 1405 non
3703 1350 3859 1404 rectis

2284 1445 2696 1516 cogitationibus
2737 1445 3021 1514 prodeunt,
3055 1457 3177 1496 cum
3217 1456 3274 1496 se
3306 1449 3513 1495 mentes
3551 1449 3758 1494 nostra:
3798 1439 3858 1492 de

2284 1549 2342 1588 se
2370 1533 2636 1587 aestimant
2685 1532 2886 1586 habere
2919 1531 3060 1600 quod
3089 1537 3234 1594 sunt,
3281 1544 3403 1584 cum
3444 1527 3512 1583 de
3542 1528 3701 1582 bonis
3734 1540 3858 1597 ope-

2283 1621 2435 1676 ribus
2475 1620 2743 1692 propriam
2774 1621 2984 1675 laudem
3025 1625 3292 1688 quaarunt.
3333 1615 3620 1688 Sequitur:
3661 1615 3758 1670 Sic
3785 1615 3860 1684 {a-

2284 1711 2448 1766 ciebat
2476 1712 2576 1766 Job
2614 1712 2814 1765 cunctis
2855 1710 3054 1764 diebus.
3086 1739 3154 1750 —
3185 1707 3455 1778 Scriptum
3487 1707 3687 1776 quippe
3737 1715 3856 1762 est:

607 1809 661 1856 et
687 1803 752 1857 ad
784 1804 893 1858 veri
926 1803 1144 1859 luminis
1178 1803 1376 1868 radios,
1404 1802 1588 1858 oculos
1627 1802 1822 1856 mentis
1858 1802 2130 1872 aperimus
2163 1819 2176 1856 :
2207 1805 2255 1864 B
2289 1824 2307 1856 ι
2343 1803 2442 1870 Qui
2468 1801 2907 1874 [perseveraverit
2943 1817 3111 1872 usque
3139 1802 3190 1857 in
3221 1802 3404 1868 linem,
3428 1802 3520 1857 hic
3549 1801 3732 1856 salvus
3761 1799 3860 1854 erit

605 1900 768 1960 atque
795 1890 1168 1948 holocaustum
1201 1907 1298 1962 pro
1327 1892 1548 1961 singulis
1578 1890 1702 1946 ﬁliis
1739 1890 2034 1954 oll'erimus,
2058 1905 2180 1945 cum

603 1994 705 2050 pro
733 1995 1056 2051 unaquaque
1083 1981 1279 2036 virtute
1308 1980 1536 2034 Domino
1556 1979 1760 2034 hostias
1783 1988 1981 2034 nostra:
2007 1978 2182 2049 precis

608 2069 974 2126 immolamus.
1012 2070 1396 2126 Holocaustum
1443 2078 1609 2125 totum
1642 2070 1920 2125 incensum
1962 2070 2180 2125 dicitur.

605 2158 994 2216 Bolocaustum
1049 2161 1177 2216 dare
1225 2169 1309 2214 est
1350 2168 1516 2214 totam
1572 2169 1808 2213 mentem
1862 2159 1983 2228 igne
2033 2173 2181 2216 conl-

605 2250 918 2324 punctionis
967 2251 1275 2308 incendere.
1318 2250 1615 2320 Sequitur:
1650 2249 1884 2311 Dicebat.
1934 2266 1997 2304 ne
2047 2249 2179 2319 forte

605 2345 931 2413 peccaverint
959 2341 1058 2411 ﬁlii
1092 2342 1213 2407 mei,
1240 2351 1296 2396 et
1321 2339 1548 2410 reliqua.
1573 2369 1641 2378 —
1668 2337 1947 2393 Perfectos
1976 2352 2096 2392 esse
2127 2337 2179 2392 in

606 2446 771 2503 opere
800 2440 857 2486 ct
890 2445 1138 2487 sermone
1177 2430 1478 2495 docuerat,
1524 2429 1720 2499 quibus
1750 2429 1817 2484 de
1860 2428 1973 2482 sola
2024 2429 2184 2504 Pater

605 2523 936 2594 cogitatione
986 2523 1276 2577 metuebat.
1316 2521 1387 2577 Ut
1414 2523 1557 2576 enim
1609 2521 1674 2576 de
1707 2520 1898 2575 alienis
1931 2521 2184 2575 cordibus

606 2621 812 2669 temere
854 2629 962 2669 non
989 2613 1312 2683 judieemus,
1362 2611 1536 2668 sancti
1586 2613 1687 2666 viri
1736 2611 1912 2675 verbis
1945 2613 2184 2683 agnosci-

604 2720 748 2771 mus,
783 2706 875 2774 qui
925 2721 1032 2761 non
1061 2706 1156 2767 ait,
1209 2720 1277 2758 ne
1323 2704 1719 2771 benedixerint,
1775 2704 1894 2770 sed,
1948 2721 2010 2758 ne
2043 2705 2177 2774 forte

607 2794 981 2850 benedixeriut.
1014 2794 1152 2850 IIinc
1183 2794 1380 2849 Paulus
1409 2794 1485 2848 ait
1529 2811 1583 2849 τι
1613 2793 1788 2851 Nolite
1813 2803 1938 2850 ante
1966 2803 2176 2865 tempus

2292 1897 2506 1970 (Matth.
2535 1912 2592 1962 ιι,
2619 1896 2732 1966 22).
2758 1916 2775 1948 ι
2803 1896 2858 1950 In
2882 1896 3151 1952 sacriﬁcio
3173 1904 3360 1950 sancta
3382 1896 3544 1958 actio,
3577 1895 3630 1948 in
3654 1893 3860 1948 cunctis

2289 1987 2479 2042 diebus
2517 1987 2814 2041 constantia
2857 1996 3059 2041 sancta:
3102 1986 3330 2041 actionis
3378 1985 3720 2054 exprimitur.
3756 1983 3862 2038 Mr-

2287 2092 2460 2133 STICE.
2513 2075 2641 2132 Sine
2689 2076 3088 2132 intermissione
3138 2076 3506 2131 holocaustum
3538 2074 3863 2145 Redemptor

2286 2177 2473 2224 noster
2520 2168 2782 2234 immolat,
2846 2169 2971 2238 quia
3017 2169 3133 2223 sine
3179 2168 3477 2222 cessatione
3501 2166 3651 2221 Patri
3711 2181 3860 2221 suam

2284 2273 2382 2328 pro
2429 2257 2583 2313 nobis
2631 2258 3059 2314 incarnationem
3107 2257 3459 2324 demonstrat,
3496 2272 3616 2326 quas
3666 2266 3865 2311 nostra!

2286 2349 2578 2406 oblationis
2627 2349 2940 2404 emundatio
2965 2359 3066 2403 est.
3097 2347 3434 2403 Momursn.
3467 2347 3741 2401 Incassum
3773 2347 3863 2402 boc

2287 2453 2416 2493 num
2459 2439 2654 2508 agitur,
2703 2438 2748 2493 si
2790 2446 2918 2492 ante
2967 2447 3175 2506 tempus
3222 2437 3343 2491 vitae
3387 2437 3686 2492 deseratur.
3728 2435 3862 2490 Ilinc

2288 2527 2532 2598 reprobis
2560 2528 2758 2582 dicitur
2803 2541 2819 2581 :
2871 2547 2889 2579 ι
2918 2527 3008 2582 Vae
3053 2529 3138 2582 his
3183 2528 3272 2597 qui
3308 2527 3657 2596 perdiderunt
3702 2529 3863 2583 susti-

2288 2620 2522 2673 nentiam
2550 2617 2737 2688 (Eccli.
2767 2634 2830 2684 ιι,
2865 2618 2972 2687 16).
2999 2637 3016 2669 ›
3051 2617 3186 2672 Ilinc
3209 2617 3396 2672 electis
3427 2615 3640 2672 Veritas
3681 2619 3810 2671 dicit
3838 2634 3852 2669 :

2295 2725 2314 2758 ι
2349 2705 2452 2762 Vos
2476 2707 2604 2762 estis
2630 2707 2719 2777 qui
2751 2708 3122 2778 permansistis
3155 2723 3364 2764 mecum
3391 2708 3444 2762 in
3477 2707 3863 2763 tentationibus

2283 2797 2417 2852 meis
2447 2795 2597 2867 (Luc.
2625 2812 2761 2864 χχιι,
2808 2795 2918 2868 28).
2952 2816 2970 2849 ι

613 3019 3836 3053 W

1797 3199 2096 3279 LIBER
2158 3199 2716 3280 SECUNDUS.

680 3527 844 3586 Vens.
881 3529 936 3585 6.
997 3528 1237 3597 Quadam
1264 3531 1348 3584 die
1387 3543 1505 3584 cum
1551 3532 1802 3584 venissent
1850 3529 1948 3599 ﬁlii
2004 3529 2096 3584 Dei
2125 3539 2181 3583 ut
2204 3532 2254 3596 c
2286 3544 2404 3584 eum
2435 3519 2606 3586 etiam
2651 3529 2801 3595 vidit,
2834 3518 2914 3584 ut'
2935 3527 3060 3582 illud
3093 3546 3106 3581 :
3142 3547 3160 3579 ι
3189 3526 3342 3583 Oculi
3377 3523 3587 3582 Domini
3617 3534 3854 3581 contem-

608 3622 908 3678 usisterent
952 3637 1129 3677 coram
1183 3621 1438 3684 Domino,
1496 3621 1667 3690 adfuit
1713 3623 1848 3675 inter
1895 3637 1982 3675 eos
2027 3622 2186 3675 etiam

609 3711 800 3773 Satan.
836 3742 908 3753 ——
931 3710 1122 3766 Divina
1170 3712 1316 3767 enim
1363 3711 1643 3782 Scriptura
1682 3710 1969 3780 qualitates
2003 3725 2185 3766 rerum

607 3800 865 3871 exprimit
891 3800 1258 3870 terminosque
1290 3814 1596 3855 causarum.
1629 3801 1931 3870 Aliquando
1970 3817 1998 3855 a
2040 3799 2185 3870 posi-

609 3889 757 3945 tione
780 3888 906 3955 loci,
937 3897 998 3943 ut
1023 3887 1192 3944 Israel
1221 3889 1384 3944 verba
1433 3889 1528 3943 Dei
1565 3890 1618 3943 in
1650 3900 1832 3945 monte
1860 3891 2048 3945 audire
2076 3904 2184 3944 non

607 3981 799 4052 potuit,
833 3989 1019 4050 postea
1064 3995 1172 4035 non
1214 3979 1517 4034 crediturus
1569 3979 1765 4051 (Exod.
1797 3998 1887 4046 xx,
1917 3981 2024 4052 l9).
2071 3980 2186 4035 Ali-

608 4069 824 4139 quando
851 4086 882 4124 a
910 4069 1177 4140 positione
1223 4069 1498 4140 corporis,
1550 4077 1609 4124 ut
1654 4069 1958 4140 Stephanus
1998 4068 2183 4125 Jesum

609 4167 842 4214 stantem
879 4159 1014 4214 vidit
1050 4159 1186 4230 (Act.
1211 4176 1307 4227 vn,
1349 4160 1462 4233 55).
1510 4161 1668 4217 Stare
1709 4163 1850 4216 enim
1896 4163 2184 4231 pugnantis

587 4256 715 4328 est.
756 4247 1059 4317 Aliquando
1090 4249 1159 4330 ab
1190 4251 1331 4307 aeris
1357 4253 1638 4322 qualitate,
1670 4261 1731 4308 ut
1766 4253 1819 4307 in
1849 4253 2178 4325 Evangelio:

617 4358 637 4392 ι
674 4339 858 4395 Hiems
899 4349 1017 4396 erat
1065 4341 1249 4414 (Joan.
1276 4359 1332 4408 ι,
1366 4344 1482 4416 22),
1516 4364 1536 4399 ι
1583 4345 1788 4401 nullum
1828 4347 2047 4401 credere
2087 4346 2185 4402 do-

610 4445 759 4488 cens.
788 4430 1090 4501 Aliquando
1118 4448 1147 4485 a
1178 4432 1435 4502 qualitate
1461 4437 1737 4506 temporis,
1765 4445 1826 4491 ut
1860 4437 1928 4492 ad
1963 4438 2180 4494 traden-

611 4519 740 4574 dum
768 4519 1053 4575 Dominum
1100 4529 1261 4576 nocte
1285 4520 1448 4577 ludas
1475 4523 1628 4576 exiit.
1679 4523 1816 4591 Quia
1863 4539 1994 4594 ergo
2036 4525 2183 4581 beati

608 4614 712 4671 Job
739 4615 968 4671 tentatio
993 4615 1058 4670 ad
1089 4615 1371 4670 victoriam
1399 4615 1633 4684 ducitur,
1665 4632 1696 4671 a
1723 4617 1809 4672 die
1834 4617 1972 4687 ccepi
2005 4617 2183 4687 perhi-

611 4707 788 4762 betur.
839 4705 935 4760 Dei
982 4705 1077 4761 Iilii
1120 4705 1280 4761 electi
1329 4706 1504 4778 angeli
1536 4718 1819 4774 vocantur,
1852 4708 1943 4777 qui
1982 4708 2048 4764 ad
2084 4724 2182 4765 nos

559 4874 562 4878 ι
611 4796 877 4866 spirituali
905 4796 1192 4866 praesentia
1231 4795 1377 4852 foras
1404 4805 1602 4853 exeunt
1630 4807 1686 4853 et
1714 4806 1895 4852 tamen
1923 4813 1982 4854 se
2015 4798 2180 4854 inter-

2287 3623 2504 3693 plantur
2540 3623 2709 3678 bonos
2745 3630 2798 3677 et
2829 3621 3000 3678 malos
3039 3621 3218 3691 (Prov.
3247 3637 3334 3689 xv,
3362 3621 3436 3690 '5).
3480 3639 3500 3673 ι
3557 3619 3720 3674 Visus
3756 3627 3852 3682 est,

2287 3715 2381 3769 sed
2435 3730 2542 3770 non
2591 3714 2746 3779 vidit,
2777 3722 2836 3768 ut
2864 3728 3039 3768 cmcus
3071 3730 3100 3768 a
3145 3714 3311 3768 radiis
3341 3711 3469 3768 solis
3498 3711 3852 3782 perfunditur,

2287 3818 2408 3859 cum
2455 3802 2630 3857 lumen
2679 3802 2794 3870 ejus
2845 3801 2961 3872 ipse
3019 3817 3125 3856 non
3178 3800 3379 3856 videat.
3441 3797 3539 3855 Cui
3601 3799 3852 3854 dicitur:

2285 3892 2437 3948 Unde
2478 3895 2657 3948 venis?
2693 3892 2913 3948 Nescire
2956 3893 3053 3948 Dei
3099 3894 3401 3962 reprobarc,
3433 3899 3550 3956 est,
3587 3898 3648 3945 ut
3675 3890 3804 3945 illud
3837 3906 3850 3941 :

2288 4002 2307 4035 ι
2336 3983 2524 4038 Nescio
2545 3998 2639 4039 vos
2661 3983 2872 4054 (Matth.
2892 3999 3022 4049 xxv,
3039 3983 3147 4055 12).
3176 4002 3195 4036 ι
3227 3982 3583 4038 Αιιεθοιιιοιε.
3610 3980 3850 4049 Quadam

2282 4073 2368 4129 die
2409 4075 2621 4130 venisse
2667 4073 2830 4130 Satan
2879 4075 3112 4142 dicitur,
3159 4089 3268 4130 non
3312 4075 3454 4145 quod
3499 4074 3646 4144 apud
3693 4075 3858 4128 Deum

2282 4180 2474 4221 cursus
2499 4167 2755 4236 temporis
2798 4166 3091 4222 mutatione
3121 4165 3226 4221 dici
3256 4167 3537 4236 noctisque
3599 4165 3857 4226 varietur,

2281 4255 2370 4311 sed
2386 4269 2540 4310 sacra
2557 4254 2833 4325 Scriptura
2849 4254 3212 4325 temporaliter
3225 4255 3382 4310 editis
3394 4254 3639 4324 loquens,
3660 4243 3860 4324 tempo-

2282 4335 2486 4402 ralibus
2504 4346 2672 4400 utitur
2685 4346 2882 4402 verbis.
2911 4347 2984 4400 Ea
3011 4346 3205 4416 quippe
3232 4345 3283 4399 vi
3308 4343 3530 4414 justitiaa
3555 4345 3860 4400 immundus

2281 4439 2501 4508 spiritus
2525 4445 2857 4508 penetratur,
2883 4437 3008 4506 quia
3043 4436 3291 4492 videlicet
3316 4438 3639 4492 mundorum
3709 4433 3859 4504 spiri-

2285 4535 2434 4586 tuum
2448 4529 2607 4585 corda
2637 4527 2927 4598 replentur.
2951 4526 3007 4582 In
3030 4527 3117 4582 die
3145 4527 3289 4582 enim
3318 4526 3576 4582 Dominus
3603 4526 3860 4579 Satanam

2282 4623 2436 4686 vidit,
2462 4622 2586 4690 quia
2615 4621 2732 4676 vias
2762 4620 2879 4692 ejus
2922 4619 2978 4674 in
3013 4619 3292 4690 sapientia:
3336 4633 3448 4673 suae
3491 4616 3862 4671 incarnatione

2283 4714 2564 4784 corripuit.
2600 4711 2747 4768 Unde
2770 4713 2908 4767 venis
2934 4712 2960 4766 ?
2981 4712 3160 4767 dicere
3185 4719 3268 4767 est
3301 4709 3500 4766 occulti
3528 4708 3704 4764 hostis
3733 4706 3860 4762 insi-

2286 4805 2403 4860 dias
2437 4802 2702 4872 detegere.
2750 4802 2871 4856 Filii
2919 4802 3013 4856 Dei
3045 4800 3200 4856 electi
3239 4808 3364 4854 sunt
3407 4813 3628 4862 omnes,
3674 4799 3766 4868 qui
3799 4796 3860 4851 ad

611 4907 698 4947 nte
741 4891 1208 4963 contemplationis
1257 4893 1464 4964 gaudiis
1516 4907 1623 4948 non
1669 4893 1902 4962 privant.
1954 4893 2502 4977 VeniuntDazternae
2547 4892 2738 4962 patria:
2781 4893 3117 4946 vocationem
3151 4890 3262 4945 Deo
3295 4889 3503 4944 collecti
3552 4896 3722 4954 sunt,
3773 4884 3860 4956 qui

612 4997 766 5042 ergo.
792 4982 934 5038 unde
976 4982 1175 5038 Paulus
1203 4983 1319 5037 ait:
1354 5001 1374 5035 ε
1408 4981 1596 5037 Nonne
1644 4997 1832 5038 omnes
1859 4992 1985 5039 sunt
2012 4982 2184 5037 admi-

2293 4982 2590 5040 divinitatis
2619 4981 2902 5042 praesentia
2933 4979 3259 5035 intrinsecus
3289 4975 3633 5032 assistebant.
3674 4974 3858 5030 Mou-
