4004 5340
255 253 356 310 117

1021 261 1321 321 canone
1355 222 1721 324 nouauuu
1761 266 1819 322 s.
1856 266 2062 324 ense.
2101 267 2170 323 IN
2203 268 2344 326 που.
2382 302 2453 312 -
2501 271 2629 328 us.
2668 273 2752 329 ll.‘

3389 274 3491 336 118
3528 294 3563 317 ’κ

250 367 303 421 in
328 366 457 424 cali
484 366 721 428 culmine
745 379 893 429 stare
922 378 1261 448 contempsit.
1309 378 1405 433 Cui
1442 393 1549 435 non
1583 387 1823 435 transvo-
1851 381 1902 441 Δ
1929 381 2153 448 minum,
2176 383 2338 437 homo
2366 383 2613 441 Christus
2639 383 2814 451 Iesus,
2843 385 2909 440 ad
2939 385 3278 456 prrebendum
3309 403 3489 445 exem-

246 458 397 525 lans,
440 462 541 517 sed
568 466 948 535 perambulans
976 467 1192 535 circuit,
1223 471 1349 540 quia
1380 471 1436 525 in
1468 471 1589 527 imis
1613 472 1819 542 peccati

243 553 484 620 pondere
501 562 779 624 gravatur.
804 556 1164 613 Annaeomcs.
1190 558 1358 614 Satan
1381 570 1580 616 terram
1604 561 1818 629 circuit,

241 643 367 711 quia
393 644 467 699 ab
492 645 665 702 Adam
691 658 816 704 ante
844 653 1132 705 adventum
1162 652 1376 708 Domini
1401 666 1589 709 omnes
1618 663 1739 722 post
1761 669 1820 709 se

240 732 494 790 nationes
519 737 763 807 gentium
802 739 983 793 traxit.
1015 738 1275 795 Circuivit
1314 750 1369 797 et
1406 742 1817 811 perambulavit,

239 823 364 891 quia
401 840 499 893 per
527 828 690 882 corda
721 830 959 899 gentium
992 830 1292 900 iniquitatis
1331 846 1441 888 sure
1468 832 1691 903 vestigia
1721 833 1821 886 im-

237 914 461 980 pressit.
496 915 752 973 Tnomcs.
787 917 1005 975 Satana:
1036 929 1235 976 terram
1264 919 1499 979 circuire
1520 932 1603 979 est
1629 939 1821 980 carna-

238 1000 308 1056 lia
338 1003 506 1058 corda
537 1008 898 1074 perscrutari,
939 1019 995 1064 et
1030 1011 1174 1067 unde
1214 1014 1554 1069 occasionem
1597 1030 1820 1070 accusa-

239 1092 403 1148 tionis
438 1094 682 1152 invenire
709 1098 878 1167 possit
911 1100 1212 1170 exquirere.
1260 1100 1466 1158 Circuit
1511 1104 1812 1161 circumve-

236 1179 480 1247 niendo,
534 1192 594 1238 ut
647 1187 785 1241 bona
838 1187 987 1243 tollat
1036 1197 1088 1244 et
1136 1189 1276 1246 mala
1323 1192 1543 1248 inserat.
1621 1193 1818 1265 Sequi-

236 1279 324 1324 1111⁵
354 1288 369 1324 Σ

307 1361 479 1418 Vens.
512 1366 566 1420 8.
610 1365 867 1437 Nunquid
893 1371 1240 1427 considerasti
1264 1390 1469 1429 servum
1497 1391 1667 1430 meum
1696 1374 1814 1441 Job,

234 1453 373 1523 quod
401 1471 509 1508 non
537 1457 607 1510 sit
629 1458 679 1511 ei
716 1458 902 1513 similis
928 1462 984 1516 in
1006 1468 1168 1530 terra,
1195 1465 1272 1518 vir
1299 1464 1520 1535 simplex
1544 1476 1592 1522 et
1624 1478 1814 1532 rectus,

232 1559 297 1597 ac
323 1544 514 1599 timens
540 1544 732 1613 Deum,
758 1559 804 1603 et
840 1550 1080 1607 recedens
1114 1569 1147 1606 a
1180 1554 1318 1608 malo
1337 1556 1362 1609 ?
1381 1586 1454 1598 —
1475 1555 1818 1612 Discuticnda

230 1632 433 1704 quippe
458 1642 546 1691 est
574 1651 819 1707 quaenam
847 1641 918 1695 sit
946 1641 1047 1696 ista
1085 1641 1304 1699 locutio.
1337 1644 1521 1716 Neque
1561 1647 1705 1701 enim
1732 1647 1818 1702 vel

1922 470 2066 540 plum
2108 472 2229 526 vitae
2273 472 2595 528 hominibus.
2639 474 2889 543 simplex;
2937 475 3002 530 ad
3032 491 3135 531 non
3162 480 3488 548 parcendum

1920 560 2167 631 malignis
2194 561 2488 631 spiritibus,
2540 573 2705 617 rectus
2732 579 2750 628 ;
2801 564 2867 618 ad
2894 565 3263 622 debellandam
3294 583 3481 639 super-

1919 651 2083 715 biam,
2111 653 2296 707 timens
2326 653 2525 719 Deum;
2565 655 2632 709 ad
2662 657 3037 725 detergendam
3065 674 3194 715 vero
3220 660 3272 716 in
3304 662 3489 718 electis

1920 740 2031 796 suis
2076 741 2202 796 viue-
2241 742 2666 809 immunditiam,
2712 745 2948 800 recedens
2978 763 3008 799 a
3034 748 3195 802 malo.
3250 748 3326 804 De
3372 750 3488 820 ipso

1919 831 2062 884 enim
2092 844 2188 901 per
2212 829 2404 886 Isaiam
2440 831 2638 888 dicitur
2669 851 2683 889 :
2716 852 2734 885 ‹
2765 833 2830 887 Ει
2861 834 3085 904 replebit
3119 849 3239 888 eum
3266 834 3491 903 spiritus

1922 922 2133 979 timoris
2179 922 2390 978 Domini
2439 922 2573 994 (Isa.
2621 941 2683 990 ιι,
2713 924 2789 995 3).
2833 943 2850 976 ι
2904 926 2971 979 Ει
3020 925 3206 980 Petrus
3250 944 3263 980 :
3320 943 3339 976 ι
3381 924 3485 993 Qui

1920 1022 2201 1084 peccatum
2231 1031 2334 1070 non
2365 1015 2511 1082 fecit,
2543 1033 2640 1072 nec
2685 1017 2839 1074 dolus
2885 1018 3131 1074 inventus
3167 1027 3252 1074 est
3295 1019 3348 1073 in
3393 1034 3489 1075 ore

1920 1102 2035 1174 ejus
2065 1105 2116 1177 (I
2146 1103 2290 1161 Petr.
2320 1123 2360 1174 ι,
2389 1108 2500 1176 9.2).
2536 1128 2553 1160 ι
2602 1108 2694 1163 Dei
2721 1118 2897 1163 autem
2929 1109 2994 1163 ad
3034 1109 3200 1163 Satan
3229 1125 3326 1180 per
3354 1109 3486 1181 ligu-

1921 1209 2037 1249 ram
2115 1195 2292 1251 dicere
2365 1206 2447 1253 est
2497 1216 2510 1251 :
2579 1197 2833 1268 Nunquid
2891 1200 3229 1254 considerasti
3283 1217 3486 1255 servum

1918 1299 2089 1337 meum
2113 1284 2212 1338 Job
2236 1286 2261 1339 ?
2282 1286 2610 1355 unigenitum
2640 1288 2833 1342 Filium
2863 1297 3051 1343 contra
3080 1304 3200 1344 eum
3229 1289 3280 1343 in
3312 1288 3485 1343 forma

1920 1375 2063 1429 servi
2105 1376 2493 1432 admirabiliter
2532 1378 2887 1433 demonstrat.
2935 1379 3185 1435 TROPIL‘E.
3230 1379 3484 1450 Nunquid

1920 1465 2261 1519 considerasti
2287 1484 2486 1521 servum
2513 1484 2682 1523 meum
2709 1468 2809 1523 Job
2827 1471 2852 1523 2’
2878 1485 3036 1539 quem
3059 1471 3234 1525 divina
3265 1470 3490 1541 inspira-

1922 1555 1999 1610 tio
2027 1566 2214 1611 contra
2264 1559 2470 1613 hostem
2521 1560 2735 1614 roborat
2765 1577 2778 1616 :
2810 1562 2952 1616 hunc
2998 1562 3151 1630 quasi
3190 1562 3244 1616 in
3276 1561 3490 1617 Satanas

1922 1643 2141 1699 auribus
2192 1646 2333 1701 Deus
2382 1646 2583 1702 laudat.
2658 1648 2901 1704 Laudare
2966 1652 3161 1721 quippe
3212 1651 3328 1722 ejus
3383 1659 3486 1720 est,

232 1735 267 1776 a
304 1722 537 1781 Domino
575 1727 668 1797 qui
709 1744 952 1786 summus
988 1740 1151 1803 atque
1192 1734 1694 1809 incircumscriptus
1733 1747 1815 1795 est
1842 1732 1889 1793 B
1915 1742 1971 1788 et
2017 1734 2168 1804 prius
2209 1735 2350 1791 bona
2398 1738 2692 1794 concedere
2723 1780 2739 1806 ,
2788 1748 2842 1796 et
2868 1749 2988 1811 post
3018 1756 3273 1798 concessa
3303 1751 3486 1799 custo-

228 1812 479 1883 lpiritus,
503 1815 591 1873 vel
619 1817 784 1897 Satan
821 1821 914 1891 qui
952 1822 1098 1879 nulla
1125 1840 1321 1883 carnea
1348 1836 1541 1884 natura
1564 1830 1811 1897 vestitus,

227 1901 473 1962 humano
508 1896 883 1968 modoserens
914 1912 1074 1971 ﬂatus
1102 1915 1231 1973 folle
1259 1919 1462 1975 ventris
1498 1921 1810 1978 attrahitur.

226 1987 338 2081 θεεά
368 1993 577 2064 angelis
606 1996 845 2068 loquitur
886 2001 1050 2068 Deus,
1081 2018 1204 2059 cum
1230 2006 1488 2075 quidquid
1526 2023 1687 2081 agere
1715 2009 1810 2065 de-

222 2079 396 2138 beant
422 2083 480 2139 in
506 2085 621 2157 ipsa
652 2090 1104 2161 contemplatione
1130 2095 1379 2152 veritatis
1404 2079 1607 2167 legunt.
1646 2097 1812 2167 Quasi

224 2171 377 2228 enim
400 2175 744 2235 audientibus
766 2180 983 2249 dicitur,
1006 2185 1151 2255 quod
1172 2185 1475 2243 videntibus
1496 2189 1808 2260 inspiratur.

222 2258 345 2317 Vox
373 2279 610 2337 namque
632 2270 943 2339 angelorum
968 2280 1071 2339 est,
1101 2274 1155 2328 in
1182 2273 1337 2330 laude
1358 2258 1669 2333 Condito—ris
1695 2277 1809 2349 ipsa

224 2351 519 2410 admiratio
554 2355 756 2414 intimae
794 2362 1264 2432 contemplationis
1290 2406 1305 2433 ,
1353 2366 1569 2422 virtutis
1615 2367 1810 2424 divina:

223 2443 513 2500 miracula.
557 2447 875 2504 Animarum
923 2451 1031 2507 Deo
1078 2451 1267 2521 verba,
1302 2454 1416 2525 ipsa
1457 2466 1582 2511 sunt
1620 2472 1808 2513 eorum

225 2534 521 2590 desideria.
551 2536 687 2593 Nam
717 2540 762 2596 si
792 2542 1117 2598 desiderium
1145 2559 1324 2601 sermo
1354 2563 1460 2601 non
1490 2558 1653 2616 esset,
1675 2549 1807 2605 Pro-

220 2624 389 2693 pheta
434 2642 542 2682 non
580 2626 787 2685 diceret
820 2649 832 2685 :
871 2649 890 2683 ι
922 2631 1258 2689 Desiderium
1285 2637 1466 2692 cordis
1498 2653 1685 2693 eorum
1712 2654 1807 2694 au-

221 2712 362 2768 divit
390 2717 539 2772 auris
566 2725 654 2773 tua
698 2717 869 2791 (Psal.
903 2739 959 2788 x,
991 2722 1098 2794 l6).
1142 2743 1160 2777 ι
1205 2727 1317 2781 Deo
1344 2726 1490 2797 loqui
1523 2730 1806 2786 animabus

219 2812 341 2868 est,
392 2821 516 2860 cum
568 2810 938 2867 retributionis
985 2829 1079 2868 eas
1122 2815 1447 2870 certitudine
1495 2818 1802 2874 conﬁrmat.

217 2893 398 2966 Loqui
423 2898 567 2953 enim
596 2899 690 2956 Dei
720 2909 802 2956 est
831 2903 896 2957 ad
928 2903 1218 2971 diabolum,
1245 2908 1362 2962 vias
1391 2906 1506 2975 ejus
1538 2924 1600 2964 ac
1635 2925 1802 2980 nego-

218 2983 301 3037 tia
341 2985 805 3046 animadversione
842 2993 1068 3048 occultte
1106 2995 1460 3052 districtionis
1499 2998 1797 3069 increpare.

217 3074 377 3132 Sicut
406 3078 495 3133 hic
519 3079 718 3136 dicitur
743 3101 755 3137 :
787 3081 936 3139 Unde
964 3087 1142 3141 venis?
1171 3087 1371 3144 Diaboli
1398 3090 1447 3145 ei
1478 3091 1802 3162 respondere
1829 3079 1873 3142 C

216 3172 301 3220 est
328 3166 682 3237 omnipotenti
710 3170 974 3240 majestati
1002 3173 1117 3241 ejus
1142 3175 1215 3228 nil
1243 3192 1400 3247 posse
1422 3177 1617 3233 celare.
1649 3177 1801 3235 Unde

215 3252 308 3309 hic
340 3254 454 3309 ait:
478 3255 709 3312 Circuivi
736 3269 925 3314 terram
947 3273 993 3315 et
1017 3264 1368 3332 perambulavi
1394 3284 1528 3321 eam.
1561 3268 1801 3336 Quatuor

214 3344 396 3399 modis
425 3344 661 3415 loquitur
690 3349 758 3402 ad
789 3350 1062 3407 diabolum
1110 3353 1250 3409 Deus
1272 3394 1287 3422 ,
1338 3356 1509 3411 tribus
1558 3357 1801 3414 diabolus

215 3434 284 3488 ad
312 3432 502 3490 Deum.
543 3436 670 3491 Vias
708 3454 836 3494 suas
863 3440 1100 3495 insinuat
1139 3444 1229 3513 qui
1258 3444 1334 3498 ait
1375 3462 1388 3498 :
1421 3444 1652 3502 Circuivi
1691 3459 1796 3502 ter-

214 3539 354 3600 ram.
404 3524 714 3582 Electorum
764 3529 1127 3587 innocentiam
1173 3544 1433 3603 accusat,
1482 3539 1576 3608 qui
1617 3539 1797 3597 dicit:

216 3613 480 3686 Nunquid
530 3617 730 3686 frustra
779 3620 881 3675 Job
947 3610 1088 3676 timet
1164 3623 1328 3680 Deum
1359 3627 1385 3681 7
1461 3627 1799 3686 Tentandum

211 3707 485 3776 postulat,
517 3725 640 3764 cum
670 3710 799 3766 dicit
829 3730 843 3766 :
872 3711 1109 3769 Extende
1144 3732 1356 3770 manum
1391 3726 1557 3787 tuam,
1587 3729 1643 3776 et
1670 3722 1799 3778 reli-

212 3788 357 3866 qua.’
393 3797 587 3854 Dicere
630 3799 727 3855 Dei
756 3810 840 3856 est
873 3793 1069 3857 :Urute
1102 3806 1284 3859 venis?
1326 3821 1448 3862 eum
1496 3809 1795 3882 increpare.

211 3887 407 3944 Dicere
433 3887 529 3944 Dei
556 3898 639 3946 est
665 3909 677 3944 :
708 3889 1065 3947 Considerasti
1087 3911 1290 3949 servum
1322 3914 1492 3953 meum
1513 3898 1637 3967 Job,
1666 3902 1799 3960 tales

209 3981 416 4038 electos
462 3983 644 4040 facere
673 4025 688 4052 ,
737 3987 983 4057 qualibus
1032 3989 1276 4046 diabolus
1320 3984 1490 4061 pessit
1534 3993 1795 4052 invidere.

209 4074 406 4131 Dicere
435 4076 530 4132 Dei
560 4085 645 4131 est
680 4096 693 4130 :
722 4075 860 4132 Ecce
891 4080 1128 4134 universa
1175 4098 1292 4151 qua:
1340 4082 1492 4138 habet
1536 4086 1591 4138 in
1635 4103 1797 4141 manu

207 4176 300 4220 tua
329 4175 496 4232 sunt,
543 4166 610 4221 ad
654 4166 1026 4237 probationem
1072 4169 1306 4226 ﬁdelium
1357 4187 1478 4228 eum
1528 4175 1794 4232 relaxare.

206 4252 402 4310 Dicere
452 4255 547 4310 Dei
594 4265 679 4313 est
711 4276 724 4311 :
754 4256 821 4312 In
858 4275 974 4312 eum
1016 4276 1079 4313 ne
1108 4263 1356 4316 extendas
1385 4279 1599 4319 manum
1625 4264 1794 4333 tubm,

206 4346 273 4402 ab
299 4348 661 4406 immoderata
706 4367 826 4406 eum
865 4353 1162 4409 teutatioue
1190 4355 1542 4423 restringere.
1588 4357 1667 4412 Ac
1696 4373 1795 4428 per

1915 1826 2051 1881 dire.

1984 1919 2150 1976 Vsus.
2199 1921 2299 1977 lO-
2358 1923 2611 1997 Nunquid
2669 1926 2867 1996 frustra
2915 1926 3014 1981 Job
3064 1928 3209 1982 timet
3262 1925 3489 1982 Deum!

1915 2009 2104 2067 Nonne
2141 2023 2197 2066 tu
2238 2012 2445 2069 vallasti
2483 2031 2622 2082 eum,
2651 2033 2713 2069 ac
2740 2018 2949 2070 domum
2981 2015 3128 2086 ejus,
3166 2017 3486 2072 universam-

1909 2119 2009 2173 que
2025 2104 2469 2177 substantiamper
2486 2107 2805 2162 circuitum?
2830 2109 3066 2179 operibus
3093 2123 3342 2163 manuum
3362 2106 3479 2178 ejus

1912 2193 2238 2261 benedixisti,
2268 2206 2315 2250 et
2335 2198 2591 2266 possessio
2617 2197 2730 2268 ejus
2755 2198 2909 2254 crevit
2939 2200 2992 2253 in
3021 2208 3157 2253 terra
3174 2198 3202 2253 Ρ
3229 2229 3297 2240 -
3333 2197 3412 2254 Ac
3436 2195 3486 2254 si

1910 2294 2158 2355 patenter
2185 2288 2329 2343 dicat
2358 2308 2369 2342 :
2400 2287 2503 2355 Qui
2532 2299 2607 2346 tot
2632 2292 2770 2347 bona
2802 2293 2855 2346 iu
2901 2301 3043 2348 terra
3081 2293 3309 2363 recipit,
3356 2292 3489 2364 quid

1910 2378 2105 2432 mirum
2128 2387 2211 2435 est
2237 2379 2281 2434 si
2312 2395 2410 2449 pro
2436 2381 2514 2436 eis
2541 2396 2659 2438 sese
2685 2383 3000 2440 innocenter
3023 2385 3192 2456 gerit?
3222 2385 3487 2443 innocens

1908 2482 2034 2522 vere
2061 2476 2224 2535 esset,
2253 2470 2299 2524 si
2327 2471 2499 2527 bonus
2536 2472 2678 2527 inter
2716 2476 2942 2530 adversa
2977 2476 3255 2532 existeret.
3304 2476 3485 2531 Auz-

1907 2572 2116 2614 comce.
2167 2558 2300 2627 Quia
2356 2562 2517 2632 igitur
2569 2565 2821 2635 antiquus
2869 2566 3041 2621 hostis
3087 2566 3485 2638 redemptorem

1905 2651 2215 2718 passibilem
2244 2654 2378 2708 vidit
2404 2695 2417 2718 ,
2462 2671 2567 2711 non
2597 2655 2763 2712 Deum
2793 2668 2975 2713 natum
2999 2700 3014 2726 ,
3059 2659 3152 2715 sed
3179 2659 3276 2716 Dei
3305 2659 3481 2730 gratia

1905 2741 2229 2797 custoditum
2278 2746 2547 2814 credidit,
2590 2750 2731 2804 unde
2776 2750 2910 2805 dicit
2943 2770 2956 2804 :
2991 2751 3246 2823 Nunquid
3277 2751 3479 2821 frustra

1902 2830 2003 2886 Job
2033 2834 2174 2888 timet
2205 2833 2412 2892 Deum?
2435 2839 2565 2893 Eum
2594 2841 2789 2911 quippe
2821 2858 2884 2897 ac
2914 2841 3133 2897 domum
3162 2842 3279 2912 ejus
3305 2858 3336 2897 a
3367 2842 3483 2900 Deo

1902 2921 2153 2979 vallatam
2207 2925 2377 2993 dicit,
2435 2929 2557 2997 quia
2612 2932 2866 2988 tentando
2919 2932 3035 3001 ejus
3088 2934 3491 2990 conscientiam-

1902 3027 2190 3085 penetrare
2238 3035 2345 3075 non
2400 3022 2611 3091 potuit;
2651 3025 3004 3080 substantiam
3038 3024 3161 3094 ‘ejus
3199 3025 3481 3091 vallatam,

1904 3105 2030 3173 quia
2061 3106 2259 3163 electos
2288 3110 2404 3180 ejus
2434 3111 2686 3168 invadere
2733 3129 2838 3168 non
2884 3115 3179 3185 praesumit.
3213 3114 3479 3185 Operibus

1903 3211 2158 3253 manuum
2185 3200 2300 3270 ejus
2327 3201 2668 3259 benedixisse
2688 3205 2854 3260 Deum
2880 3216 2933 3261 et
2958 3206 3351 3277 possessionem
3364 3206 3480 3275 ejus

1900 3300 2217 3346 excrescere
2260 3290 2314 3345 in
2345 3302 2487 3348 terra
2515 3296 2780 3363 queritur,
2833 3298 2959 3367 quia
3006 3297 3138 3354 ﬁdes
3167 3298 3283 3369 ejus
3322 3298 3480 3353 inuo-

1902 3377 2136 3433 centiam
2168 3378 2447 3438 hominum
2486 3386 2903 3455 prmdicantibus
2939 3388 3191 3459 apostolis
3218 3388 3479 3458 multipli-

1900 3475 2075 3522 catur.
2123 3468 2400 3528 Possessio
2448 3474 2648 3545 quippe
2693 3491 3010 3534 excrescere
3059 3479 3274 3546 dicitur,
3323 3480 3472 3547 dum,

1898 3556 2267 3618 laborantibus
2313 3565 2781 3635 praedicatoribus,
2815 3568 3051 3624 ﬁdelium
3092 3570 3332 3641 quotidie
3370 3586 3472 3625 nu-

1900 3664 2082 3707 merus
2112 3661 2353 3723 augetur.
2402 3654 2529 3711 Haec
2577 3658 2758 3727 itaque
2786 3659 3000 3715 diabolo
3039 3662 3241 3717 dixisse
3286 3670 3371 3717 est
3406 3662 3475 3717 de

1898 3739 1983 3794 his
2028 3740 2348 3798 tabescendo
2392 3745 2643 3801 doluisse.
2674 3748 2925 3803 TROPICE.
2975 3749 3230 3821 Nunquid
3272 3750 3474 3821 frustra

1896 3824 1997 3880 Job
2039 3829 2182 3883 timet
2224 3830 2427 3885 Deum?
2473 3835 2551 3888 Ac
2594 3835 2638 3889 si
2680 3835 2911 3902 diceret,
2945 3853 3043 3892 cur
3070 3838 3276 3901 laudas,
3309 3853 3474 3909 quem

1894 3917 2225 3989 protegendo
2252 3922 2510 3976 roboras?
2555 3921 2819 3993 Despecto
2846 3926 2991 3981 enim
3029 3942 3117 3982 me
3142 3927 3336 3998 dignus
3365 3927 3473 3982 tuis

1895 4005 2143 4064 laudibus
2167 4010 2329 4066 homo
2357 4022 2519 4080 esset,
2563 4014 2608 4069 si
2656 4016 2768 4070 suis
2816 4025 3004 4072 contra
3042 4017 3248 4074 viribus
3277 4026 3468 4074 staret.

1898 4095 2153 4169 Sequitur
2184 4117 2198 4152 :

1966 4190 2130 4246 Vens.
2161 4192 2245 4246 11.
2285 4191 2389 4247 Sed
2417 4195 2630 4249 extende
2658 4195 2934 4267 paululum
2972 4215 3184 4253 manum
3222 4207 3387 4266 tuam,
3418 4209 3467 4255 et

1895 4290 2047 4351 tange
2122 4274 2320 4337 cuncta'
2386 4303 2503 4356 qua!
2547 4290 2817 4358 possidet,
2860 4302 2915 4346 et
2975 4292 3198 4363 reliqua.
3231 4324 3302 4335 --
3329 4294 3465 4350 Cum

1895 4382 2143 4428 sanetum
2192 4376 2365 4432 virum
2429 4377 2596 4435 Satan
2643 4389 2854 4439 tentare
2904 4386 3143 4454 appetit,
3191 4393 3247 4441 et
3289 4394 3467 4443 tamen

203 4440 309 4495 hoc
334 4441 582 4496 diabolus
612 4459 716 4496 non
746 4452 930 4503 contra
960 4443 1092 4510 Job.
1134 4445 1229 4500 sed
1258 4456 1445 4501 00mm
1473 4446 1639 4502 Deum
1665 4463 1786 4504 (ϐτ-
1816 4434 1866 4493 D
1890 4461 2120 4521 Domino
2167 4475 2230 4522 ut
2273 4484 2493 4526 manum
2541 4486 2693 4527 suam
2736 4434 3029 4533 extendei'e
3074 4434 3268 4533 debeat
3314 4477 3466 4544 dicit,

204 4537 384 4584 tamen
416 4532 668 4601 sumpsit.
720 4531 941 4588 Materia
987 4548 1116 4590 vero
1155 4536 1466 4593 certaminis
1508 4537 1650 4592 beati
1687 4538 1788 4596 Job

202 4621 258 4676 in
287 4622 471 4677 medio
501 4622 625 4690 fuit,
658 4632 713 4678 et
741 4624 785 4679 si
818 4625 870 4679 in
910 4627 1248 4684 sermonibus
1284 4628 1396 4684 suis
1432 4628 1661 4687 dicimus
1688 4631 1788 4687 Job

201 4710 343 4767 inter
372 4711 581 4785 ﬂagella
614 4714 934 4784 deliquisse,
966 4715 1134 4771 Deum
1180 4717 1410 4774 dicimus
1440 4719 1493 4774 in
1525 4735 1622 4776 sua
1664 4738 1787 4792 pro-

200 4804 459 4861 missione
508 4806 826 4876 perdidisse.
900 4811 1259 4865 ALLEGOBICE.
1332 4811 1632 4883 Allegorice
1684 4813 1786 4873 Job

201 4895 594 4967 interpretatur
622 4898 824 4953 dolens.
853 4899 1050 4957 Dolens
1077 4916 1204 4959 vero
1233 4906 1497 4961 veraciter
1524 4921 1621 4977 per
1649 4907 1783 4979 ligu-

202 5002 314 5044 ram
344 4989 563 5056 dicitur,
605 4990 696 5059 qui
742 4998 961 5059 portare
1004 4994 1216 5051 dolores
1264 5006 1477 5053 nostros
1517 5001 1780 5070 propheta

200 5087 508 5136 attestante-
555 5082 893 5153 perhibetur.
951 5084 1049 5140 Cui
1109 5088 1300 5143 similis
1368 5090 1422 5145 in
1470 5098 1616 5149 terra
1671 5108 1779 5149 non

198 5180 297 5236 est,
325 5180 383 5226 et
429 5170 473 5226 si
516 5173 806 5241 adoptivus
835 5174 1062 5246 quisque
1090 5179 1230 5235 ﬁlius
1274 5181 1340 5234 ad
1373 5182 1778 5252 percipiendam

198 5259 526 5316 divinitatem
575 5262 865 5334 proﬁciat,
916 5280 1253 5338 nequaquam
1300 5277 1480 5325 tamen
1532 5281 1590 5327 ut
1637 5272 1781 5329 Deus

1889 4554 2185 4611 notandum
2233 4564 2317 4613 est
2359 4560 2484 4628 quia
2517 4562 2618 4618 sibi
2646 4563 2790 4619 vires
2832 4562 3060 4620 feriendi
3101 4582 3208 4623 non
3250 4555 3493 4622 tribuita

1888 4643 2023 4701 Hinc
2045 4653 2128 4702 est
2152 4647 2294 4717 quod
2324 4648 2377 4704 in
2399 4649 2686 4721 Evangelio
2713 4652 2851 4723 legio
2878 4654 3090 4710 dicebat
3125 4674 3138 4709 :
3177 4674 3195 4707 s
3228 4655 3286 4712 Si
3314 4656 3469 4726 ejicis

1888 4749 2003 4800 nos,
2024 4737 2175 4791 mitte
2191 4738 2352 4794 nosin
2373 4754 2565 4809 porcos
2590 4739 2783 4816 (Marc.
2799 4743 3020 4815 ν,12).ξι
3048 4745 3330 4801 Paululum
3351 4762 3464 4800 ma-

1887 4843 2017 4884 num
2056 4830 2292 4902 postulat
2332 4835 2569 4902 extendi,
2611 4852 2733 4892 cum
2780 4840 3051 4894 exteriora
3096 4840 3297 4911 appetit
3333 4854 3463 4895 con-

1888 4919 2013 4986 teri,
2040 4922 2163 4991 quia
2187 4921 2364 4979 facere
2392 4924 2615 4981 multum
2638 4943 2746 4983 non
2773 4942 2832 4984 se
2859 4939 3033 4999 putat,
3065 4933 3166 4987 nisi
3195 4948 3316 4986 cum
3341 4932 3461 4986 ani-

1886 5023 2031 5064 mam
2049 5010 2277 5077 sauciat,
2302 5020 2361 5067 ut
2386 5011 2628 5072 feriendo
2641 5032 2761 5072 eam
2780 5032 2811 5071 a
2824 5018 3030 5076 caelesti
3048 5020 3222 5091 patria
3240 5033 3464 5075 revoca-

1886 5104 1988 5151 ret.
2019 5097 2133 5169 |Dei
2182 5099 2350 5155 facies
2377 5103 2675 5173 {respectus
2718 5106 2836 5175 ejus
2886 5111 3074 5178 gratia:
3124 5104 3463 5175 intelligitur.

1887 5185 2007 5241 Nisi
2034 5191 2087 5245 in
2116 5191 2305 5261 [aciem
2338 5190 2653 5251 benedixerit
2673 5196 2808 5267 (tibi.
2839 5196 2918 5253 Ac
2953 5200 2997 5253 si
3029 5198 3170 5251 dicat
3202 5194 3308 5249 :Ea
3341 5211 3464 5264 quae

1886 5278 2081 5337 dedisti
2110 5283 2387 5340 subtrahe.
2420 5299 2546 5340 nam
2578 5290 2625 5340 si
2662 5295 2885 5340 accepta
2924 5285 3239 5340 perdiderit.
3273 5301 3464 5340 resne-
