4004 5340
547 158 645 216 H9

1536 163 1594 220 S.
1636 163 1885 223 ODONlS
1923 167 2210 227 ABBATIS
2249 171 2817 244 CLUNIACENSISJI

3698 172 3805 232 120

541 289 783 347 tempore
834 276 926 332 Det
977 277 1148 348 gratia
1195 277 1522 336 custoditum
1577 280 1837 347 credidit,
1885 297 2110 353 peccare
2139 287 2192 350 Α
2217 286 2368 366 loris.
2399 286 2572 344 Aucta
2604 299 2688 342 est
2716 288 2880 342 etiam
2911 302 3162 343 mensura
3201 268 3495 359 gemituum
3525 285 3800 358 particula

538 383 701 438 posse
731 385 825 442 per
861 370 1166 441 passionem
1205 373 1431 442 putavit.
1473 373 1551 428 Ac
1589 374 1634 428 si
1662 372 1840 428 dicat:
1882 375 2119 432 Interro-

537 471 700 534 gatus
753 462 1158 530 alﬁictionibus,
1211 463 1372 521 homo
1405 474 1459 520 et
1494 475 1746 535 peccator
1787 468 2116 538 agnoscitur,

540 555 631 624 qui
663 554 714 608 in
746 553 1020 610 miraculis
1053 555 1195 612 Deus
1220 565 1460 626 putatur.
1501 557 1754 612 Tuomcs.
1794 557 2121 629 Plerumque

537 645 681 699 enim
711 645 834 700 dum
865 645 1125 702 virtutum
1161 646 1368 703 fructus
1407 647 1633 704 fecunde
1661 649 1952 716 reddimus,
1993 651 2119 706 dum

540 735 792 789 continua
831 736 1185 806 prosperitate
1217 737 1508 808 pollemus,
1547 739 1936 810 aliquantulum
1968 755 2120 796 mcns

536 828 781 898 erigitur,
810 839 924 884 uta
948 831 1235 901 semetipsa
1257 831 1358 886 sibi
1382 833 1616 887 existere
1636 833 1774 886 bona
1799 847 1916 900 quae
1936 832 2116 898 habet,

538 921 856 977 arbitretur.
894 921 1022 988 Qua:
1051 922 1308 977 nimirum
1346 921 1488 977 bona
1515 923 1686 978 hostis
1715 932 2005 977 attrectare
2028 936 2122 991 ap-

483 1069 491 1078 ,
534 1013 688 1083 petit,
742 1015 836 1070 sed
885 1014 1027 1070 Deus
1069 1015 1284 1070 nonnisi
1333 1015 1562 1086 benigne
1604 1015 1848 1072 concedit
1895 1033 1911 1071 :
1956 1015 2120 1087 ﬁtque

536 1107 675 1160 mira
701 1107 1105 1177 dispensatione
1132 1108 1369 1178 pietatis,
1400 1117 1460 1162 ut
1485 1109 1626 1164 unde
1657 1110 1926 1180 malignus
1953 1111 2122 1166 hostis

536 1211 634 1252 cor
657 1207 826 1254 tentet
874 1208 934 1253 ut
971 1199 1268 1267 interimat,
1322 1201 1460 1256 unde
1503 1201 1814 1256 misericors
1862 1201 2123 1258 Conditor

536 1290 750 1345 erudiat
780 1301 841 1347 ut
863 1293 1039 1359 vivat;
1079 1302 1346 1363 quatenus
1375 1293 1743 1349 imbecillitate
1764 1309 1859 1348 sua
1885 1295 2119 1363 c0gnita,

539 1383 593 1436 in
632 1399 727 1454 spe
751 1384 919 1439 divini
945 1384 1197 1454 adjutorii
1233 1385 1788 1440 robustiuswsolidcnt.
1825 1384 2118 1456 Sequitur:

610 1475 776 1533 Vsus.
807 1479 894 1532 l2.
937 1477 1074 1533 Ecce
1104 1481 1344 1535 universa
1379 1495 1496 1551 qucc
1542 1480 1694 1534 habet
1734 1480 1788 1534 in
1835 1498 1994 1534 manu
2031 1491 2123 1534 tua

536 1576 682 1632 sunt,
705 1577 758 1622 et
781 1569 1010 1639 reliqua.
1041 1601 1112 1612 ——
1133 1570 1534 1627 Consideranda
1563 1580 1645 1626 est
1670 1569 1997 1642 di'Spensatio
2028 1571 2122 1626 Dei

2221 378 2552 434 nuntiorum.
2592 376 2808 434 Trunca.
2842 377 2992 434 Beati
3017 376 3116 434 Job
3153 378 3292 435 ﬁlios
3320 395 3382 434 ae
3410 378 3550 433 ﬁlias
3570 379 3653 434 vel
3673 394 3811 450 apo-

2219 465 2480 522 stolorum
2515 468 2780 532 ordinem,
2812 467 2900 523 vel
2936 478 3256 524 cunctorum
3299 468 3537 523 ﬁdelium
3567 468 3809 530 diximus

2220 558 2620 616 multitudinem
2647 560 2982 631 designasse.
3015 560 3148 627 Quis
3177 569 3355 614 autem
3387 559 3561 628 major
3593 560 3812 615 Domini

2223 648 2385 716 ﬁlius,
2432 651 2536 706 nisi
2581 649 2837 710 Judaicus
2884 652 3055 722 accipi
3100 652 3326 722 populus
3365 653 3566 720 debet,
3616 653 3712 723 qui
3757 659 3810 710 ei

2221 739 2424 794 dudum
2454 741 2592 795 data:
2625 739 2759 812 legis
2795 741 2976 797 fuerat
3001 741 3247 796 doctrina
3272 742 3608 812 generatus?
3637 742 3816 799 Minor

2223 839 2403 888 autem
2452 833 2666 903 gentilis
2720 833 2947 904 populus
2995 833 3084 903 qui
3126 835 3179 888 in
3228 833 3413 888 mundi
3463 833 3819 890 extremitate

2221 921 2476 980 collectus
2507 933 2607 978 est.
2638 925 2696 978 ln
2737 925 2900 979 domo
2929 923 3112 979 fratris
3142 925 3487 995 primogeniti
3513 925 3814 980 convivan—

2223 1022 2313 1068 tur
2339 1013 2462 1079 ﬁlii,
2491 1015 2618 1085 quia
2647 1015 2900 1070 videlicet
2939 1015 3112 1070 adhuc
3139 1015 3311 1070 sancti
3338 1015 3589 1085 apostoli,
3620 1017 3817 1087 quibus

2223 1105 2427 1160 dictum
2487 1105 2706 1171 fuerat,
2782 1105 2884 1159 tln
2921 1106 3063 1160 viam
3132 1106 3372 1175 gentium
3442 1121 3510 1160 ne
3571 1107 3820 1163 abieritis

2223 1195 2442 1264 (Matth.
2495 1213 2563 1261 x,
2601 1196 2679 1265 5),
2714 1215 2732 1248 ι
2786 1210 2956 1250 sacra:
3001 1193 3294 1264 Scripturze
3337 1193 3508 1264 epulis
3551 1195 3607 1248 in
3650 1194 3820 1250 solius

2220 1285 2430 1342 Iudaici
2487 1287 2667 1356 populi
2716 1285 3031 1340 collectione
3073 1283 3451 1338 vescebantur.
3508 1283 3579 1339 Ut
3632 1284 3763 1338 illud
3800 1268 3825 1335 ε’

2229 1397 2246 1429 ε
2277 1377 2391 1433 Non
2429 1376 2755 1450 jejunabunt
2793 1377 2888 1432 ﬁlii
2918 1377 3121 1447 sponsi,
3157 1377 3397 1446 quandiu
3440 1391 3564 1431 cum
3597 1376 3705 1430 illis
3737 1384 3823 1431 est

2221 1483 2466 1538 sponsus,
2498 1478 2553 1524 et
2575 1467 2777 1537 reliqua
2803 1467 3016 1538 (Matth.
3041 1481 3116 1533 rx,
3143 1466 3252 1530 15).
3287 1484 3305 1518 ο

2295 1559 2460 1614 Vens.
2491 1559 2579 1612 M.
2611 1557 2781 1612 Boves
2810 1557 3051 1622 arebant,
3084 1567 3132 1611 et
3163 1557 3326 1611 asinae
3353 1559 3728 1627 pascebantur.
3751 1585 3824 1596 —

535 1657 772 1726 pictatis,
810 1660 1079 1728 quomodo
1122 1660 1332 1716 hostem
1377 1669 1619 1715 nostrum
1651 1661 1914 1731 permittit
1953 1671 2007 1716 et
2038 1675 2122 1714 re-
2149 1650 2198 1711 B
2228 1652 2365 1720 Quid
2391 1654 2574 1719 boves,
2597 1668 2758 1723 quam
2779 1652 2918 1706 bene
2943 1651 3269 1722 Operantcs?
3299 1651 3426 1720 quid
3446 1650 3590 1704 aliud
3612 1650 3821 1720 asinas,

535 1747 694 1813 tinet,
736 1748 948 1804 relaxat
977 1759 1032 1804 et
1079 1749 1337 1807 refrenat.
1381 1750 1756 1806 Substantiam
1795 1751 2002 1822 prodit,
2026 1753 2120 1808 sed

535 1853 736 1909 corpus
784 1842 1021 1911 protegit
1067 1853 1189 1913 post
1233 1845 1574 1916 persecutori
1615 1845 1960 1900 traditurum.
2006 1844 2119 1901 Non

2221 1759 2381 1813 quam
2411 1743 2672 1814 quosdam
2709 1741 3030 1812 simpliciter
3059 1742 3299 1797 viventes
3328 1741 3668 1808 accipimus?
3691 1740 3825 1807 Qum

2226 1836 2368 1891 bene
2405 1837 2563 1906 juxta
2595 1837 2759 1892 boves
2789 1844 3106 1906 pascuntur,
3149 1837 3273 1906 quia
3305 1834 3664 1906 prudentibus
3689 1849 3824 1889 con-

536 1929 702 1985 simul
729 1933 797 1988 ad
828 1935 1008 1989 omnia
1042 1936 1250 1990 relaxat
1286 1937 1520 2004 hostem,
1561 1953 1628 1992 ne
1660 1937 1895 2008 undique
1921 1936 2124 1994 feriens

2247 1929 2391 1984 uneti
2440 1929 2727 1995 tardiores,
2771 1942 2962 1982 eorum
3014 1926 3370 1996 intelligentia
3408 1925 3649 1992 aluntur,
3692 1925 3825 1981 dum

537 2021 757 2094 frangat
801 2026 995 2082 civem.
1033 2026 1168 2084 llinc
1195 2028 1394 2086 Paulus
1435 2031 1548 2084 ait:
1588 2047 1606 2082 ‹
1635 2014 1834 2085 Fidelis
1865 2031 2006 2086 Deus
2032 2031 2124 2100 qui

539 2125 650 2168 non
681 2114 921 2184 patietur
948 2133 1042 2172 vos
1084 2121 1282 2175 tentari
1320 2135 1480 2190 supra
1507 2118 1559 2174 id
1582 2120 1723 2189 quod
1751 2121 1996 2190 potestis,
2031 2120 2127 2174 sed

540 2201 707 2258 faciet
740 2220 861 2259 cum
892 2207 1188 2262 tentatione
1216 2209 1379 2264 etiam
1407 2208 1608 2263 exitum
1634 2218 1691 2263 ut
1717 2209 1936 2278 possitis
1964 2209 2130 2264 susti-

537 2307 675 2350 nere
698 2294 748 2367 (ι
773 2293 897 2350 Cor.
920 2311 978 2364 x,
1003 2297 1112 2369 15).
1147 2319 1165 2352 ι
1195 2299 1422 2371 lntelligi
1444 2309 1498 2355 et
1521 2301 1681 2356 aliter
1705 2309 1904 2371 potest,
1932 2316 2131 2372 pugna-

540 2385 646 2441 tori
669 2401 766 2442 suo
787 2386 1047 2445 Dominus
1071 2390 1312 2446 dividere
1343 2393 1641 2446 certamina
1663 2393 1856 2456 voluit,
1880 2402 1937 2446 ut
1958 2393 2130 2447 hostis

538 2475 694 2545 prius
723 2477 898 2534 vietus
930 2479 1107 2534 denuo
1135 2481 1366 2546 veniret,
1400 2490 1638 2552 tuncque
1678 2481 1726 2536 ei
1757 2482 1901 2536 aliud
1935 2471 2129 2537 iterum

542 2567 834 2635 vincendo,
861 2571 1208 2638 concederet,
1242 2581 1300 2627 ut
1323 2585 1389 2628 eo
1414 2570 1650 2627 famulus
1671 2572 1935 2627 mirabilis
1959 2573 2131 2627 victor

545 2661 830 2728 existeret,
867 2677 974 2733 quo
995 2673 1184 2719 contra
1211 2680 1335 2722 eum
1371 2665 1549 2721 victus
1579 2666 1750 2722 hostis
1782 2680 1840 2721 se
1861 2665 2132 2721 adbellare

541 2762 780 2822 pararet.
820 2755 1185 2812 ALLEGORICE.
1225 2756 1414 2813 Manus
1455 2757 1670 2814 Satanas
1713 2774 1817 2815 non
1871 2769 2129 2829 potestas,

544 2843 641 2898 sed
671 2845 900 2900 tentatio
940 2847 1226 2918 accipitur.
1258 2848 1588 2920 Redemptor
1617 2849 1781 2920 igitur
1817 2860 2001 2906 noster
2039 2851 2130 2920 qui

545 2931 810 3001 Iudaeam,
852 2952 972 3007 qua:
1014 2938 1166 3008 prius
1193 2941 1496 2995 substantia
1546 2939 1662 3010 ejus
1704 2939 1906 3009 fuerat,
1949 2943 2132 2998 amisit

2227 2019 2308 2074 eis
2336 2018 2474 2074 bona
2505 2035 2600 2074 sua
2636 2019 2875 2074 fraterna
2907 2019 3170 2074 cbaritate
3207 2018 3458 2073 credunt.

2298 2110 2474 2167 Sabaei
2521 2121 2700 2168 autem
2746 2112 3080 2182 captivantes
3132 2111 3586 2182 interpretantur.
3641 2110 3826 2181 Capti-

2228 2206 2469 2261 vantium
2512 2213 2693 2260 autem
2730 2204 2950 2259 nomine
2978 2203 3241 2259 immundi
3273 2203 3495 2272 spiritus
3531 2202 3825 2272 designan-

2229 2306 2339 2363 tur,
2373 2297 2462 2367 qui
2494 2311 2588 2352 eos
2609 2311 2746 2366 quos
2778 2295 2878 2350 sibi
2913 2292 3226 2363 subjiciunt,
3258 2293 3547 2348 inﬁdeliter
3572 2292 3824 2362 captivos

2229 2388 2455 2444 ducunt.
2497 2387 2598 2454 Qui
2631 2395 2685 2441 et
2715 2400 2912 2456 pueros
2941 2385 3117 2456 gladio
3149 2383 3368 2448 feriunt,
3405 2383 3532 2453 quia
3567 2381 3825 2436 tentatio-

2231 2480 2316 2535 nis
2341 2495 2452 2534 suze
2467 2477 2662 2548 jaculis
2689 2491 2782 2532 eos
2805 2475 3121 2540 vulnerant,
3146 2489 3282 2544 quos
3311 2472 3546 2528 nondum
3567 2470 3831 2540 juvenilis-

2232 2570 2538 2625 constantia
2567 2569 2767 2624 liberos
2791 2568 2875 2622 vel
2907 2567 3156 2622 robustos
3185 2572 3385 2621 servat.
3410 2563 3552 2618 Puer
3573 2563 3666 2632 qui
3687 2576 3826 2616 nun-

2234 2661 2611 2726 tiatevadens,
2659 2673 2837 2714 sermo
2863 2667 2948 2713 est
2987 2657 3360 2728 propheticus,
3413 2653 3506 2724 qui
3530 2653 3660 2707 dum
3691 2651 3826 2705 ﬁunt

2234 2753 2382 2809 mala
2406 2753 2586 2808 omnia
2615 2768 2733 2823 qua:
2759 2752 3027 2822 praedixit,
3060 2749 3215 2821 quasi
3247 2763 3416 2803 sanus
3443 2747 3510 2802 ad
3535 2745 3826 2801 Dominum

2235 2844 2391 2898 redit.
2445 2843 2699 2898 TBOPICE.
2749 2841 2806 2897 ln
2845 2841 3138 2896 electorum
3177 2839 3338 2894 corde
3368 2838 3513 2906 prior
3553 2837 3824 2891 bonorum

2242 2933 2584 3002 sequentium
2634 2932 2788 3001 quasi
2828 2929 3186 3002 primogenita
3219 2927 3396 2998 proles
3428 2926 3691 2996 sapientia
3723 2939 3824 2978 na-

543 3041 644 3096 per
670 3005 1066 3097 inﬁdelitatem,
1105 3039 1162 3087 et
1191 3041 1313 3102 post
1347 3030 1465 3101 ejus
1503 3005 1632 3088 caro
1672 3005 1916 3104 patibulo
1952 3035 2129 3089 crucis

2240 3023 2423 3087 scitur,
2451 3037 2569 3091 quae
2611 3019 2852 3091 profecto
2900 3028 3082 3074 nostra
3131 3025 3214 3073 est
3262 3017 3415 3079 ﬁdes,
3460 3015 3825 3086 utprOphcta

545 3125 630 3174 est
649 3117 822 3186 aﬂlxa,
852 3122 1008 3191 quasi
1034 3122 1186 3193 prius
1211 3123 1390 3178 habita
1429 3125 1680 3194 perdidit,
1705 3133 1760 3180 et
1790 3126 2130 3192 postmodum

545 3214 604 3270 in
633 3216 926 3286 semetipso
956 3217 1255 3273 adversarii
1284 3217 1579 3288 nequitiam
1601 3217 1845 3287 pertulit.
1872 3216 2130 3272 TROPILE.

547 3303 632 3360 Ac
647 3305 695 3360 si
721 3306 865 3362 dicat
891 3325 904 3360 :
938 3307 1118 3364 El‘ecti'
1139 3310 1560 3380 uniuscujusque
1588 3309 1728 3366 bona
1758 3311 1836 3366 sic
1879 3310 2134 3365 tentanda

549 3398 790 3454 exterius
819 3400 1016 3467 tribuo,
1045 3409 1106 3455 ut
1145 3410 1324 3456 tamen
1352 3401 1463 3472 ipse
1493 3403 1708 3458 noveris
1737 3401 1860 3473 quia
1886 3417 2136 3472 perseve-

550 3499 741 3548 ranter
779 3494 909 3549 mihi
959 3494 1110 3551 illum
1156 3495 1211 3550 i'n
1242 3497 1440 3552 mentis
1492 3499 1674 3553 radice
1708 3512 1988 3553 conservo.
2034 3497 2135 3553 Se-

553 3584 737 3654 quitur
767 3603 780 3638 :
813 3583 1173 3658 Egressusque
1217 3598 1291 3643 est
1349 3586 1514 3642 Satan
1557 3608 1595 3643 a
1621 3590 1758 3659 facie
1811 3588 2042 3643 Domini.
2067 3619 2135 3629 —-

551 3672 671 3741 Quo
694 3675 874 3734 exitur
903 3677 972 3733 ab
999 3693 1064 3735 eo
1089 3679 1178 3749 qui
1211 3677 1408 3748 ubique
1430 3679 1556 3734 est?
1597 3679 1734 3736 llinc
1759 3695 1994 3751 namque
2017 3681 2092 3735 ait
2119 3699 2132 3734 :

558 3781 580 3817 ι
609 3763 817 3821 leum
869 3776 924 3822 et
968 3777 1169 3823 terram
1220 3784 1322 3839 ego
1366 3769 1561 3838 impleo
1609 3768 1741 3841 (Jer.
1779 3786 1937 3834 xxtlt,
1972 3769 2081 3842 14).
2113 3789 2130 3822 ι

555 3852 666 3911 Sed
713 3857 957 3926 quandiu
1018 3856 1204 3922 Satan,
1243 3873 1466 3927 pressus
1535 3857 1834 3925 majestatis
1873 3861 2133 3929 potentia,

555 3948 853 4017 appetitum
899 3965 1010 4005 sua:
1047 3949 1266 4005 malitiae
1316 3964 1573 4004 exercere
1616 3963 1723 4004 non
1766 3950 1950 4013 valuit,
1984 3951 2137 4022 quasi

555 4049 685 4096 ante
728 4040 924 4098 faciem
978 4042 1188 4098 Domini
1229 4045 1400 4099 stetit.
1447 4043 1492 4098 A
1540 4042 1679 4100 facie
1708 4052 1887 4098 autem
1930 4045 2139 4098 Domini

555 4129 851 4200 exiit,quia
882 4131 1154 4188 relaxatus
1180 4133 1440 4190 divinitus
1465 4135 1531 4190 ab
1564 4136 1791 4190 internae
1820 4135 2140 4190 retentionis

559 4222 832 4292 angustia,
869 4223 936 4275 ad
975 4223 1057 4278 sui
1089 4225 1336 4279 desiderii
1381 4223 1628 4281 eﬁ‘ectum
1660 4226 1826 4282 venit.
1879 4225 2139 4281 Mvsrtcn.

561 4312 716 4370 Sicut
752 4315 1002 4386 superius
1027 4331 1056 4369 a
1080 4315 1218 4371 faeie
1239 4318 1370 4371 exiit
1392 4318 1623 4382 Domini,
1650 4319 1776 4388 quia
1795 4318 1860 4374 ad
1884 4317 2138 4373 desiderii

562 4421 662 4462 sua
689 4414 814 4462 vota
836 4406 1102 4478 pervenit.
1130 4406 1470 4462 MORALITER.
1504 4407 1550 4462 A
1582 4407 1718 4462 facie
1744 4407 1955 4462 Domini
1985 4409 2138 4475 exiit,

561 4498 690 4569 quia
717 4513 816 4568 per
850 4498 953 4554 hoc
979 4498 1122 4568 quod
1149 4513 1317 4567 usque
1343 4497 1410 4551 ad
1447 4496 1696 4552 ellectum
1725 4499 1905 4553 contis
1938 4513 2140 4568 praeva-

563 4590 681 4646 lere
728 4603 1071 4659 nequaquam
1125 4586 1477 4659 permittitur,
1527 4588 1779 4644 exclusus
1824 4589 1892 4643 ab
1939 4589 2144 4644 intimis

564 4680 806 4739 exterius
835 4688 1014 4746 vacat,
1045 4680 1172 4750 quia
1203 4679 1366 4735 etiam
1410 4680 1454 4735 si
1506 4680 1649 4734 vires
1678 4681 1873 4736 mentis
1904 4681 2143 4751 plerum-

566 4787 675 4846 que
719 4773 924 4838 turbat,
953 4786 1020 4827 eo
1063 4771 1181 4841 ipso
1230 4770 1362 4826 foris
1409 4780 1519 4838 est,
1571 4786 1678 4842 quo
1716 4773 2005 4829 assistente
2033 4773 2145 4828 Deo

566 4877 740 4935 usque
769 4860 840 4919 ad
879 4861 1153 4918 interitum
1196 4859 1461 4917 bonorum
1509 4861 1674 4917 corda
1723 4877 1830 4917 non
1873 4861 2141 4918 vulnerat.

566 4954 827 5023 Sequitur
861 4971 878 5009 :

640 5048 805 5103 Vens.
843 5045 929 5102 15.
981 5047 1113 5104 Cum
1159 5055 1333 5103 autem
1375 5047 1606 5118 quadam
1648 5047 1732 5101 die
1783 5045 1882 5115 filii
1926 5053 1973 5098 et
2019 5043 2148 5111 ﬁlice

570 5145 686 5214 ejus
737 5144 1062 5198 comederent
1107 5152 1154 5197 et
1200 5141 1447 5205 biberent,
1505 5148 1561 5194 et
1614 5137 1842 5221 reliqua.
1881 5167 1952 5177 —
1997 5135 2148 5189 Tunc

573 5236 771 5306 quippe
802 5235 1045 5293 diabolus
1074 5233 1311 5291 tentandi
1347 5247 1483 5304 opus
1520 5231 1682 5301 elegit
1718 5227 1934 5300 quando
1962 5227 2152 5284 beatus

1525 5323 1564 5340 Α
1621 5338 1628 5340 .
1663 5323 1674 5340 l
1755 5323 1766 5340 .-
1791 5321 1963 5340 Ι-Ιε--ι
1996 5317 2149 5340 ..-1.2-

2237 3112 2319 3165 ait
2343 3125 2357 3165 :
2387 3129 2404 3162 ‹
2433 3109 2547 3164 Nisi
2572 3108 2942 3175 credideritis,
2961 3122 3067 3161 non
3092 3103 3400 3176 intelligetis
3421 3103 3560 3175 (Isa.
3584 3119 3686 3169 vn,
3709 3102 3821 3173 9).»

2234 3201 2292 3256 lu
2319 3201 2477 3257 domo
2516 3215 2644 3270 ergo
2675 3197 2861 3254 fratris
2906 3196 3252 3269 primogeniti
3299 3194 3392 3249 ﬁlii
3448 3193 3826 3257 convivantur,

2237 3295 2364 3350 dum
2398 3293 2627 3348 virtutes
2655 3302 2854 3346 nostrae
2885 3289 2937 3343 in
2969 3287 3278 3343 habitaculo
3305 3286 3430 3342 lidei
3456 3286 3596 3340 sacri
3623 3285 3827 3355 eloquii

2237 3385 2359 3440 cibo
2404 3384 2692 3438 satiantur.
2734 3380 2872 3447 Quid
2911 3386 3131 3433 arantes
3174 3377 3361 3442 boves,
3406 3377 3512 3432 nisi
3547 3376 3832 3447 graviores

2239 3483 2458 3530 nostras
2498 3473 2856 3541 cogitationes
2898 3469 3234 3537 accipimus?
3260 3465 3398 3535 Quid
3429 3474 3718 3537 pascentes
3748 3465 3830 3519 in-

2241 3564 2536 3635 telligimus
2580 3561 2784 3627 asinas,
2826 3560 2928 3614 nisi
2965 3559 3238 3630 simplices
3268 3568 3447 3614 mutus
3473 3556 3691 3613 cordis?
3721 3555 3831 3611 Sed

2242 3657 2564 3728 plerumque
2605 3654 2777 3709 hostis
2830 3652 3059 3708 callidus
3107 3667 3298 3723 graves
3337 3651 3695 3722 cogitationes
3735 3663 3830 3704 vo-

2240 3747 2467 3818 luptatis
2509 3745 2869 3802 delectatione
2912 3745 3234 3814 corrumpit,
3260 3752 3316 3798 et
3348 3751 3527 3798 motus
3554 3739 3831 3812 simplices

2242 3837 2422 3893 cordis
2443 3837 2601 3891 laude
2625 3834 2940 3891 subtilitatis
2962 3834 3062 3890 etsi
3085 3849 3191 3889 non
3216 3832 3501 3898 interimit,
3525 3832 3829 3900 subrepens

2244 3941 2426 3986 tamen
2475 3935 2656 3984 nocet.
2713 3925 2906 3981 Aliter.
2957 3926 3191 3980 Arantcs
3236 3925 3421 3991 boves,
3471 3922 3831 3994 cogitationes

2243 4031 2370 4080 sunt
2419 4019 2722 4086 charitatis,
2754 4017 2967 4088 {quibus
2994 4017 3358 4087 (praedicando
3405 4013 3665 4084 prodesse
3706 4011 3839 4067 aliis

2244 4129 2524 4172 conamur.
2571 4110 2677 4166 Per
2727 4110 2912 4164 asinas
2954 4124 3085 4164 vero
3110 4109 3366 4180 patientia
3391 4115 3448 4162 et
3469 4103 3832 4160 mansuetudo

2246 4206 2449 4278 signari
2471 4209 2671 4274 potest.
2710 4197 2817 4255 Sed
2849 4198 3117 4271 malignus
3152 4209 3372 4254 arantcs
3409 4197 3575 4251 boves
3613 4197 3833 4250 subtra-

2247 4303 2348 4369 hit,
2382 4317 2504 4358 cum
2531 4317 2630 4358 nos
2661 4301 2714 4356 in
2740 4309 3014 4370 torporem
3055 4294 3273 4364 mergit,
3313 4301 3371 4345 ut
3413 4289 3534 4344 aliis
3571 4288 3834 4359 prodesse

2247 4411 2353 4450 non
2393 4394 2577 4460 libeat,
2622 4394 2788 4450 etiam
2838 4405 2960 4446 cum
2990 4403 3020 4442 a
3050 4383 3285 4458 propriis
3326 4394 3587 4437 vacamus
3617 4387 3676 4434 et
3704 4377 3833 4433 dum

2249 4485 2589 4542 tolerantiam
2635 4482 2978 4556 cogitationis
3021 4479 3108 4534 vel
3144 4478 3211 4532 ad
3249 4482 3583 4531 momentum
3625 4472 3828 4534 turbat,

2249 4575 2407 4645 quasi
2450 4574 2735 4630 abstulisse
2761 4589 2820 4629 se
2845 4573 2913 4626 ab
2941 4585 3074 4642 agro
3111 4556 3524 4624 cordis‘asinas
3571 4559 3829 4616 exsultat.

2249 4666 2384 4721 Aliis
2432 4679 2562 4734 ergo
2617 4661 3007 4734 pereuntibus,
3067 4673 3206 4713 unus
3256 4656 3324 4710 ad
3377 4654 3600 4708 domum
3666 4649 3828 4714 redit,

2251 4759 2380 4814 dum
2435 4754 2666 4812 turbatis
2713 4754 2765 4807 in
2814 4750 3111 4808 tentatione
3157 4746 3418 4810 motibus,
3464 4743 3722 4798 discretio
3764 4739 3830 4794 ad

2253 4848 2638 4906 conscientiam
2695 4844 2950 4910 recurrit,
2979 4851 3038 4898 ut
3086 4839 3256 4912 quod,
3287 4833 3586 4907 repentinis
3653 4832 3830 4886 incur-

2251 4941 2403 4997 sibus
2466 4944 2840 5010 praeoccupata
2892 4943 3072 4989 mente
3129 4928 3434 5001 perdidisse
3488 4939 3548 4980 se
3601 4929 3827 4993 pensat,

2251 5033 2354 5088 hoc
2378 5029 2808 5102 compunctionis
2834 5026 3014 5081 Studio
3038 5021 3235 5078 aﬂlicta
3266 5019 3511 5088 recipiat.
3537 5015 3823 5084 Sequitur:

2323 5125 2486 5179 Vens.
2536 5121 2621 5176 16.
2678 5117 2910 5183 Cumque
2958 5115 3131 5171 adhuc
3177 5111 3269 5166 ille
3316 5110 3634 5180 loqueretur,
3696 5103 3828 5159 venit

2252 5216 2389 5270 alius
2434 5225 2480 5270 et
2529 5212 2664 5267 dixit
2700 5224 2718 5261 :
2751 5209 2898 5280 Ignis
2933 5207 3030 5262 Dei
3075 5203 3259 5259 cecidit
3302 5219 3329 5256 e
3372 5198 3540 5269 (31:10,}
3572 5208 3620 5252 et
3664 5206 3827 5250 tactas

2258 5324 2371 5340 mm.
2409 5315 2494 5340 uln
2531 5302 2928 5340 __.Inlnnnrlnm
2947 5300 3144 5340 nnlnnp.
3158 5303 3241 5340 pst
3255 5308 3415 5340 mmm
3433 5289 3623 5340 callide
3637 5289 3829 5340 (ὶίρίῑυπ
