4004 5340
227 351 329 405 iii

983 359 1285 418 EPITOMB
1322 363 1686 425 MOMLIUM
1735 367 1791 424 8.
1830 369 2039 430 GREG.
2078 373 2146 428 ΙΝ
2186 374 2322 432 ιοΒ.
2360 409 2430 418 -
2468 379 2596 436 LIB.
2635 378 2700 435 li.

3384 381 3487 436 £23

377 555 390 559 _
411 465 629 524 Trrmn.
679 469 903 559 Caelum
953 472 1055 528 hoc
1101 473 1152 527 in
1203 474 1322 530 loco
1365 477 1674 536 sacerdotes
1726 482 1806 536 vel
1835 486 1886 545 Α
1911 484 2044 538 dixit
2075 499 2094 536 :
2122 486 2247 554 ﬁliis
2282 490 2386 543 tuis
2424 500 2470 544 et
2506 491 2716 559 ﬁliabus
2749 493 3084 556 nascentibus,
3119 502 3165 547 et
3198 492 3489 552 bibentibus

225 554 558 622 Pharisaeos,
606 558 691 612 vel
742 558 874 629 legis
919 563 1169 617 doctores
1215 577 1320 618 non
1366 565 1807 625 inconvenienter

224 648 556 717 accipimus,
607 661 666 706 ut
713 652 924 723 Moyses
977 655 1093 709 ait:
1128 658 1424 724 «Attende,
1481 661 1700 726 ccelum,
1753 671 1808 717 et

221 735 442 804 loquar.
474 759 493 791 ι
531 739 630 806 Qui
657 757 754 811 per
778 744 1000 799 caeleste
1026 744 1264 800 ofﬁcium
1292 749 1637 816 superlucere
1665 753 1810 806 vide-

222 829 454 884 bantur.
491 831 595 886 Sed
635 834 759 902 quia
807 835 905 904 ipsi
956 850 1295 906 summOpere
1345 839 1397 896 in
1437 839 1812 912 Redemptoris

225 919 409 972 nostri
464 920 792 976 adversitate
848 925 1102 977 commoti
1156 934 1282 979 sunt
1335 929 1488 995 quasi
1549 929 1686 999 ignis
1742 930 1809 985 de

225 1012 366 1068 caelo
398 1015 618 1078 cecidit,
651 1017 774 1070 dum
804 1017 869 1071 ad
894 1017 1266 1088 decipiendum
1305 1021 1610 1092 imperitum
1641 1041 1811 1095 popuo

222 1101 331 1156 lum
363 1103 436 1157 ab
462 1105 548 1159 his
572 1106 734 1159 etiam
766 1108 855 1176 qui
888 1123 1016 1162 vera
1057 1109 1252 1165 docere
1282 1113 1625 1180 putabantur,
1658 1114 1806 1170 ﬁatn-

223 1209 310 1247 ma
370 1193 594 1250 invidiae
635 1199 856 1252 exarsit.
903 1197 1039 1264 Quid
1088 1210 1267 1254 autem
1319 1202 1374 1256 in
1415 1204 1606 1259 ovibus
1648 1214 1809 1275 atque

224 1283 430 1352 pueris,
483 1285 588 1339 nisi
641 1286 956 1342 innocentes
1008 1303 1271 1359 quosque,
1320 1291 1363 1345 si
1413 1301 1588 1347 tamen
1632 1295 1808 1349 adhuc

208 1376 478 1430 inﬁrmos
526 1378 860 1446 accipimus?
892 1380 983 1450 qui
1025 1378 1151 1434 dum
1189 1381 1568 1438 adversitatem
1617 1383 1810 1438 Phari-

227 1482 459 1521 saeorum
492 1483 555 1521 ac
579 1469 884 1538 principum
937 1469 1168 1524 tolerare
1216 1471 1532 1536 timuerunt,
1581 1472 1808 1527 inﬁdeli-

226 1558 351 1611 tatis
378 1559 822 1614 concrematione
859 1561 1165 1630 consumpti
1209 1570 1355 1615 sunt.
1403 1563 1449 1615 A
1497 1565 1805 1632 praeposito-

230 1665 346 1702 rum
395 1651 581 1704 ovium
635 1651 888 1705 cordibus
935 1650 1148 1706 ﬂamma
1197 1653 1409 1708 invidiae
1465 1657 1702 1720 corruit,
1755 1665 1809 1710 et

227 1741 488 1809 quidquid
524 1742 651 1796 boni
683 1741 736 1794 in
764 1741 1010 1811 plebibus
1037 1742 1333 1809 oriebatur,
1374 1746 1630 1800 incendit.
1659 1745 1808 1802 Unus

1908 577 2104 643 vinum,
2135 587 2188 634 et
2221 579 2448 648 reliqua.
2492 612 2563 624 -—
2605 583 2859 639 Latenter
2907 583 3074 640 infert
3128 584 3294 639 Satan
3343 588 3488 655 quod

1910 665 2022 734 ipse
2050 676 2238 722 contra
2269 669 2417 724 illum
2448 671 2710 727 elementa
2738 675 2989 740 moverit,
3011 674 3100 743 qui
3130 677 3332 729 moveri
3362 691 3487 745 per-

1909 755 2074 809 misit.
2121 756 2377 824 Quamvis
2419 770 2474 816 et
2519 763 2632 831 ipse
2681 764 2864 819 semel'
2904 775 3123 834 accepta
3173 781 3204 818 a
3259 766 3488 821 Domino

1908 854 2176 914 potestate
2219 849 2286 902 ad
2335 866 2491 906 usum
2539 868 2650 908 sure
2699 855 2955 924 nequitiae
3006 857 3168 910 etiam
3219 857 3487 912 elementa

1909 946 2200 992 concutere
2239 941 2511 1008 praevalet.
2553 943 2617 996 Et
2648 945 2943 998 notandum
2991 945 3117 1013 quia
3159 945 3211 998 in
3241 955 3486 1000 extremo

1912 1026 2141 1081 ﬁliorum
2174 1039 2400 1085 mortem
2430 1031 2630 1096 intulit,
2660 1048 2728 1086 ne
2769 1034 2894 1088 vilia
2923 1044 3075 1104 pater
3100 1035 3174 1088 rei
3204 1034 3487 1089 familiaris

1911 1118 2106 1172 damna
2138 1109 2463 1183 duceret,’si
2511 1123 2596 1176 illa
2639 1122 2750 1191 jam
2793 1126 3014 1179 orbatur
3053 1125 3280 1180 audiret.
3307 1125 3487 1191 Quan-

1910 1219 2070 1272 quam
2099 1206 2243 1259 enim
2288 1208 2532 1262 convivia
2575 1211 2760 1281 peragi
2806 1211 2921 1266 sine
2959 1211 3109 1280 culpa
3141 1212 3229 1265 vix
3258 1214 3482 1281 possint,

1911 1293 2050 1348 absit
2077 1302 2134 1347 ut
2163 1296 2291 1349 tanti
2325 1297 2427 1350 viri
2478 1297 2617 1352 ﬁlios
2661 1315 2758 1368 per
2801 1301 3168 1356 conviviorum
3198 1303 3373 1356 studia
3403 1303 3486 1357 in-

1909 1382 2228 1452 gurgitando
2263 1385 2436 1438 ventri
2469 1401 2688 1442 vacasse
2732 1389 3089 1459 suSpicemur.
3135 1390 3193 1444 lu
3237 1391 3322 1445 die
3355 1406 3486 1461 ergo

1909 1473 2067 1540 primi
2102 1471 2307 1538 fratris,
2358 1474 2496 1529 ﬁlios
2541 1475 2743 1541 obruit,
2774 1477 2899 1546 quia
2944 1478 3196 1547 antiquus
3232 1479 3399 1533 hostis
3429 1480 3487 1534 in

1912 1561 2183 1615 minorum
2225 1572 2399 1618 morte
2439 1564 2806 1619 subversionis
2848 1566 3050 1620 aditum
3089 1580 3185 1635 per
3215 1567 3486 1636 negligen-

1913 1655 2040 1709 tiam
2073 1654 2338 1724 majorum
2367 1658 2579 1728 quaerit.
2609 1657 2868 1713 Mvsncs.
2905 1658 3025 1713 Filii
3053 1667 3107 1714 et
3145 1658 3267 1713 tiliae
3294 1659 3485 1728 praedi-

1913 1753 2097 1800 cantes
2134 1747 2358 1816 apostoli
2409 1763 2475 1803 ac
2505 1748 2690 1817 plebes
2715 1749 3084 1819 designantur,
3111 1750 3203 1818 qui
3243 1750 3296 1804 in
3323 1749 3486 1804 domo

229 1833 386 1902 fugit,
439 1832 568 1900 quia
620 1833 744 1886 dum
792 1833 1046 1902 impletur
1087 1835 1337 1904 praedicta
1377 1851 1537 1890 causa
1566 1837 1800 1903 malitiae,
1832 1821 1881 1882 Β
1909 1836 2090 1892 fratris
2135 1838 2474 1908 primogeniti
2518 1839 2794 1894 convivari
2845 1839 3193 1906 referuntur,
3251 1835 3380 1910 quia
3426 1840 3484 1896 in

228 1920 455 1977 fallacia:
485 1921 764 1976 interitum
793 1922 973 1977 evadit
993 1937 1174 1979 sermo
1199 1926 1542 1995 propheticus
1566 1927 1657 1996 qui
1686 1927 1797 1982 ait:

229 2033 246 2065 ι
278 2014 344 2068 Ει
391 2029 539 2068 nunc
591 2014 730 2084 ignis
774 2014 1110 2084 adversarios
1157 2017 1428 2072 consumit
1465 2017 1651 2090 (Joan.
1685 2034 1798 2083 xxx,

225 2106 294 2176 6).
323 2127 342 2156 ι
399 2106 748 2161 Monamsa.
801 2107 939 2175 Quid
981 2121 1080 2179 per
1119 2123 1269 2173 oves,
1321 2109 1421 2164 nisi
1463 2110 1803 2176 cogitationis

225 2197 579 2260 innocentia,
635 2197 723 2251 vel
772 2197 1036 2253 bonorum
1100 2198 1342 2253 cordium
1400 2200 1660 2254 munditia
1711 2200 1804 2254 de-

221 2286 505 2354 signatur?
535 2285 603 2340 Et
634 2286 758 2354 quia
806 2287 876 2340 ab
919 2286 1059 2341 aeris
1100 2288 1457 2356 potestatibus
1485 2289 1575 2358 qui
1605 2288 1802 2344 coelum

221 2375 445 2440 dicitur,
501 2384 689 2430 contra
734 2377 1120 2448 cogitationum
1149 2385 1453 2433 nostrarum
1482 2377 1802 2432 munditiam

219 2466 436 2522 ﬂamma
469 2468 657 2523 livoris
683 2469 862 2532 irruit,
910 2469 976 2523 de
1008 2469 1148 2524 coelo
1178 2470 1318 2540 ignis
1346 2471 1515 2537 venit,
1549 2471 1640 2541 qui
1667 2471 1805 2541 ignis

223 2563 312 2618 Dei
345 2563 566 2628 dicitur,
613 2565 738 2635 quia
776 2565 875 2620 etsi
907 2581 1012 2620 non
1048 2565 1278 2621 faciente
1306 2568 1437 2630 Deo,
1473 2575 1650 2622 tamen
1681 2582 1802 2638 per-

224 2658 474 2712 mittente
499 2657 609 2712 Deo
635 2665 945 2726 generatur.
982 2657 1088 2712 Sed
1113 2673 1251 2712 unus
1276 2656 1408 2728 fugit
1431 2674 1552 2712 eum
1593 2667 1804 2727 pertur-

223 2748 363 2802 batis
413 2747 832 2818 cogitationibus
882 2747 1136 2803 discretio
1188 2762 1296 2802 non
1344 2747 1684 2816 succumbit,
1746 2758 1805 2804 ut

225 2839 424 2892 damna
462 2853 560 2892 sua
589 2837 771 2892 animo
815 2838 1108 2903 renuntiet,
1158 2846 1213 2893 et
1257 2838 1412 2908 quasi
1441 2838 1711 2894 dominum
1735 2838 1803 2893 ad

226 2926 522 2981 lamentum
543 2935 720 2982 vocet.
762 2925 1016 2996 Sequitur
1043 2944 1058 2979 :

293 3017 460 3073 Vnus.
492 3018 578 3072 17.
604 3017 843 3073 Chaldwi
871 3019 1101 3088 fecerunt
1121 3028 1222 3075 tres
1250 3019 1683 3076 turmam-Ecce
1706 3021 1807 3076 ite-

223 3125 346 3163 rum
370 3124 439 3164 ne
466 3109 594 3178 quid
623 3109 803 3164 minus
832 3109 897 3164 de
920 3109 1152 3164 humana
1181 3110 1502 3166 adversitate
1526 3111 1803 3176 doluisset,

1908 1929 2240 1984 habitatione
2265 1930 2440 1986 adhuc
2458 1929 2667 1986 Judaici
2696 1930 2875 2002 pepuli
2902 1946 3068 1987 sacrae
3087 1930 3487 2002 praedicationis

1906 2019 2109 2074 deliciis
2136 2019 2509 2076 vescebantur.
2561 2021 2729 2091 Regio
2775 2020 3014 2088 deserti,
3060 2037 3157 2077 cor
3191 2021 3485 2077 inﬁdelium

1905 2121 2009 2175 est,
2041 2112 2182 2181 quod
2227 2111 2354 2166 dum
2399 2111 2624 2168 Creator
2669 2114 2892 2180 deserit,
2938 2113 3120 2170 nullus
3154 2114 3486 2170 inhabitator

1905 2202 2050 2257 colit.
2106 2204 2308 2259 Ventus
2352 2206 2647 2262 vehemens
2699 2221 2730 2261 a
2781 2206 3000 2278 regione
3052 2205 3248 2261 deserti
3303 2205 3482 2271 irruit,

1904 2294 2027 2362 quia
2062 2293 2113 2347 iu
2145 2295 2394 2362 passione
2440 2295 2818 2367 Redemptoris
2853 2297 3024 2352 nostri
3067 2305 3254 2354 contra
3299 2295 3486 2350 ﬁdeles

1905 2385 2022 2457 ejus
2060 2385 2214 2441 fortis
2247 2386 2471 2441 tentatio
2501 2403 2532 2442 a
2562 2387 2817 2444 cordibus
2845 2387 3150 2444 Iudaeorum
3186 2388 3352 2444 venit.
3386 2386 3486 2441 Vel

1905 2485 2052 2534 certe
2103 2478 2252 2548 regio
2305 2478 2504 2534 deserti
2582 2479 2980 2534 immundorum
3052 2479 3337 2550 spirituum
3398 2483 3486 2532 est

1905 2568 2213 2633 multitudo,
2243 2569 2332 2637 qui
2379 2568 2543 2624 corda
2595 2577 3004 2639 persecutorum
3050 2575 3482 2624 commoverunt.

1905 2659 2107 2714 Domus
2133 2668 2216 2714 est
2242 2675 2530 2730 synagoga.
2569 2659 2810 2726 Quatuor
2841 2659 3042 2730 anguli,
3076 2669 3306 2730 quatuor
3337 2658 3485 2713 ordi-

1907 2765 2002 2804 nes
2040 2749 2372 2820 regentium,
2404 2750 2742 2806 sacerdotum
2787 2750 2995 2805 scilicet
3050 2759 3106 2805 et
3145 2748 3482 2815 Scribarum,

1906 2851 1960 2897 et
1989 2842 2262 2897 seniorum
2287 2841 2488 2912 populi,
2514 2850 2675 2911 atque
2703 2841 3120 2896 Pharisaeorum.
3147 2839 3229 2894 Ab
3250 2839 3484 2893 immun-

1906 2936 1990 2991 dis
2021 2935 2301 3005 spiritibus
2334 2935 2529 3006 quippe
2555 2943 2768 3001 ventns,
2793 2935 2846 2988 id
2881 2941 2965 2989 est
2995 2932 3237 2996 tentatio,
3281 2930 3435 2984 irruit
3461 2943 3478 2982 :

1905 3035 1962 3083 et
2009 3034 2218 3081 mentes
2259 3034 2493 3095 quatuor
2534 3026 2784 3080 ordinum
2833 3025 3037 3080 malitia
3086 3021 3484 3094 persecutionis

1908 3115 2182 3174 excitavit.
2210 3115 2412 3171 Domus
2438 3115 2638 3171 liberos
2657 3117 2945 3186 oppressit,
2975 3115 3100 3184 quia
3141 3115 3266 3168 dum
3295 3111 3482 3168 Iudaea

223 3201 602 3256 Chaldaeorum
631 3211 838 3257 turmas
859 3202 1081 3258 irruisse
1100 3201 1398 3258 denuntiat.
1416 3201 1632 3259 Tmen.
1653 3201 1807 3258 Chal-
1833 3181 1879 3245 ε
1910 3203 2284 3261 incredulitate
2307 3203 2602 3259 Dominicae
2627 3181 3016 3274 persecutionis
3061 3203 3225 3268 cadit,
3267 3211 3480 3270 aposto-

224 3293 322 3347 dzei
357 3293 787 3363 interpretantur
817 3291 1047 3358 feroces,
1075 3307 1182 3362 quo
1211 3293 1428 3348 nomine
1456 3293 1804 3361 designantur

223 3383 620 3452 persecutionis
647 3382 858 3437 Domini
885 3391 1154 3446 auctores,
1184 3381 1275 3453 qui
1299 3381 1552 3437 dicebant
1576 3398 1591 3436 :
1625 3399 1644 3433 ι
1669 3380 1807 3436 Cru-

223 3474 400 3545 ciﬁge,
433 3475 690 3544 crueiﬁge
721 3472 873 3544 (an.
897 3474 1187 3544 xxntﬁl).
1221 3492 1240 3527 ι
1273 3475 1407 3530 Tres
1437 3482 1627 3530 turmae
1651 3474 1796 3529 Pha-

223 3563 388 3626 risaei,
409 3561 717 3626 Herodiani,
745 3570 800 3616 et
830 3561 1109 3616 Sadducazi
1133 3570 1274 3617 sunt.
1290 3560 1536 3617 Camelos
1559 3562 1796 3632 rapiunt,

221 3649 349 3704 dum
375 3649 748 3705 Samaritanos
769 3659 824 3705 et
843 3651 1102 3720 quosdam
1123 3665 1187 3705 ex
1203 3648 1407 3715 Judzea,
1425 3649 1510 3704 vel
1534 3657 1803 3704 tortuosas

223 3749 435 3794 mentes
473 3738 860 3794 inﬁrmantium
887 3739 1261 3810 persuadendo
1288 3739 1355 3793 ad
1389 3739 1663 3793 interitum
1700 3746 1806 3792 tra-

226 3831 387 3886 hunt.
403 3830 608 3886 Pueros
628 3830 789 3886 etiam
810 3830 986 3902 gladio
1006 3829 1225 3892 feriunt,
1240 3829 1365 3899 quia
1390 3829 1508 3884 etsi
1527 3828 1618 3897 qui
1640 3828 1694 3881 in
1714 3842 1804 3897 po-

223 3922 350 3992 pulo
373 3923 451 3977 uti
479 3921 594 3990 jam
630 3922 836 3977 ratione
872 3928 1181 3992 potuerant,
1209 3920 1291 3975 eis
1313 3920 1444 3990 ipsis
1472 3934 1575 3974 non
1608 3919 1805 3972 virtute

223 4013 475 4078 rationis,
502 4012 598 4068 sed
626 4012 908 4083 potestatis
938 4001 1146 4068 ratione
1173 4011 1537 4068 contraibant.
1591 4011 1636 4065 A
1675 4009 1796 4079 qui-

225 4103 324 4159 bus
350 4106 753 4175 evadens-puer
769 4103 861 4174 qui
885 4105 1123 4170 nuntiat,
1148 4103 1311 4175 fugit;
1346 4103 1470 4172 quia
1499 4101 1602 4156 illis
1621 4102 1802 4172 iniqua

221 4195 588 4264 patrantibus,
621 4209 715 4250 eos
739 4194 994 4250 nimirum
1021 4195 1299 4260 deserens,
1328 4209 1508 4250 sermo
1533 4193 1807 4264 propheti-

222 4299 318 4339 cus
363 4283 738 4348 convalescit,
787 4285 881 4353 qui
934 4284 1011 4339 ait
1062 4301 1076 4337 :
1132 4303 1151 4336 ο
1197 4284 1262 4337 Et
1321 4291 1562 4338 tenentes
1611 4280 1797 4351 legem,

222 4375 536 4431 nescierunt
564 4389 652 4430 me
680 4374 814 4445 (Jer.
845 4390 907 4440 ιι,
937 4375 1012 4443 8).
1047 4393 1066 4428 ι
1124 4373 1516 4430 Τιιοροιοαιοε.
1563 4371 1664 4426 Per
1710 4386 1800 4426 ca-

222 4466 392 4522 melos
426 4465 519 4534 qui
554 4466 812 4520 mundum
844 4464 1043 4534 aliquid
1077 4465 1203 4520 dum
1235 4465 1525 4526 ruminant,
1565 4463 1799 4516 immun-

1905 3300 2080 3354 lorum
2124 3298 2282 3352 ﬁdem
2311 3296 2702 3366 desperationis
2751 3295 3037 3351 formidine
3071 3294 3272 3350 obruit.
3327 3292 3481 3348 Unus

1903 3388 2102 3452 evadit,
2131 3387 2260 3456 quia
2287 3384 2624 3441 convaluisse
2661 3399 2840 3440 sermo
2869 3385 3214 3454 propheticus
3243 3383 3333 3453 qui
3366 3382 3481 3437 haec

1904 3479 2248 3535 nuntiaverat
2283 3476 2603 3542 ostenditur,
2635 3476 2822 3532 dicens
2862 3495 2875 3531 :
2914 3496 2932 3528 ι
2960 3476 3196 3531 Dilectus
3235 3490 3387 3530 meus
3424 3474 3480 3528 in

1905 3577 2062 3631 domo
2111 3589 2230 3630 mea
2275 3573 2404 3630 fecit.
2448 3571 2649 3628 scelera
2684 3571 2849 3627 multa
2896 3571 3115 3643 (Jerem.
3161 3567 3406 3638 11,15);
3451 3583 3473 3619 ι

1904 3675 1959 3721 et
1991 3665 2118 3721 illud
2145 3683 2158 3718 :
2191 3683 2210 3717 ‹
2236 3663 2538 3718 Percutiam
2557 3670 2854 3733 pastorem,
2877 3669 2934 3716 et
2957 3660 3331 3731 dispergentur
3349 3671 3480 3712 oves

1903 3751 2606 3825 gregis(Matth.xxvr,3l).
2633 3770 2652 3803 ι
2684 3749 3024 3804 MORALH'ER.
3042 3749 3262 3810 Domus,
3295 3754 3480 3800 nostra

1904 3842 2234 3900 conscientia
2259 3850 2361 3897 est.
2388 3841 2633 3908 Quatuor
2653 3840 2858 3910 anguli,
2886 3846 3119 3909 quatuor
3155 3845 3281 3892 sunt
3312 3836 3484 3889 virtu-

1905 3941 2008 3998 tes,
2039 3931 2243 3988 scilicet
2275 3949 2289 3985 :
2316 3929 2629 3994 Prudentia,
2661 3928 2961 3993 Fortitudo,
2999 3925 3398 3995 Temperantia,
3425 3933 3480 3979 et

1906 4022 2144 4079 Iustitia.
2189 4020 2358 4090 Regio
2388 4020 2584 4075 deserti
2612 4018 2871 4073 immundi
2901 4027 3027 4072 sunt
3056 4015 3299 4086 Spiritus,
3327 4014 3419 4084 qui
3447 4028 3480 4067 a

1907 4112 2016 4167 Deo
2041 4121 2165 4168 sunt
2189 4111 2456 4167 derelicti.

1977 4201 2182 4257 Ventus
2221 4215 2351 4270 ergo
2399 4200 2691 4254 vehemens
2735 4205 2966 4266 quatuor
3013 4195 3235 4266 angulos
3287 4193 3479 4249 domus

1904 4291 2164 4356 concutit,
2181 4290 2302 4360 quia
2321 4289 2478 4345 fortis
2504 4287 2727 4344 tentatio
2748 4286 2972 4342 occultis
2995 4285 3228 4340 motibus
3248 4291 3481 4353 quatuor

1904 4381 2132 4435 virtutes
2166 4379 2341 4448 quatit
2383 4396 2395 4432 :
2430 4377 2698 4448 quassatis
2737 4376 2944 4446 angulis
2975 4375 3164 4430 domus
3193 4375 3320 4438 ruit,
3351 4374 3481 4427 dum

1905 4469 2128 4539 pulsatis
2172 4469 2462 4524 virtutibus
2510 4467 2839 4523 conscientia
2882 4467 3148 4520 turbatur.
3192 4463 3336 4517 Intra
3379 4463 3481 4516 hos

220 4557 345 4610 dum
396 4521 524 4610 (il-im
591 4521 948 4624 nequaquam.
995 4554 1246 4625 υηςυιαηι
1319 4553 1528 4606 ﬁndunt
1578 4551 1799 4614 habent.
1828 4521 1882 4580 Β
1907 4521 2086 4616 autem
2109 4569 2340 4631 quatuor
2361 4559 2585 4627 angulos
2611 4557 2802 4613 domus
2829 4556 2921 4610 ﬁlii
2952 4556 3326 4616 convivantur,
3355 4552 3479 4621 quia

221 4661 388 4715 supra
417 4645 653 4700 diximus
689 4646 858 4701 bonas
897 4659 1078 4700 rerum
1117 4642 1488 4712 temporalium
1527 4641 1805 4711 dispensa—

222 4737 403 4792 tiones
455 4736 700 4805 intelligi.
747 4735 806 4790 ln
851 4735 1048 4805 quibus
1071 4748 1179 4805 quo
1203 4742 1287 4788 est
1329 4747 1460 4788 cura
1493 4732 1801 4798 distentior,

221 4843 288 4882 eo
343 4827 505 4883 nobis
550 4826 901 4896 multiplicius
953 4826 1239 4882 insidiatur
1285 4825 1555 4880 inimicus.
1614 4823 1802 4881 Omnis

220 4919 372 4972 enim
424 4919 657 4973 terrenis
701 4917 864 4972 rebus
909 4916 1284 4986 dispensandis
1327 4916 1659 4987 praasidens,
1705 4929 1799 4971 oc-

225 5007 355 5060 culti
401 5007 575 5061 hostis
608 5005 808 5074 jaculis
858 5005 1018 5060 latius
1058 5013 1225 5076 patet.
1293 5005 1458 5072 Quasi
1497 5005 1642 5059 enim
1692 5012 1802 5060 tres

229 5106 435 5150 turmas
461 5106 644 5151 contra
671 5094 907 5150 camelos
932 5094 1132 5162 facere,
1155 5105 1240 5151 est
1264 5102 1599 5150 terrenarum
1622 5109 1800 5148 rerum

230 5186 690 5255 dispensationum
718 5186 917 5251 studia,
960 5189 1121 5244 modo
1167 5188 1358 5243 illicito
1385 5202 1546 5258 Opere
1571 5227 1588 5254 ,
1643 5185 1803 5240 modo

236 5278 490 5302 -..—c--ﬂ.--
539 5278 806 5302 1----12Α-ιΑ
894 5278 1048 5302 ..κε-ιιι.
1481 5275 1802 5302 ιιΑκζολοζΑνὶΛ

1904 4653 2045 4708 intra
2099 4666 2297 4706 arcana
2343 4651 2539 4706 mentis
2583 4664 2675 4704 cor
2718 4647 3085 4718 principaliter
3125 4645 3208 4699 his
3251 4651 3481 4713 quatuor

1908 4743 2200 4798 virtutibus
2234 4742 2300 4795 ad
2332 4756 2556 4795 summa:
2595 4737 2938 4793 rectitudinis
2978 4737 3190 4789 culmen
3233 4732 3479 4801 erigitur,

1903 4841 1958 4888 et
1985 4833 2213 4889 virtutes
2241 4840 2467 4895 eceterae,
2488 4829 2640 4899 quasi
2665 4827 2906 4896 quaedam
2937 4825 3113 4880 cordis
3160 4821 3392 4884 soboles,
3422 4834 3481 4872 se

1905 4923 2136 4978 invicem
2179 4928 2426 4991 pascunt.
2474 4920 2675 4974 Eversa
2729 4916 2893 4986 igitur
2936 4914 3133 4978 domo,
3179 4909 3483 4964 moriuntur

1909 5017 2024 5081 ﬁlii,
2048 5015 2173 5087 quia
2213 5013 2424 5068 turbata
2452 5013 2506 5067 in
2538 5008 2832 5066 tentatione
2869 5005 3223 5066 conscientia,
3247 5001 3485 5082 obruun-

1907 5113 1995 5159 tur
2023 5105 2215 5176 genitae
2252 5103 2305 5157 in
2337 5103 2500 5157 corde
2547 5101 2792 5155 virtutes.
2829 5094 2965 5150 Cum
3008 5094 3200 5166 quibus
3231 5087 3394 5142 etiam
3427 5095 3484 5141 et

1859 5233 1862 5236 ι
1911 5203 2018 5250 tres
2045 5208 2260 5249 sorores
2299 5194 2644 5255 occumbunt,
2669 5188 2792 5256 quia
2825 5186 2877 5238 in
2905 5187 3068 5241 corde
3099 5191 3485 5243 nonnunquam

1955 5299 1965 5302 -
1993 5300 1997 5301 ν
2046 5283 2075 5302 Π
2125 5300 2132 5301 κ
2159 5283 2237 5302 -11-
2287 5281 2480 5302 ι--..1;-ιν
2525 5299 2534 5301 -
2573 5278 2802 5302 -ι....ξιη-
2859 5291 2956 5302 κη..
3355 5281 3488 5302 (inn-
