  <div class='ocr_page' id='page_1' title='image "/cluster/home/n/w/nwhite01/storage/ocr_20150623/133/hvd.32044010035673/067.png"; bbox 0 0 4004 5340; ppageno 0'>
   <div class='ocr_carea' id='block_1_1' title="bbox 522 376 625 433">
    <p class='ocr_par' dir='ltr' id='par_1_1' title="bbox 522 376 625 433">
     <span class='ocr_line' id='line_1_1' title="bbox 522 376 625 433; baseline 0 0"><span class='ocrx_word' id='word_1_1' title='bbox 522 376 625 433; x_wconf 68' lang='grc'><strong>12³5</strong></span> 
     </span>
    </p>
   </div>
   <div class='ocr_carea' id='block_1_2' title="bbox 1533 364 2812 430">
    <p class='ocr_par' dir='ltr' id='par_1_2' title="bbox 1533 364 2812 430">
     <span class='ocr_line' id='line_1_2' title="bbox 1533 364 2812 430; baseline -0.003 0"><span class='ocrx_word' id='word_1_2' title='bbox 1533 374 1590 430; x_wconf 79' lang='grc' dir='ltr'><strong>ε.</strong></span> <span class='ocrx_word' id='word_1_3' title='bbox 1633 367 1880 428; x_wconf 71' lang='lat' dir='ltr'><strong>ODOMS</strong></span> <span class='ocrx_word' id='word_1_4' title='bbox 1914 364 2202 421; x_wconf 72' lang='lat' dir='ltr'><strong>ABBATIS</strong></span> <span class='ocrx_word' id='word_1_5' title='bbox 2237 368 2730 426; x_wconf 74' lang='lat' dir='ltr'><strong>CLUNIACE‘NSIS</strong></span> <span class='ocrx_word' id='word_1_6' title='bbox 2766 371 2812 426; x_wconf 81' lang='grc'><strong>11</strong></span> 
     </span>
    </p>
   </div>
   <div class='ocr_carea' id='block_1_3' title="bbox 3658 364 3759 419">
    <p class='ocr_par' dir='ltr' id='par_1_3' title="bbox 3658 364 3759 419">
     <span class='ocr_line' id='line_1_3' title="bbox 3658 364 3759 419; baseline -0.01 0"><span class='ocrx_word' id='word_1_7' title='bbox 3658 364 3759 419; x_wconf 67' lang='grc'><strong>124</strong></span> 
     </span>
    </p>
   </div>
   <div class='ocr_carea' id='block_1_4' title="bbox 592 473 3761 553">
    <p class='ocr_par' dir='ltr' id='par_1_4' title="bbox 592 473 3761 553">
     <span class='ocr_line' id='line_1_4' title="bbox 592 473 3761 553; baseline -0.005 -8"><span class='ocrx_word' id='word_1_8' title='bbox 592 493 752 546; x_wconf 72' lang='lat' dir='ltr'><strong>Vsus.</strong></span> <span class='ocrx_word' id='word_1_9' title='bbox 777 490 868 545; x_wconf 70' lang='grc' dir='ltr'><strong>ΞΟ.</strong></span> <span class='ocrx_word' id='word_1_10' title='bbox 913 489 1054 544; x_wconf 88' lang='lat' dir='ltr'><strong>Tunc</strong></span> <span class='ocrx_word' id='word_1_11' title='bbox 1100 489 1324 543; x_wconf 72' lang='lat' dir='ltr'><strong>surrexit</strong></span> <span class='ocrx_word' id='word_1_12' title='bbox 1353 488 1451 543; x_wconf 84' lang='lat' dir='ltr'><strong>Job</strong></span> <span class='ocrx_word' id='word_1_13' title='bbox 1480 528 1496 553; x_wconf 95' lang='lat'><strong>,</strong></span> <span class='ocrx_word' id='word_1_14' title='bbox 1534 497 1581 542; x_wconf 92' lang='lat' dir='ltr'><strong>et</strong></span> <span class='ocrx_word' id='word_1_15' title='bbox 1610 488 1758 541; x_wconf 88' lang='lat' dir='ltr'><strong>scidit</strong></span> <span class='ocrx_word' id='word_1_16' title='bbox 1790 487 2089 541; x_wconf 80' lang='lat' dir='ltr'><strong>vestimenta</strong></span> <span class='ocrx_word' id='word_1_17' title='bbox 2119 485 2166 544; x_wconf 82' lang='grc' dir='ltr'><strong>Λ</strong></span> <span class='ocrx_word' id='word_1_18' title='bbox 2194 497 2323 551; x_wconf 88' lang='lat' dir='ltr'><strong>ergo</strong></span> <span class='ocrx_word' id='word_1_19' title='bbox 2376 480 2618 534; x_wconf 85' lang='lat' dir='ltr'><strong>adversis</strong></span> <span class='ocrx_word' id='word_1_20' title='bbox 2679 491 2900 548; x_wconf 85' lang='lat' dir='ltr'><strong>surgere</strong></span> <span class='ocrx_word' id='word_1_21' title='bbox 2953 483 3032 530; x_wconf 89' lang='lat' dir='ltr'><strong>est</strong></span> <span class='ocrx_word' id='word_1_22' title='bbox 3087 475 3322 543; x_wconf 75' lang='lat' dir='ltr'><strong>expertis</strong></span> <span class='ocrx_word' id='word_1_23' title='bbox 3375 473 3761 529; x_wconf 86' lang='lat' dir='ltr'><strong>tentationibus</strong></span> 
     </span>
    </p>
   </div>
   <div class='ocr_carea' id='block_1_5' title="bbox 523 576 2092 650">
    <p class='ocr_par' dir='ltr' id='par_1_5' title="bbox 523 576 2092 650">
     <span class='ocr_line' id='line_1_5' title="bbox 523 576 2092 650; baseline -0.007 -12"><span class='ocrx_word' id='word_1_24' title='bbox 523 601 642 646; x_wconf 88' lang='lat' dir='ltr'><strong>sua,</strong></span> <span class='ocrx_word' id='word_1_25' title='bbox 679 590 727 636; x_wconf 84' lang='lat' dir='ltr'><strong>et</strong></span> <span class='ocrx_word' id='word_1_26' title='bbox 759 591 904 635; x_wconf 85' lang='lat' dir='ltr'><strong>tonso</strong></span> <span class='ocrx_word' id='word_1_27' title='bbox 947 580 1112 650; x_wconf 86' lang='lat' dir='ltr'><strong>capite</strong></span> <span class='ocrx_word' id='word_1_28' title='bbox 1142 595 1388 633; x_wconf 79' lang='lat' dir='ltr'><strong>corruens</strong></span> <span class='ocrx_word' id='word_1_29' title='bbox 1422 579 1477 632; x_wconf 89' lang='lat' dir='ltr'><strong>in</strong></span> <span class='ocrx_word' id='word_1_30' title='bbox 1511 588 1703 632; x_wconf 85' lang='lat' dir='ltr'><strong>terram</strong></span> <span class='ocrx_word' id='word_1_31' title='bbox 1735 576 1991 630; x_wconf 81' lang='lat' dir='ltr'><strong>adoravit.</strong></span> <span class='ocrx_word' id='word_1_32' title='bbox 2022 603 2092 614; x_wconf 88' lang='lat'><strong>-—</strong></span> 
     </span>
    </p>
   </div>
   <div class='ocr_carea' id='block_1_6' title="bbox 525 667 2095 740">
    <p class='ocr_par' dir='ltr' id='par_1_6' title="bbox 525 667 2095 740">
     <span class='ocr_line' id='line_1_6' title="bbox 525 667 2095 740; baseline -0.004 -12"><span class='ocrx_word' id='word_1_33' title='bbox 525 671 775 728; x_wconf 77' lang='lat' dir='ltr'><strong>Nonnulli</strong></span> <span class='ocrx_word' id='word_1_34' title='bbox 805 683 1013 740; x_wconf 58' lang='lat' dir='ltr'><strong>magna;</strong></span> <span class='ocrx_word' id='word_1_35' title='bbox 1039 671 1357 725; x_wconf 70' lang='lat' dir='ltr'><strong>constantia:</strong></span> <span class='ocrx_word' id='word_1_36' title='bbox 1392 669 1784 739; x_wconf 88' lang='lat' dir='ltr'><strong>philosophiam</strong></span> <span class='ocrx_word' id='word_1_37' title='bbox 1813 674 2019 738; x_wconf 87' lang='lat' dir='ltr'><strong>putant,</strong></span> <span class='ocrx_word' id='word_1_38' title='bbox 2049 667 2095 722; x_wconf 90' lang='lat' dir='ltr'><strong>si</strong></span> 
     </span>
    </p>
   </div>
   <div class='ocr_carea' id='block_1_7' title="bbox 527 759 2098 832">
    <p class='ocr_par' dir='ltr' id='par_1_7' title="bbox 527 759 2098 832">
     <span class='ocr_line' id='line_1_7' title="bbox 527 759 2098 832; baseline -0.006 -12"><span class='ocrx_word' id='word_1_39' title='bbox 527 761 822 832; x_wconf 67' lang='lat' dir='ltr'><strong>disciplinae</strong></span> <span class='ocrx_word' id='word_1_40' title='bbox 848 762 1144 832; x_wconf 83' lang='lat' dir='ltr'><strong>asperitate</strong></span> <span class='ocrx_word' id='word_1_41' title='bbox 1173 762 1435 826; x_wconf 87' lang='lat' dir='ltr'><strong>correcti,</strong></span> <span class='ocrx_word' id='word_1_42' title='bbox 1473 762 1613 817; x_wconf 91' lang='lat' dir='ltr'><strong>ictus</strong></span> <span class='ocrx_word' id='word_1_43' title='bbox 1638 762 1921 816; x_wconf 89' lang='lat' dir='ltr'><strong>verberum</strong></span> <span class='ocrx_word' id='word_1_44' title='bbox 1949 759 2098 814; x_wconf 87' lang='lat' dir='ltr'><strong>dolo-</strong></span> 
     </span>
    </p>
   </div>
   <div class='ocr_carea' id='block_1_8' title="bbox 524 852 2098 922">
    <p class='ocr_par' dir='ltr' id='par_1_8' title="bbox 524 852 2098 922">
     <span class='ocr_line' id='line_1_8' title="bbox 524 852 2098 922; baseline -0.003 -14"><span class='ocrx_word' id='word_1_45' title='bbox 524 867 719 922; x_wconf 84' lang='lat' dir='ltr'><strong>resque</strong></span> <span class='ocrx_word' id='word_1_46' title='bbox 747 868 851 907; x_wconf 92' lang='lat' dir='ltr'><strong>non</strong></span> <span class='ocrx_word' id='word_1_47' title='bbox 880 853 1136 908; x_wconf 88' lang='lat' dir='ltr'><strong>sentiant.</strong></span> <span class='ocrx_word' id='word_1_48' title='bbox 1178 853 1426 908; x_wconf 82' lang='lat' dir='ltr'><strong>Nonnulli</strong></span> <span class='ocrx_word' id='word_1_49' title='bbox 1461 867 1590 907; x_wconf 88' lang='lat' dir='ltr'><strong>vero</strong></span> <span class='ocrx_word' id='word_1_50' title='bbox 1633 861 1742 906; x_wconf 90' lang='lat' dir='ltr'><strong>tam</strong></span> <span class='ocrx_word' id='word_1_51' title='bbox 1790 852 1949 905; x_wconf 89' lang='lat' dir='ltr'><strong>nimis</strong></span> <span class='ocrx_word' id='word_1_52' title='bbox 1977 865 2098 920; x_wconf 86' lang='lat' dir='ltr'><strong>per-</strong></span> 
     </span>
    </p>
   </div>
   <div class='ocr_carea' id='block_1_9' title="bbox 525 937 2100 1012">
    <p class='ocr_par' dir='ltr' id='par_1_9' title="bbox 525 937 2100 1012">
     <span class='ocr_line' id='line_1_9' title="bbox 525 937 2100 1012; baseline -0.001 -17"><span class='ocrx_word' id='word_1_53' title='bbox 525 942 836 996; x_wconf 88' lang='lat' dir='ltr'><strong>cussionum</strong></span> <span class='ocrx_word' id='word_1_54' title='bbox 869 940 1074 1012; x_wconf 89' lang='lat' dir='ltr'><strong>ﬂagella</strong></span> <span class='ocrx_word' id='word_1_55' title='bbox 1112 943 1373 1008; x_wconf 88' lang='lat' dir='ltr'><strong>sentiunt,</strong></span> <span class='ocrx_word' id='word_1_56' title='bbox 1403 950 1466 997; x_wconf 89' lang='lat' dir='ltr'><strong>ut</strong></span> <span class='ocrx_word' id='word_1_57' title='bbox 1514 942 1870 997; x_wconf 86' lang='lat' dir='ltr'><strong>immoderato</strong></span> <span class='ocrx_word' id='word_1_58' title='bbox 1917 937 2100 995; x_wconf 80' lang='lat' dir='ltr'><strong>dolore</strong></span> 
     </span>
    </p>
   </div>
   <div class='ocr_carea' id='block_1_10' title="bbox 526 1032 2101 1103">
    <p class='ocr_par' dir='ltr' id='par_1_10' title="bbox 526 1032 2101 1103">
     <span class='ocr_line' id='line_1_10' title="bbox 526 1032 2101 1103; baseline 0 -17"><span class='ocrx_word' id='word_1_59' title='bbox 526 1033 822 1099; x_wconf 93' lang='lat' dir='ltr'><strong>commoti,</strong></span> <span class='ocrx_word' id='word_1_60' title='bbox 871 1035 1035 1089; x_wconf 90' lang='lat' dir='ltr'><strong>etiam</strong></span> <span class='ocrx_word' id='word_1_61' title='bbox 1080 1034 1134 1088; x_wconf 93' lang='lat' dir='ltr'><strong>in</strong></span> <span class='ocrx_word' id='word_1_62' title='bbox 1172 1048 1397 1089; x_wconf 81' lang='lat' dir='ltr'><strong>excessu</strong></span> <span class='ocrx_word' id='word_1_63' title='bbox 1445 1034 1638 1103; x_wconf 72' lang='lat' dir='ltr'><strong>lingua:</strong></span> <span class='ocrx_word' id='word_1_64' title='bbox 1667 1033 1992 1088; x_wconf 80' lang='lat' dir='ltr'><strong>dilabantur.</strong></span> <span class='ocrx_word' id='word_1_65' title='bbox 2027 1032 2101 1086; x_wconf 92' lang='lat' dir='ltr'><strong>De</strong></span> 
     </span>
    </p>
   </div>
   <div class='ocr_carea' id='block_1_11' title="bbox 527 1121 2103 1194">
    <p class='ocr_par' dir='ltr' id='par_1_11' title="bbox 527 1121 2103 1194">
     <span class='ocr_line' id='line_1_11' title="bbox 527 1121 2103 1194; baseline 0.003 -20"><span class='ocrx_word' id='word_1_66' title='bbox 527 1121 634 1176; x_wconf 90' lang='lat' dir='ltr'><strong>illis</strong></span> <span class='ocrx_word' id='word_1_67' title='bbox 674 1123 874 1193; x_wconf 88' lang='lat' dir='ltr'><strong>quippe</strong></span> <span class='ocrx_word' id='word_1_68' title='bbox 917 1123 1115 1179; x_wconf 90' lang='lat' dir='ltr'><strong>dicitur</strong></span> <span class='ocrx_word' id='word_1_69' title='bbox 1168 1137 1266 1194; x_wconf 89' lang='lat' dir='ltr'><strong>per</strong></span> <span class='ocrx_word' id='word_1_70' title='bbox 1315 1125 1633 1194; x_wconf 85' lang='lat' dir='ltr'><strong>prophetam</strong></span> <span class='ocrx_word' id='word_1_71' title='bbox 1675 1143 1689 1178; x_wconf 89' lang='lat'><strong>:</strong></span> <span class='ocrx_word' id='word_1_72' title='bbox 1735 1142 1754 1175; x_wconf 76' lang='grc' dir='ltr'>ι</span> <span class='ocrx_word' id='word_1_73' title='bbox 1785 1123 2103 1179; x_wconf 89' lang='lat' dir='ltr'><strong>Percussisti</strong></span> 
     </span>
    </p>
   </div>
   <div class='ocr_carea' id='block_1_12' title="bbox 527 1212 2105 1279">
    <p class='ocr_par' dir='ltr' id='par_1_12' title="bbox 527 1212 2105 1279">
     <span class='ocr_line' id='line_1_12' title="bbox 527 1212 2105 1279; baseline 0.002 -14"><span class='ocrx_word' id='word_1_74' title='bbox 527 1224 661 1277; x_wconf 90' lang='lat' dir='ltr'><strong>eos,</strong></span> <span class='ocrx_word' id='word_1_75' title='bbox 707 1227 809 1266; x_wconf 91' lang='lat' dir='ltr'><strong>nec</strong></span> <span class='ocrx_word' id='word_1_76' title='bbox 856 1212 1160 1269; x_wconf 85' lang='lat' dir='ltr'><strong>doluerunt.</strong></span> <span class='ocrx_word' id='word_1_77' title='bbox 1208 1214 1474 1270; x_wconf 86' lang='lat' dir='ltr'><strong>Attrivisti</strong></span> <span class='ocrx_word' id='word_1_78' title='bbox 1530 1229 1662 1279; x_wconf 88' lang='lat' dir='ltr'><strong>eos,</strong></span> <span class='ocrx_word' id='word_1_79' title='bbox 1710 1223 1765 1268; x_wconf 90' lang='lat' dir='ltr'><strong>et</strong></span> <span class='ocrx_word' id='word_1_80' title='bbox 1808 1225 2105 1269; x_wconf 86' lang='lat' dir='ltr'><strong>renucrunt</strong></span> 
     </span>
    </p>
   </div>
   <div class='ocr_carea' id='block_1_13' title="bbox 531 1304 2101 1377">
    <p class='ocr_par' dir='ltr' id='par_1_13' title="bbox 531 1304 2101 1377">
     <span class='ocr_line' id='line_1_13' title="bbox 531 1304 2101 1377; baseline 0.002 -21"><span class='ocrx_word' id='word_1_81' title='bbox 531 1304 778 1374; x_wconf 88' lang='lat' dir='ltr'><strong>accipere</strong></span> <span class='ocrx_word' id='word_1_82' title='bbox 797 1305 1130 1374; x_wconf 90' lang='lat' dir='ltr'><strong>disciplinam</strong></span> <span class='ocrx_word' id='word_1_83' title='bbox 1159 1305 1294 1376; x_wconf 82' lang='lat' dir='ltr'><strong>(Jer.</strong></span> <span class='ocrx_word' id='word_1_84' title='bbox 1324 1323 1378 1371; x_wconf 94' lang='lat' dir='ltr'><strong>v,</strong></span> <span class='ocrx_word' id='word_1_85' title='bbox 1407 1306 1482 1377; x_wconf 80' lang='grc'><strong>5).</strong></span> <span class='ocrx_word' id='word_1_86' title='bbox 1516 1327 1534 1359; x_wconf 75' lang='grc' dir='ltr'><strong><em>ι</em></strong></span> <span class='ocrx_word' id='word_1_87' title='bbox 1572 1307 1648 1361; x_wconf 88' lang='lat' dir='ltr'><strong>De</strong></span> <span class='ocrx_word' id='word_1_88' title='bbox 1673 1307 1792 1362; x_wconf 88' lang='lat' dir='ltr'><strong>istis</strong></span> <span class='ocrx_word' id='word_1_89' title='bbox 1818 1306 2101 1362; x_wconf 86' lang='lat' dir='ltr'><strong>Psalmista</strong></span> 
     </span>
    </p>
   </div>
   <div class='ocr_carea' id='block_1_14' title="bbox 529 1395 2098 1466">
    <p class='ocr_par' dir='ltr' id='par_1_14' title="bbox 529 1395 2098 1466">
     <span class='ocr_line' id='line_1_14' title="bbox 529 1395 2098 1466; baseline 0 -20"><span class='ocrx_word' id='word_1_90' title='bbox 529 1395 643 1449; x_wconf 86' lang='lat' dir='ltr'><strong>ait:</strong></span> <span class='ocrx_word' id='word_1_91' title='bbox 672 1414 692 1447; x_wconf 70' lang='grc' dir='ltr'>ί</span> <span class='ocrx_word' id='word_1_92' title='bbox 720 1396 776 1450; x_wconf 92' lang='lat' dir='ltr'><strong>ln</strong></span> <span class='ocrx_word' id='word_1_93' title='bbox 799 1397 1033 1453; x_wconf 88' lang='lat' dir='ltr'><strong>miseriis</strong></span> <span class='ocrx_word' id='word_1_94' title='bbox 1055 1412 1161 1452; x_wconf 91' lang='lat' dir='ltr'><strong>non</strong></span> <span class='ocrx_word' id='word_1_95' title='bbox 1185 1398 1478 1453; x_wconf 91' lang='lat' dir='ltr'><strong>subsistent</strong></span> <span class='ocrx_word' id='word_1_96' title='bbox 1502 1396 1673 1466; x_wconf 78' lang='lat' dir='ltr'><strong>(Psal.</strong></span> <span class='ocrx_word' id='word_1_97' title='bbox 1696 1414 1911 1460; x_wconf 77' lang='lat' dir='ltr'><strong>cxxxix,</strong></span> <span class='ocrx_word' id='word_1_98' title='bbox 1940 1395 2049 1464; x_wconf 79' lang='lat' dir='ltr'><strong>ll).</strong></span> <span class='ocrx_word' id='word_1_99' title='bbox 2080 1415 2098 1446; x_wconf 77' lang='grc' dir='ltr'><strong>ι</strong></span> 
     </span>
    </p>
   </div>
   <div class='ocr_carea' id='block_1_15' title="bbox 529 1483 2103 1558">
    <p class='ocr_par' dir='ltr' id='par_1_15' title="bbox 529 1483 2103 1558">
     <span class='ocr_line' id='line_1_15' title="bbox 529 1483 2103 1558; baseline 0.001 -20"><span class='ocrx_word' id='word_1_100' title='bbox 529 1483 730 1540; x_wconf 88' lang='lat' dir='ltr'><strong>Beatus</strong></span> <span class='ocrx_word' id='word_1_101' title='bbox 756 1486 937 1556; x_wconf 86' lang='lat' dir='ltr'><strong>itaque</strong></span> <span class='ocrx_word' id='word_1_102' title='bbox 969 1485 1068 1542; x_wconf 82' lang='lat' dir='ltr'><strong>Job</strong></span> <span class='ocrx_word' id='word_1_103' title='bbox 1100 1487 1225 1556; x_wconf 87' lang='lat' dir='ltr'><strong>quia</strong></span> <span class='ocrx_word' id='word_1_104' title='bbox 1269 1501 1410 1542; x_wconf 67' lang='lat' dir='ltr'><strong>vera:</strong></span> <span class='ocrx_word' id='word_1_105' title='bbox 1463 1487 1815 1558; x_wconf 83' lang='lat' dir='ltr'><strong>philosophiae</strong></span> <span class='ocrx_word' id='word_1_106' title='bbox 1863 1485 2103 1557; x_wconf 90' lang='lat' dir='ltr'><strong>regulam</strong></span> 
     </span>
    </p>
   </div>
   <div class='ocr_carea' id='block_1_16' title="bbox 533 1575 2106 1647">
    <p class='ocr_par' dir='ltr' id='par_1_16' title="bbox 533 1575 2106 1647">
     <span class='ocr_line' id='line_1_16' title="bbox 533 1575 2106 1647; baseline -0.001 -18"><span class='ocrx_word' id='word_1_107' title='bbox 533 1576 728 1642; x_wconf 88' lang='lat' dir='ltr'><strong>tenuit,</strong></span> <span class='ocrx_word' id='word_1_108' title='bbox 757 1587 944 1632; x_wconf 89' lang='lat' dir='ltr'><strong>contra</strong></span> <span class='ocrx_word' id='word_1_109' title='bbox 976 1586 1208 1647; x_wconf 87' lang='lat' dir='ltr'><strong>utraque</strong></span> <span class='ocrx_word' id='word_1_110' title='bbox 1247 1578 1384 1633; x_wconf 90' lang='lat' dir='ltr'><strong>mira</strong></span> <span class='ocrx_word' id='word_1_111' title='bbox 1413 1593 1472 1633; x_wconf 87' lang='lat' dir='ltr'><strong>se</strong></span> <span class='ocrx_word' id='word_1_112' title='bbox 1509 1587 1624 1633; x_wconf 88' lang='lat' dir='ltr'><strong>arte</strong></span> <span class='ocrx_word' id='word_1_113' title='bbox 1654 1578 1924 1632; x_wconf 84' lang='lat' dir='ltr'><strong>servabat.</strong></span> <span class='ocrx_word' id='word_1_114' title='bbox 1954 1575 2106 1642; x_wconf 83' lang='lat' dir='ltr'><strong>Quod</strong></span> 
     </span>
    </p>
   </div>
   <div class='ocr_carea' id='block_1_17' title="bbox 531 1667 2108 1740">
    <p class='ocr_par' dir='ltr' id='par_1_17' title="bbox 531 1667 2108 1740">
     <span class='ocr_line' id='line_1_17' title="bbox 531 1667 2108 1740; baseline 0.002 -21"><span class='ocrx_word' id='word_1_115' title='bbox 531 1668 852 1723; x_wconf 88' lang='lat' dir='ltr'><strong>vestimenta</strong></span> <span class='ocrx_word' id='word_1_116' title='bbox 881 1669 1040 1724; x_wconf 88' lang='lat' dir='ltr'><strong>scidit</strong></span> <span class='ocrx_word' id='word_1_117' title='bbox 1066 1669 1260 1740; x_wconf 82' lang='lat' dir='ltr'><strong>ﬂagelli</strong></span> <span class='ocrx_word' id='word_1_118' title='bbox 1289 1670 1530 1725; x_wconf 90' lang='lat' dir='ltr'><strong>dolorem</strong></span> <span class='ocrx_word' id='word_1_119' title='bbox 1569 1669 1755 1725; x_wconf 87' lang='lat' dir='ltr'><strong>sensit.</strong></span> <span class='ocrx_word' id='word_1_120' title='bbox 1789 1667 1941 1735; x_wconf 85' lang='lat' dir='ltr'><strong>Quod</strong></span> <span class='ocrx_word' id='word_1_121' title='bbox 1977 1681 2108 1722; x_wconf 91' lang='lat' dir='ltr'><strong>vero</strong></span> 
     </span>
    </p>
   </div>
   <div class='ocr_carea' id='block_1_18' title="bbox 534 1757 2102 1832">
    <p class='ocr_par' dir='ltr' id='par_1_18' title="bbox 534 1757 2102 1832">
     <span class='ocr_line' id='line_1_18' title="bbox 534 1757 2102 1832; baseline 0.001 -22"><span class='ocrx_word' id='word_1_122' title='bbox 534 1757 796 1832; x_wconf 65' lang='lat' dir='ltr'><strong>adoravit,</strong></span> <span class='ocrx_word' id='word_1_123' title='bbox 827 1767 1012 1815; x_wconf 90' lang='lat' dir='ltr'><strong>contra</strong></span> <span class='ocrx_word' id='word_1_124' title='bbox 1040 1759 1360 1832; x_wconf 86' lang='lat' dir='ltr'><strong>ﬁagellantis</strong></span> <span class='ocrx_word' id='word_1_125' title='bbox 1399 1759 1662 1831; x_wconf 88' lang='lat' dir='ltr'><strong>judicium</strong></span> <span class='ocrx_word' id='word_1_126' title='bbox 1710 1773 1817 1813; x_wconf 91' lang='lat' dir='ltr'><strong>non</strong></span> <span class='ocrx_word' id='word_1_127' title='bbox 1852 1758 2102 1813; x_wconf 79' lang='lat' dir='ltr'><strong>excessit.</strong></span> 
     </span>
    </p>
   </div>
   <div class='ocr_carea' id='block_1_19' title="bbox 2194 563 3763 634">
    <p class='ocr_par' dir='ltr' id='par_1_19' title="bbox 2194 563 3763 634">
     <span class='ocr_line' id='line_1_19' title="bbox 2194 563 3763 634; baseline -0.003 -9"><span class='ocrx_word' id='word_1_128' title='bbox 2194 579 2425 626; x_wconf 89' lang='lat' dir='ltr'><strong>mentem</strong></span> <span class='ocrx_word' id='word_1_129' title='bbox 2465 571 2530 624; x_wconf 90' lang='lat' dir='ltr'><strong>ad</strong></span> <span class='ocrx_word' id='word_1_130' title='bbox 2562 570 2856 624; x_wconf 88' lang='lat' dir='ltr'><strong>certamina</strong></span> <span class='ocrx_word' id='word_1_131' title='bbox 2889 565 3156 621; x_wconf 90' lang='lat' dir='ltr'><strong>robustius</strong></span> <span class='ocrx_word' id='word_1_132' title='bbox 3185 578 3394 634; x_wconf 88' lang='lat' dir='ltr'><strong>parare.</strong></span> <span class='ocrx_word' id='word_1_133' title='bbox 3431 563 3763 620; x_wconf 78' lang='lat' dir='ltr'><strong>Vestimenta</strong></span> 
     </span>
    </p>
   </div>
   <div class='ocr_carea' id='block_1_20' title="bbox 2195 658 3769 727">
    <p class='ocr_par' dir='ltr' id='par_1_20' title="bbox 2195 658 3769 727">
     <span class='ocr_line' id='line_1_20' title="bbox 2195 658 3769 727; baseline -0.004 -10"><span class='ocrx_word' id='word_1_134' title='bbox 2195 663 2516 724; x_wconf 83' lang='lat' dir='ltr'><strong>scindimus,</strong></span> <span class='ocrx_word' id='word_1_135' title='bbox 2557 661 2684 716; x_wconf 91' lang='lat' dir='ltr'><strong>dum</strong></span> <span class='ocrx_word' id='word_1_136' title='bbox 2711 658 3066 714; x_wconf 90' lang='lat' dir='ltr'><strong>discernendo</strong></span> <span class='ocrx_word' id='word_1_137' title='bbox 3095 667 3278 711; x_wconf 91' lang='lat' dir='ltr'><strong>nostra</strong></span> <span class='ocrx_word' id='word_1_138' title='bbox 3307 671 3470 727; x_wconf 91' lang='lat' dir='ltr'><strong>opera</strong></span> <span class='ocrx_word' id='word_1_139' title='bbox 3504 665 3769 711; x_wconf 87' lang='lat' dir='ltr'><strong>retracta-</strong></span> 
     </span>
    </p>
   </div>
   <div class='ocr_carea' id='block_1_21' title="bbox 2196 748 3768 821">
    <p class='ocr_par' dir='ltr' id='par_1_21' title="bbox 2196 748 3768 821">
     <span class='ocr_line' id='line_1_21' title="bbox 2196 748 3768 821; baseline -0.004 -12"><span class='ocrx_word' id='word_1_140' title='bbox 2196 771 2334 810; x_wconf 92' lang='lat' dir='ltr'><strong>mus.</strong></span> <span class='ocrx_word' id='word_1_141' title='bbox 2386 755 2536 821; x_wconf 86' lang='lat' dir='ltr'><strong>Quod</strong></span> <span class='ocrx_word' id='word_1_142' title='bbox 2573 761 2754 808; x_wconf 90' lang='lat' dir='ltr'><strong>nostra</strong></span> <span class='ocrx_word' id='word_1_143' title='bbox 2794 765 2894 805; x_wconf 90' lang='lat' dir='ltr'><strong>nos</strong></span> <span class='ocrx_word' id='word_1_144' title='bbox 2932 764 3091 818; x_wconf 88' lang='lat' dir='ltr'><strong>opera</strong></span> <span class='ocrx_word' id='word_1_145' title='bbox 3119 748 3262 802; x_wconf 90' lang='lat' dir='ltr'><strong>velut</strong></span> <span class='ocrx_word' id='word_1_146' title='bbox 3291 748 3607 802; x_wconf 86' lang='lat' dir='ltr'><strong>vestimenta</strong></span> <span class='ocrx_word' id='word_1_147' title='bbox 3638 756 3768 804; x_wconf 85' lang='lat' dir='ltr'><strong>ante</strong></span> 
     </span>
    </p>
   </div>
   <div class='ocr_carea' id='block_1_22' title="bbox 2198 839 3770 914">
    <p class='ocr_par' dir='ltr' id='par_1_22' title="bbox 2198 839 3770 914">
     <span class='ocr_line' id='line_1_22' title="bbox 2198 839 3770 914; baseline -0.004 -15"><span class='ocrx_word' id='word_1_148' title='bbox 2198 845 2368 900; x_wconf 89' lang='lat' dir='ltr'><strong>Deum</strong></span> <span class='ocrx_word' id='word_1_149' title='bbox 2401 853 2611 914; x_wconf 90' lang='lat' dir='ltr'><strong>tegant,</strong></span> <span class='ocrx_word' id='word_1_150' title='bbox 2649 843 2867 912; x_wconf 77' lang='lat' dir='ltr'><strong>angelus</strong></span> <span class='ocrx_word' id='word_1_151' title='bbox 2897 842 3063 897; x_wconf 91' lang='lat' dir='ltr'><strong>dicit:</strong></span> <span class='ocrx_word' id='word_1_152' title='bbox 3097 858 3117 892; x_wconf 74' lang='lat' dir='ltr'><strong>r</strong></span> <span class='ocrx_word' id='word_1_153' title='bbox 3145 840 3341 894; x_wconf 87' lang='lat' dir='ltr'><strong>Beatus</strong></span> <span class='ocrx_word' id='word_1_154' title='bbox 3370 840 3460 908; x_wconf 90' lang='lat' dir='ltr'><strong>qui</strong></span> <span class='ocrx_word' id='word_1_155' title='bbox 3487 839 3675 910; x_wconf 79' lang='lat' dir='ltr'><strong>vigilat</strong></span> <span class='ocrx_word' id='word_1_156' title='bbox 3715 848 3770 893; x_wconf 87' lang='lat' dir='ltr'><strong>et</strong></span> 
     </span>
    </p>
   </div>
   <div class='ocr_carea' id='block_1_23' title="bbox 2199 929 3766 999">
    <p class='ocr_par' dir='ltr' id='par_1_23' title="bbox 2199 929 3766 999">
     <span class='ocr_line' id='line_1_23' title="bbox 2199 929 3766 999; baseline -0.006 -9"><span class='ocrx_word' id='word_1_157' title='bbox 2199 935 2434 991; x_wconf 89' lang='lat' dir='ltr'><strong>custodit</strong></span> <span class='ocrx_word' id='word_1_158' title='bbox 2465 936 2780 988; x_wconf 85' lang='lat' dir='ltr'><strong>vestimenta</strong></span> <span class='ocrx_word' id='word_1_159' title='bbox 2812 947 2907 986; x_wconf 84' lang='lat' dir='ltr'><strong>sua</strong></span> <span class='ocrx_word' id='word_1_160' title='bbox 2934 972 2948 995; x_wconf 97' lang='lat'><strong>,</strong></span> <span class='ocrx_word' id='word_1_161' title='bbox 2994 947 3062 985; x_wconf 89' lang='lat' dir='ltr'><strong>ne</strong></span> <span class='ocrx_word' id='word_1_162' title='bbox 3104 930 3278 984; x_wconf 89' lang='lat' dir='ltr'><strong>nudus</strong></span> <span class='ocrx_word' id='word_1_163' title='bbox 3315 929 3553 982; x_wconf 88' lang='lat' dir='ltr'><strong>ambulet</strong></span> <span class='ocrx_word' id='word_1_164' title='bbox 3582 929 3766 999; x_wconf 78' lang='lat' dir='ltr'><strong>(Apoc.</strong></span> 
     </span>
    </p>
   </div>
   <div class='ocr_carea' id='block_1_24' title="bbox 2199 1019 3772 1091">
    <p class='ocr_par' dir='ltr' id='par_1_24' title="bbox 2199 1019 3772 1091">
     <span class='ocr_line' id='line_1_24' title="bbox 2199 1019 3772 1091; baseline -0.004 -13"><span class='ocrx_word' id='word_1_165' title='bbox 2199 1025 2448 1091; x_wconf 65' lang='lat'><strong>“1.15).</strong></span> <span class='ocrx_word' id='word_1_166' title='bbox 2484 1043 2501 1075; x_wconf 71' lang='grc' dir='ltr'><strong><em>ι</em></strong></span> <span class='ocrx_word' id='word_1_167' title='bbox 2557 1023 2694 1089; x_wconf 82' lang='lat' dir='ltr'><strong>Quid</strong></span> <span class='ocrx_word' id='word_1_168' title='bbox 2738 1021 3014 1076; x_wconf 89' lang='lat' dir='ltr'><strong>moraliter</strong></span> <span class='ocrx_word' id='word_1_169' title='bbox 3057 1035 3153 1088; x_wconf 89' lang='lat' dir='ltr'><strong>per</strong></span> <span class='ocrx_word' id='word_1_170' title='bbox 3192 1019 3413 1089; x_wconf 91' lang='lat' dir='ltr'><strong>capillos</strong></span> <span class='ocrx_word' id='word_1_171' title='bbox 3455 1019 3558 1073; x_wconf 88' lang='lat' dir='ltr'><strong>nisi</strong></span> <span class='ocrx_word' id='word_1_172' title='bbox 3601 1019 3772 1073; x_wconf 84' lang='lat' dir='ltr'><strong>animi</strong></span> 
     </span>
    </p>
   </div>
   <div class='ocr_carea' id='block_1_25' title="bbox 2202 1100 3771 1185">
    <p class='ocr_par' dir='ltr' id='par_1_25' title="bbox 2202 1100 3771 1185">
     <span class='ocr_line' id='line_1_25' title="bbox 2202 1100 3771 1185; baseline -0.004 -15"><span class='ocrx_word' id='word_1_173' title='bbox 2202 1100 2477 1170; x_wconf 85' lang='lat' dir='ltr'><strong>alﬂuentes</strong></span> <span class='ocrx_word' id='word_1_174' title='bbox 2513 1114 2865 1185; x_wconf 82' lang='lat' dir='ltr'><strong>cogitationes</strong></span> <span class='ocrx_word' id='word_1_175' title='bbox 2902 1111 3238 1181; x_wconf 75' lang='lat' dir='ltr'><strong>accipimus?</strong></span> <span class='ocrx_word' id='word_1_176' title='bbox 3283 1111 3418 1177; x_wconf 90' lang='lat' dir='ltr'><strong>Quid</strong></span> <span class='ocrx_word' id='word_1_177' title='bbox 3448 1126 3543 1180; x_wconf 88' lang='lat' dir='ltr'><strong>per</strong></span> <span class='ocrx_word' id='word_1_178' title='bbox 3567 1119 3733 1181; x_wconf 88' lang='lat' dir='ltr'><strong>caput</strong></span> <span class='ocrx_word' id='word_1_179' title='bbox 3755 1151 3771 1176; x_wconf 90' lang='lat'><strong>,</strong></span> 
     </span>
    </p>
   </div>
   <div class='ocr_carea' id='block_1_26' title="bbox 2204 1201 3868 1277">
    <p class='ocr_par' dir='ltr' id='par_1_26' title="bbox 2204 1201 3868 1277">
     <span class='ocr_line' id='line_1_26' title="bbox 2204 1201 3868 1277; baseline -0.005 -13"><span class='ocrx_word' id='word_1_180' title='bbox 2204 1207 2305 1264; x_wconf 89' lang='lat' dir='ltr'><strong>nisi</strong></span> <span class='ocrx_word' id='word_1_181' title='bbox 2339 1222 2488 1261; x_wconf 91' lang='lat' dir='ltr'><strong>mens</strong></span> <span class='ocrx_word' id='word_1_182' title='bbox 2527 1207 2646 1277; x_wconf 90' lang='lat' dir='ltr'><strong>ipsa</strong></span> <span class='ocrx_word' id='word_1_183' title='bbox 2687 1206 2970 1276; x_wconf 80' lang='lat' dir='ltr'><strong>signatur?</strong></span> <span class='ocrx_word' id='word_1_184' title='bbox 3017 1204 3190 1272; x_wconf 82' lang='lat' dir='ltr'><strong>Caput</strong></span> <span class='ocrx_word' id='word_1_185' title='bbox 3216 1218 3344 1272; x_wconf 88' lang='lat' dir='ltr'><strong>ergo</strong></span> <span class='ocrx_word' id='word_1_186' title='bbox 3373 1201 3666 1257; x_wconf 87' lang='lat' dir='ltr'><strong>detondere</strong></span> <span class='ocrx_word' id='word_1_187' title='bbox 3693 1210 3777 1257; x_wconf 89' lang='lat' dir='ltr'><strong>est</strong></span> <span class='ocrx_word' id='word_1_188' title='bbox 3858 1256 3868 1263; x_wconf 65' lang='grc'>,</span> 
     </span>
    </p>
   </div>
   <div class='ocr_carea' id='block_1_27' title="bbox 2205 1290 3774 1369">
    <p class='ocr_par' dir='ltr' id='par_1_27' title="bbox 2205 1290 3774 1369">
     <span class='ocr_line' id='line_1_27' title="bbox 2205 1290 3774 1369; baseline -0.006 -16"><span class='ocrx_word' id='word_1_189' title='bbox 2205 1298 2558 1369; x_wconf 76' lang='lat' dir='ltr'><strong>cogitationes</strong></span> <span class='ocrx_word' id='word_1_190' title='bbox 2584 1295 2881 1366; x_wconf 87' lang='lat' dir='ltr'><strong>superﬂuas</strong></span> <span class='ocrx_word' id='word_1_191' title='bbox 2908 1309 2937 1347; x_wconf 90' lang='lat' dir='ltr'><strong>a</strong></span> <span class='ocrx_word' id='word_1_192' title='bbox 2960 1305 3138 1347; x_wconf 90' lang='lat' dir='ltr'><strong>mente</strong></span> <span class='ocrx_word' id='word_1_193' title='bbox 3169 1307 3432 1348; x_wconf 88' lang='lat' dir='ltr'><strong>resecare.</strong></span> <span class='ocrx_word' id='word_1_194' title='bbox 3464 1290 3530 1344; x_wconf 86' lang='lat' dir='ltr'><strong>Et</strong></span> <span class='ocrx_word' id='word_1_195' title='bbox 3559 1293 3774 1345; x_wconf 81' lang='lat' dir='ltr'><strong>detonsa</strong></span> 
     </span>
    </p>
   </div>
   <div class='ocr_carea' id='block_1_28' title="bbox 2206 1381 3781 1456">
    <p class='ocr_par' dir='ltr' id='par_1_28' title="bbox 2206 1381 3781 1456">
     <span class='ocr_line' id='line_1_28' title="bbox 2206 1381 3781 1456; baseline -0.003 -16"><span class='ocrx_word' id='word_1_196' title='bbox 2206 1388 2372 1456; x_wconf 85' lang='lat' dir='ltr'><strong>capite</strong></span> <span class='ocrx_word' id='word_1_197' title='bbox 2393 1387 2447 1440; x_wconf 89' lang='lat' dir='ltr'><strong>in</strong></span> <span class='ocrx_word' id='word_1_198' title='bbox 2469 1395 2661 1439; x_wconf 87' lang='lat' dir='ltr'><strong>terram</strong></span> <span class='ocrx_word' id='word_1_199' title='bbox 2686 1384 2899 1438; x_wconf 85' lang='lat' dir='ltr'><strong>corruit.</strong></span> <span class='ocrx_word' id='word_1_200' title='bbox 2930 1381 3033 1449; x_wconf 89' lang='lat' dir='ltr'><strong>Qui</strong></span> <span class='ocrx_word' id='word_1_201' title='bbox 3059 1382 3320 1451; x_wconf 78' lang='lat' dir='ltr'><strong>repressis</strong></span> <span class='ocrx_word' id='word_1_202' title='bbox 3344 1381 3781 1451; x_wconf 71' lang='lat' dir='ltr'><strong>prmsumptionis</strong></span> 
     </span>
    </p>
   </div>
   <div class='ocr_carea' id='block_1_29' title="bbox 2207 1471 3782 1545">
    <p class='ocr_par' dir='ltr' id='par_1_29' title="bbox 2207 1471 3782 1545">
     <span class='ocr_line' id='line_1_29' title="bbox 2207 1471 3782 1545; baseline -0.003 -15"><span class='ocrx_word' id='word_1_203' title='bbox 2207 1491 2318 1531; x_wconf 64' lang='lat' dir='ltr'><strong>suae</strong></span> <span class='ocrx_word' id='word_1_204' title='bbox 2359 1475 2773 1545; x_wconf 84' lang='lat' dir='ltr'><strong>cogitationibus</strong></span> <span class='ocrx_word' id='word_1_205' title='bbox 2797 1513 2812 1539; x_wconf 97' lang='lat'><strong>,</strong></span> <span class='ocrx_word' id='word_1_206' title='bbox 2862 1488 3022 1541; x_wconf 89' lang='lat' dir='ltr'><strong>quam</strong></span> <span class='ocrx_word' id='word_1_207' title='bbox 3063 1473 3116 1526; x_wconf 90' lang='lat' dir='ltr'><strong>in</strong></span> <span class='ocrx_word' id='word_1_208' title='bbox 3153 1474 3499 1542; x_wconf 85' lang='lat' dir='ltr'><strong>semetipsum</strong></span> <span class='ocrx_word' id='word_1_209' title='bbox 3532 1471 3782 1525; x_wconf 89' lang='lat' dir='ltr'><strong>inﬁrmus</strong></span> 
     </span>
    </p>
   </div>
   <div class='ocr_carea' id='block_1_30' title="bbox 2209 1562 3786 1636">
    <p class='ocr_par' dir='ltr' id='par_1_30' title="bbox 2209 1562 3786 1636">
     <span class='ocr_line' id='line_1_30' title="bbox 2209 1562 3786 1636; baseline -0.004 -15"><span class='ocrx_word' id='word_1_210' title='bbox 2209 1567 2300 1631; x_wconf 89' lang='lat' dir='ltr'><strong>sit,</strong></span> <span class='ocrx_word' id='word_1_211' title='bbox 2331 1565 2604 1620; x_wconf 87' lang='lat' dir='ltr'><strong>humiliter</strong></span> <span class='ocrx_word' id='word_1_212' title='bbox 2631 1564 2893 1636; x_wconf 79' lang='lat' dir='ltr'><strong>agnoscit.</strong></span> <span class='ocrx_word' id='word_1_213' title='bbox 2926 1563 3066 1634; x_wconf 89' lang='lat' dir='ltr'><strong>Ergo</strong></span> <span class='ocrx_word' id='word_1_214' title='bbox 3093 1564 3334 1619; x_wconf 86' lang='lat' dir='ltr'><strong>adversis</strong></span> <span class='ocrx_word' id='word_1_215' title='bbox 3363 1563 3559 1617; x_wconf 89' lang='lat' dir='ltr'><strong>auditis</strong></span> <span class='ocrx_word' id='word_1_216' title='bbox 3590 1562 3786 1617; x_wconf 88' lang='lat' dir='ltr'><strong>deton-</strong></span> 
     </span>
    </p>
   </div>
   <div class='ocr_carea' id='block_1_31' title="bbox 2211 1653 3782 1725">
    <p class='ocr_par' dir='ltr' id='par_1_31' title="bbox 2211 1653 3782 1725">
     <span class='ocr_line' id='line_1_31' title="bbox 2211 1653 3782 1725; baseline -0.002 -15"><span class='ocrx_word' id='word_1_217' title='bbox 2211 1657 2368 1712; x_wconf 90' lang='lat' dir='ltr'><strong>detur</strong></span> <span class='ocrx_word' id='word_1_218' title='bbox 2395 1664 2553 1725; x_wconf 90' lang='lat' dir='ltr'><strong>caput</strong></span> <span class='ocrx_word' id='word_1_219' title='bbox 2573 1696 2588 1721; x_wconf 90' lang='lat'><strong>,</strong></span> <span class='ocrx_word' id='word_1_220' title='bbox 2625 1671 2746 1710; x_wconf 91' lang='lat' dir='ltr'><strong>cum</strong></span> <span class='ocrx_word' id='word_1_221' title='bbox 2781 1654 3166 1710; x_wconf 90' lang='lat' dir='ltr'><strong>tentationibus</strong></span> <span class='ocrx_word' id='word_1_222' title='bbox 3192 1655 3537 1710; x_wconf 85' lang='lat' dir='ltr'><strong>vehementer</strong></span> <span class='ocrx_word' id='word_1_223' title='bbox 3565 1653 3782 1707; x_wconf 84' lang='lat' dir='ltr'><strong>irruen-</strong></span> 
     </span>
    </p>
   </div>
   <div class='ocr_carea' id='block_1_32' title="bbox 2217 1743 3788 1814">
    <p class='ocr_par' dir='ltr' id='par_1_32' title="bbox 2217 1743 3788 1814">
     <span class='ocr_line' id='line_1_32' title="bbox 2217 1743 3788 1814; baseline -0.001 -16"><span class='ocrx_word' id='word_1_224' title='bbox 2217 1746 2396 1810; x_wconf 90' lang='lat' dir='ltr'><strong>tibus,</strong></span> <span class='ocrx_word' id='word_1_225' title='bbox 2450 1760 2478 1799; x_wconf 91' lang='lat' dir='ltr'><strong>a</strong></span> <span class='ocrx_word' id='word_1_226' title='bbox 2526 1745 2963 1814; x_wconf 68' lang='lat' dir='ltr'><strong>praesumptionis</strong></span> <span class='ocrx_word' id='word_1_227' title='bbox 3011 1758 3121 1799; x_wconf 80' lang='lat' dir='ltr'><strong>suae</strong></span> <span class='ocrx_word' id='word_1_228' title='bbox 3168 1743 3583 1814; x_wconf 80' lang='lat' dir='ltr'><strong>cogitationibus</strong></span> <span class='ocrx_word' id='word_1_229' title='bbox 3629 1756 3788 1797; x_wconf 85' lang='lat' dir='ltr'><strong>mens</strong></span> 
     </span>
    </p>
   </div>
   <div class='ocr_carea' id='block_1_33' title="bbox 533 1822 2123 1920">
    <p class='ocr_par' dir='ltr' id='par_1_33' title="bbox 533 1822 2112 1920">
     <span class='ocr_line' id='line_1_33' title="bbox 533 1822 2112 1920; baseline 0.001 -22"><span class='ocrx_word' id='word_1_230' title='bbox 533 1822 677 1901; x_wconf 60' lang='lat' dir='ltr'><strong>Duo.</strong></span> <span class='ocrx_word' id='word_1_231' title='bbox 691 1822 834 1902; x_wconf 86' lang='lat' dir='ltr'><strong>enim</strong></span> <span class='ocrx_word' id='word_1_232' title='bbox 881 1857 1006 1904; x_wconf 88' lang='lat' dir='ltr'><strong>sunt</strong></span> <span class='ocrx_word' id='word_1_233' title='bbox 1044 1822 1308 1920; x_wconf 43' lang='lat' dir='ltr'><strong>praecepta</strong></span> <span class='ocrx_word' id='word_1_234' title='bbox 1337 1822 1621 1904; x_wconf 68' lang='lat' dir='ltr'><strong>charitatis</strong></span> <span class='ocrx_word' id='word_1_235' title='bbox 1645 1861 1660 1901; x_wconf 88' lang='lat'><strong>:</strong></span> <span class='ocrx_word' id='word_1_236' title='bbox 1689 1861 1841 1901; x_wconf 88' lang='lat' dir='ltr'><strong>amor</strong></span> <span class='ocrx_word' id='word_1_237' title='bbox 1866 1845 2112 1902; x_wconf 91' lang='lat' dir='ltr'><strong>videlicet</strong></span> 
     </span>
    </p>
   </div>
   <div class='ocr_carea' id='block_1_34' title="bbox 2228 1822 3784 1920">
    <p class='ocr_par' dir='ltr' id='par_1_34' title="bbox 2228 1834 3784 1905">
     <span class='ocr_line' id='line_1_34' title="bbox 2228 1834 3784 1905; baseline -0.002 -15"><span class='ocrx_word' id='word_1_238' title='bbox 2228 1837 2470 1890; x_wconf 66' lang='lat' dir='ltr'><strong>nudatur.</strong></span> <span class='ocrx_word' id='word_1_239' title='bbox 2523 1836 2591 1890; x_wconf 91' lang='lat' dir='ltr'><strong>Et</strong></span> <span class='ocrx_word' id='word_1_240' title='bbox 2626 1834 2925 1890; x_wconf 90' lang='lat' dir='ltr'><strong>notandum</strong></span> <span class='ocrx_word' id='word_1_241' title='bbox 2970 1835 3112 1905; x_wconf 90' lang='lat' dir='ltr'><strong>quod</strong></span> <span class='ocrx_word' id='word_1_242' title='bbox 3159 1835 3212 1888; x_wconf 93' lang='lat' dir='ltr'><strong>in</strong></span> <span class='ocrx_word' id='word_1_243' title='bbox 3257 1841 3456 1888; x_wconf 90' lang='lat' dir='ltr'><strong>terram</strong></span> <span class='ocrx_word' id='word_1_244' title='bbox 3498 1847 3784 1898; x_wconf 87' lang='lat' dir='ltr'><strong>corruens,</strong></span> 
     </span>
    </p>
   </div>
   <div class='ocr_carea' id='block_1_35' title="bbox 533 1933 2109 2010">
    <p class='ocr_par' dir='ltr' id='par_1_35' title="bbox 533 1933 2109 2010">
     <span class='ocr_line' id='line_1_35' title="bbox 533 1933 2109 2010; baseline 0.001 -21"><span class='ocrx_word' id='word_1_245' title='bbox 533 1933 632 1990; x_wconf 85' lang='lat' dir='ltr'><strong>Dei</strong></span> <span class='ocrx_word' id='word_1_246' title='bbox 658 1944 712 1991; x_wconf 89' lang='lat' dir='ltr'><strong>et</strong></span> <span class='ocrx_word' id='word_1_247' title='bbox 737 1938 987 2008; x_wconf 82' lang='lat' dir='ltr'><strong>proximi.</strong></span> <span class='ocrx_word' id='word_1_248' title='bbox 1036 1938 1109 1995; x_wconf 90' lang='lat' dir='ltr'><strong>Ut</strong></span> <span class='ocrx_word' id='word_1_249' title='bbox 1139 1939 1478 1994; x_wconf 84' lang='lat' dir='ltr'><strong>dilectionem</strong></span> <span class='ocrx_word' id='word_1_250' title='bbox 1519 1937 1752 2010; x_wconf 79' lang='lat' dir='ltr'><strong>proximi</strong></span> <span class='ocrx_word' id='word_1_251' title='bbox 1787 1937 2109 2003; x_wconf 80' lang='lat' dir='ltr'><strong>exsolveret,</strong></span> 
     </span>
    </p>
   </div>
   <div class='ocr_carea' id='block_1_36' title="bbox 535 2024 2115 2104">
    <p class='ocr_par' dir='ltr' id='par_1_36' title="bbox 535 2024 2115 2104">
     <span class='ocr_line' id='line_1_36' title="bbox 535 2024 2115 2104; baseline 0.003 -25"><span class='ocrx_word' id='word_1_252' title='bbox 535 2024 800 2096; x_wconf 77' lang='lat' dir='ltr'><strong>impendit</strong></span> <span class='ocrx_word' id='word_1_253' title='bbox 843 2028 1079 2104; x_wconf 81' lang='lat' dir='ltr'><strong>luctum;</strong></span> <span class='ocrx_word' id='word_1_254' title='bbox 1137 2038 1200 2084; x_wconf 92' lang='lat' dir='ltr'><strong>ut</strong></span> <span class='ocrx_word' id='word_1_255' title='bbox 1248 2031 1344 2086; x_wconf 90' lang='lat' dir='ltr'><strong>Dei</strong></span> <span class='ocrx_word' id='word_1_256' title='bbox 1394 2045 1501 2085; x_wconf 92' lang='lat' dir='ltr'><strong>non</strong></span> <span class='ocrx_word' id='word_1_257' title='bbox 1550 2031 1846 2095; x_wconf 89' lang='lat' dir='ltr'><strong>desereret,</strong></span> <span class='ocrx_word' id='word_1_258' title='bbox 1880 2028 2115 2099; x_wconf 80' lang='lat' dir='ltr'><strong>explevit</strong></span> 
     </span>
    </p>
   </div>
   <div class='ocr_carea' id='block_1_37' title="bbox 539 2117 2116 2191">
    <p class='ocr_par' dir='ltr' id='par_1_37' title="bbox 539 2117 2116 2191">
     <span class='ocr_line' id='line_1_37' title="bbox 539 2117 2116 2191; baseline 0.004 -21"><span class='ocrx_word' id='word_1_259' title='bbox 539 2117 682 2172; x_wconf 89' lang='lat' dir='ltr'><strong>inter</strong></span> <span class='ocrx_word' id='word_1_260' title='bbox 709 2120 940 2188; x_wconf 82' lang='lat' dir='ltr'><strong>gemitus</strong></span> <span class='ocrx_word' id='word_1_261' title='bbox 965 2121 1290 2178; x_wconf 88' lang='lat' dir='ltr'><strong>orationem.</strong></span> <span class='ocrx_word' id='word_1_262' title='bbox 1329 2120 1443 2178; x_wconf 81' lang='lat' dir='ltr'><strong>Mos</strong></span> <span class='ocrx_word' id='word_1_263' title='bbox 1480 2131 1722 2178; x_wconf 90' lang='lat' dir='ltr'><strong>veterum</strong></span> <span class='ocrx_word' id='word_1_264' title='bbox 1751 2119 1853 2176; x_wconf 78' lang='lat' dir='ltr'><strong>fuit</strong></span> <span class='ocrx_word' id='word_1_265' title='bbox 1878 2130 1940 2176; x_wconf 88' lang='lat' dir='ltr'><strong>ut</strong></span> <span class='ocrx_word' id='word_1_266' title='bbox 1965 2121 2116 2191; x_wconf 89' lang='lat' dir='ltr'><strong>quis-</strong></span> 
     </span>
    </p>
   </div>
   <div class='ocr_carea' id='block_1_38' title="bbox 538 2207 2115 2280">
    <p class='ocr_par' dir='ltr' id='par_1_38' title="bbox 538 2207 2115 2280">
     <span class='ocr_line' id='line_1_38' title="bbox 538 2207 2115 2280; baseline 0.003 -20"><span class='ocrx_word' id='word_1_267' title='bbox 538 2207 661 2278; x_wconf 88' lang='lat' dir='ltr'><strong>quis</strong></span> <span class='ocrx_word' id='word_1_268' title='bbox 689 2209 907 2279; x_wconf 88' lang='lat' dir='ltr'><strong>capillos</strong></span> <span class='ocrx_word' id='word_1_269' title='bbox 933 2211 1222 2267; x_wconf 90' lang='lat' dir='ltr'><strong>nutriendo</strong></span> <span class='ocrx_word' id='word_1_270' title='bbox 1267 2219 1542 2278; x_wconf 87' lang='lat' dir='ltr'><strong>servaret,</strong></span> <span class='ocrx_word' id='word_1_271' title='bbox 1585 2225 1680 2267; x_wconf 90' lang='lat' dir='ltr'><strong>eos</strong></span> <span class='ocrx_word' id='word_1_272' title='bbox 1713 2219 1951 2280; x_wconf 89' lang='lat' dir='ltr'><strong>tempore</strong></span> <span class='ocrx_word' id='word_1_273' title='bbox 1980 2209 2115 2265; x_wconf 80' lang='lat' dir='ltr'><strong>aﬂli-</strong></span> 
     </span>
    </p>
   </div>
   <div class='ocr_carea' id='block_1_39' title="bbox 2211 1924 3790 1983">
    <p class='ocr_par' dir='ltr' id='par_1_39' title="bbox 2211 1924 3790 1983">
     <span class='ocr_line' id='line_1_39' title="bbox 2211 1924 3790 1983; baseline -0.003 -3"><span class='ocrx_word' id='word_1_274' title='bbox 2211 1928 2472 1983; x_wconf 88' lang='lat' dir='ltr'><strong>adoravit.</strong></span> <span class='ocrx_word' id='word_1_275' title='bbox 2526 1925 2619 1981; x_wconf 85' lang='lat' dir='ltr'><strong>Ille</strong></span> <span class='ocrx_word' id='word_1_276' title='bbox 2657 1926 2800 1981; x_wconf 90' lang='lat' dir='ltr'><strong>enim</strong></span> <span class='ocrx_word' id='word_1_277' title='bbox 2844 1939 3032 1980; x_wconf 83' lang='lat' dir='ltr'><strong>veram</strong></span> <span class='ocrx_word' id='word_1_278' title='bbox 3077 1924 3188 1979; x_wconf 93' lang='lat' dir='ltr'><strong>Deo</strong></span> <span class='ocrx_word' id='word_1_279' title='bbox 3234 1924 3531 1978; x_wconf 90' lang='lat' dir='ltr'><strong>orationem</strong></span> <span class='ocrx_word' id='word_1_280' title='bbox 3564 1924 3790 1980; x_wconf 82' lang='lat' dir='ltr'><strong>exhibet</strong></span> 
     </span>
    </p>
   </div>
   <div class='ocr_carea' id='block_1_40' title="bbox 2215 2013 3784 2089">
    <p class='ocr_par' dir='ltr' id='par_1_40' title="bbox 2215 2013 3784 2089">
     <span class='ocr_line' id='line_1_40' title="bbox 2215 2013 3784 2089; baseline -0.003 -16"><span class='ocrx_word' id='word_1_281' title='bbox 2215 2019 2307 2088; x_wconf 93' lang='lat' dir='ltr'><strong>qui</strong></span> <span class='ocrx_word' id='word_1_282' title='bbox 2356 2017 2707 2089; x_wconf 89' lang='lat' dir='ltr'><strong>semetipsum</strong></span> <span class='ocrx_word' id='word_1_283' title='bbox 2757 2017 2882 2087; x_wconf 89' lang='lat' dir='ltr'><strong>quia</strong></span> <span class='ocrx_word' id='word_1_284' title='bbox 2943 2016 3119 2087; x_wconf 86' lang='lat' dir='ltr'><strong>pulvis</strong></span> <span class='ocrx_word' id='word_1_285' title='bbox 3168 2016 3240 2070; x_wconf 88' lang='lat' dir='ltr'><strong>sit</strong></span> <span class='ocrx_word' id='word_1_286' title='bbox 3291 2015 3566 2070; x_wconf 90' lang='lat' dir='ltr'><strong>humiliter</strong></span> <span class='ocrx_word' id='word_1_287' title='bbox 3615 2013 3784 2069; x_wconf 88' lang='lat' dir='ltr'><strong>videt.</strong></span> 
     </span>
    </p>
   </div>
   <div class='ocr_carea' id='block_1_41' title="bbox 2215 2109 2514 2180">
    <p class='ocr_par' dir='ltr' id='par_1_41' title="bbox 2215 2109 2514 2180">
     <span class='ocr_line' id='line_1_41' title="bbox 2215 2109 2514 2180; baseline -0.007 -15"><span class='ocrx_word' id='word_1_288' title='bbox 2215 2109 2474 2180; x_wconf 86' lang='lat' dir='ltr'><strong>Sequitur</strong></span> <span class='ocrx_word' id='word_1_289' title='bbox 2498 2123 2514 2163; x_wconf 90' lang='lat'><strong>:</strong></span> 
     </span>
    </p>
   </div>
   <div class='ocr_carea' id='block_1_42' title="bbox 2285 2196 3789 2270">
    <p class='ocr_par' dir='ltr' id='par_1_42' title="bbox 2285 2196 3789 2270">
     <span class='ocr_line' id='line_1_42' title="bbox 2285 2196 3789 2270; baseline -0.003 -17"><span class='ocrx_word' id='word_1_290' title='bbox 2285 2199 2445 2255; x_wconf 71' lang='lat' dir='ltr'><strong>Vsus.</strong></span> <span class='ocrx_word' id='word_1_291' title='bbox 2463 2199 2553 2253; x_wconf 71' lang='grc'><strong>21.</strong></span> <span class='ocrx_word' id='word_1_292' title='bbox 2577 2198 2630 2254; x_wconf 87' lang='grc' dir='ltr'><strong><em>Ν</em></strong></span> <span class='ocrx_word' id='word_1_293' title='bbox 2634 2199 2769 2254; x_wconf 85' lang='lat' dir='ltr'><strong>udus</strong></span> <span class='ocrx_word' id='word_1_294' title='bbox 2791 2214 3024 2270; x_wconf 81' lang='lat' dir='ltr'><strong>egressus</strong></span> <span class='ocrx_word' id='word_1_295' title='bbox 3044 2214 3160 2253; x_wconf 85' lang='lat' dir='ltr'><strong>sum</strong></span> <span class='ocrx_word' id='word_1_296' title='bbox 3183 2198 3246 2265; x_wconf 82' lang='lat' dir='ltr'><strong>de</strong></span> <span class='ocrx_word' id='word_1_297' title='bbox 3265 2207 3410 2252; x_wconf 83' lang='lat' dir='ltr'><strong>utero</strong></span> <span class='ocrx_word' id='word_1_298' title='bbox 3431 2196 3614 2250; x_wconf 83' lang='lat' dir='ltr'><strong>matris</strong></span> <span class='ocrx_word' id='word_1_299' title='bbox 3635 2211 3789 2260; x_wconf 74' lang='lat' dir='ltr'><strong>mete,</strong></span> 
     </span>
    </p>
   </div>
   <div class='ocr_carea' id='block_1_43' title="bbox 440 2288 3793 2382">
    <p class='ocr_par' dir='ltr' id='par_1_43' title="bbox 440 2288 3793 2382">
     <span class='ocr_line' id='line_1_43' title="bbox 440 2288 3793 2382; baseline -0.004 -29"><span class='ocrx_word' id='word_1_300' title='bbox 440 2376 445 2382; x_wconf 28' lang='lat'>.</span> <span class='ocrx_word' id='word_1_301' title='bbox 543 2299 742 2354; x_wconf 89' lang='lat' dir='ltr'><strong>ctionis</strong></span> <span class='ocrx_word' id='word_1_302' title='bbox 770 2300 1115 2356; x_wconf 84' lang='lat' dir='ltr'><strong>abscinderet</strong></span> <span class='ocrx_word' id='word_1_303' title='bbox 1141 2318 1154 2355; x_wconf 84' lang='lat'><strong>:</strong></span> <span class='ocrx_word' id='word_1_304' title='bbox 1192 2310 1246 2356; x_wconf 78' lang='lat' dir='ltr'><strong>et</strong></span> <span class='ocrx_word' id='word_1_305' title='bbox 1289 2301 1379 2372; x_wconf 84' lang='lat' dir='ltr'><strong>qui</strong></span> <span class='ocrx_word' id='word_1_306' title='bbox 1422 2301 1827 2371; x_wconf 68' lang='lat' dir='ltr'><strong>tranquillitatis</strong></span> <span class='ocrx_word' id='word_1_307' title='bbox 1878 2308 2118 2370; x_wconf 70' lang='lat' dir='ltr'><strong>tempore</strong></span> <span class='ocrx_word' id='word_1_308' title='bbox 2217 2291 2388 2346; x_wconf 84' lang='lat' dir='ltr'><strong>nudus</strong></span> <span class='ocrx_word' id='word_1_309' title='bbox 2413 2300 2640 2345; x_wconf 85' lang='lat' dir='ltr'><strong>revertar</strong></span> <span class='ocrx_word' id='word_1_310' title='bbox 2663 2288 3041 2355; x_wconf 79' lang='lat' dir='ltr'><strong>illuc.-——Quia</strong></span> <span class='ocrx_word' id='word_1_311' title='bbox 3057 2303 3186 2343; x_wconf 90' lang='lat' dir='ltr'><strong>vero</strong></span> <span class='ocrx_word' id='word_1_312' title='bbox 3205 2301 3392 2342; x_wconf 91' lang='lat' dir='ltr'><strong>omnes</strong></span> <span class='ocrx_word' id='word_1_313' title='bbox 3413 2303 3510 2341; x_wconf 92' lang='lat' dir='ltr'><strong>nos</strong></span> <span class='ocrx_word' id='word_1_314' title='bbox 3533 2297 3679 2341; x_wconf 90' lang='lat' dir='ltr'><strong>terra</strong></span> <span class='ocrx_word' id='word_1_315' title='bbox 3703 2301 3793 2354; x_wconf 81' lang='lat' dir='ltr'><strong>ge-</strong></span> 
     </span>
    </p>
   </div>
   <div class='ocr_carea' id='block_1_44' title="bbox 544 2377 3790 2459">
    <p class='ocr_par' dir='ltr' id='par_1_44' title="bbox 544 2377 3790 2459">
     <span class='ocr_line' id='line_1_44' title="bbox 544 2377 3790 2459; baseline -0.001 -15"><span class='ocrx_word' id='word_1_316' title='bbox 544 2390 767 2459; x_wconf 81' lang='lat' dir='ltr'><strong>capillos</strong></span> <span class='ocrx_word' id='word_1_317' title='bbox 813 2392 1154 2448; x_wconf 87' lang='lat' dir='ltr'><strong>abscinderet</strong></span> <span class='ocrx_word' id='word_1_318' title='bbox 1181 2433 1195 2458; x_wconf 94' lang='lat'><strong>,</strong></span> <span class='ocrx_word' id='word_1_319' title='bbox 1247 2408 1342 2449; x_wconf 88' lang='lat' dir='ltr'><strong>eos</strong></span> <span class='ocrx_word' id='word_1_320' title='bbox 1385 2394 1440 2448; x_wconf 92' lang='lat' dir='ltr'><strong>in</strong></span> <span class='ocrx_word' id='word_1_321' title='bbox 1491 2392 1779 2450; x_wconf 89' lang='lat' dir='ltr'><strong>aﬁlictione</strong></span> <span class='ocrx_word' id='word_1_322' title='bbox 1829 2394 2115 2450; x_wconf 89' lang='lat' dir='ltr'><strong>enutriret.</strong></span> <span class='ocrx_word' id='word_1_323' title='bbox 2215 2383 2368 2448; x_wconf 73' lang='grc' dir='ltr'><strong>ιιυίῑο</strong></span> <span class='ocrx_word' id='word_1_324' title='bbox 2397 2384 2536 2437; x_wconf 67' lang='lat' dir='ltr'><strong>hanc</strong></span> <span class='ocrx_word' id='word_1_325' title='bbox 2565 2396 2670 2436; x_wconf 80' lang='grc' dir='ltr'><strong>ηοη</strong></span> <span class='ocrx_word' id='word_1_326' title='bbox 2704 2381 2974 2436; x_wconf 65' lang='lat' dir='ltr'><strong>immerito</strong></span> <span class='ocrx_word' id='word_1_327' title='bbox 3007 2388 3234 2434; x_wconf 66' lang='lat' dir='ltr'><strong>malm“</strong></span> <span class='ocrx_word' id='word_1_328' title='bbox 3264 2393 3536 2442; x_wconf 67' lang='lat' dir='ltr'><strong>vocamus.</strong></span> <span class='ocrx_word' id='word_1_329' title='bbox 3567 2386 3628 2431; x_wconf 80' lang='grc' dir='ltr'><strong>ιιι</strong></span> <span class='ocrx_word' id='word_1_330' title='bbox 3655 2377 3790 2431; x_wconf 71' lang='grc' dir='ltr'><strong>εονὶο</strong></span> 
     </span>
    </p>
   </div>
   <div class='ocr_carea' id='block_1_45' title="bbox 543 2465 3793 2556">
    <p class='ocr_par' dir='ltr' id='par_1_45' title="bbox 543 2465 3793 2556">
     <span class='ocr_line' id='line_1_45' title="bbox 543 2465 3793 2556; baseline -0.002 -18"><span class='ocrx_word' id='word_1_331' title='bbox 543 2483 740 2539; x_wconf 89' lang='lat' dir='ltr'><strong>Beatus</strong></span> <span class='ocrx_word' id='word_1_332' title='bbox 786 2484 967 2554; x_wconf 87' lang='lat' dir='ltr'><strong>itaque</strong></span> <span class='ocrx_word' id='word_1_333' title='bbox 1013 2485 1114 2540; x_wconf 82' lang='lat' dir='ltr'><strong>Job</strong></span> <span class='ocrx_word' id='word_1_334' title='bbox 1160 2486 1568 2556; x_wconf 86' lang='lat' dir='ltr'><strong>tranquillitatis</strong></span> <span class='ocrx_word' id='word_1_335' title='bbox 1613 2495 1853 2556; x_wconf 90' lang='lat' dir='ltr'><strong>tempore</strong></span> <span class='ocrx_word' id='word_1_336' title='bbox 1899 2485 2120 2556; x_wconf 88' lang='lat' dir='ltr'><strong>capillos</strong></span> <span class='ocrx_word' id='word_1_337' title='bbox 2215 2481 2366 2551; x_wconf 55' lang='lat' dir='ltr'><strong>Pw!“</strong></span> <span class='ocrx_word' id='word_1_338' title='bbox 2383 2468 2934 2538; x_wconf 63' lang='grc' dir='ltr'><strong>θείείθτίινθὶυὲυῐη</strong></span> <span class='ocrx_word' id='word_1_339' title='bbox 2958 2465 3793 2556; x_wconf 21' lang='grc' dir='ltr'><strong>ευρενίὶιὶοεᾼάειῐηθάίμεεκίιιξε</strong></span> 
     </span>
    </p>
   </div>
   <div class='ocr_carea' id='block_1_46' title="bbox 543 2552 3794 2644">
    <p class='ocr_par' dir='ltr' id='par_1_46' title="bbox 543 2552 3794 2644">
     <span class='ocr_line' id='line_1_46' title="bbox 543 2552 3794 2644; baseline -0.004 -24"><span class='ocrx_word' id='word_1_340' title='bbox 543 2588 788 2630; x_wconf 75' lang='lat' dir='ltr'><strong>servasse</strong></span> <span class='ocrx_word' id='word_1_341' title='bbox 817 2552 1144 2640; x_wconf 59' lang='lat' dir='ltr'><strong>osienditur,</strong></span> <span class='ocrx_word' id='word_1_342' title='bbox 1199 2552 1320 2630; x_wconf 57' lang='lat' dir='ltr'><strong>eun}</strong></span> <span class='ocrx_word' id='word_1_343' title='bbox 1366 2576 1435 2631; x_wconf 72' lang='lat' dir='ltr'><strong>ad</strong></span> <span class='ocrx_word' id='word_1_344' title='bbox 1473 2552 1914 2644; x_wconf 47' lang='lat' dir='ltr'><strong>dolorem—caput</strong></span> <span class='ocrx_word' id='word_1_345' title='bbox 1946 2552 2122 2630; x_wconf 60' lang='grc' dir='ltr'><strong>ιὸιοη-</strong></span> <span class='ocrx_word' id='word_1_346' title='bbox 2219 2562 2286 2616; x_wconf 88' lang='lat' dir='ltr'><strong>de</strong></span> <span class='ocrx_word' id='word_1_347' title='bbox 2312 2568 2500 2614; x_wconf 87' lang='lat' dir='ltr'><strong>ventre</strong></span> <span class='ocrx_word' id='word_1_348' title='bbox 2525 2558 2718 2613; x_wconf 87' lang='lat' dir='ltr'><strong>matris</strong></span> <span class='ocrx_word' id='word_1_349' title='bbox 2745 2572 2953 2622; x_wconf 90' lang='lat' dir='ltr'><strong>eorum,</strong></span> <span class='ocrx_word' id='word_1_350' title='bbox 2984 2569 3152 2624; x_wconf 87' lang='lat' dir='ltr'><strong>usque</strong></span> <span class='ocrx_word' id='word_1_351' title='bbox 3177 2555 3228 2608; x_wconf 94' lang='lat' dir='ltr'><strong>in</strong></span> <span class='ocrx_word' id='word_1_352' title='bbox 3251 2553 3392 2608; x_wconf 89' lang='lat' dir='ltr'><strong>diem</strong></span> <span class='ocrx_word' id='word_1_353' title='bbox 3426 2552 3716 2622; x_wconf 70' lang='lat' dir='ltr'><strong>sepultura:</strong></span> <span class='ocrx_word' id='word_1_354' title='bbox 3740 2552 3794 2606; x_wconf 87' lang='lat' dir='ltr'><strong>in</strong></span> 
     </span>
    </p>
   </div>
   <div class='ocr_carea' id='block_1_47' title="bbox 545 2639 2123 2737">
    <p class='ocr_par' dir='ltr' id='par_1_47' title="bbox 545 2662 2123 2737">
     <span class='ocr_line' id='line_1_47' title="bbox 545 2662 2123 2737; baseline 0.003 -21"><span class='ocrx_word' id='word_1_355' title='bbox 545 2662 690 2718; x_wconf 87' lang='lat' dir='ltr'><strong>disse</strong></span> <span class='ocrx_word' id='word_1_356' title='bbox 717 2674 1065 2720; x_wconf 89' lang='lat' dir='ltr'><strong>memoratur.</strong></span> <span class='ocrx_word' id='word_1_357' title='bbox 1099 2665 1360 2721; x_wconf 75' lang='lat' dir='ltr'><strong>MYSTICE.</strong></span> <span class='ocrx_word' id='word_1_358' title='bbox 1397 2665 1634 2736; x_wconf 84' lang='lat' dir='ltr'><strong>Surgere</strong></span> <span class='ocrx_word' id='word_1_359' title='bbox 1657 2667 1867 2721; x_wconf 88' lang='lat' dir='ltr'><strong>Domini</strong></span> <span class='ocrx_word' id='word_1_360' title='bbox 1895 2675 1976 2722; x_wconf 86' lang='lat' dir='ltr'><strong>est</strong></span> <span class='ocrx_word' id='word_1_361' title='bbox 1999 2681 2123 2737; x_wconf 89' lang='lat' dir='ltr'><strong>pec-</strong></span> 
     </span>
    </p>
   </div>
   <div class='ocr_carea' id='block_1_48' title="bbox 2228 2639 3792 2737">
    <p class='ocr_par' dir='ltr' id='par_1_48' title="bbox 2228 2639 3792 2716">
     <span class='ocr_line' id='line_1_48' title="bbox 2228 2639 3792 2716; baseline -0.007 -12"><span class='ocrx_word' id='word_1_362' title='bbox 2228 2657 2449 2704; x_wconf 90' lang='lat' dir='ltr'><strong>matrem</strong></span> <span class='ocrx_word' id='word_1_363' title='bbox 2478 2647 2716 2703; x_wconf 89' lang='lat' dir='ltr'><strong>omnium</strong></span> <span class='ocrx_word' id='word_1_364' title='bbox 2748 2645 2937 2716; x_wconf 83' lang='lat' dir='ltr'><strong>(Eccli.</strong></span> <span class='ocrx_word' id='word_1_365' title='bbox 2965 2660 3054 2709; x_wconf 71' lang='lat' dir='ltr'><strong>XL,</strong></span> <span class='ocrx_word' id='word_1_366' title='bbox 3084 2645 3192 2714; x_wconf 64' lang='lat'><strong>1).:</strong></span> <span class='ocrx_word' id='word_1_367' title='bbox 3211 2643 3288 2698; x_wconf 85' lang='lat' dir='ltr'><strong>Ac</strong></span> <span class='ocrx_word' id='word_1_368' title='bbox 3315 2643 3547 2710; x_wconf 49' lang='lat' dir='ltr'><strong>siglicat:</strong></span> <span class='ocrx_word' id='word_1_369' title='bbox 3578 2639 3792 2694; x_wconf 84' lang='lat' dir='ltr'><strong>Nudum</strong></span> 
     </span>
    </p>
   </div>
   <div class='ocr_carea' id='block_1_49' title="bbox 545 2731 3798 2826">
    <p class='ocr_par' dir='ltr' id='par_1_49' title="bbox 545 2731 3798 2826">
     <span class='ocr_line' id='line_1_49' title="bbox 545 2731 3798 2826; baseline -0.004 -28"><span class='ocrx_word' id='word_1_370' title='bbox 545 2760 777 2818; x_wconf 68' lang='lat' dir='ltr'><strong>calores,</strong></span> <span class='ocrx_word' id='word_1_371' title='bbox 807 2769 913 2823; x_wconf 70' lang='lat' dir='ltr'><strong>qua</strong></span> <span class='ocrx_word' id='word_1_372' title='bbox 952 2755 1198 2810; x_wconf 71' lang='grc' dir='ltr'><strong>ἀίειιίςιο</strong></span> <span class='ocrx_word' id='word_1_373' title='bbox 1231 2755 1434 2825; x_wconf 67' lang='lat' dir='ltr'><strong>judicio</strong></span> <span class='ocrx_word' id='word_1_374' title='bbox 1473 2731 1540 2810; x_wconf 67' lang='grc' dir='ltr'>ιιᾷ</span> <span class='ocrx_word' id='word_1_375' title='bbox 1577 2755 1913 2826; x_wconf 55' lang='lat' dir='ltr'><strong>derelinquat</strong></span> <span class='ocrx_word' id='word_1_376' title='bbox 1939 2731 2121 2812; x_wconf 60' lang='grc' dir='ltr'><strong>οεὶεη-</strong></span> <span class='ocrx_word' id='word_1_377' title='bbox 2222 2757 2308 2796; x_wconf 90' lang='lat' dir='ltr'><strong>me</strong></span> <span class='ocrx_word' id='word_1_378' title='bbox 2349 2741 2453 2793; x_wconf 89' lang='lat' dir='ltr'><strong>huc</strong></span> <span class='ocrx_word' id='word_1_379' title='bbox 2491 2739 2784 2792; x_wconf 87' lang='lat' dir='ltr'><strong>intrantem</strong></span> <span class='ocrx_word' id='word_1_380' title='bbox 2817 2744 2956 2790; x_wconf 88' lang='lat' dir='ltr'><strong>terra</strong></span> <span class='ocrx_word' id='word_1_381' title='bbox 2985 2734 3242 2804; x_wconf 89' lang='lat' dir='ltr'><strong>protulit,</strong></span> <span class='ocrx_word' id='word_1_382' title='bbox 3294 2733 3497 2787; x_wconf 88' lang='lat' dir='ltr'><strong>nudum</strong></span> <span class='ocrx_word' id='word_1_383' title='bbox 3542 2746 3628 2785; x_wconf 86' lang='lat' dir='ltr'><strong>me</strong></span> <span class='ocrx_word' id='word_1_384' title='bbox 3671 2731 3798 2784; x_wconf 90' lang='lat' dir='ltr'><strong>hinc</strong></span> 
     </span>
    </p>
   </div>
   <div class='ocr_carea' id='block_1_50' title="bbox 547 2823 3798 2917">
    <p class='ocr_par' dir='ltr' id='par_1_50' title="bbox 547 2823 3798 2917">
     <span class='ocr_line' id='line_1_50' title="bbox 547 2823 3798 2917; baseline -0.002 -19"><span class='ocrx_word' id='word_1_385' title='bbox 547 2844 696 2900; x_wconf 88' lang='lat' dir='ltr'><strong>dere.</strong></span> <span class='ocrx_word' id='word_1_386' title='bbox 758 2847 1011 2902; x_wconf 82' lang='lat' dir='ltr'><strong>Surrexit</strong></span> <span class='ocrx_word' id='word_1_387' title='bbox 1055 2849 1182 2917; x_wconf 88' lang='lat' dir='ltr'><strong>quia</strong></span> <span class='ocrx_word' id='word_1_388' title='bbox 1236 2823 1450 2917; x_wconf 79' lang='lat' dir='ltr'><strong>quando</strong></span> <span class='ocrx_word' id='word_1_389' title='bbox 1497 2847 1701 2917; x_wconf 86' lang='lat' dir='ltr'><strong>judicio</strong></span> <span class='ocrx_word' id='word_1_390' title='bbox 1753 2823 2124 2917; x_wconf 81' lang='lat' dir='ltr'><strong>persecutores</strong></span> <span class='ocrx_word' id='word_1_391' title='bbox 2222 2823 3798 2917; x_wconf 43' lang='lat' dir='ltr'><strong>“euntemleniiredpiel-MYSTICE-Redeml’lorismale?</strong></span> 
     </span>
    </p>
   </div>
   <div class='ocr_carea' id='block_1_51' title="bbox 548 2913 3799 3005">
    <p class='ocr_par' dir='ltr' id='par_1_51' title="bbox 548 2913 3799 3005">
     <span class='ocr_line' id='line_1_51' title="bbox 548 2913 3799 3005; baseline -0.002 -15"><span class='ocrx_word' id='word_1_392' title='bbox 548 2952 676 2992; x_wconf 90' lang='lat' dir='ltr'><strong>suos</strong></span> <span class='ocrx_word' id='word_1_393' title='bbox 705 2939 996 3000; x_wconf 88' lang='lat' dir='ltr'><strong>desereret,</strong></span> <span class='ocrx_word' id='word_1_394' title='bbox 1030 2941 1369 2994; x_wconf 83' lang='lat' dir='ltr'><strong>monstravit.</strong></span> <span class='ocrx_word' id='word_1_395' title='bbox 1409 2939 1546 3005; x_wconf 89' lang='lat' dir='ltr'><strong>Quid</strong></span> <span class='ocrx_word' id='word_1_396' title='bbox 1577 2941 1718 2994; x_wconf 89' lang='lat' dir='ltr'><strong>enim</strong></span> <span class='ocrx_word' id='word_1_397' title='bbox 1747 2941 2124 2994; x_wconf 87' lang='lat' dir='ltr'><strong>vestimentum</strong></span> <span class='ocrx_word' id='word_1_398' title='bbox 2218 2919 2369 2988; x_wconf 64' lang='grc' dir='ltr'>Ῑυιιίι</span> <span class='ocrx_word' id='word_1_399' title='bbox 2401 2932 2620 2972; x_wconf 67' lang='lat' dir='ltr'><strong>Carnem</strong></span> <span class='ocrx_word' id='word_1_400' title='bbox 2649 2915 2932 2987; x_wconf 65' lang='lat' dir='ltr'><strong>synagoga</strong></span> <span class='ocrx_word' id='word_1_401' title='bbox 2957 2914 3165 3005; x_wconf 48' lang='grc' dir='ltr'><strong>θεεῑίιῖι</strong></span> <span class='ocrx_word' id='word_1_402' title='bbox 3193 2955 3207 2979; x_wconf 77' lang='grc' dir='ltr'><strong>ν</strong></span> <span class='ocrx_word' id='word_1_403' title='bbox 3235 2929 3322 3005; x_wconf 18' lang='grc' dir='ltr'><strong>λθκ</strong></span> <span class='ocrx_word' id='word_1_404' title='bbox 3347 2927 3452 2982; x_wconf 67' lang='lat'><strong>‘1“3</strong></span> <span class='ocrx_word' id='word_1_405' title='bbox 3478 2913 3544 2965; x_wconf 67' lang='lat' dir='ltr'><strong>ad</strong></span> <span class='ocrx_word' id='word_1_406' title='bbox 3575 2927 3676 2966; x_wconf 77' lang='lat'><strong>“05</strong></span> <span class='ocrx_word' id='word_1_407' title='bbox 3703 2925 3799 3005; x_wconf 61' lang='grc' dir='ltr'><strong>νίξτ</strong></span> 
     </span>
    </p>
   </div>
   <div class='ocr_carea' id='block_1_52' title="bbox 550 3002 3798 3099">
    <p class='ocr_par' dir='ltr' id='par_1_52' title="bbox 550 3002 3798 3099">
     <span class='ocr_line' id='line_1_52' title="bbox 550 3002 3798 3099; baseline 0 -18"><span class='ocrx_word' id='word_1_408' title='bbox 550 3026 786 3092; x_wconf 90' lang='lat' dir='ltr'><strong>Domini,</strong></span> <span class='ocrx_word' id='word_1_409' title='bbox 816 3028 918 3082; x_wconf 91' lang='lat' dir='ltr'><strong>nisi</strong></span> <span class='ocrx_word' id='word_1_410' title='bbox 944 3028 1226 3099; x_wconf 83' lang='lat' dir='ltr'><strong>Synagoga</strong></span> <span class='ocrx_word' id='word_1_411' title='bbox 1252 3002 1499 3084; x_wconf 68' lang='lat' dir='ltr'><strong>exstitit?</strong></span> <span class='ocrx_word' id='word_1_412' title='bbox 1530 3029 1679 3084; x_wconf 89' lang='lat' dir='ltr'><strong>Sicut</strong></span> <span class='ocrx_word' id='word_1_413' title='bbox 1703 3030 1845 3083; x_wconf 90' lang='lat' dir='ltr'><strong>enim</strong></span> <span class='ocrx_word' id='word_1_414' title='bbox 1873 3030 1957 3083; x_wconf 89' lang='lat' dir='ltr'><strong>his</strong></span> <span class='ocrx_word' id='word_1_415' title='bbox 1985 3046 2126 3085; x_wconf 89' lang='lat' dir='ltr'><strong>nunc</strong></span> <span class='ocrx_word' id='word_1_416' title='bbox 2225 3023 2421 3077; x_wconf 64' lang='lat' dir='ltr'><strong>corpus</strong></span> <span class='ocrx_word' id='word_1_417' title='bbox 2443 3007 2667 3099; x_wconf 48' lang='lat' dir='ltr'><strong>“smilis</strong></span> <span class='ocrx_word' id='word_1_418' title='bbox 2690 3006 2971 3075; x_wconf 62' lang='lat' dir='ltr'><strong>process“-</strong></span> <span class='ocrx_word' id='word_1_419' title='bbox 3007 3003 3112 3059; x_wconf 67' lang='lat' dir='ltr'><strong>Sed</strong></span> <span class='ocrx_word' id='word_1_420' title='bbox 3140 3003 3316 3099; x_wconf 59' lang='grc' dir='ltr'><strong>ηιξξλυε</strong></span> <span class='ocrx_word' id='word_1_421' title='bbox 3341 3005 3404 3058; x_wconf 69' lang='lat' dir='ltr'><strong>de</strong></span> <span class='ocrx_word' id='word_1_422' title='bbox 3431 3012 3584 3099; x_wconf 55' lang='lat' dir='ltr'><strong>mer?</strong></span> <span class='ocrx_word' id='word_1_423' title='bbox 3609 3002 3798 3099; x_wconf 43' lang='lat' dir='ltr'><strong>mam?</strong></span> 
     </span>
    </p>
   </div>
   <div class='ocr_carea' id='block_1_53' title="bbox 550 3119 2136 3189">
    <p class='ocr_par' dir='ltr' id='par_1_53' title="bbox 550 3119 2136 3189">
     <span class='ocr_line' id='line_1_53' title="bbox 550 3119 2136 3189; baseline 0.003 -19"><span class='ocrx_word' id='word_1_424' title='bbox 550 3119 797 3183; x_wconf 89' lang='lat' dir='ltr'><strong>vestitur,</strong></span> <span class='ocrx_word' id='word_1_425' title='bbox 822 3134 850 3172; x_wconf 89' lang='lat' dir='ltr'><strong>a</strong></span> <span class='ocrx_word' id='word_1_426' title='bbox 875 3120 1069 3188; x_wconf 88' lang='lat' dir='ltr'><strong>quibus</strong></span> <span class='ocrx_word' id='word_1_427' title='bbox 1095 3119 1353 3189; x_wconf 88' lang='lat' dir='ltr'><strong>diligitur,</strong></span> <span class='ocrx_word' id='word_1_428' title='bbox 1376 3129 1435 3174; x_wconf 88' lang='lat' dir='ltr'><strong>ut</strong></span> <span class='ocrx_word' id='word_1_429' title='bbox 1457 3119 1651 3173; x_wconf 88' lang='lat' dir='ltr'><strong>Paulus</strong></span> <span class='ocrx_word' id='word_1_430' title='bbox 1680 3121 1755 3173; x_wconf 88' lang='lat' dir='ltr'><strong>ait</strong></span> <span class='ocrx_word' id='word_1_431' title='bbox 1778 3137 1791 3174; x_wconf 90' lang='lat'>:</span> <span class='ocrx_word' id='word_1_432' title='bbox 1824 3138 1842 3170; x_wconf 77' lang='grc' dir='ltr'>ι</span> <span class='ocrx_word' id='word_1_433' title='bbox 1875 3119 1945 3175; x_wconf 90' lang='lat' dir='ltr'><strong>Ut</strong></span> <span class='ocrx_word' id='word_1_434' title='bbox 1969 3121 2136 3174; x_wconf 65' lang='lat' dir='ltr'><strong>exhi!</strong></span> 
     </span>
    </p>
   </div>
   <div class='ocr_carea' id='block_1_54' title="bbox 2232 3091 3799 3168">
    <p class='ocr_par' dir='ltr' id='par_1_54' title="bbox 2232 3091 3799 3168">
     <span class='ocr_line' id='line_1_54' title="bbox 2232 3091 3799 3168; baseline -0.007 -13"><span class='ocrx_word' id='word_1_435' title='bbox 2232 3100 2380 3162; x_wconf 82' lang='lat' dir='ltr'><strong>exiit,</strong></span> <span class='ocrx_word' id='word_1_436' title='bbox 2413 3099 2539 3168; x_wconf 88' lang='lat' dir='ltr'><strong>quia</strong></span> <span class='ocrx_word' id='word_1_437' title='bbox 2568 3097 2864 3168; x_wconf 70' lang='lat' dir='ltr'><strong>Synagoga:</strong></span> <span class='ocrx_word' id='word_1_438' title='bbox 2894 3109 3056 3151; x_wconf 90' lang='lat' dir='ltr'><strong>carne</strong></span> <span class='ocrx_word' id='word_1_439' title='bbox 3080 3095 3350 3163; x_wconf 91' lang='lat' dir='ltr'><strong>prodiens,</strong></span> <span class='ocrx_word' id='word_1_440' title='bbox 3379 3093 3702 3164; x_wconf 87' lang='lat' dir='ltr'><strong>conspicuus</strong></span> <span class='ocrx_word' id='word_1_441' title='bbox 3735 3091 3799 3145; x_wconf 90' lang='lat' dir='ltr'><strong>ad</strong></span> 
     </span>
    </p>
   </div>
   <div class='ocr_carea' id='block_1_55' title="bbox 551 3179 3800 3280">
    <p class='ocr_par' dir='ltr' id='par_1_55' title="bbox 551 3179 3800 3280">
     <span class='ocr_line' id='line_1_55' title="bbox 551 3179 3800 3280; baseline -0 -20"><span class='ocrx_word' id='word_1_442' title='bbox 551 3206 704 3262; x_wconf 88' lang='lat' dir='ltr'><strong>beret</strong></span> <span class='ocrx_word' id='word_1_443' title='bbox 727 3179 826 3262; x_wconf 85' lang='lat' dir='ltr'><strong>sibi</strong></span> <span class='ocrx_word' id='word_1_444' title='bbox 850 3179 1134 3279; x_wconf 74' lang='lat' dir='ltr'><strong>gloriosam</strong></span> <span class='ocrx_word' id='word_1_445' title='bbox 1157 3179 1477 3273; x_wconf 36' lang='lat' dir='ltr'><strong>Evccles&#39;iam,</strong></span> <span class='ocrx_word' id='word_1_446' title='bbox 1499 3225 1602 3263; x_wconf 92' lang='lat' dir='ltr'><strong>non</strong></span> <span class='ocrx_word' id='word_1_447' title='bbox 1631 3210 1918 3264; x_wconf 82' lang='lat' dir='ltr'><strong>habentem</strong></span> <span class='ocrx_word' id='word_1_448' title='bbox 1939 3225 2126 3280; x_wconf 88' lang='lat' dir='ltr'><strong>rugam</strong></span> <span class='ocrx_word' id='word_1_449' title='bbox 2157 3179 2200 3241; x_wconf 60' lang='grc' dir='ltr'>ε</span> <span class='ocrx_word' id='word_1_450' title='bbox 2233 3199 2420 3262; x_wconf 69' lang='lat' dir='ltr'><strong>gemes</strong></span> <span class='ocrx_word' id='word_1_451' title='bbox 2466 3189 2626 3243; x_wconf 71' lang='grc' dir='ltr'><strong>νθηίί·</strong></span> <span class='ocrx_word' id='word_1_452' title='bbox 2667 3187 2820 3255; x_wconf 64' lang='grc' dir='ltr'><strong>θυοδ</strong></span> <span class='ocrx_word' id='word_1_453' title='bbox 2844 3188 2984 3280; x_wconf 48' lang='lat' dir='ltr'><strong>PP“?</strong></span> <span class='ocrx_word' id='word_1_454' title='bbox 3027 3185 3224 3280; x_wconf 58' lang='grc'><strong>³0³991³</strong></span> <span class='ocrx_word' id='word_1_455' title='bbox 3271 3186 3362 3280; x_wconf 63' lang='grc' dir='ltr'><strong>(Ιιξί</strong></span> <span class='ocrx_word' id='word_1_456' title='bbox 3411 3183 3602 3238; x_wconf 61' lang='lat' dir='ltr'><strong>renuo</strong></span> <span class='ocrx_word' id='word_1_457' title='bbox 3643 3181 3800 3280; x_wconf 47' lang='lat' dir='ltr'><strong>Pam?</strong></span> 
     </span>
    </p>
   </div>
   <div class='ocr_carea' id='block_1_56' title="bbox 556 3298 2128 3370">
    <p class='ocr_par' dir='ltr' id='par_1_56' title="bbox 556 3298 2128 3370">
     <span class='ocr_line' id='line_1_56' title="bbox 556 3298 2128 3370; baseline 0.003 -21"><span class='ocrx_word' id='word_1_458' title='bbox 556 3305 651 3350; x_wconf 88' lang='lat' dir='ltr'><strong>aut</strong></span> <span class='ocrx_word' id='word_1_459' title='bbox 680 3299 944 3352; x_wconf 87' lang='lat' dir='ltr'><strong>maculam</strong></span> <span class='ocrx_word' id='word_1_460' title='bbox 973 3298 1185 3369; x_wconf 81' lang='lat' dir='ltr'><strong>(Ephes.</strong></span> <span class='ocrx_word' id='word_1_461' title='bbox 1213 3315 1264 3363; x_wconf 90' lang='lat' dir='ltr'><strong>v,</strong></span> <span class='ocrx_word' id='word_1_462' title='bbox 1287 3299 1400 3370; x_wconf 71' lang='lat'><strong>27),</strong></span> <span class='ocrx_word' id='word_1_463' title='bbox 1434 3321 1452 3354; x_wconf 72' lang='grc' dir='ltr'><strong><em>ι</em></strong></span> <span class='ocrx_word' id='word_1_464' title='bbox 1490 3301 1563 3354; x_wconf 90' lang='lat' dir='ltr'><strong>ita</strong></span> <span class='ocrx_word' id='word_1_465' title='bbox 1593 3315 1713 3354; x_wconf 91' lang='lat' dir='ltr'><strong>cum</strong></span> <span class='ocrx_word' id='word_1_466' title='bbox 1742 3301 2128 3355; x_wconf 88' lang='lat' dir='ltr'><strong>incarnandum</strong></span> 
     </span>
    </p>
   </div>
   <div class='ocr_carea' id='block_1_57' title="bbox 555 3387 2131 3458">
    <p class='ocr_par' dir='ltr' id='par_1_57' title="bbox 555 3387 2131 3458">
     <span class='ocr_line' id='line_1_57' title="bbox 555 3387 2131 3458; baseline 0.002 -16"><span class='ocrx_word' id='word_1_467' title='bbox 555 3401 679 3442; x_wconf 88' lang='lat' dir='ltr'><strong>eum</strong></span> <span class='ocrx_word' id='word_1_468' title='bbox 708 3389 984 3458; x_wconf 86' lang='lat' dir='ltr'><strong>prophetis</strong></span> <span class='ocrx_word' id='word_1_469' title='bbox 1010 3390 1427 3458; x_wconf 77' lang='lat' dir='ltr'><strong>praedicantibus</strong></span> <span class='ocrx_word' id='word_1_470' title='bbox 1455 3390 1635 3446; x_wconf 77' lang='lat' dir='ltr'><strong>Judzea</strong></span> <span class='ocrx_word' id='word_1_471' title='bbox 1665 3387 1920 3456; x_wconf 77' lang='lat' dir='ltr'><strong>credidit,</strong></span> <span class='ocrx_word' id='word_1_472' title='bbox 1953 3391 2131 3445; x_wconf 69' lang='lat' dir='ltr'><strong>adlue-</strong></span> 
     </span>
    </p>
   </div>
   <div class='ocr_carea' id='block_1_58' title="bbox 558 3476 2126 3544">
    <p class='ocr_par' dir='ltr' id='par_1_58' title="bbox 558 3476 2126 3544">
     <span class='ocr_line' id='line_1_58' title="bbox 558 3476 2126 3544; baseline 0.003 -14"><span class='ocrx_word' id='word_1_473' title='bbox 558 3477 729 3530; x_wconf 88' lang='lat' dir='ltr'><strong>rendo</strong></span> <span class='ocrx_word' id='word_1_474' title='bbox 759 3476 1111 3533; x_wconf 89' lang='lat' dir='ltr'><strong>nihilominus</strong></span> <span class='ocrx_word' id='word_1_475' title='bbox 1147 3482 1314 3534; x_wconf 85' lang='lat' dir='ltr'><strong>vestis</strong></span> <span class='ocrx_word' id='word_1_476' title='bbox 1350 3480 1473 3534; x_wconf 87' lang='lat' dir='ltr'><strong>fuit.</strong></span> <span class='ocrx_word' id='word_1_477' title='bbox 1532 3479 1638 3536; x_wconf 88' lang='lat' dir='ltr'><strong>Sed</strong></span> <span class='ocrx_word' id='word_1_478' title='bbox 1679 3492 1886 3536; x_wconf 88' lang='lat' dir='ltr'><strong>vestem</strong></span> <span class='ocrx_word' id='word_1_479' title='bbox 1937 3482 2126 3544; x_wconf 90' lang='lat' dir='ltr'><strong>scidit,</strong></span> 
     </span>
    </p>
   </div>
   <div class='ocr_carea' id='block_1_59' title="bbox 559 3565 2130 3637">
    <p class='ocr_par' dir='ltr' id='par_1_59' title="bbox 559 3565 2130 3637">
     <span class='ocr_line' id='line_1_59' title="bbox 559 3565 2130 3637; baseline 0.003 -17"><span class='ocrx_word' id='word_1_480' title='bbox 559 3567 685 3620; x_wconf 91' lang='lat' dir='ltr'><strong>dum</strong></span> <span class='ocrx_word' id='word_1_481' title='bbox 716 3567 770 3620; x_wconf 91' lang='lat' dir='ltr'><strong>in</strong></span> <span class='ocrx_word' id='word_1_482' title='bbox 798 3565 981 3622; x_wconf 75' lang='lat' dir='ltr'><strong>Judaea</strong></span> <span class='ocrx_word' id='word_1_483' title='bbox 1008 3569 1142 3624; x_wconf 90' lang='lat' dir='ltr'><strong>alios</strong></span> <span class='ocrx_word' id='word_1_484' title='bbox 1169 3570 1236 3624; x_wconf 87' lang='lat' dir='ltr'><strong>ab</strong></span> <span class='ocrx_word' id='word_1_485' title='bbox 1264 3570 1579 3626; x_wconf 84' lang='lat' dir='ltr'><strong>inﬁdelitate</strong></span> <span class='ocrx_word' id='word_1_486' title='bbox 1606 3572 1822 3627; x_wconf 91' lang='lat' dir='ltr'><strong>sustulit</strong></span> <span class='ocrx_word' id='word_1_487' title='bbox 1846 3612 1860 3637; x_wconf 92' lang='lat'><strong>,</strong></span> <span class='ocrx_word' id='word_1_488' title='bbox 1909 3573 2043 3627; x_wconf 89' lang='lat' dir='ltr'><strong>alios</strong></span> <span class='ocrx_word' id='word_1_489' title='bbox 2078 3573 2130 3627; x_wconf 93' lang='lat' dir='ltr'><strong>in</strong></span> 
     </span>
    </p>
   </div>
   <div class='ocr_carea' id='block_1_60' title="bbox 561 3657 2134 3731">
    <p class='ocr_par' dir='ltr' id='par_1_60' title="bbox 561 3657 2134 3731">
     <span class='ocr_line' id='line_1_60' title="bbox 561 3657 2134 3731; baseline 0.004 -20"><span class='ocrx_word' id='word_1_490' title='bbox 561 3657 880 3713; x_wconf 88' lang='lat' dir='ltr'><strong>inﬁdelitate</strong></span> <span class='ocrx_word' id='word_1_491' title='bbox 905 3660 1210 3731; x_wconf 91' lang='lat' dir='ltr'><strong>dereliquit.</strong></span> <span class='ocrx_word' id='word_1_492' title='bbox 1265 3662 1448 3717; x_wconf 83' lang='lat' dir='ltr'><strong>Scissa</strong></span> <span class='ocrx_word' id='word_1_493' title='bbox 1492 3664 1634 3718; x_wconf 91' lang='lat' dir='ltr'><strong>enim</strong></span> <span class='ocrx_word' id='word_1_494' title='bbox 1674 3663 1838 3717; x_wconf 90' lang='lat' dir='ltr'><strong>vestis</strong></span> <span class='ocrx_word' id='word_1_495' title='bbox 1865 3672 1980 3717; x_wconf 89' lang='lat' dir='ltr'><strong>erat</strong></span> <span class='ocrx_word' id='word_1_496' title='bbox 2005 3703 2018 3729; x_wconf 92' lang='lat'><strong>,</strong></span> <span class='ocrx_word' id='word_1_497' title='bbox 2065 3662 2134 3718; x_wconf 91' lang='lat' dir='ltr'><strong>de</strong></span> 
     </span>
    </p>
   </div>
   <div class='ocr_carea' id='block_1_61' title="bbox 562 3748 2134 3822">
    <p class='ocr_par' dir='ltr' id='par_1_61' title="bbox 562 3748 2134 3822">
     <span class='ocr_line' id='line_1_61' title="bbox 562 3748 2134 3822; baseline 0.005 -22"><span class='ocrx_word' id='word_1_498' title='bbox 562 3763 668 3818; x_wconf 86' lang='lat' dir='ltr'><strong>qua</strong></span> <span class='ocrx_word' id='word_1_499' title='bbox 718 3748 1054 3819; x_wconf 86' lang='lat' dir='ltr'><strong>Evangelista</strong></span> <span class='ocrx_word' id='word_1_500' title='bbox 1103 3752 1180 3806; x_wconf 87' lang='lat' dir='ltr'><strong>ait</strong></span> <span class='ocrx_word' id='word_1_501' title='bbox 1220 3768 1234 3805; x_wconf 87' lang='lat'><strong>:</strong></span> <span class='ocrx_word' id='word_1_502' title='bbox 1276 3770 1295 3804; x_wconf 88' lang='grc'>‹</span> <span class='ocrx_word' id='word_1_503' title='bbox 1329 3752 1432 3806; x_wconf 82' lang='lat' dir='ltr'><strong>Alii</strong></span> <span class='ocrx_word' id='word_1_504' title='bbox 1486 3761 1664 3808; x_wconf 87' lang='lat' dir='ltr'><strong>autem</strong></span> <span class='ocrx_word' id='word_1_505' title='bbox 1714 3752 1964 3808; x_wconf 84' lang='lat' dir='ltr'><strong>dicebant</strong></span> <span class='ocrx_word' id='word_1_506' title='bbox 2008 3754 2134 3822; x_wconf 88' lang='lat' dir='ltr'><strong>quia</strong></span> 
     </span>
    </p>
   </div>
   <div class='ocr_carea' id='block_1_62' title="bbox 563 3839 2131 3916">
    <p class='ocr_par' dir='ltr' id='par_1_62' title="bbox 563 3839 2131 3916">
     <span class='ocr_line' id='line_1_62' title="bbox 563 3839 2131 3916; baseline 0.004 -22"><span class='ocrx_word' id='word_1_507' title='bbox 563 3839 736 3894; x_wconf 88' lang='lat' dir='ltr'><strong>bonus</strong></span> <span class='ocrx_word' id='word_1_508' title='bbox 766 3849 866 3903; x_wconf 89' lang='lat' dir='ltr'><strong>est,</strong></span> <span class='ocrx_word' id='word_1_509' title='bbox 891 3842 980 3896; x_wconf 92' lang='lat' dir='ltr'><strong>alii</strong></span> <span class='ocrx_word' id='word_1_510' title='bbox 1011 3850 1190 3897; x_wconf 91' lang='lat' dir='ltr'><strong>autem</strong></span> <span class='ocrx_word' id='word_1_511' title='bbox 1221 3859 1349 3907; x_wconf 91' lang='lat' dir='ltr'><strong>non,</strong></span> <span class='ocrx_word' id='word_1_512' title='bbox 1384 3844 1474 3898; x_wconf 91' lang='lat' dir='ltr'><strong>sed</strong></span> <span class='ocrx_word' id='word_1_513' title='bbox 1508 3845 1717 3899; x_wconf 88' lang='lat' dir='ltr'><strong>seducit</strong></span> <span class='ocrx_word' id='word_1_514' title='bbox 1747 3844 2131 3916; x_wconf 77' lang='lat' dir='ltr'><strong>turbas(Joan.</strong></span> 
     </span>
    </p>
   </div>
   <div class='ocr_carea' id='block_1_63' title="bbox 561 3931 2138 4003">
    <p class='ocr_par' dir='ltr' id='par_1_63' title="bbox 561 3931 2138 4003">
     <span class='ocr_line' id='line_1_63' title="bbox 561 3931 2138 4003; baseline 0.003 -18"><span class='ocrx_word' id='word_1_515' title='bbox 561 3944 658 3996; x_wconf 85' lang='lat' dir='ltr'><strong>vn,</strong></span> <span class='ocrx_word' id='word_1_516' title='bbox 689 3931 799 4002; x_wconf 65' lang='grc' dir='ltr'><strong>η).</strong></span> <span class='ocrx_word' id='word_1_517' title='bbox 836 3950 855 3983; x_wconf 74' lang='grc' dir='ltr'><strong><em>ι</em></strong></span> <span class='ocrx_word' id='word_1_518' title='bbox 899 3933 1037 3998; x_wconf 85' lang='lat' dir='ltr'><strong>Quid</strong></span> <span class='ocrx_word' id='word_1_519' title='bbox 1070 3948 1166 4001; x_wconf 92' lang='lat' dir='ltr'><strong>per</strong></span> <span class='ocrx_word' id='word_1_520' title='bbox 1191 3933 1403 3988; x_wconf 86' lang='lat' dir='ltr'><strong>decisos</strong></span> <span class='ocrx_word' id='word_1_521' title='bbox 1433 3934 1675 4003; x_wconf 86' lang='lat' dir='ltr'><strong>capillos,</strong></span> <span class='ocrx_word' id='word_1_522' title='bbox 1705 3934 1805 3987; x_wconf 91' lang='lat' dir='ltr'><strong>nisi</strong></span> <span class='ocrx_word' id='word_1_523' title='bbox 1835 3948 2138 3989; x_wconf 91' lang='lat' dir='ltr'><strong>sacramen-</strong></span> 
     </span>
    </p>
   </div>
   <div class='ocr_carea' id='block_1_64' title="bbox 562 4021 2141 4091">
    <p class='ocr_par' dir='ltr' id='par_1_64' title="bbox 562 4021 2141 4091">
     <span class='ocr_line' id='line_1_64' title="bbox 562 4021 2141 4091; baseline 0.004 -19"><span class='ocrx_word' id='word_1_524' title='bbox 562 4027 741 4073; x_wconf 90' lang='lat' dir='ltr'><strong>torum</strong></span> <span class='ocrx_word' id='word_1_525' title='bbox 771 4021 1075 4076; x_wconf 87' lang='lat' dir='ltr'><strong>subtilitas?</strong></span> <span class='ocrx_word' id='word_1_526' title='bbox 1107 4022 1245 4087; x_wconf 87' lang='lat' dir='ltr'><strong>Quid</strong></span> <span class='ocrx_word' id='word_1_527' title='bbox 1274 4037 1372 4091; x_wconf 88' lang='lat' dir='ltr'><strong>per</strong></span> <span class='ocrx_word' id='word_1_528' title='bbox 1392 4032 1574 4091; x_wconf 84' lang='lat' dir='ltr'><strong>caput,</strong></span> <span class='ocrx_word' id='word_1_529' title='bbox 1600 4023 1702 4078; x_wconf 91' lang='lat' dir='ltr'><strong>uisi</strong></span> <span class='ocrx_word' id='word_1_530' title='bbox 1729 4038 1934 4077; x_wconf 88' lang='lat' dir='ltr'><strong>summa</strong></span> <span class='ocrx_word' id='word_1_531' title='bbox 1961 4038 2141 4078; x_wconf 88' lang='lat' dir='ltr'><strong>sacer-</strong></span> 
     </span>
    </p>
   </div>
   <div class='ocr_carea' id='block_1_65' title="bbox 565 4107 2139 4181">
    <p class='ocr_par' dir='ltr' id='par_1_65' title="bbox 565 4107 2139 4181">
     <span class='ocr_line' id='line_1_65' title="bbox 565 4107 2139 4181; baseline 0.003 -20"><span class='ocrx_word' id='word_1_532' title='bbox 565 4107 697 4162; x_wconf 89' lang='lat' dir='ltr'><strong>dotii</strong></span> <span class='ocrx_word' id='word_1_533' title='bbox 729 4111 1082 4180; x_wconf 88' lang='lat' dir='ltr'><strong>designatur?</strong></span> <span class='ocrx_word' id='word_1_534' title='bbox 1134 4110 1285 4166; x_wconf 90' lang='lat' dir='ltr'><strong>Unde</strong></span> <span class='ocrx_word' id='word_1_535' title='bbox 1331 4112 1396 4165; x_wconf 88' lang='lat' dir='ltr'><strong>ad</strong></span> <span class='ocrx_word' id='word_1_536' title='bbox 1440 4112 1774 4167; x_wconf 84' lang='lat' dir='ltr'><strong>Ezechielem</strong></span> <span class='ocrx_word' id='word_1_537' title='bbox 1823 4111 2139 4181; x_wconf 87' lang='lat' dir='ltr'><strong>prophetam</strong></span> 
     </span>
    </p>
   </div>
   <div class='ocr_carea' id='block_1_66' title="bbox 567 4199 2137 4274">
    <p class='ocr_par' dir='ltr' id='par_1_66' title="bbox 567 4199 2137 4274">
     <span class='ocr_line' id='line_1_66' title="bbox 567 4199 2137 4274; baseline 0.002 -21"><span class='ocrx_word' id='word_1_538' title='bbox 567 4199 794 4254; x_wconf 73' lang='lat' dir='ltr'><strong>dicitur:</strong></span> <span class='ocrx_word' id='word_1_539' title='bbox 821 4219 839 4250; x_wconf 73' lang='grc' dir='ltr'>ι</span> <span class='ocrx_word' id='word_1_540' title='bbox 863 4201 965 4266; x_wconf 86' lang='lat' dir='ltr'><strong>Tu,</strong></span> <span class='ocrx_word' id='word_1_541' title='bbox 989 4201 1062 4255; x_wconf 88' lang='lat' dir='ltr'><strong>ﬁli</strong></span> <span class='ocrx_word' id='word_1_542' title='bbox 1091 4202 1345 4268; x_wconf 90' lang='lat' dir='ltr'><strong>hominis,</strong></span> <span class='ocrx_word' id='word_1_543' title='bbox 1371 4217 1521 4258; x_wconf 90' lang='lat' dir='ltr'><strong>sume</strong></span> <span class='ocrx_word' id='word_1_544' title='bbox 1547 4201 1896 4274; x_wconf 69' lang='lat' dir='ltr'><strong>tibifgladium</strong></span> <span class='ocrx_word' id='word_1_545' title='bbox 1923 4210 2137 4258; x_wconf 85' lang='lat' dir='ltr'><strong>acutum</strong></span> 
     </span>
    </p>
   </div>
   <div class='ocr_carea' id='block_1_67' title="bbox 570 4291 2141 4364">
    <p class='ocr_par' dir='ltr' id='par_1_67' title="bbox 570 4291 2141 4364">
     <span class='ocr_line' id='line_1_67' title="bbox 570 4291 2141 4364; baseline 0.004 -21"><span class='ocrx_word' id='word_1_546' title='bbox 570 4291 848 4345; x_wconf 88' lang='lat' dir='ltr'><strong>radentem</strong></span> <span class='ocrx_word' id='word_1_547' title='bbox 896 4294 1140 4362; x_wconf 89' lang='lat' dir='ltr'><strong>capillos,</strong></span> <span class='ocrx_word' id='word_1_548' title='bbox 1191 4303 1247 4348; x_wconf 94' lang='lat' dir='ltr'><strong>et</strong></span> <span class='ocrx_word' id='word_1_549' title='bbox 1291 4311 1533 4350; x_wconf 89' lang='lat' dir='ltr'><strong>assumes</strong></span> <span class='ocrx_word' id='word_1_550' title='bbox 1566 4310 1722 4360; x_wconf 89' lang='lat' dir='ltr'><strong>eum,</strong></span> <span class='ocrx_word' id='word_1_551' title='bbox 1759 4304 1811 4349; x_wconf 88' lang='lat' dir='ltr'><strong>et</strong></span> <span class='ocrx_word' id='word_1_552' title='bbox 1849 4295 2012 4351; x_wconf 91' lang='lat' dir='ltr'><strong>duces</strong></span> <span class='ocrx_word' id='word_1_553' title='bbox 2043 4309 2141 4364; x_wconf 90' lang='lat' dir='ltr'><strong>per</strong></span> 
     </span>
    </p>
   </div>
   <div class='ocr_carea' id='block_1_68' title="bbox 571 4387 2142 4459">
    <p class='ocr_par' dir='ltr' id='par_1_68' title="bbox 571 4387 2142 4459">
     <span class='ocr_line' id='line_1_68' title="bbox 571 4387 2142 4459; baseline 0.002 -21"><span class='ocrx_word' id='word_1_554' title='bbox 571 4393 732 4455; x_wconf 84' lang='lat' dir='ltr'><strong>caput</strong></span> <span class='ocrx_word' id='word_1_555' title='bbox 762 4395 910 4441; x_wconf 88' lang='lat' dir='ltr'><strong>tuum</strong></span> <span class='ocrx_word' id='word_1_556' title='bbox 940 4395 994 4441; x_wconf 89' lang='lat' dir='ltr'><strong>et</strong></span> <span class='ocrx_word' id='word_1_557' title='bbox 1023 4388 1246 4442; x_wconf 86' lang='lat' dir='ltr'><strong>barbam</strong></span> <span class='ocrx_word' id='word_1_558' title='bbox 1269 4388 1482 4456; x_wconf 80' lang='lat' dir='ltr'><strong>(Ezech.</strong></span> <span class='ocrx_word' id='word_1_559' title='bbox 1512 4405 1564 4452; x_wconf 92' lang='lat' dir='ltr'><strong>v,</strong></span> <span class='ocrx_word' id='word_1_560' title='bbox 1595 4389 1666 4459; x_wconf 88' lang='lat' dir='ltr'><strong>l).</strong></span> <span class='ocrx_word' id='word_1_561' title='bbox 1695 4407 1713 4440; x_wconf 72' lang='grc' dir='ltr'><strong><em>ι</em></strong></span> <span class='ocrx_word' id='word_1_562' title='bbox 1749 4387 1885 4455; x_wconf 88' lang='lat' dir='ltr'><strong>Quid</strong></span> <span class='ocrx_word' id='word_1_563' title='bbox 1911 4403 2008 4457; x_wconf 89' lang='lat' dir='ltr'><strong>per</strong></span> <span class='ocrx_word' id='word_1_564' title='bbox 2037 4396 2142 4442; x_wconf 88' lang='lat' dir='ltr'><strong>ter-</strong></span> 
     </span>
    </p>
   </div>
   <div class='ocr_carea' id='block_1_69' title="bbox 2231 3272 3801 3350">
    <p class='ocr_par' dir='ltr' id='par_1_69' title="bbox 2231 3272 3801 3350">
     <span class='ocr_line' id='line_1_69' title="bbox 2231 3272 3801 3350; baseline -0.006 -15"><span class='ocrx_word' id='word_1_565' title='bbox 2231 3281 2384 3350; x_wconf 79' lang='lat' dir='ltr'><strong>fugit,</strong></span> <span class='ocrx_word' id='word_1_566' title='bbox 2413 3280 2682 3348; x_wconf 86' lang='lat' dir='ltr'><strong>signatum</strong></span> <span class='ocrx_word' id='word_1_567' title='bbox 2712 3286 2814 3332; x_wconf 87' lang='lat' dir='ltr'><strong>est.</strong></span> <span class='ocrx_word' id='word_1_568' title='bbox 2843 3275 3026 3331; x_wconf 76' lang='lat' dir='ltr'><strong>Nudus</strong></span> <span class='ocrx_word' id='word_1_569' title='bbox 3048 3277 3246 3345; x_wconf 88' lang='lat' dir='ltr'><strong>quippe</strong></span> <span class='ocrx_word' id='word_1_570' title='bbox 3275 3275 3341 3329; x_wconf 87' lang='lat' dir='ltr'><strong>ad</strong></span> <span class='ocrx_word' id='word_1_571' title='bbox 3370 3282 3583 3327; x_wconf 88' lang='lat' dir='ltr'><strong>uterum</strong></span> <span class='ocrx_word' id='word_1_572' title='bbox 3613 3272 3801 3326; x_wconf 81' lang='lat' dir='ltr'><strong>matris</strong></span> 
     </span>
    </p>
   </div>
   <div class='ocr_carea' id='block_1_70' title="bbox 2234 3366 3802 3435">
    <p class='ocr_par' dir='ltr' id='par_1_70' title="bbox 2234 3366 3802 3435">
     <span class='ocr_line' id='line_1_70' title="bbox 2234 3366 3802 3435; baseline -0.005 -9"><span class='ocrx_word' id='word_1_573' title='bbox 2234 3371 2540 3434; x_wconf 88' lang='lat' dir='ltr'><strong>revertitur,</strong></span> <span class='ocrx_word' id='word_1_574' title='bbox 2591 3383 2712 3424; x_wconf 88' lang='lat' dir='ltr'><strong>cum</strong></span> <span class='ocrx_word' id='word_1_575' title='bbox 2754 3369 2809 3422; x_wconf 86' lang='lat' dir='ltr'><strong>in</strong></span> <span class='ocrx_word' id='word_1_576' title='bbox 2852 3368 3034 3422; x_wconf 91' lang='lat' dir='ltr'><strong>mundi</strong></span> <span class='ocrx_word' id='word_1_577' title='bbox 3082 3367 3239 3435; x_wconf 90' lang='lat' dir='ltr'><strong>hujus</strong></span> <span class='ocrx_word' id='word_1_578' title='bbox 3277 3367 3504 3422; x_wconf 90' lang='lat' dir='ltr'><strong>termino</strong></span> <span class='ocrx_word' id='word_1_579' title='bbox 3534 3367 3582 3420; x_wconf 88' lang='lat' dir='ltr'><strong>is</strong></span> <span class='ocrx_word' id='word_1_580' title='bbox 3619 3367 3710 3435; x_wconf 88' lang='lat' dir='ltr'><strong>qui</strong></span> <span class='ocrx_word' id='word_1_581' title='bbox 3752 3366 3802 3418; x_wconf 88' lang='lat' dir='ltr'><strong>in</strong></span> 
     </span>
    </p>
   </div>
   <div class='ocr_carea' id='block_1_71' title="bbox 2231 3456 3803 3528">
    <p class='ocr_par' dir='ltr' id='par_1_71' title="bbox 2231 3456 3803 3528">
     <span class='ocr_line' id='line_1_71' title="bbox 2231 3456 3803 3528; baseline -0.005 -12"><span class='ocrx_word' id='word_1_582' title='bbox 2231 3460 2427 3517; x_wconf 69' lang='lat' dir='ltr'><strong>saaculo</strong></span> <span class='ocrx_word' id='word_1_583' title='bbox 2447 3458 2622 3514; x_wconf 79' lang='lat' dir='ltr'><strong>factus</strong></span> <span class='ocrx_word' id='word_1_584' title='bbox 2643 3460 2804 3514; x_wconf 89' lang='lat' dir='ltr'><strong>homo</strong></span> <span class='ocrx_word' id='word_1_585' title='bbox 2831 3458 3146 3526; x_wconf 89' lang='lat' dir='ltr'><strong>despicitur,</strong></span> <span class='ocrx_word' id='word_1_586' title='bbox 3179 3457 3476 3528; x_wconf 82' lang='lat' dir='ltr'><strong>Synagogac</strong></span> <span class='ocrx_word' id='word_1_587' title='bbox 3499 3472 3610 3511; x_wconf 79' lang='lat' dir='ltr'><strong>sua:</strong></span> <span class='ocrx_word' id='word_1_588' title='bbox 3635 3456 3803 3510; x_wconf 83' lang='lat' dir='ltr'><strong>oculis</strong></span> 
     </span>
    </p>
   </div>
   <div class='ocr_carea' id='block_1_72' title="bbox 2232 3542 3804 3604">
    <p class='ocr_par' dir='ltr' id='par_1_72' title="bbox 2232 3542 3804 3604">
     <span class='ocr_line' id='line_1_72' title="bbox 2232 3542 3804 3604; baseline -0.004 0"><span class='ocrx_word' id='word_1_589' title='bbox 2232 3550 2373 3604; x_wconf 89' lang='lat' dir='ltr'><strong>Deus</strong></span> <span class='ocrx_word' id='word_1_590' title='bbox 2401 3557 2529 3603; x_wconf 89' lang='lat' dir='ltr'><strong>ante</strong></span> <span class='ocrx_word' id='word_1_591' title='bbox 2555 3547 2750 3602; x_wconf 68' lang='lat' dir='ltr'><strong>saecula</strong></span> <span class='ocrx_word' id='word_1_592' title='bbox 2778 3545 3102 3600; x_wconf 88' lang='lat' dir='ltr'><strong>declaratur.</strong></span> <span class='ocrx_word' id='word_1_593' title='bbox 3133 3543 3268 3598; x_wconf 82' lang='lat' dir='ltr'><strong>Hinc</strong></span> <span class='ocrx_word' id='word_1_594' title='bbox 3289 3543 3485 3598; x_wconf 88' lang='lat' dir='ltr'><strong>Paulus</strong></span> <span class='ocrx_word' id='word_1_595' title='bbox 3507 3544 3584 3597; x_wconf 92' lang='lat' dir='ltr'><strong>ait</strong></span> <span class='ocrx_word' id='word_1_596' title='bbox 3614 3559 3628 3595; x_wconf 90' lang='lat'>:</span> <span class='ocrx_word' id='word_1_597' title='bbox 3664 3542 3804 3598; x_wconf 66' lang='lat' dir='ltr'><strong>«Cre-</strong></span> 
     </span>
    </p>
   </div>
   <div class='ocr_carea' id='block_1_73' title="bbox 2233 3634 3806 3708">
    <p class='ocr_par' dir='ltr' id='par_1_73' title="bbox 2233 3634 3806 3708">
     <span class='ocr_line' id='line_1_73' title="bbox 2233 3634 3806 3708; baseline -0.003 -14"><span class='ocrx_word' id='word_1_598' title='bbox 2233 3641 2368 3696; x_wconf 91' lang='lat' dir='ltr'><strong>citas</strong></span> <span class='ocrx_word' id='word_1_599' title='bbox 2397 3654 2463 3694; x_wconf 87' lang='lat' dir='ltr'><strong>ex</strong></span> <span class='ocrx_word' id='word_1_600' title='bbox 2493 3647 2647 3708; x_wconf 87' lang='lat' dir='ltr'><strong>parte</strong></span> <span class='ocrx_word' id='word_1_601' title='bbox 2693 3637 2919 3706; x_wconf 91' lang='lat' dir='ltr'><strong>contigit</strong></span> <span class='ocrx_word' id='word_1_602' title='bbox 2964 3636 3020 3690; x_wconf 91' lang='lat' dir='ltr'><strong>in</strong></span> <span class='ocrx_word' id='word_1_603' title='bbox 3072 3635 3268 3699; x_wconf 83' lang='lat' dir='ltr'><strong>lsrael,</strong></span> <span class='ocrx_word' id='word_1_604' title='bbox 3308 3637 3478 3690; x_wconf 90' lang='lat' dir='ltr'><strong>donec</strong></span> <span class='ocrx_word' id='word_1_605' title='bbox 3529 3634 3806 3703; x_wconf 88' lang='lat' dir='ltr'><strong>plenitudo</strong></span> 
     </span>
    </p>
   </div>
   <div class='ocr_carea' id='block_1_74' title="bbox 2241 3725 3810 3802">
    <p class='ocr_par' dir='ltr' id='par_1_74' title="bbox 2241 3725 3810 3802">
     <span class='ocr_line' id='line_1_74' title="bbox 2241 3725 3810 3802; baseline -0.004 -17"><span class='ocrx_word' id='word_1_606' title='bbox 2241 3731 2482 3802; x_wconf 90' lang='lat' dir='ltr'><strong>gentium</strong></span> <span class='ocrx_word' id='word_1_607' title='bbox 2533 3730 2788 3792; x_wconf 91' lang='lat' dir='ltr'><strong>intraret,</strong></span> <span class='ocrx_word' id='word_1_608' title='bbox 2836 3735 2891 3782; x_wconf 90' lang='lat' dir='ltr'><strong>et</strong></span> <span class='ocrx_word' id='word_1_609' title='bbox 2937 3735 3064 3780; x_wconf 89' lang='lat' dir='ltr'><strong>tunc</strong></span> <span class='ocrx_word' id='word_1_610' title='bbox 3113 3725 3289 3782; x_wconf 85' lang='lat' dir='ltr'><strong>omnis</strong></span> <span class='ocrx_word' id='word_1_611' title='bbox 3326 3725 3485 3780; x_wconf 89' lang='lat' dir='ltr'><strong>lsrael</strong></span> <span class='ocrx_word' id='word_1_612' title='bbox 3513 3726 3698 3780; x_wconf 84' lang='lat' dir='ltr'><strong>salvus</strong></span> <span class='ocrx_word' id='word_1_613' title='bbox 3723 3725 3810 3780; x_wconf 84' lang='lat' dir='ltr'><strong>ﬁet</strong></span> 
     </span>
    </p>
   </div>
   <div class='ocr_carea' id='block_1_75' title="bbox 2235 3816 3806 3892">
    <p class='ocr_par' dir='ltr' id='par_1_75' title="bbox 2235 3816 3806 3892">
     <span class='ocr_line' id='line_1_75' title="bbox 2235 3816 3806 3892; baseline -0.001 -18"><span class='ocrx_word' id='word_1_614' title='bbox 2235 3821 2410 3892; x_wconf 83' lang='lat' dir='ltr'><strong>(Rom.</strong></span> <span class='ocrx_word' id='word_1_615' title='bbox 2443 3834 2522 3884; x_wconf 72' lang='grc' dir='ltr'><strong>χι,</strong></span> <span class='ocrx_word' id='word_1_616' title='bbox 2547 3818 2660 3888; x_wconf 61' lang='lat' dir='ltr'><strong>ﬁt).</strong></span> <span class='ocrx_word' id='word_1_617' title='bbox 2697 3836 2716 3869; x_wconf 77' lang='grc' dir='ltr'><strong><em>ι</em></strong></span> <span class='ocrx_word' id='word_1_618' title='bbox 2758 3817 3096 3874; x_wconf 65' lang='lat' dir='ltr'><strong>Mommsen.</strong></span> <span class='ocrx_word' id='word_1_619' title='bbox 3128 3816 3208 3872; x_wconf 84' lang='lat' dir='ltr'><strong>Ac</strong></span> <span class='ocrx_word' id='word_1_620' title='bbox 3233 3817 3280 3872; x_wconf 88' lang='lat' dir='ltr'><strong>si</strong></span> <span class='ocrx_word' id='word_1_621' title='bbox 3315 3825 3548 3872; x_wconf 86' lang='lat' dir='ltr'><strong>tentatus</strong></span> <span class='ocrx_word' id='word_1_622' title='bbox 3575 3817 3806 3881; x_wconf 84' lang='lat' dir='ltr'><strong>animus,</strong></span> 
     </span>
    </p>
   </div>
   <div class='ocr_carea' id='block_1_76' title="bbox 2235 3905 3808 3978">
    <p class='ocr_par' dir='ltr' id='par_1_76' title="bbox 2235 3905 3808 3978">
     <span class='ocr_line' id='line_1_76' title="bbox 2235 3905 3808 3978; baseline -0.004 -12"><span class='ocrx_word' id='word_1_623' title='bbox 2235 3921 2291 3967; x_wconf 91' lang='lat' dir='ltr'><strong>et</strong></span> <span class='ocrx_word' id='word_1_624' title='bbox 2315 3909 2644 3965; x_wconf 86' lang='lat' dir='ltr'><strong>inﬁrmitatis</strong></span> <span class='ocrx_word' id='word_1_625' title='bbox 2665 3922 2774 3963; x_wconf 84' lang='lat' dir='ltr'><strong>suae</strong></span> <span class='ocrx_word' id='word_1_626' title='bbox 2801 3908 2980 3978; x_wconf 91' lang='lat' dir='ltr'><strong>inopia</strong></span> <span class='ocrx_word' id='word_1_627' title='bbox 3009 3907 3375 3977; x_wconf 88' lang='lat' dir='ltr'><strong>deprehensus</strong></span> <span class='ocrx_word' id='word_1_628' title='bbox 3401 3907 3563 3962; x_wconf 89' lang='lat' dir='ltr'><strong>dicat.</strong></span> <span class='ocrx_word' id='word_1_629' title='bbox 3597 3905 3808 3961; x_wconf 87' lang='lat' dir='ltr'><strong>Nudum</strong></span> 
     </span>
    </p>
   </div>
   <div class='ocr_carea' id='block_1_77' title="bbox 2237 3997 3812 4070">
    <p class='ocr_par' dir='ltr' id='par_1_77' title="bbox 2237 3997 3812 4070">
     <span class='ocr_line' id='line_1_77' title="bbox 2237 3997 3812 4070; baseline -0.004 -13"><span class='ocrx_word' id='word_1_630' title='bbox 2237 4017 2326 4058; x_wconf 91' lang='lat' dir='ltr'><strong>me</strong></span> <span class='ocrx_word' id='word_1_631' title='bbox 2351 4004 2404 4056; x_wconf 93' lang='lat' dir='ltr'><strong>in</strong></span> <span class='ocrx_word' id='word_1_632' title='bbox 2430 4001 2535 4054; x_wconf 89' lang='lat' dir='ltr'><strong>ﬁde</strong></span> <span class='ocrx_word' id='word_1_633' title='bbox 2557 4000 2732 4070; x_wconf 90' lang='lat' dir='ltr'><strong>prima</strong></span> <span class='ocrx_word' id='word_1_634' title='bbox 2761 3999 2933 4070; x_wconf 89' lang='lat' dir='ltr'><strong>gratia</strong></span> <span class='ocrx_word' id='word_1_635' title='bbox 2963 3999 3166 4069; x_wconf 89' lang='lat' dir='ltr'><strong>genuit,</strong></span> <span class='ocrx_word' id='word_1_636' title='bbox 3199 3998 3399 4052; x_wconf 88' lang='lat' dir='ltr'><strong>nudum</strong></span> <span class='ocrx_word' id='word_1_637' title='bbox 3426 3997 3611 4052; x_wconf 88' lang='lat' dir='ltr'><strong>eadem</strong></span> <span class='ocrx_word' id='word_1_638' title='bbox 3641 3997 3812 4067; x_wconf 87' lang='lat' dir='ltr'><strong>gratia</strong></span> 
     </span>
    </p>
   </div>
   <div class='ocr_carea' id='block_1_78' title="bbox 2239 4088 3809 4159">
    <p class='ocr_par' dir='ltr' id='par_1_78' title="bbox 2239 4088 3809 4159">
     <span class='ocr_line' id='line_1_78' title="bbox 2239 4088 3809 4159; baseline -0.004 -14"><span class='ocrx_word' id='word_1_639' title='bbox 2239 4093 2293 4146; x_wconf 91' lang='lat' dir='ltr'><strong>in</strong></span> <span class='ocrx_word' id='word_1_640' title='bbox 2324 4090 2686 4159; x_wconf 84' lang='lat' dir='ltr'><strong>assumptione</strong></span> <span class='ocrx_word' id='word_1_641' title='bbox 2729 4088 2977 4143; x_wconf 87' lang='lat' dir='ltr'><strong>salvabit.</strong></span> <span class='ocrx_word' id='word_1_642' title='bbox 3020 4088 3117 4142; x_wconf 87' lang='lat' dir='ltr'><strong>Est</strong></span> <span class='ocrx_word' id='word_1_643' title='bbox 3143 4101 3378 4156; x_wconf 89' lang='lat' dir='ltr'><strong>namque</strong></span> <span class='ocrx_word' id='word_1_644' title='bbox 3403 4100 3664 4154; x_wconf 87' lang='lat' dir='ltr'><strong>magnum</strong></span> <span class='ocrx_word' id='word_1_645' title='bbox 3699 4097 3809 4139; x_wconf 80' lang='lat' dir='ltr'><strong>tur-</strong></span> 
     </span>
    </p>
   </div>
   <div class='ocr_carea' id='block_1_79' title="bbox 2239 4177 3812 4250">
    <p class='ocr_par' dir='ltr' id='par_1_79' title="bbox 2239 4177 3812 4250">
     <span class='ocr_line' id='line_1_79' title="bbox 2239 4177 3812 4250; baseline -0.006 -11"><span class='ocrx_word' id='word_1_646' title='bbox 2239 4184 2350 4240; x_wconf 89' lang='lat' dir='ltr'><strong>bati</strong></span> <span class='ocrx_word' id='word_1_647' title='bbox 2373 4183 2536 4238; x_wconf 88' lang='lat' dir='ltr'><strong>animi</strong></span> <span class='ocrx_word' id='word_1_648' title='bbox 2565 4181 2836 4246; x_wconf 87' lang='lat' dir='ltr'><strong>solatium,</strong></span> <span class='ocrx_word' id='word_1_649' title='bbox 2869 4191 2926 4234; x_wconf 90' lang='lat' dir='ltr'><strong>ut</strong></span> <span class='ocrx_word' id='word_1_650' title='bbox 2952 4180 3195 4250; x_wconf 89' lang='lat' dir='ltr'><strong>pulsatus</strong></span> <span class='ocrx_word' id='word_1_651' title='bbox 3221 4179 3392 4244; x_wconf 87' lang='lat' dir='ltr'><strong>vitiis,</strong></span> <span class='ocrx_word' id='word_1_652' title='bbox 3421 4193 3542 4232; x_wconf 92' lang='lat' dir='ltr'><strong>cum</strong></span> <span class='ocrx_word' id='word_1_653' title='bbox 3571 4191 3630 4231; x_wconf 91' lang='lat' dir='ltr'><strong>se</strong></span> <span class='ocrx_word' id='word_1_654' title='bbox 3659 4177 3812 4245; x_wconf 90' lang='lat' dir='ltr'><strong>quasi</strong></span> 
     </span>
    </p>
   </div>
   <div class='ocr_carea' id='block_1_80' title="bbox 2239 4267 3813 4342">
    <p class='ocr_par' dir='ltr' id='par_1_80' title="bbox 2239 4267 3813 4342">
     <span class='ocr_line' id='line_1_80' title="bbox 2239 4267 3813 4342; baseline -0.006 -12"><span class='ocrx_word' id='word_1_655' title='bbox 2239 4275 2431 4331; x_wconf 86' lang='lat' dir='ltr'><strong>nudari</strong></span> <span class='ocrx_word' id='word_1_656' title='bbox 2481 4273 2774 4328; x_wconf 88' lang='lat' dir='ltr'><strong>virtutibus</strong></span> <span class='ocrx_word' id='word_1_657' title='bbox 2817 4272 3101 4342; x_wconf 89' lang='lat' dir='ltr'><strong>conspicit,</strong></span> <span class='ocrx_word' id='word_1_658' title='bbox 3143 4272 3211 4326; x_wconf 87' lang='lat' dir='ltr'><strong>ad</strong></span> <span class='ocrx_word' id='word_1_659' title='bbox 3240 4271 3408 4326; x_wconf 87' lang='lat' dir='ltr'><strong>solam</strong></span> <span class='ocrx_word' id='word_1_660' title='bbox 3431 4267 3813 4323; x_wconf 59' lang='lat' dir='ltr'><strong>misericordia</strong></span> 
     </span>
    </p>
   </div>
   <div class='ocr_carea' id='block_1_81' title="bbox 2240 4363 3814 4439">
    <p class='ocr_par' dir='ltr' id='par_1_81' title="bbox 2240 4363 3814 4439">
     <span class='ocr_line' id='line_1_81' title="bbox 2240 4363 3814 4439; baseline -0.008 -15"><span class='ocrx_word' id='word_1_661' title='bbox 2240 4383 2389 4439; x_wconf 89' lang='lat' dir='ltr'><strong>spem</strong></span> <span class='ocrx_word' id='word_1_662' title='bbox 2420 4374 2688 4431; x_wconf 90' lang='lat' dir='ltr'><strong>recurrat,</strong></span> <span class='ocrx_word' id='word_1_663' title='bbox 2725 4373 2868 4420; x_wconf 91' lang='lat' dir='ltr'><strong>eteo</strong></span> <span class='ocrx_word' id='word_1_664' title='bbox 2907 4378 2964 4419; x_wconf 90' lang='lat' dir='ltr'><strong>se</strong></span> <span class='ocrx_word' id='word_1_665' title='bbox 2995 4363 3185 4418; x_wconf 88' lang='lat' dir='ltr'><strong>nudari</strong></span> <span class='ocrx_word' id='word_1_666' title='bbox 3233 4378 3338 4418; x_wconf 90' lang='lat' dir='ltr'><strong>non</strong></span> <span class='ocrx_word' id='word_1_667' title='bbox 3389 4363 3554 4425; x_wconf 91' lang='lat' dir='ltr'><strong>sinat,</strong></span> <span class='ocrx_word' id='word_1_668' title='bbox 3601 4374 3712 4430; x_wconf 88' lang='lat' dir='ltr'><strong>quo</strong></span> <span class='ocrx_word' id='word_1_669' title='bbox 3757 4373 3814 4413; x_wconf 90' lang='lat' dir='ltr'><strong>se</strong></span> 
     </span>
    </p>
   </div>
   <div class='ocr_carea' id='block_1_82' title="bbox 571 4450 2123 4568">
    <p class='ocr_par' dir='ltr' id='par_1_82' title="bbox 571 4474 2123 4547">
     <span class='ocr_line' id='line_1_82' title="bbox 571 4474 2123 4547; baseline 0.002 -19"><span class='ocrx_word' id='word_1_670' title='bbox 571 4489 686 4528; x_wconf 85' lang='lat' dir='ltr'><strong>ram</strong></span> <span class='ocrx_word' id='word_1_671' title='bbox 716 4476 817 4528; x_wconf 91' lang='lat' dir='ltr'><strong>hoc</strong></span> <span class='ocrx_word' id='word_1_672' title='bbox 844 4474 983 4540; x_wconf 83' lang='lat' dir='ltr'><strong>loco,</strong></span> <span class='ocrx_word' id='word_1_673' title='bbox 1006 4476 1108 4530; x_wconf 89' lang='lat' dir='ltr'><strong>nisi</strong></span> <span class='ocrx_word' id='word_1_674' title='bbox 1139 4484 1384 4544; x_wconf 90' lang='lat' dir='ltr'><strong>peccator</strong></span> <span class='ocrx_word' id='word_1_675' title='bbox 1407 4479 1566 4531; x_wconf 90' lang='lat' dir='ltr'><strong>homo</strong></span> <span class='ocrx_word' id='word_1_676' title='bbox 1592 4478 1926 4547; x_wconf 86' lang='lat' dir='ltr'><strong>exprimitur.</strong></span> <span class='ocrx_word' id='word_1_677' title='bbox 1957 4476 2123 4531; x_wconf 78' lang='lat' dir='ltr'><strong>Primt</strong></span> 
     </span>
    </p>
   </div>
   <div class='ocr_carea' id='block_1_83' title="bbox 2228 4450 3815 4568">
    <p class='ocr_par' dir='ltr' id='par_1_83' title="bbox 2244 4450 3815 4568">
     <span class='ocr_line' id='line_1_83' title="bbox 2244 4450 3815 4527; baseline -0.009 -11"><span class='ocrx_word' id='word_1_678' title='bbox 2244 4477 2276 4516; x_wconf 88' lang='lat' dir='ltr'><strong>a</strong></span> <span class='ocrx_word' id='word_1_679' title='bbox 2299 4461 2586 4516; x_wconf 88' lang='lat' dir='ltr'><strong>virtutibus</strong></span> <span class='ocrx_word' id='word_1_680' title='bbox 2608 4457 2880 4513; x_wconf 90' lang='lat' dir='ltr'><strong>humiliter</strong></span> <span class='ocrx_word' id='word_1_681' title='bbox 2898 4457 3094 4511; x_wconf 92' lang='lat' dir='ltr'><strong>nudum</strong></span> <span class='ocrx_word' id='word_1_682' title='bbox 3118 4463 3288 4527; x_wconf 86' lang='lat' dir='ltr'><strong>putat.</strong></span> <span class='ocrx_word' id='word_1_683' title='bbox 3316 4454 3603 4524; x_wconf 90' lang='lat' dir='ltr'><strong>Sequitur:</strong></span> <span class='ocrx_word' id='word_1_684' title='bbox 3633 4450 3815 4507; x_wconf 81' lang='lat' dir='ltr'><strong>Domi-</strong></span> 
     </span>
     <span class='ocr_line' id='line_1_84' title="bbox 2289 4543 3815 4568; baseline 0 0"><span class='ocrx_word' id='word_1_685' title='bbox 2401 4549 2446 4568; x_wconf 58' lang='lat'><strong>1,</strong></span> <span class='ocrx_word' id='word_1_686' title='bbox 2472 4551 2526 4568; x_wconf 66' lang='grc' dir='ltr'><em>ιε.</em></span> <span class='ocrx_word' id='word_1_687' title='bbox 2585 4548 2829 4568; x_wconf 48' lang='grc' dir='ltr'><strong>ἢμηιμ---</strong></span> <span class='ocrx_word' id='word_1_688' title='bbox 2865 4545 3066 4568; x_wconf 53' lang='grc' dir='ltr'><strong>-1.Α.,-Ιξι</strong></span> <span class='ocrx_word' id='word_1_689' title='bbox 3199 4545 3423 4568; x_wconf 68' lang='grc' dir='ltr'><strong>Ε---,.ι....</strong></span> <span class='ocrx_word' id='word_1_690' title='bbox 3467 4543 3550 4568; x_wconf 69' lang='grc' dir='ltr'><strong>-.ι-</strong></span> <span class='ocrx_word' id='word_1_691' title='bbox 3578 4550 3815 4568; x_wconf 66' lang='grc' dir='ltr'><strong>ιιι-...ιηιιι</strong></span> 
     </span>
    </p>
   </div>
   <div class='ocr_carea' id='block_1_84' title="bbox 570 4564 2142 4632">
    <p class='ocr_par' dir='ltr' id='par_1_84' title="bbox 570 4564 2142 4632">
     <span class='ocr_line' id='line_1_85' title="bbox 570 4564 2142 4632; baseline 0.005 -16"><span class='ocrx_word' id='word_1_692' title='bbox 570 4564 714 4617; x_wconf 89' lang='lat' dir='ltr'><strong>enim</strong></span> <span class='ocrx_word' id='word_1_693' title='bbox 754 4565 955 4619; x_wconf 91' lang='lat' dir='ltr'><strong>homini</strong></span> <span class='ocrx_word' id='word_1_694' title='bbox 987 4567 1186 4621; x_wconf 88' lang='lat' dir='ltr'><strong>dictum</strong></span> <span class='ocrx_word' id='word_1_695' title='bbox 1214 4577 1336 4620; x_wconf 88' lang='lat' dir='ltr'><strong>est:</strong></span> <span class='ocrx_word' id='word_1_696' title='bbox 1372 4586 1389 4618; x_wconf 72' lang='grc' dir='ltr'>ί</span> <span class='ocrx_word' id='word_1_697' title='bbox 1423 4567 1587 4622; x_wconf 88' lang='lat' dir='ltr'><strong>Terra</strong></span> <span class='ocrx_word' id='word_1_698' title='bbox 1629 4583 1720 4632; x_wconf 90' lang='lat' dir='ltr'><strong>es,</strong></span> <span class='ocrx_word' id='word_1_699' title='bbox 1760 4577 1815 4623; x_wconf 88' lang='lat' dir='ltr'><strong>et</strong></span> <span class='ocrx_word' id='word_1_700' title='bbox 1852 4569 1904 4623; x_wconf 92' lang='lat' dir='ltr'><strong>in</strong></span> <span class='ocrx_word' id='word_1_701' title='bbox 1945 4577 2142 4624; x_wconf 89' lang='lat' dir='ltr'><strong>terram</strong></span> 
     </span>
    </p>
   </div>
   <div class='ocr_carea' id='block_1_85' title="bbox 573 4655 2143 4728">
    <p class='ocr_par' dir='ltr' id='par_1_85' title="bbox 573 4655 2143 4728">
     <span class='ocr_line' id='line_1_86' title="bbox 573 4655 2143 4728; baseline 0.003 -20"><span class='ocrx_word' id='word_1_702' title='bbox 573 4655 675 4709; x_wconf 87' lang='lat' dir='ltr'><strong>ibis</strong></span> <span class='ocrx_word' id='word_1_703' title='bbox 702 4655 852 4726; x_wconf 85' lang='lat' dir='ltr'><strong>(Gen.</strong></span> <span class='ocrx_word' id='word_1_704' title='bbox 890 4673 982 4720; x_wconf 87' lang='lat' dir='ltr'><strong>Ill,</strong></span> <span class='ocrx_word' id='word_1_705' title='bbox 1023 4657 1148 4728; x_wconf 74' lang='grc'><strong>1).»</strong></span> <span class='ocrx_word' id='word_1_706' title='bbox 1209 4657 1376 4711; x_wconf 87' lang='lat' dir='ltr'><strong>Terra</strong></span> <span class='ocrx_word' id='word_1_707' title='bbox 1425 4673 1552 4728; x_wconf 88' lang='lat' dir='ltr'><strong>ergo</strong></span> <span class='ocrx_word' id='word_1_708' title='bbox 1604 4658 1819 4712; x_wconf 88' lang='lat' dir='ltr'><strong>nomine</strong></span> <span class='ocrx_word' id='word_1_709' title='bbox 1863 4659 2143 4728; x_wconf 83' lang='lat' dir='ltr'><strong>peccatrix</strong></span> 
     </span>
    </p>
   </div>
   <div class='ocr_carea' id='block_1_86' title="bbox 579 4750 2144 4822">
    <p class='ocr_par' dir='ltr' id='par_1_86' title="bbox 579 4750 2144 4822">
     <span class='ocr_line' id='line_1_87' title="bbox 579 4750 2144 4822; baseline 0.001 -18"><span class='ocrx_word' id='word_1_710' title='bbox 579 4750 852 4822; x_wconf 88' lang='lat' dir='ltr'><strong>gentilitas</strong></span> <span class='ocrx_word' id='word_1_711' title='bbox 888 4751 1218 4822; x_wconf 87' lang='lat' dir='ltr'><strong>designatur.</strong></span> <span class='ocrx_word' id='word_1_712' title='bbox 1275 4750 1534 4804; x_wconf 83' lang='lat' dir='ltr'><strong>Mediator</strong></span> <span class='ocrx_word' id='word_1_713' title='bbox 1571 4750 1735 4820; x_wconf 87' lang='lat' dir='ltr'><strong>igitur</strong></span> <span class='ocrx_word' id='word_1_714' title='bbox 1773 4759 1958 4804; x_wconf 87' lang='lat' dir='ltr'><strong>noster</strong></span> <span class='ocrx_word' id='word_1_715' title='bbox 1990 4751 2144 4820; x_wconf 86' lang='lat' dir='ltr'><strong>quasi</strong></span> 
     </span>
    </p>
   </div>
   <div class='ocr_carea' id='block_1_87' title="bbox 578 4841 2148 4912">
    <p class='ocr_par' dir='ltr' id='par_1_87' title="bbox 578 4841 2148 4912">
     <span class='ocr_line' id='line_1_88' title="bbox 578 4841 2148 4912; baseline -0.001 -15"><span class='ocrx_word' id='word_1_716' title='bbox 578 4843 803 4897; x_wconf 90' lang='lat' dir='ltr'><strong>detonso</strong></span> <span class='ocrx_word' id='word_1_717' title='bbox 833 4844 1007 4911; x_wconf 89' lang='lat' dir='ltr'><strong>capite</strong></span> <span class='ocrx_word' id='word_1_718' title='bbox 1045 4843 1098 4896; x_wconf 91' lang='lat' dir='ltr'><strong>in</strong></span> <span class='ocrx_word' id='word_1_719' title='bbox 1137 4851 1334 4897; x_wconf 91' lang='lat' dir='ltr'><strong>terram</strong></span> <span class='ocrx_word' id='word_1_720' title='bbox 1362 4843 1603 4907; x_wconf 88' lang='lat' dir='ltr'><strong>corruit,</strong></span> <span class='ocrx_word' id='word_1_721' title='bbox 1654 4841 1777 4912; x_wconf 89' lang='lat' dir='ltr'><strong>quia</strong></span> <span class='ocrx_word' id='word_1_722' title='bbox 1811 4850 2148 4897; x_wconf 88' lang='lat' dir='ltr'><strong>sacramenta</strong></span> 
     </span>
    </p>
   </div>
   <div class='ocr_carea' id='block_1_88' title="bbox 577 4931 2148 5005">
    <p class='ocr_par' dir='ltr' id='par_1_88' title="bbox 577 4931 2148 5005">
     <span class='ocr_line' id='line_1_89' title="bbox 577 4931 2148 5005; baseline -0.001 -18"><span class='ocrx_word' id='word_1_723' title='bbox 577 4933 732 5002; x_wconf 84' lang='lat' dir='ltr'><strong>legis,</strong></span> <span class='ocrx_word' id='word_1_724' title='bbox 766 4948 795 4986; x_wconf 91' lang='lat' dir='ltr'><strong>a</strong></span> <span class='ocrx_word' id='word_1_725' title='bbox 829 4933 1129 4988; x_wconf 90' lang='lat' dir='ltr'><strong>sacerdotio</strong></span> <span class='ocrx_word' id='word_1_726' title='bbox 1159 4932 1452 5005; x_wconf 74' lang='lat' dir='ltr'><strong>Synagogte</strong></span> <span class='ocrx_word' id='word_1_727' title='bbox 1481 4931 1714 4998; x_wconf 87' lang='lat' dir='ltr'><strong>sustulit,</strong></span> <span class='ocrx_word' id='word_1_728' title='bbox 1741 4946 1969 5001; x_wconf 87' lang='lat' dir='ltr'><strong>eamque</strong></span> <span class='ocrx_word' id='word_1_729' title='bbox 1999 4931 2148 4987; x_wconf 89' lang='lat' dir='ltr'><strong>dese-</strong></span> 
     </span>
    </p>
   </div>
   <div class='ocr_carea' id='block_1_89' title="bbox 581 5023 2149 5095">
    <p class='ocr_par' dir='ltr' id='par_1_89' title="bbox 581 5023 2149 5095">
     <span class='ocr_line' id='line_1_90' title="bbox 581 5023 2149 5095; baseline -0.001 -15"><span class='ocrx_word' id='word_1_730' title='bbox 581 5042 729 5090; x_wconf 85' lang='lat' dir='ltr'><strong>rens,</strong></span> <span class='ocrx_word' id='word_1_731' title='bbox 758 5026 822 5080; x_wconf 91' lang='lat' dir='ltr'><strong>ad</strong></span> <span class='ocrx_word' id='word_1_732' title='bbox 856 5027 1099 5081; x_wconf 89' lang='lat' dir='ltr'><strong>notitiam</strong></span> <span class='ocrx_word' id='word_1_733' title='bbox 1129 5026 1366 5095; x_wconf 88' lang='lat' dir='ltr'><strong>gentium</strong></span> <span class='ocrx_word' id='word_1_734' title='bbox 1394 5025 1560 5080; x_wconf 84' lang='lat' dir='ltr'><strong>venit.</strong></span> <span class='ocrx_word' id='word_1_735' title='bbox 1603 5023 1866 5079; x_wconf 90' lang='lat' dir='ltr'><strong>Corruere</strong></span> <span class='ocrx_word' id='word_1_736' title='bbox 1895 5025 2149 5078; x_wconf 87' lang='lat' dir='ltr'><strong>Dominus</strong></span> 
     </span>
    </p>
   </div>
   <div class='ocr_carea' id='block_1_90' title="bbox 583 5113 2146 5181">
    <p class='ocr_par' dir='ltr' id='par_1_90' title="bbox 583 5113 2146 5181">
     <span class='ocr_line' id='line_1_91' title="bbox 583 5113 2146 5181; baseline -0.004 -9"><span class='ocrx_word' id='word_1_737' title='bbox 583 5117 800 5181; x_wconf 84' lang='lat' dir='ltr'><strong>dicitur,</strong></span> <span class='ocrx_word' id='word_1_738' title='bbox 826 5125 884 5170; x_wconf 92' lang='lat' dir='ltr'><strong>ut</strong></span> <span class='ocrx_word' id='word_1_739' title='bbox 911 5116 1039 5170; x_wconf 90' lang='lat' dir='ltr'><strong>illud</strong></span> <span class='ocrx_word' id='word_1_740' title='bbox 1068 5132 1082 5171; x_wconf 89' lang='lat'><strong>:</strong></span> <span class='ocrx_word' id='word_1_741' title='bbox 1115 5134 1132 5167; x_wconf 72' lang='grc' dir='ltr'><strong><em>ι</em></strong></span> <span class='ocrx_word' id='word_1_742' title='bbox 1160 5115 1394 5170; x_wconf 83' lang='lat' dir='ltr'><strong>Verbum</strong></span> <span class='ocrx_word' id='word_1_743' title='bbox 1423 5116 1568 5170; x_wconf 91' lang='lat' dir='ltr'><strong>misit</strong></span> <span class='ocrx_word' id='word_1_744' title='bbox 1593 5116 1850 5169; x_wconf 87' lang='lat' dir='ltr'><strong>Dominus</strong></span> <span class='ocrx_word' id='word_1_745' title='bbox 1878 5116 1929 5168; x_wconf 92' lang='lat' dir='ltr'><strong>in</strong></span> <span class='ocrx_word' id='word_1_746' title='bbox 1961 5113 2146 5178; x_wconf 86' lang='lat' dir='ltr'><strong>Jacob,</strong></span> 
     </span>
    </p>
   </div>
   <div class='ocr_carea' id='block_1_91' title="bbox 583 5201 2152 5275">
    <p class='ocr_par' dir='ltr' id='par_1_91' title="bbox 583 5201 2152 5275">
     <span class='ocr_line' id='line_1_92' title="bbox 583 5201 2152 5275; baseline -0.005 -14"><span class='ocrx_word' id='word_1_747' title='bbox 583 5216 640 5261; x_wconf 90' lang='lat' dir='ltr'><strong>et</strong></span> <span class='ocrx_word' id='word_1_748' title='bbox 665 5206 860 5260; x_wconf 88' lang='lat' dir='ltr'><strong>cecidit</strong></span> <span class='ocrx_word' id='word_1_749' title='bbox 890 5206 942 5258; x_wconf 93' lang='lat' dir='ltr'><strong>in</strong></span> <span class='ocrx_word' id='word_1_750' title='bbox 989 5204 1148 5259; x_wconf 88' lang='lat' dir='ltr'><strong>lsrael</strong></span> <span class='ocrx_word' id='word_1_751' title='bbox 1174 5205 1308 5275; x_wconf 85' lang='lat' dir='ltr'><strong>(Isa.</strong></span> <span class='ocrx_word' id='word_1_752' title='bbox 1335 5220 1411 5270; x_wconf 78' lang='lat' dir='ltr'><strong>rx,</strong></span> <span class='ocrx_word' id='word_1_753' title='bbox 1439 5203 1514 5274; x_wconf 90' lang='lat'><strong>8).</strong></span> <span class='ocrx_word' id='word_1_754' title='bbox 1537 5222 1554 5256; x_wconf 80' lang='grc' dir='ltr'><strong><em>ι</em></strong></span> <span class='ocrx_word' id='word_1_755' title='bbox 1591 5204 1732 5258; x_wconf 83' lang='lat' dir='ltr'><strong>Bene</strong></span> <span class='ocrx_word' id='word_1_756' title='bbox 1755 5211 1931 5256; x_wconf 86' lang='lat' dir='ltr'><strong>autem</strong></span> <span class='ocrx_word' id='word_1_757' title='bbox 1957 5201 2152 5254; x_wconf 90' lang='lat' dir='ltr'><strong>dicitur</strong></span> 
     </span>
    </p>
   </div>
   <div class='ocr_carea' id='block_1_92' title="bbox 1535 5291 2149 5318">
    <p class='ocr_par' dir='ltr' id='par_1_92' title="bbox 1535 5291 2149 5318">
     <span class='ocr_line' id='line_1_93' title="bbox 1535 5291 2149 5318; baseline 0 0"><span class='ocrx_word' id='word_1_758' title='bbox 1535 5312 1618 5318; x_wconf 59' lang='grc' dir='ltr'><strong>---υ-</strong></span> <span class='ocrx_word' id='word_1_759' title='bbox 1657 5295 1768 5318; x_wconf 59' lang='grc' dir='ltr'><strong>Ζ-Ααιιι</strong></span> <span class='ocrx_word' id='word_1_760' title='bbox 1799 5291 2149 5318; x_wconf 48' lang='grc' dir='ltr'><strong>...ι-ωειεοηοΛ-νι</strong></span> 
     </span>
    </p>
   </div>
   <div class='ocr_carea' id='block_1_93' title="bbox 2247 4543 3815 4615">
    <p class='ocr_par' dir='ltr' id='par_1_93' title="bbox 2247 4543 3815 4615">
     <span class='ocr_line' id='line_1_94' title="bbox 2247 4543 3815 4615; baseline -0.006 -11"><span class='ocrx_word' id='word_1_761' title='bbox 2247 4567 2343 4604; x_wconf 81' lang='lat' dir='ltr'><strong>nus</strong></span> <span class='ocrx_word' id='word_1_762' title='bbox 2385 4549 2550 4615; x_wconf 85' lang='lat' dir='ltr'><strong>dedit,</strong></span> <span class='ocrx_word' id='word_1_763' title='bbox 2576 4548 2829 4602; x_wconf 76' lang='lat' dir='ltr'><strong>Dominus</strong></span> <span class='ocrx_word' id='word_1_764' title='bbox 2857 4545 3089 4600; x_wconf 75' lang='lat' dir='ltr'><strong>abstulit.</strong></span> <span class='ocrx_word' id='word_1_765' title='bbox 3113 4545 3426 4600; x_wconf 89' lang='lat' dir='ltr'><strong>—Sanctus</strong></span> <span class='ocrx_word' id='word_1_766' title='bbox 3467 4543 3550 4597; x_wconf 86' lang='lat' dir='ltr'><strong>vir</strong></span> <span class='ocrx_word' id='word_1_767' title='bbox 3578 4550 3815 4596; x_wconf 86' lang='lat' dir='ltr'><strong>tentante</strong></span> 
     </span>
    </p>
   </div>
   <div class='ocr_carea' id='block_1_94' title="bbox 2248 4633 3815 4708">
    <p class='ocr_par' dir='ltr' id='par_1_94' title="bbox 2248 4633 3815 4708">
     <span class='ocr_line' id='line_1_95' title="bbox 2248 4633 3815 4708; baseline -0.008 -10"><span class='ocrx_word' id='word_1_768' title='bbox 2248 4643 2558 4698; x_wconf 87' lang='lat' dir='ltr'><strong>adversario</strong></span> <span class='ocrx_word' id='word_1_769' title='bbox 2585 4650 2776 4695; x_wconf 89' lang='lat' dir='ltr'><strong>cuncta</strong></span> <span class='ocrx_word' id='word_1_770' title='bbox 2802 4640 3127 4708; x_wconf 86' lang='lat' dir='ltr'><strong>perdiderat,</strong></span> <span class='ocrx_word' id='word_1_771' title='bbox 3157 4639 3248 4693; x_wconf 88' lang='lat' dir='ltr'><strong>sed</strong></span> <span class='ocrx_word' id='word_1_772' title='bbox 3280 4645 3456 4690; x_wconf 91' lang='lat' dir='ltr'><strong>tamen</strong></span> <span class='ocrx_word' id='word_1_773' title='bbox 3487 4635 3668 4690; x_wconf 89' lang='lat' dir='ltr'><strong>sciens</strong></span> <span class='ocrx_word' id='word_1_774' title='bbox 3694 4633 3815 4702; x_wconf 84' lang='lat' dir='ltr'><strong>quia</strong></span> 
     </span>
    </p>
   </div>
   <div class='ocr_carea' id='block_1_95' title="bbox 2249 4723 3816 4795">
    <p class='ocr_par' dir='ltr' id='par_1_95' title="bbox 2249 4723 3816 4795">
     <span class='ocr_line' id='line_1_96' title="bbox 2249 4723 3816 4795; baseline -0.009 -5"><span class='ocrx_word' id='word_1_775' title='bbox 2249 4743 2437 4791; x_wconf 87' lang='lat' dir='ltr'><strong>contra</strong></span> <span class='ocrx_word' id='word_1_776' title='bbox 2467 4749 2526 4789; x_wconf 89' lang='lat' dir='ltr'><strong>se</strong></span> <span class='ocrx_word' id='word_1_777' title='bbox 2553 4734 2717 4788; x_wconf 89' lang='lat' dir='ltr'><strong>Satan</strong></span> <span class='ocrx_word' id='word_1_778' title='bbox 2746 4730 2984 4786; x_wconf 89' lang='lat' dir='ltr'><strong>tentandi</strong></span> <span class='ocrx_word' id='word_1_779' title='bbox 3020 4731 3187 4794; x_wconf 85' lang='lat' dir='ltr'><strong>vires,</strong></span> <span class='ocrx_word' id='word_1_780' title='bbox 3218 4727 3319 4781; x_wconf 92' lang='lat' dir='ltr'><strong>nisi</strong></span> <span class='ocrx_word' id='word_1_781' title='bbox 3343 4725 3687 4795; x_wconf 89' lang='lat' dir='ltr'><strong>permittente</strong></span> <span class='ocrx_word' id='word_1_782' title='bbox 3710 4723 3816 4777; x_wconf 82' lang='lat' dir='ltr'><strong>Deo</strong></span> 
     </span>
    </p>
   </div>
   <div class='ocr_carea' id='block_1_96' title="bbox 2249 4812 3815 4888">
    <p class='ocr_par' dir='ltr' id='par_1_96' title="bbox 2249 4812 3815 4888">
     <span class='ocr_line' id='line_1_97' title="bbox 2249 4812 3815 4888; baseline -0.01 -8"><span class='ocrx_word' id='word_1_783' title='bbox 2249 4840 2356 4880; x_wconf 87' lang='lat' dir='ltr'><strong>non</strong></span> <span class='ocrx_word' id='word_1_784' title='bbox 2382 4822 2621 4888; x_wconf 89' lang='lat' dir='ltr'><strong>haberet,</strong></span> <span class='ocrx_word' id='word_1_785' title='bbox 2649 4835 2755 4874; x_wconf 91' lang='lat' dir='ltr'><strong>non</strong></span> <span class='ocrx_word' id='word_1_786' title='bbox 2776 4819 2873 4883; x_wconf 91' lang='lat' dir='ltr'><strong>ait,</strong></span> <span class='ocrx_word' id='word_1_787' title='bbox 2898 4819 3154 4873; x_wconf 87' lang='lat' dir='ltr'><strong>Dominus</strong></span> <span class='ocrx_word' id='word_1_788' title='bbox 3177 4817 3344 4881; x_wconf 88' lang='lat' dir='ltr'><strong>dedit,</strong></span> <span class='ocrx_word' id='word_1_789' title='bbox 3371 4812 3615 4870; x_wconf 87' lang='lat' dir='ltr'><strong>diabolus</strong></span> <span class='ocrx_word' id='word_1_790' title='bbox 3639 4812 3815 4866; x_wconf 83' lang='lat' dir='ltr'><strong>abstu—</strong></span> 
     </span>
    </p>
   </div>
   <div class='ocr_carea' id='block_1_97' title="bbox 2252 4904 3816 4982">
    <p class='ocr_par' dir='ltr' id='par_1_97' title="bbox 2252 4904 3816 4982">
     <span class='ocr_line' id='line_1_98' title="bbox 2252 4904 3816 4982; baseline -0.008 -12"><span class='ocrx_word' id='word_1_791' title='bbox 2252 4915 2334 4982; x_wconf 89' lang='lat' dir='ltr'><strong>lit,</strong></span> <span class='ocrx_word' id='word_1_792' title='bbox 2355 4915 2454 4970; x_wconf 90' lang='lat' dir='ltr'><strong>sed</strong></span> <span class='ocrx_word' id='word_1_793' title='bbox 2497 4913 2748 4968; x_wconf 83' lang='lat' dir='ltr'><strong>Dominus</strong></span> <span class='ocrx_word' id='word_1_794' title='bbox 2793 4911 2955 4976; x_wconf 84' lang='lat' dir='ltr'><strong>dedit,</strong></span> <span class='ocrx_word' id='word_1_795' title='bbox 2994 4910 3245 4965; x_wconf 85' lang='lat' dir='ltr'><strong>Dominus</strong></span> <span class='ocrx_word' id='word_1_796' title='bbox 3274 4904 3508 4962; x_wconf 83' lang='lat' dir='ltr'><strong>abstulit.</strong></span> <span class='ocrx_word' id='word_1_797' title='bbox 3549 4904 3816 4959; x_wconf 86' lang='lat' dir='ltr'><strong>Fortassis</strong></span> 
     </span>
    </p>
   </div>
   <div class='ocr_carea' id='block_1_98' title="bbox 2250 4997 3814 5071">
    <p class='ocr_par' dir='ltr' id='par_1_98' title="bbox 2250 4997 3814 5071">
     <span class='ocr_line' id='line_1_99' title="bbox 2250 4997 3814 5071; baseline -0.01 -8"><span class='ocrx_word' id='word_1_798' title='bbox 2250 5011 2392 5064; x_wconf 91' lang='lat' dir='ltr'><strong>enim</strong></span> <span class='ocrx_word' id='word_1_799' title='bbox 2443 5006 2617 5062; x_wconf 80' lang='lat' dir='ltr'><strong>fuerat</strong></span> <span class='ocrx_word' id='word_1_800' title='bbox 2661 5005 2962 5068; x_wconf 89' lang='lat' dir='ltr'><strong>dolendum,</strong></span> <span class='ocrx_word' id='word_1_801' title='bbox 3013 5004 3059 5058; x_wconf 89' lang='lat' dir='ltr'><strong>si</strong></span> <span class='ocrx_word' id='word_1_802' title='bbox 3105 5001 3247 5071; x_wconf 89' lang='lat' dir='ltr'><strong>quod</strong></span> <span class='ocrx_word' id='word_1_803' title='bbox 3287 4999 3543 5056; x_wconf 90' lang='lat' dir='ltr'><strong>Conditor</strong></span> <span class='ocrx_word' id='word_1_804' title='bbox 3577 4997 3814 5056; x_wconf 82' lang='lat' dir='ltr'><strong>dederat,</strong></span> 
     </span>
    </p>
   </div>
   <div class='ocr_carea' id='block_1_99' title="bbox 2251 5087 3816 5164">
    <p class='ocr_par' dir='ltr' id='par_1_99' title="bbox 2251 5087 3816 5164">
     <span class='ocr_line' id='line_1_100' title="bbox 2251 5087 3816 5164; baseline -0.011 -9"><span class='ocrx_word' id='word_1_805' title='bbox 2251 5101 2420 5155; x_wconf 90' lang='lat' dir='ltr'><strong>hostis</strong></span> <span class='ocrx_word' id='word_1_806' title='bbox 2443 5097 2769 5162; x_wconf 88' lang='lat' dir='ltr'><strong>abstulisset,</strong></span> <span class='ocrx_word' id='word_1_807' title='bbox 2794 5103 2851 5149; x_wconf 90' lang='lat' dir='ltr'><strong>at</strong></span> <span class='ocrx_word' id='word_1_808' title='bbox 2876 5103 3157 5164; x_wconf 88' lang='lat' dir='ltr'><strong>postquam</strong></span> <span class='ocrx_word' id='word_1_809' title='bbox 3181 5107 3286 5146; x_wconf 93' lang='lat' dir='ltr'><strong>non</strong></span> <span class='ocrx_word' id='word_1_810' title='bbox 3310 5089 3549 5153; x_wconf 88' lang='lat' dir='ltr'><strong>abstulit,</strong></span> <span class='ocrx_word' id='word_1_811' title='bbox 3579 5088 3681 5142; x_wconf 93' lang='lat' dir='ltr'><strong>nisi</strong></span> <span class='ocrx_word' id='word_1_812' title='bbox 3708 5087 3816 5156; x_wconf 87' lang='lat' dir='ltr'><strong>ipse</strong></span> 
     </span>
    </p>
   </div>
   <div class='ocr_carea' id='block_1_100' title="bbox 2252 5176 3816 5260">
    <p class='ocr_par' dir='ltr' id='par_1_100' title="bbox 2252 5176 3816 5260">
     <span class='ocr_line' id='line_1_101' title="bbox 2252 5176 3816 5260; baseline -0.012 -15"><span class='ocrx_word' id='word_1_813' title='bbox 2252 5192 2343 5260; x_wconf 88' lang='lat' dir='ltr'><strong>qui</strong></span> <span class='ocrx_word' id='word_1_814' title='bbox 2369 5189 2534 5252; x_wconf 85' lang='lat' dir='ltr'><strong>dedit,</strong></span> <span class='ocrx_word' id='word_1_815' title='bbox 2578 5202 2677 5243; x_wconf 90' lang='lat' dir='ltr'><strong>sua</strong></span> <span class='ocrx_word' id='word_1_816' title='bbox 2719 5186 2944 5256; x_wconf 88' lang='lat' dir='ltr'><strong>recepit,</strong></span> <span class='ocrx_word' id='word_1_817' title='bbox 2992 5200 3098 5239; x_wconf 91' lang='lat' dir='ltr'><strong>non</strong></span> <span class='ocrx_word' id='word_1_818' title='bbox 3144 5190 3326 5237; x_wconf 89' lang='lat' dir='ltr'><strong>nostra</strong></span> <span class='ocrx_word' id='word_1_819' title='bbox 3375 5179 3614 5235; x_wconf 91' lang='lat' dir='ltr'><strong>abstulit.</strong></span> <span class='ocrx_word' id='word_1_820' title='bbox 3661 5176 3816 5232; x_wconf 81' lang='lat' dir='ltr'><strong>Addit</strong></span> 
     </span>
    </p>
   </div>
   <div class='ocr_carea' id='block_1_101' title="bbox 2255 5264 3814 5318">
    <p class='ocr_par' dir='ltr' id='par_1_101' title="bbox 2255 5264 3814 5318">
     <span class='ocr_line' id='line_1_102' title="bbox 2255 5264 3814 5318; baseline 0 0"><span class='ocrx_word' id='word_1_821' title='bbox 2255 5281 2435 5318; x_wconf 64' lang='lat' dir='ltr'><strong>(“nunc</strong></span> <span class='ocrx_word' id='word_1_822' title='bbox 2453 5299 2465 5311; x_wconf 84' lang='lat'><strong>-</strong></span> <span class='ocrx_word' id='word_1_823' title='bbox 2489 5279 2634 5318; x_wconf 55' lang='lat' dir='ltr'><strong>giras!</strong></span> <span class='ocrx_word' id='word_1_824' title='bbox 2662 5279 2878 5318; x_wconf 58' lang='lat' dir='ltr'><strong>nnﬂrinn</strong></span> <span class='ocrx_word' id='word_1_825' title='bbox 2901 5276 3094 5318; x_wconf 68' lang='lat' dir='ltr'><strong>nlnmu&#39;l</strong></span> <span class='ocrx_word' id='word_1_826' title='bbox 3125 5275 3196 5318; x_wconf 78' lang='grc' dir='ltr'><em>ἰιιι</em></span> <span class='ocrx_word' id='word_1_827' title='bbox 3224 5272 3418 5318; x_wconf 69' lang='lat' dir='ltr'><strong>factum</strong></span> <span class='ocrx_word' id='word_1_828' title='bbox 3439 5279 3534 5318; x_wconf 64' lang='grc' dir='ltr'><strong>ρει.</strong></span> <span class='ocrx_word' id='word_1_829' title='bbox 3558 5300 3626 5310; x_wconf 90' lang='grc'><strong>--</strong></span> <span class='ocrx_word' id='word_1_830' title='bbox 3728 5264 3814 5318; x_wconf 72' lang='grc' dir='ltr'><strong>ίΕί⁸</strong></span> 
     </span>
    </p>
   </div>
  </div>
