4004 5340
267 326 374 383 125

265 532 612 603 inspiciatad
639 550 852 606 paruam
893 554 1044 593 suam
1081 543 1222 596 unde
1248 545 1551 612 erubescat,
1583 550 1708 618 quia
1739 551 1850 618 ipse

265 624 380 678 Deo
402 634 695 680 contumax
722 628 881 681 etiam
912 629 962 682 in
990 629 1320 687 beatitudine
1347 637 1595 691 conditus
1619 640 1845 704 exstitit,

265 713 352 767 cui
397 714 564 770 homo
607 717 860 786 hymnum
904 718 1088 789 gloria:
1139 722 1304 776 etiam
1360 739 1644 793 percussus
1695 729 1844 784 dicit.

264 803 600 876 Redemptor
643 814 822 861 autem
869 818 1053 864 noster
1085 826 1182 880 per
1221 813 1323 867 hoc
1352 816 1494 882 quod
1527 817 1702 873 dictus
1741 827 1844 883 est,

264 908 388 948 cum
416 892 584 949 Patre
618 897 709 950 dat
737 898 936 960 omnia,
973 913 1070 968 per
1096 901 1197 956 hoc
1225 917 1353 957 vero
1383 906 1524 972 quod
1550 907 1712 963 homo
1740 919 1842 974 est,

265 995 296 1035 a
343 981 508 1038 Patre
553 985 747 1054 accipit
787 988 988 1042 omnia.
1041 991 1195 1045 Dicat
1234 993 1397 1063 igitur
1419 995 1485 1048 de
1505 995 1688 1053 Iudaea
1722 1015 1844 1055 cum

263 1082 554 1127 venturum
589 1074 976 1133 incarnationis
1025 1080 1140 1150 ejus
1192 1086 1508 1153 mysterium
1548 1090 1793 1146 crederet
1825 1110 1840 1146 :

260 1164 524 1220 Dominus
564 1168 748 1221 dedit:
775 1171 927 1226 Dicat
975 1172 1040 1227 de
1085 1172 1266 1230 Judma
1311 1192 1434 1232 cum
1477 1189 1842 1250 exSpectatam

261 1254 662 1315 lucarnationis
710 1263 1052 1332 praesentiam
1094 1269 1544 1338 contempsisset:
1586 1271 1842 1329 Dominus

264 1346 504 1401 abstulit.
531 1348 683 1416 Quod
712 1361 891 1406 autem
916 1353 1175 1412 Dominus
1201 1359 1402 1428 gratias
1427 1361 1645 1431 egisset,
1676 1363 1845 1419 Evan-

259 1437 462 1507 gelium
494 1451 780 1498 attestatur
806 1461 820 1498 :
852 1455 1058 1515 accepto
1087 1449 1230 1502 enim
1268 1463 1404 1518 pane
1430 1452 1636 1522 gratias
1668 1455 1843 1524 egisse

258 1529 576 1598 perhibetur
601 1531 754 1602 (Luc.
801 1550 914 1600 xxi,
957 1536 1066 1606 19).
1099 1536 1310 1594 Gratias
1349 1540 1531 1610 itaque
1573 1545 1714 1614 agit,
1751 1545 1842 1613 qui

258 1618 473 1688 ﬂagella
498 1622 691 1678 aliena:
714 1624 1015 1696 iniquitatis
1039 1630 1299 1700 suscepit,
1318 1640 1373 1686 et
1394 1632 1485 1701 qui
1513 1633 1587 1686 nil
1623 1634 1842 1704 dignum

257 1717 612 1786 percussione
637 1719 902 1785 exhibuit,
948 1721 1227 1778 humiliter
1275 1725 1328 1779 in
1367 1726 1715 1793 percussione
1749 1727 1844 1782 be-

1048 337 1349 393 EPITOME
1386 339 1746 399 MORALIUM
1788 344 1844 400 S.
1889 347 2094 406 GREG.
2135 353 2201 406 IN
2237 354 2377 410 ¹108.
2415 388 2470 397 -—
2518 359 2646 414 LIB.
2685 360 2768 414 ΙΙΙ.

261 441 488 499 Domini
528 447 902 504 benedictione
933 451 1217 506 conclusit.
1256 452 1319 508 L't
1349 455 1475 510 hinc
1503 458 1844 516 adversarius
1873 468 1917 525 Α

3419 368 3522 424 126

1949 470 2196 534 peccarit,
2225 481 2434 527 constat
2461 477 2603 544 quod
2635 483 3075 541 murmurationis
3105 489 3290 544 vitium
3319 505 3349 545 a
3376 493 3524 562 cogi-

1951 557 2156 613 tatione
2184 564 2482 618 restrinxit.
2518 566 2582 619 Et
2608 585 2728 621 cum
2760 571 2910 626 dicit.
2937 575 3168 632 Stultum
3189 579 3389 635 locutus
3417 557 3522 636 non

1947 656 2044 711 est,
2074 658 2224 716 patet
2253 654 2378 721 quia
2411 655 2620 725 culpam
2658 675 2687 712 a
2719 659 2896 732 lingua
2927 670 3236 736 compescit.
3270 671 3378 727 Nec
3402 688 3522 742 pec-

1947 737 2091 790 cavit
2124 753 2272 808 ergo,
2300 757 2399 796 nec
2424 745 2585 799 stulte
2619 746 2827 804 locutus
2863 762 2965 818 est,
2994 757 3118 822 quia
3146 774 3243 812 nee
3265 775 3363 828 per
3388 737 3520 816 con-

1947 828 2230 884 scientiam
2274 834 2474 889 tacitus
2497 838 2730 905 ~tumuit,
2762 855 2859 895 nec
2887 841 3121 912 linguam
3153 848 3203 901 in
3235 859 3521 904 contuma-

1947 919 2084 973 ciam
2117 920 2393 976 relaxavit.
2424 925 2785 982 ALanomcs.
2815 930 2968 996 Quod
3003 949 3099 988 nec
3125 951 3399 1006 peccasse,
3422 953 3523 996 net:

1946 1012 2170 1066 stultum
2219 1014 2420 1091 aliquid
2464 1027 2652 1072 contra
2698 1020 2866 1076 Deum
2911 1023 3123 1081 locutus
3148 1029 3520 1098 sitDominus,

1943 1106 2142 1163 Petrus
2164 1118 2454 1165 attestatur
2483 1113 2670 1170 dicens
2698 1135 2710 1169 :
2746 1135 2764 1168 ι
2793 1117 2893 1184 Qui
2925 1131 3206 1189 peccatum
3235 1138 3340 1176 non
3370 1122 3520 1189 fecit,

1946 1215 2047 1254 nec
2092 1201 2246 1256 dolus
2271 1202 2519 1260 inventus
2548 1216 2633 1260 est
2677 1209 2728 1262 in
2763 1224 2858 1264 ore
2892 1210 3008 1281 ejus
3038 1210 3088 1282 (l
3117 1211 3263 1266 Petr.
3292 1214 3460 1284 LS2).
3495 1232 3515 1266 ι

1944 1291 2282 1351 ΜοῐιΑιιτειι.
2341 1297 2538 1355 Solerti
2584 1303 2727 1358 enim
2779 1317 2914 1360 cura
2977 1307 3254 1361 custodire
3306 1308 3522 1363 animus

1945 1385 2129 1442 dolens
2153 1389 2330 1454 debet,
2384 1408 2452 1448 ne
2488 1408 2610 1449 cum
2642 1411 2699 1450 se
2726 1397 2872 1452 intus
2911 1400 3138 1454 tentatio
3172 1399 3436 1465 stimulat,
3465 1401 3522 1455 in

1944 1481 2125 1535 verbis
2173 1480 2313 1537 forte
2347 1483 2547 1540 illicita:
2585 1487 2874 1544 locutionis
2904 1500 3170 1562 erumpat.
3201 1491 3277 1547 Ne
3300 1493 3369 1547 de
3398 1507 3525 1562 pro-

1944 1567 2161 1627 batione
2207 1586 2528 1643 murmuret,
2577 1594 2645 1634 ne
2688 1580 2828 1651 ignis
2869 1583 2960 1652 qui
2991 1582 3132 1637 hunc
3156 1583 3299 1638 velut
3328 1597 3524 1638 aurum

1945 1673 2276 1730 concremat,
2322 1681 2418 1736 per
2445 1683 2725 1724 excessum
2762 1673 3030 1728 sermonis
3065 1673 3236 1729 illiciti
3272 1675 3324 1729 in
3355 1673 3524 1745 palea:

1947 1749 2124 1807 favilla
2169 1764 2366 1808 vertat.
2413 1755 2495 1810 Nil
2540 1773 2667 1813 vero
2714 1761 2911 1828 obstat,
2939 1763 2983 1818 si
3015 1764 3116 1818 hoc
3144 1764 3287 1833 quod
3320 1761 3387 1818 de
3413 1764 3524 1819 vir-

259 1811 588 1922 petjjcit-“Ul
617 1814 1011 1922 hincﬁidel‘icct
1030 1820 1447 1922 noswndat‘qnid
1479 1824 1844 1922 ιξηξξξίιιιῑείιυθ
1873 1823 1920 1884 Β
1949 1843 2153 1899 tulibus
2201 1845 2454 1912 diximus,
2503 1850 2569 1904 de
2611 1851 2695 1906 his
2732 1868 2850 1922 quae
2876 1811 2931 1908 in
2959 1811 3272 1912 ostensione
3307 1857 3524 1914 virtutis

256 1903 309 1956 in
335 1902 554 1972 ﬂagello
575 1907 808 1976 propriae
831 1907 1000 1978 culpae
1026 1909 1206 1966 facere
1231 1911 1443 1981 debeat,
1472 1914 1517 1969 si
1549 1915 1638 1971 ille
1663 1930 1844 1986 atqua-

255 1992 479 2048 nimiter
523 1993 734 2066 ﬂagella
781 1997 950 2068 culpa:
985 2001 1220 2069 portavit
1254 2002 1464 2068 alienae,
1513 2013 1567 2058 et
1595 2005 1724 2077 quid
1763 2004 1842 2060 fa-

253 2082 363 2136 ciat
389 2083 659 2150 subditus,
687 2086 730 2141 si
760 2086 877 2142 hinc
902 2086 1030 2143 fecit
1055 2086 1203 2144 Patri
1230 2091 1473 2160 mqualis.
1500 2092 1839 2149 Monam-nan.

255 2170 673 2229 Tentationibus
699 2176 944 2232 eruditus
978 2178 1200 2244 crescit,
1229 2180 1320 2248 qui
1352 2190 1406 2234 et
1433 2181 1484 2234 in
1516 2182 1716 2238 virtute
1743 2184 1840 2238 ha-

256 2259 374 2314 Lita
403 2260 712 2332 largitatem
741 2264 942 2331 dantis,
971 2274 1026 2322 et
1051 2265 1108 2322 in
1136 2270 1540 2338 perturbatione
1572 2272 1843 2327 fortitudi-

252 2349 338 2405 nis
384 2359 709 2420 potestatem
747 2353 986 2409 tollentis
1017 2357 1286 2426 agnoscit.
1319 2357 1451 2425 Quae
1479 2367 1657 2416 tamen
1690 2359 1843 2416 forti-

261 2442 396 2496 tudo
440 2457 552 2497 non
591 2443 820 2510 tollitur,
862 2446 954 2500 sed
999 2449 1368 2517 perturbatur,
1419 2466 1541 2506 cum
1588 2468 1617 2507 a
1660 2462 1842 2510 mente

254 2533 448 2590 humili
495 2536 683 2591 sedulo
707 2539 1030 2595 custoditur.
1075 2540 1131 2596 ln
1167 2543 1268 2598 hoc
1303 2558 1434 2600 vero
1455 2546 1598 2615 quod
1627 2547 1839 2603 interna

250 2628 660 2696 perturbatione
683 2633 1042 2699 concutimur,
1093 2636 1309 2705 dignum
1357 2647 1442 2693 est
1485 2648 1543 2694 ut
1579 2643 1645 2695 ad
1693 2642 1838 2697 Con-

253 2719 449 2776 ditoris
467 2721 728 2788 judicium
749 2740 1112 2793 recurremus,
1142 2738 1198 2783 ut
1223 2730 1346 2785 inde
1363 2746 1458 2786 cor
1478 2741 1716 2788 nostrum
1745 2735 1840 2789 ad-

246 2809 454 2880 jutorio
479 2829 576 2869 suo
604 2813 833 2882 majores
860 2816 1043 2872 laudes
1067 2819 1341 2887 exhibeat,
1392 2822 1531 2877 unde
1569 2824 1836 2893 pulsatum

252 2904 436 2984 verius
483 2905 911 2964 imbecillitatem
961 2909 1292 2967 infirmitatis
1335 2929 1445 2968 suae
1474 2925 1685 2984 pensat.
1731 2916 1834 2973 Se-

253 2978 438 3063 quitur
459 3013 472 3049 :

325 3085 489 3142 Vens.
536 3087 626 3142 22.
681 3087 752 3143 In
791 3091 1032 3146 omnibus
1062 3092 1143 3146 his
1176 3110 1279 3147 non
1299 3096 1527 3164 peccavit
1555 3095 1658 3150 Job
1683 3095 1836 3154 labiis

1943 1934 2138 1989 dantur
2169 1938 2323 1993 donis
2369 1938 2600 2010 Spiritus
2645 1947 2815 2000 sancti
2859 1949 3155 2006 sentiamus
3186 1969 3205 2002 ι
3231 1948 3334 2005 Alii
3367 1966 3524 2006 namo

1942 2038 2046 2094 que
2095 2028 2411 2098 prophetiae,
2445 2030 2533 2085 alii
2572 2047 2767 2103 genera
2803 2034 3122 2107 linguarum,
3169 2039 3257 2094 alii
3287 2041 3518 2098 virtutes

1941 2121 2277 2176 curationum
2313 2141 2333 2174 ι
2367 2124 2661 2190 donantur
2711 2125 2766 2197 (Ι
2792 2125 2914 2181 Cor.
2967 2145 3076 2192 xn,
3112 2131 3219 2201 10).
3258 2130 3363 2186 Sed
3390 2131 3521 2202 quia

1940 2207 2056 2263 haec
2086 2211 2201 2278 ipsa
2249 2211 2387 2266 dona
2431 2229 2539 2268 non
2573 2230 2789 2285 semper
2833 2218 2884 2272 in
2928 2229 3108 2275 mente
3134 2222 3325 2277 eodem
3360 2221 3523 2278 modo

1939 2299 2068 2364 sint,
2091 2300 2296 2370 liquido
2317 2303 2638 2358 ostenditur.
2665 2306 2816 2374 Quod
2844 2325 2910 2364 ne
2931 2325 2988 2365 se
3011 2326 3164 2367 mens
3185 2312 3236 2366 in
3261 2327 3521 2382 prazsum-

1939 2389 2122 2459 ptione
2148 2390 2340 2456 elevet,
2375 2392 2666 2464 aliquando
2700 2398 2906 2453 utiliter
2940 2402 3356 2459 subtrahuntur.
3383 2403 3520 2459 Alia)

1940 2494 2172 2550 namque
2197 2491 2323 2536 sunt
2345 2483 2666 2564 donationes
2690 2489 2862 2543 sancti
2891 2490 3144 2559 Spiritus,
3176 2493 3293 2548 sine
3317 2493 3516 2564 quibus

1939 2572 2004 2626 ad
2029 2574 2191 2626 vitam
2217 2561 2556 2646 nequaquam
2578 2580 2928 2651 pertingitur:
2957 2593 3015 2637 ut
3036 2593 3117 2638 est
3136 2561 3516 2650 mansuetudo,

1939 2661 2236 2728 humilitas,
2280 2665 2434 2730 ﬁdes,
2483 2681 2639 2737 spes,
2685 2671 2955 2738 Charitas;
3006 2673 3123 2728 aliae
3160 2676 3354 2744 quibus
3391 2675 3520 2731 vitio

1939 2756 2196 2810 sanctitas
2219 2773 2314 2828 pro
2337 2759 2564 2814 aliorum
2594 2762 2824 2818 utilitate
2845 2763 3152 2820 declaratur
3175 2784 3189 2820 :
3215 2776 3270 2821 ut
3293 2774 3374 2821 est
3391 2780 3519 2837 pro—

1940 2846 2150 2915 phetia,
2199 2849 2372 2905 virtus
2419 2851 2782 2918 curationum,
2831 2869 3028 2925 genera
3068 2856 3391 2926 linguarum.
3420 2855 3520 2911 Illa

1938 2957 2064 3013 ergo
2107 2945 2222 2999 sine
2251 2946 2490 3016 periculo
2522 2949 2698 3003 amitti
2723 2965 2827 3005 non
2853 2960 3117 3020 possunt;
3145 2952 3244 3006 ista
3275 2950 3514 3021 plerum-

1939 3048 2043 3102 que
2082 3034 2198 3089 sine
2237 3036 2520 3105 dispendio
2561 3040 2974 3095 subtrahuntur.
3019 3040 3123 3096 Sed
3151 3055 3271 3095 cum
3297 3041 3516 3094 subtra-

1940 3125 2142 3179 huntur
2179 3125 2424 3180 dicamus
2455 3143 2468 3179 :
2501 3125 2754 3182 Dominus
2793 3130 2952 3195 dedit,
2986 3131 3238 3185 Dominus
3278 3129 3513 3185 abstulit.

251 3179 382 3242 suis,
405 3187 514 3234 etc.
539 3209 608 3218 —
629 3179 767 3247 Quia
802 3181 966 3250 tacito
1005 3183 1344 3254 cogitationis
1384 3193 1528 3240 motu
1550 3201 1833 3255 possumus
1863 3176 1904 3236 C

247 3286 352 3324 non
378 3269 648 3340 loquendo
668 3287 913 3342 peccare,
932 3281 986 3328 et
1001 3275 1064 3329 de
1087 3275 1244 3330 beato
1265 3275 1366 3332 Job
1392 3276 1596 3332 dictum
1622 3289 1704 3334 est
1719 3297 1821 3334 non

271 3463 3508 3493 “mw

1428 3622 1729 3703 LIBER
1789 3624 2263 3705 TERTIUS.

880 3919 1108 3976 CAPUT
1142 3920 1204 3976 ll.

312 4012 477 4070 \‘Eus.
523 4012 643 4068 1-3.
686 4008 913 4066 Factum
955 4021 1030 4067 est
1055 4030 1172 4067 cum
1198 4015 1427 4085 quadam
1466 4016 1550 4070 die
1575 4017 1831 4071 venissent

247 4103 338 4172 ﬁlii
382 4103 502 4169 Dei,
536 4111 585 4157 et
618 4102 917 4156 assisterent
952 4119 1130 4156 coram
1168 4103 1412 4170 Domino,
1456 4108 1671 4160 uenisset
1707 4125 1834 4178 quo-

247 4209 341 4261 que
376 4191 548 4248 Satan
580 4194 721 4246 inter
761 4207 870 4256 eos,
901 4202 948 4245 et
994 4203 1154 4247 staret
1191 4195 1245 4248 in
1290 4207 1559 4265 conspectu
1595 4198 1744 4267 ejus,
1776 4209 1831 4252 ut

245 4284 435 4338 diceret
454 4284 711 4338 Dominus
736 4285 804 4338 ad
818 4283 1018 4339 Satan:
1037 4285 1183 4340 Unde
1195 4289 1334 4341 venis
1351 4289 1376 4341 1’
1395 4287 1497 4353 Qui
1516 4290 1828 4359 respondens

245 4375 338 4438 ait,
389 4373 620 4430 Circuivi
669 4385 880 4440 terram,
917 4387 965 4430 et
1014 4377 1369 4446 perambulavi
1403 4395 1537 4432 eam.
1590 4378 1658 4433 Et
1693 4381 1826 4433 dixit

1935 3931 2093 3986 modo
2117 3945 2220 3986 non
2267 3929 2488 3986 frustra.
2529 3930 2664 3999 Quia
2695 3931 2836 3987 enim
2858 3929 3038 3999 justus
3063 3939 3146 3985 est
3174 3929 3341 3996 Deus,
3369 3933 3475 3989 ali

1935 4038 2061 4094 gere
2083 4022 2278 4078 frustra
2307 4039 2413 4078 non
2450 4031 2647 4094 potest.
2684 4022 2787 4076 Sed
2815 4037 3028 4076 rursum
3057 4021 3182 4091 quia
3206 4036 3371 4076 verax
3399 4031 3506 4087 est,

1933 4114 2092 4168 aliter
2113 4130 2218 4169 non
2243 4114 2419 4184 potuit
2447 4115 2645 4167 dixisse
2671 4127 2833 4180 quam
2874 4109 3022 4164 fecit.
3053 4109 3286 4165 Necesse
3311 4111 3508 4181 quippe

1933 4214 2072 4270 erat,
2121 4213 2179 4258 ut
2225 4213 2444 4258 sanctus
2473 4204 2555 4257 vir
2573 4203 2668 4257 soli
2700 4203 2811 4256 Deo
2840 4201 3050 4270 sibique
3079 4213 3260 4266 nouis,
3301 4211 3506 4271 quanta

1934 4295 2132 4347 virtute
2153 4293 2399 4363 polleret,
2427 4294 2492 4346 ad
2538 4292 2856 4346 imitandum
2886 4291 3092 4345 cunctis
3125 4291 3504 4346 iunotesceret.

1932 4384 2132 4454 Aperta
2180 4399 2414 4452 namque
2459 4381 2578 4436 aliis
2607 4381 2821 4435 virtutis
2850 4382 3095 4450 exempla
3127 4395 3231 4434 non
3255 4381 3428 4445 daret,
3460 4380 3507 4434 si

245 4466 505 4521 Dominus
556 4467 626 4521 ad
664 4465 832 4522 Satan
879 4481 896 4520 :
928 4466 1183 4539 Nunquid
1232 4470 1576 4524 considerasti
1621 4487 1825 4524 servum
1857 4475 1906 4534 D
1933 4473 2046 4542 ipse
2073 4473 2190 4528 sine
2214 4473 2509 4526 tentatione
2541 4479 2861 4527 remaneret.
2888 4471 3110 4526 Frustra
3139 4487 3268 4542 ergo
3288 4486 3508 4541 percus-

245 4575 415 4612 meum
439 4559 565 4624 Job,
595 4559 735 4630 quod
766 4575 866 4612 non
895 4561 962 4614 sit
998 4561 1045 4614 ei
1080 4559 1267 4614 similis
1308 4562 1363 4614 in
1399 4571 1562 4626 terra,
1597 4562 1673 4614 vir
1711 4561 1831 4615 sim-

244 4649 363 4717 plex
384 4659 433 4704 et
462 4660 650 4715 rectus,
673 4666 736 4703 ac
757 4650 942 4704 timens
968 4650 1137 4704 Deum
1167 4660 1214 4704 et
1241 4652 1482 4705 recedens
1509 4668 1540 4704 a
1568 4652 1708 4706 malo
1725 4652 1829 4705 1’—

245 4740 372 4797 Hzcc
403 4742 529 4812 quia
563 4742 726 4798 latius
751 4743 1002 4812 superius
1029 4743 1407 4810 disseruimus,
1429 4743 1624 4800 melius
1655 4754 1737 4800 est
1763 4753 1822 4799 ut

249 4833 460 4889 silendo
486 4843 894 4905 praetereamus.
928 4835 1184 4903 Quamvis
1217 4837 1360 4907 quod
1389 4838 1438 4892 ei
1469 4838 1667 4893 dicitur
1693 4839 1828 4894 unde

219 4927 385 4981 -cenis
408 4927 435 4980 .9
476 4941 580 4981 non
610 4938 672 4982 ut
719 4926 872 4996 prius
894 4927 1128 4994 dicatur,
1157 4945 1220 4984 ac
1247 4928 1291 4983 si
1317 4929 1460 4982 enim
1491 4930 1583 4984 Dei
1618 4946 1723 4985 vox
1747 4930 1827 4984 di-

244 5026 330 5072 cat
361 5036 375 5072 :
409 5018 548 5074 Ecce
593 5019 662 5074 ab
687 5034 818 5088 uno,
849 5025 904 5072 et
935 5018 986 5072 in
1045 5020 1257 5074 inﬁrma
1293 5035 1457 5075 carne
1500 5022 1678 5090 posito
1710 5021 1828 5074 vin-

244 5108 404 5172 ceris,
435 5109 522 5178 qui
565 5119 616 5165 te
663 5117 857 5165 contra
906 5124 991 5162 me
1030 5121 1304 5166 auctorem
1347 5113 1586 5165 omnium
1616 5112 1826 5182 erigere

247 5200 457 5232 ιδΛηῆπυῖο
533 5202 686 5232 ιτσιᾸΑ
734 5215 860 5232 mhi?
910 5199 1164 5232 “An-:nn-n
1198 5219 1317 5232 Λιιννι
1358 5204 1496 5232 'Innl:
1534 5204 1625 5232 In“
1661 5205 1796 5232 "n-\n

1931 4579 2024 4618 sus
2051 4572 2152 4625 est,
2198 4563 2282 4616 cui
2331 4563 2483 4631 culpa
2518 4562 2661 4616 nulla
2708 4561 2989 4627 reciditur,
3045 4572 3235 4617 etnon
3283 4562 3504 4626 frustra,

1929 4655 2016 4708 cui
2037 4654 2212 4708 virtus
2234 4654 2300 4708 ad
2323 4655 2572 4708 meritum
2605 4654 2928 4709 cumulatur.
2963 4653 3100 4720 Quid
3129 4662 3210 4707 est
3255 4653 3397 4722 quod
3425 4652 3507 4706 di-

1928 4748 2002 4802 cit
2032 4766 2044 4801 :
2071 4745 2404 4800 Commovisti
2429 4745 2825 4816 melNunquid
2857 4743 3070 4799 Satanie
3102 4745 3281 4799 verbis
3306 4743 3508 4798 veritas

1928 4837 1982 4891 in
2007 4837 2344 4892 subditorum
2367 4851 2586 4890 suorum
2609 4833 2940 4891 cruciatibus
2961 4833 3310 4890 accenditur?
3329 4832 3506 4886 Absit.

1929 4925 2036 4981 Sed
2066 4927 2189 4996 quia
2235 4941 2334 4980 nos
2377 4925 2541 4982 ferire
2570 4928 2672 4982 nisi
2699 4926 2952 4980 commoti
2984 4924 3254 4980 nescimus
3291 4923 3405 4991 ipsa
3427 4920 3508 4974 di-

1927 5017 2050 5070 vina
2082 5016 2362 5086 percussio
2382 5018 2675 5074 commotio
2699 5017 2918 5081 dicitur,
2942 5025 2997 5072 et
3017 5016 3084 5071 ad
3107 5023 3290 5069 nostra
3317 5009 3504 5073 verba,

1927 5107 2111 5164 divina
2140 5124 2273 5164 voce
2321 5109 2694 5175 descenditur,
2721 5117 2780 5161 ut
2821 5107 2938 5175 ejus
2985 5109 3183 5162 factum
3234 5110 3508 5167 utcunque

1929 5199 2174 5232 nnninlun-
2229 5197 2334 5232 Qad
2362 5199 2490 5232 ηιιῖη
2521 5203 2634 5232 ιιαηη
2663 5199 2768 5232 ἷιιηι
2801 5195 3082 5232 σιΙΙοι-πιιιῖιιρ
3109 5204 3264 5232 enm-2
3299 5188 3510 5232 dignus.
