4004 5340
503 432 604 488 η’]
665 462 672 466 -

1485 427 1542 482 8.
1584 421 1831 481 ODONIS
1864 415 2168 476 ABBATIS-
2189 408 2684 471 CLUNIACENSIS
2719 408 2763 465 ll

3650 395 3753 454 128

502 557 600 612 vit,
632 547 845 617 quando
877 547 928 600 in
974 544 1284 614 paradisum
1333 543 1567 612 primum
1599 541 1874 597 hominem
1903 552 1936 591 a
1964 534 2076 590 cul-
2103 534 2152 595 Α
2179 528 2418 597 ejusdem
2449 525 2666 582 Satanae
2709 535 2932 578 manum
2970 519 3023 574 in
3060 532 3119 574 se
3162 530 3351 572 stevtre
3385 511 3668 586 permisit?
3695 509 3755 565 Si

503 639 670 702 mitte,
696 638 945 709 justitize,
997 636 1372 691 inobedientize
1405 635 1579 705 culpa,
1618 632 1931 704 prostravit.
1962 629 2077 684 Nisi

503 730 648 786 enim
677 729 845 783 Adam
864 729 1072 796 primus
1097 725 1582 796 per‘voluntarium
1607 724 1798 778 vitium
1821 722 1876 776 in
1899 721 2077 774 anima

501 828 732 874 mortem
755 819 1026 879 traxisset,
1052 817 1224 871 Adam
1242 815 1510 872 secundus
1525 815 1642 869 sine
1665 813 1799 868 vitio
1823 812 1874 866 in
1897 810 2077 865 carnis

504 915 735 962 mortem
755 923 862 963 non
892 909 1102 962 veniret
1122 907 1506 962 voluntariam.
1531 906 1606 959 De
1626 919 1732 974 quo
1761 913 1816 958 et
1831 904 1966 960 bene
1986 903 2080 957 ade

502 998 645 1052 ditur
658 999 880 1068 frustra.
897 998 1122 1054 Frustra
1137 999 1335 1069 quippe
1352 997 1582 1052 aﬂlictus
1595 1005 1698 1062 est,
1712 996 1825 1065 qui,
1843 1003 1898 1049 et
1911 994 2080 1062 culpae

501 1088 706 1161 ultione
728 1105 949 1157 pressus
975 1097 1078 1154 est,
1094 1098 1147 1143 et
1166 1089 1337 1159 culpa:
1362 1087 1613 1158 contagio
1642 1086 1947 1155 inquinatus
1974 1099 2080 1137 non

500 1188 602 1233 est.
630 1179 768 1234 Hinc
789 1187 870 1234 est
893 1179 1035 1249 quod
1055 1177 1200 1233 Patri
1224 1178 1442 1249 quidam
1464 1177 1680 1247 sapiens
1713 1175 1876 1229 dicit:
1903 1192 1924 1226 ι
1945 1172 2080 1229 Cum

491 1271 579 1338 ,sis
599 1267 799 1338 justus,
820 1268 967 1339 juste
992 1270 1232 1339 disponis
1253 1267 1430 1323 omnia
1456 1266 1611 1338 (Sap.
1636 1281 1733 1332 xu,
1761 1264 1873 1335 15),
1903 1282 1923 1316 ι
1957 1278 2080 1318 eum

503 1376 717 1433 quoque
743 1362 834 1432 qui
874 1377 983 1417 non
1023 1363 1180 1418 debet
1204 1361 1383 1432 puniri
1414 1361 1758 1415 condemnas.
1788 1358 2042 1429 Sequitur
2068 1375 2081 1411 :

573 1454 740 1509 Vens.
780 1453 834 1508 4.
878 1453 1075 1508 Pellem
1123 1469 1216 1522 pro
1263 1450 1417 1522 pelle,
1461 1459 1510 1504 et
1557 1459 1745 1504 cuncta
1787 1465 1904 1519 qua:
1931 1447 2084 1500 liabet

504 1543 684 1609 homo,
711 1544 855 1598 dabit
889 1561 982 1614 pro
1021 1544 1199 1599 anima
1231 1559 1349 1596 sua.
1381 1572 1453 1582 —
1478 1540 1632 1612 Saepe
1664 1539 1808 1596 enim
1841 1540 1967 1594 dum
1996 1553 2086 1594 ve-

505 1634 625 1688 nire
653 1633 818 1690 ictum
869 1644 1057 1691 contra
1089 1633 1282 1689 faciem
1313 1633 1604 1698 cernimus,
1633 1646 1853 1685 manum
1898 1629 2085 1700 palpe-

501 1721 618 1779 bris
643 1727 983 1796 opponimus,
1033 1735 1092 1780 ut
1117 1726 1186 1780 ab
1236 1726 1347 1779 ictu
1395 1723 1580 1779 oculos
1631 1721 2002 1786 defendamus,
2035 1730 2089 1776 et

503 1828 700 1883 corpus
720 1815 930 1870 vulneri
956 1816 1264 1885 objicimus,
1283 1829 1350 1868 ne
1365 1813 1417 1867 in
1440 1827 1666 1882 corpore
1695 1811 1953 1866 teneriori
1976 1811 2087 1864 vul-

2179 622 2344 694 igitur
2393 626 2634 690 potestas
2673 615 2911 678 Satanae,
2951 611 3069 681 ejus
3095 607 3356 678 accipitur
3404 618 3614 667 manus,
3641 601 3760 668 ejus

2177 726 2372 766 manus
2428 708 2583 778 juxta
2642 718 2861 761 carnem
2917 699 3171 772 pertulit;
3223 696 3375 765 cujus
3436 700 3759 764 potestatem

2180 801 2424 872 corporis
2445 812 2614 869 usque
2641 796 2708 850 ad
2751 802 2929 865 sputa,
2957 790 3233 860 colaphos,
3259 784 3494 856 ﬂagella,
3515 794 3760 841 crucem,

2180 869 2533 960 lanceamque
2570 886 2838 944 toleravit.
2871 882 3026 940 Unde
3063 890 3119 936 et
3153 878 3330 934 Pilato
3357 873 3495 930 dixit
3532 891 3544 925 :
3585 890 3603 922 ι
3641 869 3764 925 Non

2182 985 2411 1039 haberes
2436 983 2489 1037 in
2519 996 2606 1036 me
2631 984 2980 1049 potestatem,
3021 973 3124 1029 nisi
3157 971 3252 1028 tibi
3285 971 3467 1024 datum
3489 971 3633 1020 esset
3664 961 3763 1014 de-

2182 1090 2362 1144 super.
2413 1072 2664 1127 Animam
2707 1083 2834 1124 vero
2887 1067 3003 1136 ejus
3045 1080 3200 1120 serva
3233 1061 3416 1132 (Joan.
3458 1052 3706 1122 xtx,ll).
3740 1069 3761 1103 ι

2182 1165 2298 1220 Non
2325 1179 2432 1235 quo
2471 1164 2614 1218 hanc
2641 1169 2849 1216 tentare
2872 1157 3205 1228 prohibetur,
3233 1151 3327 1206 sed
3347 1163 3454 1220 quo
3475 1147 3618 1211 hanc
3648 1151 3768 1196 ten-

2185 1264 2298 1310 tare
2327 1270 2431 1308 non
2473 1266 2632 1322 posse
2683 1248 3040 1305 convincitur.
3088 1244 3273 1315 Neque
3315 1240 3459 1297 enim
3499 1235 3639 1292 sicut
3665 1245 3768 1286 nos

2187 1346 2479 1402 tentatione
2527 1344 2896 1407 concutimur,
2939 1340 3012 1395 ita
3046 1333 3425 1404 Redemptoris
3453 1326 3625 1385 nostri
3650 1324 3770 1381 ani-

2187 1453 2273 1493 tna
2324 1436 2637 1492 lentationis
2686 1443 2770 1490 est
2831 1431 3154 1488 necessitate
3194 1427 3428 1482 turbata.
3473 1419 3688 1476 Etenim
3721 1416 3770 1472 si

2188 1527 2548 1582 tentationem
2596 1524 2837 1579 exterius
2883 1532 2968 1577 est
3004 1521 3255 1591 dignatus
3285 1515 3582 1584 suscipere,
3612 1525 3772 1565 mens

2187 1627 2369 1673 tamen
2391 1615 2509 1686 ejus
2539 1616 2780 1671 exterius
2802 1612 3100 1669 divinitatis
3122 1624 3232 1667 suae
3261 1608 3552 1672 inhmrcns,
3580 1603 3770 1656 incon-

2188 1725 2349 1766 cussa
2376 1707 2751 1780 permanebat.
2795 1707 2979 1761 Potest
3009 1691 3171 1759 etiam
3202 1699 3322 1771 ejus
3351 1697 3530 1752 anima
3569 1693 3772 1748 electo-

2188 1816 2308 1854 rum
2341 1799 2448 1853 vila
2479 1798 2701 1868 signari,
2751 1805 2806 1852 et
2843 1810 2964 1851 cum
2998 1793 3165 1848 Satan
3221 1790 3290 1846 ad
3316 1787 3616 1844 feriendam
3655 1782 3770 1837 Re-

501 1923 774 1964 neremur.
809 1907 975 1964 Satan
1004 1923 1132 1978 ergo
1158 1909 1272 1963 haec
1306 1919 1568 1961 censuere
1594 1905 1775 1960 sciens
1815 1903 1951 1968 ﬁeri,
1999 1903 2082 1958 di-
2116 1882 2158 1941 Β
2188 1890 2484 1960 (Ῐοηιρῑοΐίδ
2531 1903 2751 1944 ca"le
2793 1885 3147 1958 Ρεΐητῖιῑίιυτν
3169 1883 3236 1938 ab
3261 1880 3440 1935 anima
3465 1882 3769 1946 δθΡπθίίπο

503 1999 609 2055 cit:
637 1998 834 2054 Pellem
859 2016 952 2070 pro
982 1999 1133 2069 pelle.
1166 1997 1241 2053 Ac
1267 1999 1310 2053 si
1335 2006 1522 2067 aperte
1550 1996 1726 2052 dicat:
1753 1994 1959 2050 Idcirco
1983 1991 2085 2048 Job

505 2099 584 2146 tot
610 2100 762 2146 extra
799 2106 857 2146 se
885 2089 1092 2162 ﬂagella
1120 2088 1497 2159 aequanimiter
1517 2088 1742 2158 patitur,
1777 2088 1900 2158 quia
1927 2096 2087 2159 pavet

505 2196 574 2236 ne
607 2182 722 2252 ipse
742 2180 991 2236 feriatur.
1040 2179 1296 2249 Sequitur
1330 2196 1346 2232 :

581 2273 741 2328 Vens.
781 2273 835 2328 5.
879 2272 1030 2326 Mitte
1080 2287 1295 2326 nianum
1322 2279 1487 2336 tuoin,
1540 2279 1587 2325 et
1616 2278 1770 2340 tange
1803 2283 1860 2325 os
1893 2269 2008 2340 ejus
2037 2278 2086 2323 et

506 2381 737 2431 carnem,
768 2372 824 2420 et
849 2364 1077 2434 reliqua.
1109 2392 1172 2402 —
1223 2362 1483 2432 Superius
1513 2362 1662 2417 dixit.
1699 2361 2088 2433 Tangecuncta

504 2475 624 2528 quw
649 2458 895 2529 possidet,
925 2473 1067 2512 nunc
1096 2456 1248 2528 quasi
1301 2455 1500 2527 prioris
1543 2453 1927 2525 propositionis
1955 2452 2089 2508 obli-

508 2550 853 2617 tus,-l'ractus
879 2549 944 2604 de
971 2549 1110 2613 aliis,
1135 2549 1238 2603 alia
1262 2547 1521 2618 postulat.
1544 2545 1803 2601 Mvs'rtcs.
1826 2546 2090 2617 Malignus

507 2643 732 2713 spiritus
765 2641 1183 2711 Redemptorem
1236 2647 1482 2694 nostrum
1508 2637 1792 2692 miraculis.
1805 2651 2092 2692 coruscare

509 2737 872 2808 conspiciens,
903 2735 1102 2805 clamat
1133 2753 1145 2788 :
1191 2753 1211 2785 ι
1249 2732 1467 2788 Scimus
1491 2731 1616 2802 quia
1643 2731 1717 2786 sis
1745 2730 1976 2785 Sanctus
1997 2729 2088 2786 Dei

509 2826 708 2898 (Marc.
737 2841 779 2889 ι,
802 2824 916 2895 24).
949 2843 966 2876 ι
999 2823 1098 2890 Qui
1117 2824 1231 2878 haec
1257 2822 1464 2886 dicens,
1481 2818 1851 2891 cognoscendo
1873 2817 1968 2873 Dei
1997 2817 2089 2872 Fi-

505 2919 640 2973 lium
677 2916 1032 2987 pertimescit.
1063 2913 1170 2970 Sed
1205 2923 1389 2969 tamen
1435 2913 1544 2967 vim
1588 2925 1836 2982 superna:
1875 2909 2092 2981 pietatis

509 3009 795 3077 ignorans,
824 3020 1212 3074 nonnunquam
1261 3003 1385 3058 dum
1411 3001 1721 3074 passibilem
1765 3000 2089 3065 considerat,

507 3099 786 3154 hominem
829 3112 1024 3167 purum
1074 3104 1249 3167 putat.
1279 3093 1473 3149 Multos
1519 3099 1699 3148 autem
1725 3091 2092 3147 substantialis

510 3187 692 3258 specie
732 3187 786 3240 in
813 3185 1067 3256 pastorali
1093 3184 1300 3254 positos
1328 3183 1447 3237 loco
1489 3181 1778 3246 didicerat,
1802 3181 1928 3250 quia
1955 3196 1985 3234 a
2012 3179 2091 3234 vi-

515 3275 768 3332 secribus
810 3274 1094 3329 charitatis
1125 3273 1306 3339 alieni,
1338 3271 1494 3327 valde
1533 3287 1631 3342 pro
1655 3271 1878 3326 minimo
1917 3269 2090 3325 aliena

512 3368 709 3423 damna
734 3365 1050 3436 pensabant.
1077 3363 1230 3418 Hunc
1251 3378 1380 3434 ergo
1402 3362 1556 3433 quasi
1577 3377 1643 3417 ex
1672 3362 1778 3416 illis
1801 3360 2056 3431 colligens
2074 3401 2090 3426 ,

518 3459 649 3531 quia
679 3456 970 3514 subtractis
1001 3455 1185 3510 multis
1213 3456 1456 3527 superari
1500 3471 1606 3510 non
1637 3454 1786 3520 vidit,
1826 3469 1995 3523 usque
2027 3455 2100 3509 ad

513 3549 631 3620 ejus
649 3561 870 3602 carnem
915 3560 1012 3616 per
1040 3553 1240 3600 tactum
1276 3543 1546 3615 passionis
1571 3543 1796 3610 exarsit,
1834 3543 1982 3598 velut
2011 3543 2095 3597 di-

513 3649 664 3696 ceret
693 3656 708 3696 :
748 3637 946 3693 Pellem
975 3654 1070 3708 pro
1099 3635 1252 3706 pelle,
1279 3644 1334 3692 et
1361 3637 1588 3707 reliqua.
1632 3638 1711 3692 Ac
1734 3638 1778 3693 si
1807 3645 1993 3708 aperte
2018 3637 2096 3692 dio

511 3741 631 3787 cat:
657 3730 860 3786 Moveri
883 3729 1056 3784 dehis
1080 3743 1199 3799 quae
1223 3738 1374 3784 extra
1407 3743 1465 3784 se
1492 3738 1640 3794 sunt,
1665 3729 1969 3802 negligant;
2003 3729 2099 3784 sed

514 3831 644 3877 tunc
683 3819 956 3876 veraciter
997 3819 1090 3889 qui
1137 3819 1208 3874 sit
1231 3819 1564 3890 agnoscitur,
1593 3819 1637 3874 si
1675 3820 1729 3874 in
1753 3820 1931 3889 seipse
1957 3821 2098 3889 quod

513 3911 696 3968 doleat
720 3910 1019 3981 experitur.
1047 3909 1173 3964 llaec
1217 3923 1317 3978 per
1355 3907 1610 3964 se-Satan
1638 3923 1760 3963 cum
1793 3908 1908 3964 ﬁeri
1937 3924 2098 3978 appe-

515 4002 602 4066 tit,
634 4015 738 4056 non
763 3999 966 4064 verbis,
997 3999 1091 4053 sed
1119 3997 1426 4062 desideriis,
1467 3998 1618 4051 dixit.
1662 3997 1788 4053 Haac
1808 4014 1905 4067 per
1931 4014 2098 4052 mem-

515 4090 614 4144 bra
660 4104 758 4144 sua
788 4097 843 4143 et
871 4087 1052 4143 verbis
1095 4093 1150 4142 et
1177 4085 1464 4142 desideriis
1499 4085 1697 4140 intulit.
1744 4086 1863 4157 Ipse
1903 4088 2099 4157 quippe

515 4179 776 4250 loquitur,
830 4194 950 4234 cum
977 4177 1132 4248 juxta
1162 4179 1438 4249 prophetae
1469 4191 1655 4232 vocem
1685 4177 1802 4247 ejus
1839 4193 2099 4247 sequaces

518 4271 708 4324 dicunt
759 4285 771 4323 :
833 4287 850 4321 ι
887 4269 1165 4324 Mittamus
1184 4268 1388 4340 lignum
1417 4268 1470 4323 in
1509 4283 1702 4340 panem
1733 4266 1848 4337 ejus
1878 4268 2095 4340 (Jerem.

518 4380 596 4430 xl,
621 4365 726 4434 19).
756 4383 775 4417 ι
806 4364 1101 4434 Sequitur:

605 4455 756 4510 visas.
781 4455 835 4510 6.
860 4455 994 4510 Ecce
1015 4457 1068 4510 in
1083 4473 1241 4512 manu
1263 4466 1354 4511 tua
1371 4466 1467 4521 est,
1493 4465 1846 4511 verumtamen
1867 4455 2099 4508 animum

519 4546 633 4615 ejus
659 4563 826 4601 serva.
855 4578 926 4587 —
952 4547 1128 4603 Manui
1176 4549 1359 4618 itaque
1412 4548 1708 4601 adversarii
1753 4555 1974 4602 sanctus
2018 4548 2102 4601 vir

519 4637 770 4703 traditur,
817 4638 910 4693 sed
942 4648 1118 4694 tamen
1153 4640 1204 4694 in
1252 4639 1458 4695 intimis
1496 4639 1761 4708 adjutoris
1801 4639 1884 4692 sui
1937 4653 2101 4692 manu

519 4731 802 4786 retinetur.
839 4733 912 4788 De
938 4733 1044 4789 illis
1067 4734 1265 4804 quippe
1295 4733 1486 4788 ovibus
1508 4739 1645 4797 erat,
1679 4732 1744 4786 de
1773 4731 1967 4801 quibus
1997 4731 2104 4786 Ve-

519 4825 656 4880 ritas
681 4826 812 4881 dicit
839 4844 852 4880 :
882 4845 900 4878 ι
929 4825 1045 4900 Non
1068 4828 1240 4899 rapiet
1265 4842 1356 4882 eas
1376 4826 1661 4896 quisquam
1689 4824 1756 4878 de
1787 4839 1949 4878 manu
1980 4836 2096 4877 mea

521 4917 704 4987 (Joan.
733 4933 791 4984 χ,
833 4918 950 4990 28).
979 4905 1014 4973 ι’
1047 4920 1117 4976 Ει
1165 4931 1342 4974 tamen
1373 4918 1642 4989 expetenti
1687 4916 1828 4971 hosti
1861 4915 2094 4971 dicitur:

523 5005 659 5062 Ecce
709 5011 766 5062 in
795 5026 956 5062 manu
985 5020 1075 5062 tua
1125 5022 1220 5062 est.
1262 5009 1434 5062 Isdem
1485 5023 1613 5062 eruo
1671 5008 1722 5061 in
1770 5021 1930 5060 manu
1977 5003 2094 5062 Dei.

2185 1983 2319 2050 Quia
2345 1997 2469 2038 cum
2503 1994 2699 2051 corpus
2729 1979 2846 2050 ejus
2869 1979 2935 2032 ad
2971 1977 3278 2046 passionem
3311 1971 3528 2040 accipit,
3568 1967 3777 2021 electos

2185 2072 2300 2143 ejus
2323 2089 2353 2128 a
2373 2072 2496 2144 jure
2524 2087 2634 2128 suae
2673 2068 2956 2142 potestatis
2985 2066 3207 2122 amittit.
3235 2063 3479 2131 Cumque
3507 2059 3650 2113 illius
3681 2070 3772 2111 ca-

2186 2156 2249 2221 ro
2277 2180 2376 2235 per
2401 2179 2618 2220 crucem
2669 2163 2919 2226 moritur,
2967 2160 3158 2216 horum
3194 2170 3348 2213 mens
3390 2162 3576 2210 contra
3607 2158 3776 2205 testa-

2186 2264 2366 2311 menta
2393 2255 2676 2310 solidatur.
2699 2251 2987 2322 Sequitur:

2258 2344 2423 2402 Vsus.
2449 2344 2499 2398 7.
2530 2344 2782 2414 Egressus
2807 2341 2978 2397 Satan
3007 2358 3038 2393 a
3067 2339 3201 2408 facie
3216 2335 3449 2391 Domini.
3471 2363 3542 2374 —
3563 2329 3776 2401 Saepius

2189 2435 2304 2490 haec
2329 2441 2457 2489 sunt
2478 2433 2725 2502 superius
2746 2431 2910 2487 dicta.
2940 2428 3208 2484 Percussit
3226 2426 3328 2481 Job
3343 2425 3514 2479 ulcere
3526 2423 3776 2493 pessimo.

2189 2543 2222 2580 a
2246 2525 2425 2594 planta
2456 2525 2601 2594 pedis
2631 2539 2792 2594 usque
2821 2523 2888 2576 ad
2923 2522 3162 2575 verticem
3190 2519 3324 2589 ejus.
3353 2549 3422 2558 —
3445 2515 3601 2584 Saepe
3628 2513 3778 2568 enim

2192 2617 2361 2672 multa
2408 2615 2614 2686 ﬂagella
2646 2630 2710 2669 ex
2742 2613 3023 2686 qualitate,
3060 2613 3105 2667 si
3138 2610 3390 2666 videlicet
3433 2623 3559 2664 cum
3601 2606 3776 2661 multa

2192 2716 2341 2772 sunt,
2371 2721 2477 2760 non
2506 2706 2614 2760 sint
2644 2703 2851 2776 gravia,
2884 2711 2939 2758 et
2969 2717 3109 2772 szepe
3143 2700 3326 2772 gravia
3354 2713 3421 2753 ex
3448 2695 3775 2767 quantitate,

2193 2797 2238 2852 si
2273 2812 2379 2852 non
2429 2797 2537 2852 sint
2574 2795 2766 2860 multa,
2797 2793 3118 2862 levigantur.
3160 2789 3520 2844 Adversarius
3561 2800 3694 2841 vero
3721 2785 3776 2838 in

2171 2894 2438 2954 sanctum
2468 2884 2644 2939 virum
2679 2899 2782 2939 non
2813 2883 2984 2937 solum
3015 2897 3112 2952 per
3143 2879 3467 2950 nequitiam,
3497 2874 3778 2947 qualitatis

2194 2986 2253 3032 ut
2281 2976 2440 3031 illud:
2467 2973 2729 3029 Percussit
2754 2973 2854 3028 Job
2891 2973 3059 3026 ulcere
3085 2971 3343 3041 pessimo;
3366 2969 3461 3024 sed
3491 2967 3658 3023 etiam
3682 2980 3778 3036 per

2196 3069 2406 3138 pondus
2455 3067 2776 3138 quantitatis
2803 3065 3030 3129 exarsit,
3056 3073 3114 3116 ut
3136 3062 3266 3118 illud
3300 3081 3312 3115 :
3348 3063 3387 3112 Α
3419 3060 3600 3130 planta
3630 3056 3776 3128 pedis

2194 3177 2357 3230 usque
2407 3159 2476 3212 ad
2532 3158 2771 3213 verticem
2830 3156 2965 3225 ejus.
3001 3155 3261 3210 MYSTICE.
3301 3151 3508 3221 Corpus
3561 3146 3780 3203 Domini

2119 3230 2164 3291 (ἶ
2195 3265 2384 3307 omnes
2428 3259 2554 3304 sunt
2581 3248 2760 3303 electi.
2803 3248 2886 3301 Ab
2935 3247 3052 3315 ipso
3099 3246 3280 3314 itaque
3313 3241 3496 3298 mundi
3553 3237 3778 3294 exordio

2199 3341 2575 3410 Redemptoris
2620 3340 2792 3395 nostri
2845 3354 3042 3409 corpus
3065 3350 3377 3407 expugnare
3417 3341 3650 3389 conatus
3673 3337 3776 3385 est.

2195 3435 2239 3487 A
2267 3434 2449 3503 planta
2476 3446 2604 3502 ergo
2629 3431 2782 3502 pedis
2818 3445 2986 3499 usque
3023 3431 3092 3484 ad
3113 3429 3370 3484 verticem
3411 3424 3606 3480 vulnus
3637 3423 3784 3478 intu-

2203 3525 2266 3580 lit
2292 3526 2383 3595 qui
2414 3538 2443 3577 a
2470 3524 2620 3593 puris
2649 3523 2958 3579 hominibus
2991 3523 3272 3587 inchoans,
3310 3532 3481 3588 usque
3514 3517 3582 3572 ad
3606 3518 3780 3586 ipsum

2198 3625 2357 3687 caput
2409 3615 2666 3672 Ecclesia:
2718 3614 2990 3670 saeviendo
3050 3614 3316 3684 pervenit.
3367 3609 3555 3665 Nullus
3601 3610 3788 3677 itaque

2197 3711 2491 3766 electorum
2529 3709 2582 3764 in
2607 3709 2710 3765 hac
2734 3708 2843 3762 vita
2877 3707 3025 3762 venit
3047 3707 3135 3776 qui
3164 3721 3270 3761 non
3295 3702 3454 3772 hujus
3485 3700 3662 3756 hostis
3685 3699 3782 3753 ad-

2198 3816 2353 3856 versa
2378 3801 2649 3856 sustinuit.
2685 3799 3026 3852 Monum-2n.
3081 3795 3172 3852 Sic
3217 3811 3315 3851 nos
3355 3793 3552 3864 quippe
3603 3790 3785 3846 divina

2199 3891 2371 3960 pietas
2399 3889 2621 3953 deserit,
2649 3897 2707 3941 ut
2740 3886 3040 3942 deserendo
3071 3885 3360 3940 custodiat.
3391 3882 3481 3938 Sic
3507 3879 3778 3945 custodit,

2200 3991 2259 4036 ut
2288 3990 2465 4035 tamen.
2507 3980 2771 4050 permisso
2822 3976 3133 4031 lentationis
3163 3974 3408 4036 articulo,
3457 3981 3660 4029 statum
3691 3984 3784 4024 no-

2199 4073 2283 4128 bis
2305 4080 2503 4126 nostra:
2545 4071 2877 4125 inﬁrmitatis
2921 4069 3194 4124 ostendat.
3225 4068 3270 4121 A
3298 4066 3481 4136 planta
3506 4080 3606 4118 nos
3637 4061 3784 4133 pedis

2203 4181 2371 4234 usque
2399 4164 2467 4218 ad
2511 4163 2769 4217 verticem
2812 4161 2984 4217 hostis
3023 4160 3291 4224 vulnerat,
3349 4158 3475 4228 quia
3526 4155 3784 4210 nimirum

2202 4273 2322 4312 cum
2359 4251 2634 4311 licentiam
2668 4253 2918 4324 percipit,
2945 4268 2975 4306 a
3022 4251 3259 4306 minimis
3304 4249 3587 4320 incipiens,
3614 4259 3786 4316 usque

2203 4348 2268 4401 ad
2306 4347 2507 4419 majora
2531 4346 2792 4416 pervenit.
2826 4345 2925 4412 Qui
2957 4359 3152 4414 corpus
3186 4342 3410 4406 lacerat,
3443 4340 3536 4395 sed
3560 4338 3628 4393 ad
3671 4338 3786 4392 ani-

2205 4455 2350 4494 mam
2391 4455 2495 4494 non
2527 4439 2792 4508 pervenit,
2836 4451 2957 4490 cum
3012 4435 3220 4489 cunctis
3260 4432 3676 4504 cogitationibus
3708 4430 3788 4484 in-

2207 4532 2393 4597 terior,
2419 4531 2561 4586 inter
2601 4531 2716 4599 ipsa
2759 4527 2981 4582 vulnera
3008 4525 3423 4580 delcctationum
3461 4538 3582 4592 qua:
3623 4519 3787 4575 susci-

2206 4622 2308 4692 pit,
2345 4621 2530 4677 arcani
2581 4619 2839 4690 propositi
2878 4617 3104 4676 intentio
3155 4617 3380 4680 resistit,
3436 4621 3496 4667 ut
3538 4611 3786 4684 quamvis

2207 4713 2496 4768 delectatio
2546 4720 2782 4767 mentem
2824 4710 3100 4773 mordeat,
3159 4705 3546 4762 deliberatione
3605 4713 3786 4757 tamen

2204 4813 2407 4858 sanctae
2457 4801 2797 4857 rectitudinis
2841 4815 3011 4868 usque
3047 4799 3116 4853 ad
3173 4808 3496 4854 consensum
3550 4795 3786 4849 molliter

2208 4913 2314 4952 non
2343 4895 2602 4951 inﬂectat.
2638 4894 2893 4964 Sequitur
2929 4911 2942 4947 :

2283 4989 2448 5045 Vens.
2478 4988 2532 5042 8.
2570 4985 2672 5050 Qui
2713 4995 2843 5039 testa
2881 4985 3081 5039 saniem
3109 4982 3347 5048 radebat,
3373 4980 3554 5036 sedens
3579 4983 3634 5032 in
3655 4988 3784 5033 ster-
