4004 5340
229 307 328 359 1⁸29

976 313 1274 375 ΕΡΙΤΟΜΕ
1309 315 1678 377 MOBALIUM
1715 319 1773 378 S.
1814 319 2023 378 GliEG.
2064 321 2132 376 IN
2170 321 2310 378 108.
2351 353 2420 363 —
2461 323 2584 379 UB.
2628 324 2717 379 ιιι.

3383 327 3487 383 150

222 423 407 496 elegit.
429 424 642 484 Idcirco
674 425 870 499 quippe
897 441 997 485 nos
1022 429 1101 486 sic
1124 432 1325 502 premit
1346 432 1401 486 in
1423 431 1647 499 infimis,
1675 431 1804 503 quia
1834 437 1885 498 Α
1909 432 2191 502 victusque
2221 435 2288 490 ad
2332 433 2545 490 subtilia
2571 434 2811 490 tentandi
2844 447 3160 507 argumenta
3209 440 3487 494 converti-

223 517 373 573 videt
415 518 689 588 quomodo
730 530 1039 576 remuneret
1098 523 1152 577 in
1196 525 1442 579 summis.
1499 524 1636 580 llinc
1675 539 1804 593 ergo

222 612 602 682 unusquisque
646 612 883 680 colligat,
940 614 1069 683 quid
1112 615 1222 672 illic
1274 617 1382 672 sint
1423 618 1634 686 passuri
1669 632 1807 687 quos

222 703 504 772 reprobat,
531 704 576 758 si
615 704 702 758 hic
724 704 803 759 sic
824 707 1031 760 cruciat
1051 722 1188 777 quos
1209 709 1387 763 amat?
1418 709 1632 764 TYPICE.
1668 709 1805 777 Quid

228 793 376 848 aliud
409 794 465 848 in
517 810 678 850 manu
716 796 927 851 Domini
949 806 1034 852 est
1056 806 1213 863 testa,
1239 799 1342 854 nisi
1370 815 1496 855 caro
1523 816 1588 855 ex
1609 810 1807 855 nostra;

221 885 545 941 substantia:
563 886 676 941 luto
700 889 1182 958 sumpta?Etenim
1215 899 1351 946 testa
1379 892 1500 960 igne
1523 891 1805 956 solidatur,

222 988 278 1034 et
298 993 430 1033 caro
461 979 670 1034 Domini
721 995 818 1049 per
847 981 1153 1050 passionem
1187 982 1464 1038 robustior
1486 985 1718 1049 exstitit,
1751 993 1808 1039 ut

222 1071 353 1125 illud
397 1070 682 1140 Propheta:
730 1089 744 1125 :
798 1090 818 1123 ί
882 1071 1039 1128 Aruit
1082 1074 1229 1129 velut
1286 1083 1424 1130 testa
1468 1076 1638 1132 virtus
1685 1093 1806 1132 mea

221 1158 397 1231 (Psal.
425 1177 540 1228 nt,
569 1161 680 1231 16).
725 1183 743 1215 ι
773 1162 967 1219 Sanies
1011 1165 1193 1235 itaque
1218 1167 1448 1236 putredo
1477 1177 1558 1223 est
1590 1169 1807 1240 sangui-

219 1253 324 1315 nis,
358 1262 415 1308 et
452 1266 674 1324 peccata
720 1257 924 1321 carnis,
956 1273 1022 1311 ex
1049 1257 1206 1328 longa
1245 1269 1518 1316 vetustate
1538 1260 1694 1332 pejor
1721 1277 1808 1317 sa-

221 1345 338 1400 nies
364 1356 470 1400 est.
505 1346 711 1402 Vulnus
755 1348 938 1418 itaque
968 1351 1019 1404 in
1049 1351 1258 1405 saniem
1285 1353 1540 1417 vertitur,
1565 1367 1686 1407 cum
1713 1369 1808 1408 ne-

221 1436 397 1507 glecta
428 1438 588 1508 culpa
619 1455 716 1495 usu
763 1441 1004 1497 deterius
1045 1453 1318 1510 gravatur.
1356 1445 1680 1515 Redemptor
1709 1449 1807 1502 ita-

222 1542 326 1598 que
370 1536 557 1584 uoster
581 1545 778 1600 corpus
807 1545 964 1585 suum
996 1532 1047 1586 in
1091 1534 1341 1589 manibus
1365 1537 1804 1606 persequentium

221 1619 464 1685 tradens,
486 1622 696 1676 saniem
715 1631 850 1678 testa
876 1625 1028 1690 rasit,
1049 1625 1175 1695 quia
1198 1637 1418 1694 peccata
1437 1638 1620 1684 nostra
1643 1645 1809 1686 carne

222 1726 318 1768 sua
353 1711 572 1767 delevit.
610 1712 793 1780 Venit,
835 1725 895 1770 ut
930 1718 1189 1786 scriptum
1223 1727 1324 1785 est,
1361 1738 1380 1770 t
1417 1721 1470 1774 in
1501 1722 1809 1778 similitudi-

1908 531 2015 578 tur.
2048 523 2154 579 Cor
2179 525 2340 592 igitur
2375 526 2616 582 mulieris
2667 526 2859 592 tenuit,
2890 534 2944 582 et
2969 527 3124 596 quasi
3153 527 3353 583 scalam
3384 544 3492 598 qua

1909 615 1976 668 ad
2021 632 2116 670 cor
2141 616 2240 669 viri
2273 617 2568 672 ascendere
2599 618 2896 686 potuisset,
2946 618 3167 683 invenit,
3209 620 3301 674 sed
3355 621 3492 677 nihil

1911 706 2012 760 hac
2037 716 2156 760 arte
2176 707 2474 776 praevaluit.
2503 707 2638 762 Cum
2669 708 2812 763 enim
2843 723 2936 762 cor
2971 718 3214 764 nostrum
3239 711 3494 780 antiquus

1909 798 2083 851 hostis
2109 813 2202 851 sua
2230 800 2581 868 persuasione
2605 813 2710 853 non
2739 798 2972 862 subruit,
3000 799 3066 852 ad
3092 800 3196 855 hoc
3231 800 3492 854 nimirum

1907 903 2006 958 per
2037 889 2244 959 linguas
2289 891 2680 945 atlhzerentium
2710 891 2975 960 subrepit.
3010 890 3147 946 Hinc
3181 893 3325 947 enim
3352 894 3494 948 scri-

1907 989 2058 1046 ptum
2089 987 2190 1032 est.
2232 995 2250 1028 ι
2280 979 2323 1031 Α
2360 979 2487 1034 filiis
2531 979 2638 1033 tuis
2684 993 2834 1042 cave,
2867 988 2923 1034 et
2957 995 2988 1033 a
3025 981 3338 1036 domesticis
3388 983 3496 1036 tuis
3581 971 3586 980 ’

1909 1072 2125 1126 attende
2179 1070 2372 1139 (Eccli.
2419 1087 2596 1136 xxxii,
2627 1071 2737 1140 26).
2775 1090 2792 1121 ι
2826 1071 2891 1125 Et
2930 1087 3145 1126 rursum
3178 1090 3190 1126 :
3231 1093 3250 1122 σ
3285 1071 3498 1129 Inimici

1911 1161 2144 1216 hominis
2187 1161 2469 1217 domestici
2512 1159 2630 1229 ejus
2669 1160 2886 1229 (Matth.
2913 1178 2970 1226 ιι,
3019 1163 3133 1233 56).
3170 1181 3189 1214 ι
3231 1163 3492 1219 Μιετιεε.

1909 1251 2073 1319 Cujus
2101 1252 2336 1318 speciem
2379 1251 2520 1306 male
2557 1253 2890 1320 persuadens
2925 1252 3120 1308 mulier
3143 1255 3344 1319 renuit,
3391 1257 3497 1312 nisi

1909 1341 2271 1410 quorumlibet
2317 1342 2621 1396 carnalium
2647 1343 2700 1396 iu
2725 1342 2979 1398 Ecclesiae
3017 1343 3136 1398 sinu
3162 1346 3500 1413 positorum?

1911 1431 2012 1497 Qui
2048 1447 2158 1501 quo
2193 1432 2373 1486 verbis
2405 1431 2665 1500 professae
2711 1431 2835 1486 fidei
2866 1433 3010 1487 intus
3039 1443 3183 1498 sunt,
3234 1449 3298 1490 eo
3324 1433 3497 1492 bonos

1912 1521 2230 1577 incorrectis
2277 1523 2392 1577 suis
2436 1523 2677 1578 moribus
2729 1522 2881 1591 pejus
2927 1533 3202 1593 premunt.
3257 1523 3500 1580 Suadent

1913 1627 2148 1681 namque
2186 1628 2284 1667 nos
2316 1612 2608 1682 aliquando
2643 1614 2844 1678 verbis,
2902 1598 3192 1685 aliquando
3235 1617 3496 1686 exemplis

1912 1704 2160 1760 illiciunt.
2193 1705 2299 1759 Sed
2329 1705 2431 1759 hoc
2477 1705 2650 1774 ipsum
2681 1705 2972 1772 aliquando
3011 1717 3181 1774 metu,
3205 1707 3496 1777 aliquando

221 1819 346 1859 nem
385 1804 569 1859 carnis
608 1807 814 1876 peccati
861 1806 1037 1878 (nam.
1068 1825 1144 1874 γι,
1175 1809 1251 1880 5),
1315 1829 1333 1862 ,
1367 1819 1428 1865 ιη
1479 1813 1545 1868 de
1585 1825 1808 1884 peccato
1839 1786 1886 1846 Β
1915 1813 2048 1854 vero
2078 1799 2304 1854 audacia
2355 1813 2518 1864 agere
2571 1798 2887 1854 moliuntur.
2927 1799 3169 1867 Quorum
3222 1800 3415 1856 Petrus
3441 1809 3498 1856 et

222 1896 506 1951 damnaret
531 1907 833 1967 peccatum.
868 1899 1034 1954 Testa
1058 1916 1191 1972 ergo
1214 1903 1404 1958 sanies
1432 1904 1662 1972 raditur,
1686 1920 1810 1962 cum

218 1999 391 2041 carne
422 1986 579 2055 culpa
617 1996 929 2057 superatur.
958 1988 1061 2055 Qui
1095 2007 1199 2046 non
1231 1992 1284 2045 in
1311 1993 1540 2048 foroubi
1578 1995 1662 2050 lex
1689 2011 1814 2065 per-

223 2078 439 2147 strepit,
471 2079 570 2134 sed
621 2079 675 2134 in
704 2080 1045 2149 sterquilinio
1096 2082 1330 2145 residet;
1358 2085 1494 2154 quia
1521 2095 1812 2143 attestante

217 2167 391 2225 Paulo
425 2183 440 2222 :
478 2187 497 2220 t
536 2169 758 2226 inﬁrma
788 2173 973 2227 mundi
1019 2173 1200 2243 elegit,
1223 2184 1283 2229 ut
1309 2175 1666 2232 confunderet
1703 2177 1814 2234 for-

218 2259 296 2314 tia
321 2260 371 2331 (Ι
399 2260 524 2316 Cor.
548 2278 590 2327 ι,
623 2263 734 2333 17).
770 2283 790 2317 ι
821 2264 962 2320 Ecce
987 2266 1176 2324 dolens
1198 2269 1612 2341 in-stcrquilinio
1636 2274 1808 2341 sedet,

217 2352 349 2422 quia
379 2360 502 2422 post
527 2363 866 2424 perpetralas
891 2357 1080 2428 culpas
1100 2359 1333 2416 libenter
1353 2363 1522 2418 corda
1539 2365 1808 2433 poeniten-

219 2445 358 2500 tium
382 2445 641 2514 possidet.
660 2445 764 2513 Qui
785 2447 912 2502 dum
945 2449 1082 2505 mala
1110 2466 1206 2506 sua
1228 2450 1406 2507 flendo
1435 2456 1807 2522 considerant,

219 2537 378 2606 quasi
405 2548 531 2592 ante
577 2551 636 2592 se
666 2545 908 2592 stercora
947 2555 1069 2596 sese
1119 2541 1422 2611 abjiciendo
1461 2558 1808 2603 coacervant.

222 2627 838 2699 Bndeperprophetam
865 2630 1104 2685 dicitur:
1136 2651 1154 2684 ι
1189 2633 1271 2688 Ad
1304 2650 1463 2704 quem
1495 2637 1807 2706 respiciam,

220 2719 326 2776 nisi
353 2720 423 2775 ad
449 2720 707 2774 humilem
755 2730 812 2775 et
853 2721 1132 2791 quietum?
1160 2743 1177 2775 ι
1219 2723 1353 2795 (Isa.
1383 2741 1529 2791 vat,
1555 2726 1634 2796 2.)
1665 2726 1807 2794 Quo-

220 2813 356 2868 tidie
373 2813 537 2868 etiam
583 2829 729 2868 nunc
764 2829 935 2884 usque
966 2829 1218 2884 perversa
1264 2817 1480 2883 tolerat,
1517 2835 1638 2873 cum
1665 2835 1693 2873 a
1719 2835 1808 2874 rc-

219 2903 411 2973 probis
440 2903 556 2972 ejus
585 2902 744 2957 electi
793 2901 1122 2958 lacerantur.
1153 2904 1341 2962 Pravis
1381 2908 1524 2962 enim
1568 2909 1810 2964 moribus

218 2992 280 3048 in
327 2992 567 3049 Ecclesia
613 2993 993 3062 Redemptoris
1021 2997 1184 3052 vitam
1241 2999 1392 3053 multi
1430 3001 1805 3071 insequuntur,

217 3098 332 3138 non
362 3084 574 3154 gladiis,
618 3086 712 3140 sed
753 3088 912 3144 malis
938 3088 1169 3144 actibus.
1212 3089 1312 3156 Qui
1344 3105 1448 3144 non
1487 3091 1658 3146 solum
1684 3108 1804 3163 pra-

1915 1888 2123 1944 Sarvia:
2167 1885 2311 1944 filius
2341 1889 2576 1960 speciem
2616 1896 2928 1944 tenuerunt.
2966 1890 3058 1945 Ille
3086 1890 3337 1947 videlicet
3372 1907 3498 1961 pas-

1911 1986 2062 2041 sione
2086 1983 2366 2038 Dominum
2390 1983 2748 2052 prohibendo,
2790 1982 2879 2038 hic
2928 1997 3057 2038 vero
3088 1983 3497 2040 maledicentem

1911 2077 2022 2143 regi
2053 2076 2399 2145 exstinguere
2420 2074 2664 2144 cupiens.
2690 2073 2798 2129 Sed
2832 2072 2986 2130 valde
3009 2073 3309 2130 deteriores
3345 2081 3495 2142 sunt,

1911 2170 2004 2239 qui
2031 2169 2160 2224 huic
2196 2168 2368 2238 culpa:
2389 2184 2495 2222 non
2529 2167 2818 2222 formidine
2847 2169 2943 2222 sed
2987 2165 3222 2222 elatione
3241 2181 3495 2223 succum-

1910 2260 2062 2315 bunt.
2118 2257 2461 2313 Mouau'rsu.
2498 2257 2644 2331 Uxor
2669 2272 2905 2326 namque
2934 2257 3078 2312 male
3129 2256 3382 2323 suadens,
3413 2266 3498 2312 est

1910 2349 2144 2406 carnalis
2188 2347 2448 2418 cogitatio
2478 2355 2714 2431 mentem
2757 2348 3056 2404 lacescens.
3087 2348 3241 2418 Saepe
3274 2350 3417 2405 enim
3440 2359 3498 2406 et

1909 2444 2045 2498 foris
2066 2443 2291 2513 ﬂagellis
2316 2445 2625 2509 atterimur,
2659 2453 2715 2500 et
2749 2445 2894 2499 intus
2923 2445 3128 2500 carnali
3153 2448 3499 2517 suggestione

1909 2534 2222 2604 fatigamur.
2263 2532 2403 2587 Hinc
2437 2531 2704 2588 Jeremias
2745 2534 2824 2588 ait
2888 2551 2902 2589 :
2979 2553 2998 2586 ι
3038 2534 3194 2591 Foris
3238 2536 3498 2592 interficit

1910 2625 2138 2696 gladius,
2185 2635 2241 2679 et
2267 2624 2411 2680 domi
2441 2640 2588 2680 mors
2635 2625 2828 2681 similis
2857 2634 2942 2682 est
2971 2625 3192 2698 (Thren.
3238 2642 3279 2693 ι,
3315 2627 3433 2696 20).
3469 2647 3490 2681 ι

1911 2715 2019 2771 Sed
2051 2716 2164 2771 haec
2190 2715 2350 2770 aliter
2374 2723 2606 2787 aguntur
2642 2730 2673 2770 a
2703 2717 2949 2788 reprobis
2967 2759 2983 2784 ,
3008 2717 3170 2772 aliter
3194 2719 3261 2774 ab
3281 2717 3488 2774 electis.

1909 2807 2128 2862 lllorum
2156 2821 2390 2877 namque
2432 2807 2593 2862 corda
2618 2807 2690 2862 ita
2718 2815 2995 2863 tentantur
3023 2815 3082 2862 ut
3110 2809 3486 2876 consentiant;

1910 2899 2138 2954 istorum
2163 2913 2271 2953 non
2320 2898 2650 2954 tentationes
2669 2897 2886 2969 quidem
2935 2898 3257 2969 suscipiunt,
3284 2900 3381 2956 sed
3407 2915 3496 2958 re-

1911 2997 2167 3060 pugnant.
2201 2987 2460 3056 Sequitur
2483 3005 2496 3042 :

1985 3079 2146 3135 Vsus.
2176 3079 2260 3134 10.
2287 3078 2626 3149 Respondent
2649 3087 2824 3135 autem
2849 3079 2952 3136 Job
2984 3082 3118 3136 dixit
3151 3099 3170 3138 :
3198 3081 3362 3149 Quasi
3390 3100 3500 3139 una

219 3191 302 3232 ne
327 3178 528 3232 actioni
563 3179 772 3250 scipsos
809 3181 1070 3247 inferunt,
1101 3183 1192 3236 sed
1234 3184 1393 3237 etiam
1429 3143 1808 3250 justorumrre-
1835 3143 1880 3204 C
1911 3172 1975 3224 de
2003 3169 2177 3226 ³¹υ¹¹ί³
2200 3170 2503 3225 muneribus
2526 3170 2806 3244 locum.“-
2835 3203 2904 3242 έ·
2929 3172 3070 3228 Ecce
3099 3174 3297 3245 “hique
3325 3175 3498 3230 δοείίε

220 3269 542 3326 ctitudinem
569 3270 848 3327 inflectere
872 3273 941 3328 ad
985 3287 1242 3343 perversa
1275 3275 1589 3329 moliuntur.
1623 3275 1810 3330 Mom-

219 3377 406 3418 u'rsu.
431 3362 568 3430 Quid
603 3378 701 3434 per
730 3373 924 3420 tcslam
969 3366 1068 3420 nisi
1098 3367 1251 3438 vigor
1277 3367 1650 3434 districtionis,
1682 3368 1811 3437 quid

219 3467 322 3522 per
349 3453 558 3507 saniem
598 3453 704 3508 nisi
727 3453 919 3510 fluctus
969 3455 1171 3510 illicitae
1217 3457 1560 3526 cogitationis
1609 3457 1812 3527 accipi-

220 3543 351 3596 tur?
384 3542 638 3599 Percussi
673 3560 804 3616 ergo
841 3553 982 3601 testa
1021 3547 1229 3602 saniem
1258 3547 1520 3612 radimus,
1541 3563 1661 3601 cum
1693 3557 1812 3618 post

223 3632 578 3700 pollutionem
637 3635 981 3704 cogitationis
1012 3636 1212 3692 illicitae
1257 3639 1617 3706 nosmetipsos
1653 3654 1812 3708 aspe-

223 3738 284 3779 re
307 3723 618 3779 dimicando
659 3727 1001 3782 mundamus.
1024 3727 1230 3782 Aliter:
1254 3728 1359 3784 Per
1387 3738 1580 3784 testam
1610 3729 1812 3799 fragili-

222 3819 310 3868 ter
334 3814 688 3869 mertalitatis
711 3815 1046 3888 intelligitur.
1071 3816 1233 3873 Testa
1260 3833 1389 3890 ergo
1417 3820 1623 3874 saniem
1649 3835 1810 3874 mun—

219 3903 352 3959 dare
390 3913 474 3958 est
509 3903 857 3961 mortalitatis
904 3921 1124 3962 cursum
1156 3907 1631 3980 fragilitatemque
1678 3925 1812 3980 pen-

219 4010 362 4050 sare.
389 3995 525 4050 Cum
549 4011 680 4068 ergo
702 3998 949 4066 prava'se
972 3999 1229 4069 cogitatio
1258 4000 1428 4054 menti
1451 3999 1642 4066 inﬂuit,
1673 4016 1809 4071 qua-

219 4084 267 4138 si
301 4097 369 4138 ex
417 4085 644 4141 vulnere
672 4087 853 4143 sanies
874 4087 1134 4144 decurrit.
1159 4088 1266 4145 Sed
1308 4090 1468 4146 citius
1491 4090 1672 4146 sanies
1703 4099 1811 4148 ter-

219 4175 384 4246 gitur,
417 4177 462 4232 si
486 4176 541 4231 in
571 4178 1009 4236 consideratione
1053 4189 1241 4237 nostra
1273 4180 1542 4254 fragilitas
1568 4185 1721 4254 quasi
1753 4185 1807 4239 in

217 4283 383 4322 manu
429 4277 568 4324 testa
619 4277 886 4325 teneatur.
932 4269 1124 4326 Sanies
1163 4273 1347 4342 itaque
1392 4274 1642 4344 tergitur,
1686 4291 1808 4330 cum

217 4359 373 4430 culpa
405 4375 515 4414 non
564 4359 740 4415 solum
785 4361 851 4416 ab
877 4377 1062 4431 opere,
1095 4365 1188 4418 sed
1227 4365 1390 4420 etiam
1419 4381 1448 4419 a
1480 4367 1811 4434 cogitatione

1911 3264 2206 3334 frangitur,
2236 3265 2435 3334 ubique
2476 3274 2784 3336 superatur,
2816 3265 2941 3335 quia
2971 3265 3114 3321 enim
3141 3281 3334 3322 sensus
3363 3281 3492 3336 pra-

1911 3373 1990 3410 vm
2019 3357 2283 3419 mulieris,
2313 3372 2421 3411 non
2468 3365 2650 3411 autem
2700 3371 2864 3412 sexus
2891 3357 2946 3412 in
2993 3357 3124 3412 vitio
3153 3367 3256 3424 est,
3294 3373 3495 3428 nequa-

1912 3465 2074 3520 quam
2105 3451 2181 3505 ait
2209 3467 2222 3503 :
2249 3449 2427 3506 locuta
2455 3465 2515 3505 es
2538 3451 2692 3520 quasi
2723 3465 2830 3504 una
2852 3465 2917 3505 ex
2942 3451 3276 3516 mulieribus,
3305 3451 3398 3506 sed
3427 3466 3495 3505 ex

1912 3539 2110 3608 ineptis
2149 3540 2488 3606 mulieribus,
2552 3548 2614 3594 ut
2657 3541 2910 3597 videlicet
2957 3542 3305 3607 ostendatur,
3363 3542 3492 3610 quia

1910 3632 2052 3700 quod
2090 3646 2314 3700 pravum
2348 3633 2507 3702 sapit,
2527 3633 2833 3687 accedentis
2877 3633 3138 3699 stultitiae,
3170 3649 3275 3689 non
3304 3643 3492 3688 autem

1912 3722 2144 3776 conditte
2172 3722 2243 3776 sit
2270 3731 2496 3776 natura.
2524 3722 2801 3791 Sequitur.
2828 3722 2891 3778 Si
2927 3724 3062 3776 bona
3087 3723 3408 3792 suscepimus
3430 3724 3497 3778 de

1910 3832 2070 3868 manu
2098 3815 2332 3881 Domini,
2356 3815 2496 3868 mala
2518 3833 2680 3886 quare
2703 3834 2804 3870 non
2825 3818 3176 3870 sustineamus
3193 3816 3218 3869 1’
3235 3845 3306 3854 —
3326 3813 3497 3882 Bona,

1911 3905 2117 3961 scilicet
2164 3907 2302 3961 dona
2347 3906 2461 3971 Dei,
2489 3907 2572 3961 vel
2615 3906 2930 3978 temporalia
2959 3907 3040 3961 vel
3073 3915 3270 3961 aeterna
3301 3922 3316 3971 ;
3353 3905 3494 3961 mala

1911 4010 2089 4054 autem
2125 3997 2334 4069 flagella
2369 3998 2657 4067 praesentia
2707 3998 3004 4068 appellans.
3039 3999 3116 4054 De
3140 3999 3337 4067 quibus
3387 3998 3495 4053 Do-

1911 4093 2087 4146 minus
2113 4106 2214 4162 per
2235 4091 2557 4162 prophetam
2604 4091 2771 4146 dicit:
2806 4109 2824 4143 ι
2858 4091 2971 4161 Ego
2999 4091 3260 4147 Dominus
3291 4099 3346 4146 et
3381 4101 3502 4152 non;

1911 4191 1995 4239 est
2018 4182 2172 4248 alter,
2204 4181 2446 4236 formans
2475 4183 2646 4237 lucem
2671 4191 2728 4236 et
2768 4197 2960 4238 creans
2991 4182 3263 4248 tenebras,
3289 4181 3495 4237 faciens

1912 4289 2098 4344 pacem
2132 4281 2186 4327 et
2216 4288 2410 4341 creans
2433 4272 2630 4327 malum
2661 4272 2796 4344 (Isa.
2825 4291 2937 4338 xu,
2960 4273 3038 4345 7).
3070 4293 3089 4327 ι
3118 4255 3307 4343 Magna
3341 4274 3500 4343 quip-

1912 4378 1978 4434 pe
2005 4363 2302 4419 consolatio
2331 4363 2693 4419 tribulationis
2725 4373 2832 4429 est,
2875 4366 2918 4419 si
2951 4380 3074 4419 cum
3104 4366 3331 4420 adversa
3361 4364 3500 4433 pati-

215 4460 517 4506 resecatur.
545 4449 682 4504 Hinc
696 4449 957 4506 Dominus
983 4470 996 4505 :
1027 4474 1044 4504 ι
1075 4453 1226 4519 Dico,
1253 4454 1448 4523 inquit,
1465 4455 1637 4520 vobis,
1662 4457 1805 4524 quod
1837 4489 1884 4547 ο
1915 4472 2057 4520 mur,
2081 4456 2318 4510 auctoris
2351 4456 2518 4510 nostri
2552 4456 2618 4510 ad
2655 4457 2970 4511 memoriam
2994 4457 3129 4511 dona
3159 4470 3495 4520 revocemus,

217 4541 407 4612 siquis
460 4541 660 4596 viderit
712 4541 994 4597 mulierem
1025 4544 1092 4597 ad
1119 4546 1608 4613 concupiscendum
1661 4562 1800 4613 eam,

214 4632 322 4700 iam
347 4633 654 4688 moechatus
679 4643 761 4689 est
782 4651 901 4690 eam
929 4637 983 4690 in
1003 4637 1165 4692 corde
1190 4652 1286 4692 suo
1305 4638 1520 4709 (Matth.
1551 4656 1605 4706 v,
1630 4641 1745 4711 28).
1778 4660 1798 4693 ›

217 4723 272 4778 1η
301 4724 646 4794 sterquilinio
678 4726 850 4792 sedet,
877 4727 969 4796 qui
1011 4727 1382 4784 infirmitatem
1430 4744 1581 4784 suam
1608 4731 1806 4786 sollici—

223 4823 306 4870 tus
325 4805 574 4886 respicit,
605 4825 660 4871 et
683 4832 740 4872 se
765 4818 828 4872 de
851 4817 1007 4874 bonis
1037 4835 1157 4888 quae
1188 4835 1283 4890 per
1303 4821 1530 4891 gratiam
1555 4823 1802 4892 percipit,

221 4922 326 4962 non
355 4908 588 4963 extollit.
621 4910 678 4963 In
712 4911 1054 4980 sterquilinio
1097 4912 1254 4968 nobis
1289 4913 1477 4968 sedere
1516 4922 1620 4977 est,
1648 4915 1714 4970 ad
1741 4931 1804 4970 ea

225 5010 339 5064 quae
369 4997 557 5052 illicite
585 4999 874 5068 gessimus,
919 5001 1114 5056 mentis
1152 5002 1336 5058 oculos
1360 5004 1672 5072 ptenitendo
1724 5020 1810 5060 re-

228 5088 439 5144 ducere.
469 5089 732 5160 Sequitur
762 5110 774 5145 :

292 5179 434 5216 Vno:
497 5181 532 5216 η
601 5181 739 5216 nis-:0
773 5192 945 5216 nouom
981 5183 1059 5216 ἱΙΙὲ
1093 5201 1226 5216 umn-
1257 5204 1350 5216 -.η-
1419 5187 1593 5216 AJL..-
1619 5197 1670 5216 ι..
1697 5204 1788 5216 ...ιη-

1911 4560 2009 4599 nec
2036 4543 2234 4615 frangit
2253 4545 2394 4613 quod
2418 4559 2483 4598 cx
2511 4545 2694 4599 dolore
2715 4545 2920 4610 obviat,
2943 4545 2988 4599 si
3020 4545 3183 4598 menti
3212 4545 3372 4599 citius
3397 4543 3499 4598 hoc

1911 4635 2053 4707 quod
2098 4652 2161 4688 ex
2212 4650 2436 4690 munere
2487 4637 2755 4700 sublevat,
2787 4645 3058 4690 occurrat.
3101 4635 3240 4690 Hinc
3263 4651 3498 4703 namque

1912 4729 2170 4798 scriptum
2203 4736 2288 4781 est
2321 4745 2332 4780 :
2370 4746 2387 4778 ι
2424 4727 2478 4779 1η
2533 4728 2617 4781 die
2670 4729 2956 4794 bonorum,
2990 4744 3058 4782 ne
3106 4728 3391 4804 immemor
3425 4729 3500 4782 sis

1912 4820 2176 4875 malorum
2198 4860 2211 4879 ,
2238 4826 2290 4872 et
2321 4818 2374 4872 in
2407 4815 2492 4872 die
2536 4819 2798 4873 malorum
2828 4837 2893 4874 ne
2916 4822 3202 4875 immemor
3231 4821 3306 4875 sis
3331 4822 3501 4874 bono-

1911 4927 2032 4967 rum
2059 4909 2250 4983 (Eccli.
2302 4925 2381 4973 χι,
2415 4909 2524 4979 17).
2566 4931 2583 4962 ι
2622 4911 2880 4966 Μγδτιεε.
2909 4912 3095 4967 Sancti
3127 4911 3231 4965 viri
3277 4909 3501 4964 tribula-

1915 5005 2119 5060 tionum
2165 5004 2304 5060 bello
2355 5004 2695 5073 deprehensi,
2748 5021 2868 5058 cum
2896 5020 3004 5059 uno
3039 5004 3336 5070 eodemque
3366 5009 3502 5052 tem-

1912 5113 2042 5168 pore
2088 5101 2224 5156 alios
2264 5101 2544 5164 ferientes,
2588 5100 2723 5152 alios
2764 5097 3055 5152 suadentes
3102 5094 3364 5157 sentiunt,
3395 5091 3503 5147 illis

2971 5186 3144 5216 ἕηκε-1η
3185 5184 3497 5216 ἶηΙΛνιηηονιθ

1914 5202 2186 5216 Annos—can.
2237 5201 2445 5216 ΑΑ..Ι.--υι
2487 5199 2759 5216 “Λ.;.ςο1.;Μ
