4004 5340
525 331 621 388 151

1325 318 1350 338 ⁸
1509 330 1568 385 ε.
1607 328 1852 386 oooms
1887 326 2174 383 ABBATlS
2221 326 2712 384 CLUNIACENSIS
2749 327 2792 382 ιι

523 447 785 513 serviunt,
843 461 951 503 non
988 445 1269 501 immerito
1312 443 1565 500 mulieres
1602 453 1880 499 vocantur.
1920 441 1998 497 Ac
2045 440 2092 496 si
2119 443 2168 501 A
2197 444 2374 512 sipare
2396 449 2678 498 conantur.
2703 440 2846 495 Bene
2867 437 3183 505 autem_loca
3208 435 3274 492 de
3294 436 3490 506 quibus
3511 435 3750 502 veniunt,

523 535 774 608 dicatur:
808 535 866 590 Si
895 537 963 590 ad
986 535 1126 589 bona
1167 542 1372 588 aeterna
1402 533 1692 597 tendimus,
1734 531 1863 601 quid
1889 530 2087 584 mirum

520 630 568 684 si
597 628 905 699 temporalia
939 627 1080 680 mala
1125 625 1484 681 sufferamus?
1532 623 1666 678 Hinc
1708 622 1907 676 Paulus
1951 623 2028 675 ait
2068 638 2081 674 :

528 736 548 770 ι
594 718 707 773 Non
738 725 861 773 sunt
893 717 1174 787 condignae
1219 716 1497 787 passiones
1539 713 1696 783 hujus
1719 713 1991 784 temporis
2018 712 2087 767 ad

521 809 756 865 futuram
798 811 1041 880 gloriam,
1091 825 1212 879 quae
1260 807 1586 863 revelabitur
1631 807 1683 860 in
1732 807 1884 860 nobis
1910 805 2082 876 (Rom.

522 914 639 966 vm,
668 900 775 968 18).
813 918 831 950 ι
861 899 1197 953 Mommsen.
1227 897 1481 966 Quisquis
1506 896 1752 966 subigere
1774 895 1902 948 vitia
1926 909 2086 964 appe-

519 991 601 1057 tit,
639 998 694 1045 et
735 991 804 1045 ab
846 999 1046 1044 aeterna
1089 989 1383 1043 intentione
1424 986 1799 1041 retributionis
1848 985 2085 1040 culmina

515 1097 657 1138 vera:
696 1082 1008 1137 intentionis
1032 1082 1306 1152 gressibus
1324 1080 1514 1145 tendit,
1545 1095 1652 1151 quo
1680 1079 1850 1148 magis
1895 1078 2086 1134 vallari

515 1187 574 1227 se
600 1174 853 1226 vitiorum
883 1170 1021 1226 bello
1047 1171 1282 1241 undique
1307 1170 1590 1238 conspicit,
1639 1183 1706 1224 eo
1745 1183 1804 1223 se
1823 1168 2084 1222 virtutum

516 1262 683 1315 armis
716 1259 990 1316 robustius
1031 1261 1286 1330 accingit,
1320 1267 1374 1313 et
1397 1265 1547 1313 tanto
1573 1257 1752 1311 minus
1768 1256 1946 1326 jacuia
1969 1271 2085 1310 me-

519 1353 639 1414 tuit,
664 1358 864 1420 quanto
887 1358 1074 1403 contra
1099 1349 1215 1403 haec
1233 1348 1410 1418 jacula
1439 1347 1709 1402 venientia
1747 1345 1964 1400 fortiter
1988 1360 2086 1414 pe-

515 1449 638 1494 ctus
683 1439 873 1492 munit.
920 1437 1176 1506 Sequitur
1202 1456 1216 1491 :
1253 1437 1320 1491 In
1348 1437 1583 1491 omnibus
1603 1437 1704 1502 his,
1730 1451 1835 1489 non
1859 1435 2085 1504 peccavit

513 1529 615 1584 Job
637 1529 787 1582 labiis
808 1529 935 1582 suis.
961 1559 1032 1568 —
1064 1529 1282 1582 Duobus
1312 1527 1486 1582 modis
1514 1526 1670 1580 labiis
1699 1525 2080 1594 delinquimus,

518 1635 640 1676 cum
669 1628 762 1674 aut
793 1618 990 1688 injusta
1017 1619 1266 1684 dicimus,
1298 1627 1390 1673 aut
1437 1616 1583 1686 justa
1612 1616 1920 1672 reticcmus.
1948 1615 2084 1669 Nam

513 1709 637 1766 etsi
665 1709 949 1780 aliquando
1001 1710 1230 1764 reticere
1269 1709 1421 1778 culpa
1476 1723 1582 1762 non
1630 1715 1795 1772 esset,
1823 1707 2082 1776 propheta

2189 549 2426 606 congrua
2459 533 2829 588 haereticorum
2869 529 3082 585 actibus
3115 527 3516 583 describuntur.
3545 525 3755 583 Dicitur

2188 626 2330 680 enim
2356 624 2733 688 Themanites,
2759 629 2938 676 austes
2984 618 3212 692 [auster]
3253 617 3464 684 Suites,
3501 618 3752 690 loquens;

2185 712 2549 778 Naamatites,
2581 713 2754 767 decor.
2785 710 2942 766 Prius
2968 709 3111 765 enim
3135 709 3388 765 haeretios
3415 709 3751 765 inordinatus

2186 801 2336 856 calor
2367 801 2651 866 accendit,
2691 800 2836 856 nitor
2869 800 3064 855 deinde
3099 799 3441 870 loquacitatis
3476 797 3672 869 erigit,
3703 807 3755 854 et

2186 896 2314 943 tunc
2343 888 2556 944 demum
2586 889 2810 944 decoros
2841 888 3146 944 hominibus
3175 886 3480 958 hypocrisis
3509 887 3752 942 offendit.

2189 974 2446 1045 Sequitur
2470 995 2484 1031 :
2512 975 2863 1031 Condixerant
2886 977 3024 1031 enim
3049 987 3104 1031 ut
3131 979 3330 1046 pariter
3354 978 3610 1033 uenientes
3632 977 3755 1031 visi-

2184 1076 2352 1122 tarent
2377 1085 2495 1122 eum
2520 1079 2568 1123 et
2593 1067 3006 1124 consolarentur.
3029 1068 3330 1124 Condicunt
3351 1068 3452 1124 sibi
3475 1068 3715 1124 haeretici
3738 1108 3756 1134 ,

2183 1159 2398 1229 quando
2427 1174 2593 1229 prava
2625 1159 2871 1229 quaedam
2907 1167 3096 1214 contra
3131 1157 3428 1214 Ecclesiam
3467 1158 3757 1214 concordi-

2187 1255 2268 1302 ter
2295 1249 2564 1315 sentiunt,
2594 1257 2648 1304 et
2677 1249 2731 1303 in
2755 1249 2951 1318 quibus
2981 1264 3012 1303 a
3037 1250 3263 1304 veritate
3289 1249 3626 1318 discrepant,
3655 1248 3756 1303 sibi

2185 1339 2239 1393 in
2271 1337 2503 1393 falsitate
2527 1340 2875 1394 concordant.
2906 1339 3155 1396 llaaretici
3181 1348 3360 1394 autem
3386 1339 3477 1408 qui
3508 1347 3757 1394 sanctam

2184 1425 2480 1482 Ecclesiam
2511 1443 2607 1482 sua
2634 1430 2829 1484 docere
2852 1429 3190 1496 desiderant,
3215 1430 3282 1485 ad
3305 1444 3423 1484 eam
3449 1429 3600 1498 quasi
3628 1444 3758 1484 con-

2185 1517 2425 1574 solantes
2453 1520 2904 1590 appropinquant.
2932 1521 3041 1577 Nec
3075 1523 3272 1577 mirum
3305 1522 3350 1577 si
3389 1523 3546 1578 amici
3584 1523 3758 1578 nomi-

2190 1617 2413 1674 nantur,
2447 1625 2568 1664 cum
2605 1619 2661 1665 et
2697 1611 2799 1680 ipsi
2833 1611 3078 1666 traditori
3107 1612 3302 1666 dicitur
3332 1629 3346 1666 :
3384 1629 3402 1664 ι
3429 1611 3651 1676 Amice,
3683 1613 3754 1668 ad

2184 1699 2312 1768 quid
2333 1700 2846 1771 venisti?s(Matth.
2875 1717 3002 1757 xxvi
3019 1741 3035 1768 ,
3060 1702 3182 1772 50.)
3208 1701 3544 1757 Monsumu.
3570 1704 3746 1760 Amici

513 1816 619 1855 non
645 1801 850 1857 diceret
881 1819 894 1854 :
931 1819 950 1854 ‹
984 1801 1078 1857 Vx:
1129 1800 1279 1862 mihi,
1327 1800 1454 1870 quia
1499 1798 1642 1852 tacui
1671 1797 1809 1868 (Isa.
1838 1812 1914 1862 γι,
1944 1797 2021 1867 5).
2059 1815 2079 1850 ι
2111 1781 2164 1844 Β
2190 1789 2458 1844 consolari
2494 1790 2755 1857 veniunt,
2795 1791 2890 1847 sed
2936 1792 2992 1846 in
3026 1791 3384 1848 contumelias
3433 1804 3752 1863 erumpunt,

514 1891 714 1946 Beatus
747 1889 847 1945 Job
877 1891 931 1944 in
960 1891 1168 1945 cunctis
1200 1904 1320 1959 qua:
1357 1888 1487 1958 egit,
1531 1889 1584 1941 in
1613 1885 1767 1941 labiis
1788 1885 1902 1940 suis
1928 1885 2085 1939 mini-

514 1995 602 2034 me
624 1981 889 2048 peccavit,
942 1979 1066 2048 quia
1122 1993 1224 2032 nec
1288 1985 1474 2031 contra
1509 1974 1791 2029 ferientem
1854 1971 2084 2042 superba

513 2067 667 2130 dixit,
691 2081 792 2121 nec
815 2077 1004 2120 contra
1039 2067 1348 2120 suadentem
1376 2064 1610 2118 reticuit.
1645 2062 1901 2117 Mrsrtcs.
1941 2061 2081 2117 San-

513 2157 587 2213 cti
610 2157 713 2210 viri
740 2172 861 2210 cum
895 2156 1324 2225 persecutionem
1353 2153 1484 2209 foris
1514 2155 1761 2222 intusQue
1783 2154 2080 2222 patiuntur,

515 2262 624 2303 non
657 2246 828 2302 solum
859 2247 912 2300 in
937 2246 1031 2300 Dei
1057 2245 1266 2315 injuriis
1292 2247 1514 2300 minime
1555 2246 1842 2312 excedunt,
1863 2245 1956 2300 sed
1989 2258 2083 2299 ne-

509 2353 618 2407 que
652 2347 841 2393 contra
885 2341 1032 2406 ipsos
1086 2338 1426 2393 adversarios
1477 2337 1868 2394 contumeliosa
1916 2339 2082 2393 verba

511 2425 828 2484 iaculantur.
865 2427 999 2482 Hinc
1021 2427 1212 2482 Petrus
1243 2428 1315 2482 ait
1343 2445 1356 2481 :
1393 2445 1411 2478 ι
1444 2427 1612 2482 Nemo
1642 2436 1879 2482 vestrum
1904 2428 2081 2496 patia-

509 2525 601 2572 tur
624 2517 776 2586 quasi
808 2517 1097 2583 homicida,
1131 2527 1222 2572 aut
1261 2517 1370 2584 fur,
1405 2526 1497 2572 aut
1535 2518 1832 2573 maledicus
1851 2517 1901 2588 (Ι
1935 2518 2078 2573 Petr.

507 2623 582 2674 Iv,
621 2608 731 2677 i5).
769 2627 790 2661 ι
819 2607 1110 2663 Maledicus
1131 2609 1276 2662 enim
1303 2609 1524 2678 patitur,
1549 2609 1640 2679 qui
1670 2608 1942 2678 passionis
1971 2623 2081 2664 suae

507 2699 564 2754 in
589 2709 830 2768 tempore
846 2699 926 2754 sui
949 2698 1140 2755 saltem
1158 2699 1353 2768 injuria
1377 2698 1741 2768 persecutoris
1766 2697 2076 2754 efl‘renatur.

509 2792 770 2860 Sequitur
793 2795 823 2867 ξ’

579 2883 742 2937 Vens.
772 2883 860 2937 ii.
915 2881 1091 2952 Igitur
1136 2883 1402 2937 audientes
1455 2894 1558 2938 tres
1591 2884 1749 2937 amici
1792 2883 1891 2937 Job
1933 2900 2081 2938 omne

507 2975 706 3029 malum
731 2975 869 3045 quod
895 2975 1166 3028 accidisset
1194 2976 1263 3036 ei.
1299 2985 1354 3029 et
1382 2975 1607 3045 reliqua.
1636 3005 1708 3015 —
1734 2975 1835 3042 Qui
1864 2990 1930 3030 ex
1956 2991 2080 3030 con-

507 3067 653 3122 dicto
685 3064 754 3118 ad
798 3063 980 3121 afﬂicti
1021 3065 1444 3121 consolationem
1492 3065 1735 3129 veniunt,
1771 3074 1826 3119 et
1857 3065 1998 3119 inter
2020 3081 2079 3121 se

2183 1880 2276 1950 qui
2305 1880 2437 1936 vitia
2468 1881 2808 1949 insidiantis,
2840 1884 3100 1939 virtutum
3138 1884 3332 1940 faciem
3369 1895 3623 1952 sumunt,
3663 1888 3756 1943 sed

2182 1970 2363 2026 hostili
2412 1971 2720 2028 invectione
2768 1989 2867 2029 nos
2910 1973 3128 2029 feriunt.
3185 1975 3340 2045 Smpe
3389 1975 3754 2031 immoderata

2184 2059 2296 2126 ira,
2321 2059 2532 2129 justitia
2551 2101 2567 2127 ,
2597 2061 2860 2118 dissoluta
2887 2064 3165 2128 remissio,
3194 2064 3583 2128 misericordia,
3616 2078 3757 2134 saepe

2182 2151 2430 2207 incautus
2468 2153 2628 2208 timor
2660 2155 2938 2211 humilitas
2971 2155 3088 2209 vult
3133 2154 3323 2210 videri.
3376 2155 3520 2210 Bene
3568 2164 3752 2210 autem

2181 2243 2396 2298 dicitur.
2439 2241 2794 2299 Coudixerant
2831 2247 2969 2299 enim
3005 2246 3121 2299 sibi.
3182 2245 3370 2299 Vicina
3408 2260 3639 2313 namque
3675 2257 3758 2301 εει

2181 2336 2439 2404 superbia
2487 2336 2612 2402 irae,
2665 2337 2913 2392 remissio
2962 2337 3164 2391 timori.
3218 2337 3562 2392 Condiceudo
3609 2337 3754 2392 enim

2183 2427 2444 2492 veniunt,
2475 2443 2595 2497 quae
2626 2436 2812 2482 contra
2845 2443 2944 2483 nos
2974 2429 3076 2483 sibi
3105 2444 3173 2483 ex
3205 2428 3437 2498 quadam
3470 2428 3756 2497 pravitatis

2182 2517 2511 2586 cogitatione
2547 2517 2844 2572 sociantur.
2884 2518 3139 2588 Sequitur
3173 2537 3186 2572 :

2252 2605 2414 2660 Vsus.
2469 2606 2551 2658 12.
2603 2603 2840 2677 "Cumque
2883 2606 3161 2661 clevasscnt
3200 2607 3379 2662 oculos
3409 2608 3622 2678 procul,
3654 2624 3754 2662 non

2181 2703 2527 2762 cognoverunt
2547 2710 2684 2748 eum.
2707 2725 2778 2735 —
2796 2695 2940 2752 Ordo
2962 2697 3157 2767 quippe
3178 2697 3559 2754 consolationis
3580 2710 3682 2764 est,
3698 2708 3756 2754 ut

2181 2798 2304 2838 cum
2335 2783 2863 2840 voiumus'afilictum
2889 2787 3192 2856 quempiam
3219 2803 3249 2842 a
3277 2803 3508 2844 maerore
3534 2805 3756 2858 suspen-

2180 2873 2341 2939 dere,
2374 2875 2684 2931 studeamus
2711 2877 2862 2946 prius
2890 2876 3166 2931 maerendo
3193 2877 3311 2946 ejus
3339 2877 3502 2931 luctui
3531 2893 3755 2932 concor—

2181 2962 2328 3016 dare.
2366 2961 2646 3019 Dolentetn
2686 2981 2918 3034 namque
2955 2980 3060 3020 non
3097 2975 3274 3036 potest
3308 2967 3620 3034 consolari,
3659 2969 3753 3037 qui

2180 3066 2286 3106 non
2319 3057 2612 3108 concordat
2641 3055 2830 3110 dolori.
2865 3054 2973 3110 Sed
3006 3056 3146 3110 inter
3175 3056 3288 3111 haec
3318 3057 3594 3112 sciendum
3632 3067 3752 3123 est,

504 3164 561 3209 et
615 3168 742 3224 erga
792 3169 1107 3224 percussum
1145 3165 1362 3223 quantae
1417 3155 1701 3210 charitatis
1750 3154 1949 3209 fuerint
1971 3155 2076 3224 .de-

2181 3141 2308 3212 quia
2343 3142 2428 3197 his
2464 3143 2554 3212 qui
2591 3141 2848 3198 afﬂictum
2889 3144 3156 3199 consolari
3193 3145 3496 3212 desiderat,
3535 3162 3751 3202 mensu-

504 3249 893 3297 monstrantur.
939 3241 1196 3308 Quamvis
1241 3251 1296 3297 et
1338 3257 1436 3313 per
1466 3245 1568 3298 hoc
1620 3245 1761 3312 quod
1795 3242 2074 3313 Scriptura

505 3332 606 3388 hos
634 3332 772 3388 tanti
799 3332 902 3387 viri
939 3332 1142 3388 amicos
1169 3332 1340 3389 fuisse
1372 3341 1616 3396 testatur,
1647 3332 1773 3403 quia
1803 3334 1928 3388 boni
1956 3344 2074 3388 stu-

427 3470 432 3482 .
509 3421 582 3478 dii
607 3433 662 3478 et
689 3431 849 3478 rectae
875 3420 1076 3478 fuerint
1095 3423 1408 3478 intentionis
1431 3423 1756 3488 ostenditur,
1786 3423 1877 3478 sed
1896 3432 2076 3479 tamen

506 3511 625 3566 haec
651 3511 766 3583 ipsa
788 3511 1003 3568 illorum
1036 3513 1262 3568 intentio
1296 3513 1376 3569 eis
1403 3513 1472 3568 ad
1510 3513 1677 3568 verba
1714 3528 2073 3583 prorumpen-

507 3599 652 3656 tibus
678 3610 805 3657 ante
847 3601 1076 3658 districti
1116 3601 1316 3670 judicis
1345 3603 1532 3658 oculos
1564 3602 1784 3658 suborta
1817 3604 2076 3660 indiscre-

506 3691 657 3748 tioue
707 3691 958 3749 fuscavit.
1015 3693 1274 3749 Mvsrtcs.
1325 3693 1497 3748 Amici
1545 3693 1690 3748 beati
1737 3691 1858 3758 Job,
1912 3702 1970 3748 et
2029 3695 2075 3750 si

503 3783 645 3838 bona
698 3785 995 3840 intentione
1033 3786 1102 3840 ad
1147 3801 1270 3842 eum
1308 3785 1660 3851 conveniunt,
1693 3784 2075 3840 haereticorum

504 3881 684 3928 tamen
728 3872 932 3928 idcirco
961 3874 1195 3943 speciem
1227 3882 1428 3937 tenent,
1462 3875 1589 3943 quia
1619 3874 1687 3928 ad
1733 3874 1947 3945 culpam
1989 3875 2076 3929 in-

503 3961 736 4018 discrete
781 3961 1048 4032 loquendo
1111 3961 1441 4016 dilabuntur.
1499 3961 1698 4017 Sancta
1750 3961 1932 4032 itaque
1974 3962 2078 4016 Ec-

503 4048 667 4105 clesia
745 4064 869 4105 cum
950 4050 1178 4106 vulnera
1224 4051 1497 4115 sustinet,
1543 4065 1668 4106 cum
1711 4051 2073 4106 membrorum

503 4153 726 4194 suorum
782 4139 962 4208 lapsus
1028 4141 1214 4205 dolet,
1257 4141 1476 4211 insuper
1532 4139 1666 4196 alios
1717 4141 1817 4196 sub
1873 4141 2076 4198 Christi

503 4229 721 4283 nomine
785 4229 979 4282 tolerat
1053 4231 1237 4286 hostes
1295 4230 1517 4286 Christi.
1577 4231 1662 4285 Ad
1726 4239 2088 4316 augmentum

501 4334 735 4389 namque
774 4319 972 4375 doloris
999 4323 1115 4391 ejus
1134 4361 1149 4387 ,
1178 4323 1338 4377 etiam
1371 4322 1610 4378 haeretici
1644 4323 1700 4376 in
1727 4324 2074 4378 contentione

505 4408 867 4472 conveniunt,
910 4423 1166 4476 eamque,
1207 4411 1355 4477 quasi
1392 4411 1707 4478 quibusdam
1744 4410 1962 4479 jaculis,
1994 4412 2069 4467 ir-

503 4499 920 4554 rationabiiibus
947 4500 1127 4554 verbis
1157 4501 1345 4569 figunt.
1376 4501 1634 4570 Sequitur
1660 4516 1674 4554 :
1708 4501 2067 4558 Convenerunt
2098 4471 2147 4531 Β

503 4589 567 4642 de
596 4587 709 4641 loco
737 4604 852 4642 suo.
894 4587 1284 4643 [hereticorum
1311 4591 1506 4660 quippe
1535 4591 1684 4646 locus
1720 4592 1836 4662 ipsa
1859 4602 1942 4649 est
1978 4609 2070 4650 su-

499 4680 690 4749 perbia
717 4719 732 4745 ,
765 4679 905 4734 sicut
931 4695 962 4734 e
987 4689 1178 4735 contra
1216 4680 1489 4736 humilitas
1513 4681 1662 4738 locus
1687 4683 1949 4739 bonorum
1968 4724 1984 4750 ,
2011 4692 2071 4738 ut

499 4771 632 4825 illud
680 4769 1004 4826 Salomonis.
1041 4790 1060 4823 ι
1093 4773 1149 4826 Si
1179 4774 1484 4828 ascenderit
1531 4789 1694 4844 super
1743 4785 1796 4831 te
1845 4777 2068 4846 spiritus

498 4870 814 4936 potestatem
844 4861 1070 4927 habens,
1095 4861 1270 4917 locum
1301 4871 1448 4917 tuum
1480 4878 1547 4918 ne
1571 4865 1838 4919 dimiseris
1867 4863 2064 4936 (Eccle.

495 4970 565 5018 χ,
603 4935 691 5022 Ζ).
735 4971 754 5004 ι
796 4951 1045 5007 liazretici
1082 4954 1246 5022 igitur
1281 4954 1347 5008 de
1378 4954 1495 5010 loco
1529 4970 1626 5010 suo
1659 4935 1912 5021 veniunt,
1944 4957 2066 5023 quia

498 5056 689 5101 contra
735 5056 978 5102 sanctam
1023 5047 1320 5101 Ecclesiam
1361 5063 1423 5102 ex
1476 5047 1724 5117 superbia
1764 5057 2066 5102 moventur.

497 5138 574 5150 hl-
618 5137 630 5150 Ι
751 5137 763 5148 ο
814 5148 819 5149 γ
996 5146 1004 5150 .
1053 5145 1061 5150 .
1175 5136 1210 5150 ’Χ
1250 5137 1262 5147 ο
1394 5147 1400 5150 .
1529 5146 1537 5150 .
1656 5136 1694 5150 π
1733 5136 1746 5150 Ι
1772 5137 1784 5150 I

2180 3249 2295 3289 ram
2324 3250 2546 3291 necesse
2575 3245 2659 3291 est
2683 3237 2852 3293 dolori
2881 3253 3040 3308 quem
3067 3241 3291 3311 suscipit
3318 3251 3518 3312 ponat;
3547 3257 3615 3298 ne
3645 3259 3751 3298 non

2177 3323 2351 3378 solum
2381 3324 2651 3380 dolentem
2678 3342 2787 3382 non
2827 3327 3094 3395 mulceat,
3133 3329 3230 3384 sed
3270 3331 3624 3400 intemperate
3658 3331 3752 3386 do-

2176 3416 2326 3482 lens,
2359 3417 2539 3474 afIlicti
2574 3420 2812 3476 animum
2849 3423 2917 3477 ad
2952 3423 3163 3492 pondus
3202 3423 3593 3494 desperationis
3628 3439 3751 3494 pre-

2176 3515 2305 3562 mat.
2335 3506 2507 3560 Amici
2532 3522 2662 3563 vero
2710 3507 2854 3564 beati
2885 3509 2985 3565 Job
3014 3511 3296 3580 plusquam
3328 3525 3546 3568 necesse
3573 3511 3752 3567 fuerat

2176 3594 2232 3649 in
2257 3595 2627 3652 consolatione
2679 3597 2998 3664 doluerunt,
3040 3599 3132 3670 qui
3181 3599 3306 3654 dum
3345 3600 3749 3668 percussionem

2176 3697 2438 3752 cernunt,
2471 3688 2565 3742 sed
2597 3690 2845 3758 percussi
2882 3698 3118 3745 mentem
3156 3690 3433 3756 nesciunt,
3463 3690 3538 3744 ita
3568 3691 3622 3745 in
3650 3691 3752 3745 im-

2176 3795 2422 3836 mensum
2471 3780 2675 3836 luctum
2721 3783 2864 3838 versi
2895 3784 3077 3851 (sunt,
3126 3800 3191 3840 ac
3239 3784 3283 3841 si
3329 3800 3619 3856 percussus
3663 3788 3748 3842 vir

2174 3878 2342 3926 tanta:
2381 3870 2711 3927 fortitudinis
2733 3873 2787 3927 in
2825 3874 3035 3945 plagam
3074 3876 3352 3946 corporis,
3388 3877 3550 3932 etiam
3585 3877 3749 3932 corde

2177 3962 2477 4017 cecidisset.
2529 3963 2792 4018 Mvsrtce.
2842 3964 3091 4021 [heretici
3140 3969 3340 4039 quique
3377 3983 3502 4023 cum
3536 3978 3748 4025 sanctas

2175 4052 2437 4110 Ecclesia:
2489 4054 2632 4111 facta
2681 4055 3072 4123 considerant,
3123 4059 3308 4114 oculos
3358 4058 3565 4124 levant,
3620 4061 3748 4129 quia

2176 4145 2277 4215 ipsi
2313 4144 2562 4202 videlicet
2597 4147 2649 4200 in
2687 4147 2811 4202 imis
2844 4154 2990 4202 sunt.
3031 4147 3234 4202 Sancta
3271 4148 3469 4219 quippe
3502 4148 3746 4205 Ecclesia

2176 4232 2381 4303 appetit
2409 4233 2498 4288 hic
2528 4234 2668 4288 maia
2703 4233 2979 4305 recipere,
3019 4244 3077 4289 ut
3114 4235 3283 4306 possit
3323 4237 3389 4291 ad
3418 4243 3632 4291 teternae
3659 4251 3746 4292 re-

2176 4325 2565 4380 munerationis
2591 4325 2870 4394 prtemium
2893 4335 3118 4396 purgata
3149 4328 3449 4396 pervenire.
3491 4327 3744 4384 [heretici

2177 4412 2341 4483 igitur
2372 4412 2497 4484 quia
2526 4430 2622 4483 pro
2650 4430 2844 4485 magno
2870 4415 3155 4484 praesentia
3196 4426 3490 4486 appetunt,
3531 4433 3653 4472 eam
3689 4420 3742 4473 in

2174 4503 2490 4560 vulneribus
2537 4505 2766 4574 positam
2812 4520 2919 4559 non
2969 4517 3318 4576 cognoscunt.
3367 4505 3465 4562 ilic
3508 4522 3742 4578 namque

2173 4595 2318 4664 quod
2344 4595 2396 4649 in
2426 4595 2515 4649 illa
2542 4603 2807 4661 cernunt,
2837 4595 2889 4650 in
2917 4611 3135 4651 suorum
3162 4598 3406 4652 cordium
3436 4599 3741 4669 cognitione

2175 4699 2286 4740 non
2325 4684 2656 4754 relinquunt.
2702 4683 2993 4754 Sequitur:
3026 4684 3312 4757 Scissisque
3338 4689 3557 4742 vestibus
3587 4705 3740 4757 spar-

2172 4783 2350 4828 serunt
2372 4773 2632 4843 pulverem
2653 4789 2807 4842 super
2829 4784 2982 4843 caput
3007 4791 3157 4829 suum
3188 4777 3243 4830 in
3271 4775 3473 4832 caelum.
3499 4807 3568 4816 —
3590 4777 3742 4832 Sicut

2171 4864 2493 4920 vestimenta
2533 4862 2789 4918 Ecclesiae
2833 4873 3055 4918 cunctos
3101 4863 3285 4920 fideles
3313 4865 3642 4936 accipimus,
3681 4879 3739 4922 ut

2169 4955 2300 5010 illud
2329 4953 2605 5024 propheta:
2631 4971 2644 5008 :
2673 4971 2691 5005 ι
2723 4951 2985 5009 Omnibus
3014 4956 3098 5010 his
3127 4955 3270 5010 velut
3298 4968 3616 5014 ornamento
3645 4975 3737 5016 ve-

2167 5047 2348 5104 stieris
2392 5045 2551 5118 (lsa.
2604 5061 2760 5111 χιιι,
2813 5047 2957 5117 18),
2995 5065 3014 5099 ι
3064 5048 3137 5102 ita
3193 5049 3568 5104 haereticorum
3611 5060 3736 5106 sunt
