4004 5340
179 374 288 434 135

925 367 1223 426 ΕΡΙἸὈΜΕ
1260 365 1626 423 MOBALIUM
1667 365 1726 420 S.
1769 364 1976 421 GREG.
2019 359 2084 419 IN
2121 362 2259 421 JOB.
2301 393 2372 404 --
2409 363 2534 420 LIB.
2577 363 2665 419 IV.

3337 362 3442 418 διδ

178 503 277 558 per
302 492 474 556 caput
503 453 734 540 mentem
752 524 768 550 ,
795 497 892 555 per
919 482 1115 539 cmlum
1145 490 1474 554 pmceptum
1510 495 1758 554 supernae
1786 483 1837 543 Α
1863 477 2162 532 intirmitati
2191 487 2394 534 sancta:
2419 477 2672 536 Ecclesiae
2715 495 2775 537 se
2815 476 3247 536 condescendere
3274 475 3445 532 simu-

180 575 478 631 locutionis
508 573 817 644 accipimus.
845 572 1131 627 Pulverem
1162 587 1294 643 ergo
1323 588 1485 643 super
1513 581 1677 643 caput
1704 573 1760 627 in

177 668 321 724 caelo
353 682 618 738 Spargere
646 675 731 722 est
749 708 765 732 ,
792 666 1038 722 saeculari
1070 666 1346 722 intellectu
1372 676 1606 722 mentem
1635 681 1760 722 cor-

176 778 472 834 rumpere,
507 772 562 818 et
607 762 672 816 de
715 762 895 816 verbis
939 761 1253 816 caelestibus
1281 769 1495 814 terrena
1538 759 1758 814 sentire.

177 851 357 922 Super
381 852 561 921 capita
590 851 754 921 igitur
779 851 1051 919 pulverem
1077 859 1359 920 spargunt,
1391 850 1518 919 quia
1551 850 1762 920 infprae-

174 945 349 1014 ceptis
379 944 476 999 Dei
506 959 603 1013 per
631 953 903 998 terrenam
935 943 1344 1014 intelligentiam
1376 942 1514 996 ultra
1543 957 1761 996 suarum

173 1034 444 1089 mentium
481 1034 627 1087 vires
657 1033 918 1087 nituntur.
959 1032 1298 1088 Montursn.
1340 1030 1583 1086 Atilietos
1615 1031 1761 1085 enim

169 1137 276 1176 nos
304 1121 440 1175 vitia
482 1121 706 1176 minime
745 1131 1113 1192 cegnoscunt,
1151 1122 1277 1191 quia
1317 1122 1471 1176 triste
1508 1136 1604 1176 cer
1638 1136 1762 1176 mox

175 1221 234 1266 ut
260 1211 602 1282 pulsaverint
624 1213 912 1281 reprobata
945 1213 1222 1277 resiliunt,
1247 1221 1302 1268 et
1332 1228 1451 1281 quae
1483 1227 1581 1266 nos
1611 1213 1762 1268 lzetos

174 1307 662 1387 quasi-noverant,
695 1307 786 1375 qui
817 1308 1209 1376 penetrabant,
1239 1315 1532 1362 maerentes
1559 1322 1762 1377 cogno-

177 1411 330 1451 scere
357 1407 659 1466 nequeunt,
688 1399 815 1467 quia
846 1399 962 1468 ipso
992 1408 1178 1453 nostro
1203 1400 1378 1469 rigore
1414 1398 1756 1468 franguntur.

180 1487 282 1552 Qui
309 1488 667 1544 exclamantes
704 1489 1055 1558 ploraverunt.
1097 1490 1357 1559 Signatur
1393 1491 1537 1545 enim
1577 1491 1755 1559 pietas

177 1594 274 1648 per
295 1577 587 1648 ploratum,
613 1580 870 1636 discretio
889 1596 986 1651 per
1006 1581 1324 1636 scissionem
1349 1585 1600 1647 vestium,
1630 1584 1761 1637 alre-

179 1679 304 1724 ctns
352 1685 583 1739 operum
613 1686 712 1740 per
742 1671 1019 1740 pulverem
1050 1673 1308 1742 capitum.
1343 1673 1602 1742 Sequitur
1633 1691 1646 1726 :

245 1761 411 1816 Vsns.
444 1763 532 1816 15.
566 1762 823 1817 Sederunt
848 1780 966 1816 cum
996 1780 1054 1817 eo
1094 1765 1148 1818 in
1179 1775 1318 1818 terra
1358 1774 1548 1834 septem
1576 1767 1760 1819 diebus

1862 567 1994 634 lant,
2027 578 2082 624 et
2105 570 2204 624 sub
2232 569 2717 626 blandimentorum
2741 571 2921 642 specie
2948 570 3097 626 dolos
3116 568 3449 638 deceptionis

1861 667 2076 730 parant.
2136 659 2195 713 ln
2242 667 2384 714 terra
2437 675 2565 731 ergo
2609 663 2902 718 consedere
2949 670 3075 727 est,
3129 659 3332 731 aliquid
3384 657 3451 713 de

1863 750 2098 820 imagine
2126 749 2446 805 humilitatis
2475 753 2782 817 ostendere,
2825 763 2906 818 ut,
2952 751 3079 807 dum
3108 746 3329 806 humilia
3353 761 3450 804 ex-

1865 840 2092 904 hibent,
2149 842 2475 910 persuadent
2537 843 2768 912 superba
2814 857 2934 911 quae
2988 841 3200 896 docent.
3267 838 3454 892 Potest

1862 931 2024 985 etiam
2059 946 2157 1000 per
2197 942 2395 986 terram
2441 933 2556 1002 ipsa
2606 930 3256 1011 Mediatorisoincarnatio
3308 926 3455 982 desi-

1863 1022 2034 1089 gnari.
2081 1021 2232 1076 Unde
2254 1024 2322 1077 ad
2359 1023 2521 1078 Israel
2546 1022 2783 1077 dicitur:
2823 1023 3054 1076 t-Altare
3096 1021 3162 1076 de
3201 1030 3342 1075 terra
3377 1018 3459 1072 fa-

1864 1112 2019 1167 cietis
2046 1113 2177 1166 mihi
2210 1111 2408 1183 (Exod.
2435 1129 2529 1178 xx,
2555 1113 2647 1179 24,
2683 1113 2777 1178 25,
2816 1113 2932 1183 26).
2965 1130 2984 1164 ι
3043 1111 3102 1166 ln
3151 1120 3293 1165 terra
3328 1121 3458 1180 ergo

1864 1208 2051 1262 sedere
2071 1217 2152 1262 est
2177 1209 2259 1262 vel
2292 1209 2344 1262 in
2375 1209 2478 1264 hoc
2520 1209 2661 1278 quod
2702 1209 2903 1278 aliquid
2924 1209 2991 1264 de
3015 1207 3343 1277 plenitudine
3367 1220 3460 1261 ve-

1864 1299 2041 1354 ritatis
2068 1300 2390 1370 intelligunt,
2423 1301 2506 1355 vel
2534 1302 2587 1355 in
2615 1302 2715 1356 hoc
2738 1301 2881 1370 quod
2906 1316 3017 1355 suae
3043 1299 3282 1354 stultitia:
3308 1306 3457 1352 tene-

1863 1387 1976 1442 bris
2013 1399 2357 1445 excaecantur
2395 1391 2653 1454 haeretici,
2705 1391 3095 1445 incarnationis
3142 1388 3460 1459 mysterium

1865 1489 2062 1546 negare
2111 1493 2215 1531 non
2263 1493 2442 1548 posse,
2486 1493 2780 1548 veramque
2827 1478 3204 1547 Redemptoris
3239 1490 3462 1531 carnem

1864 1581 1986 1620 cum
2011 1577 2196 1621 sancta
2221 1569 2460 1623 Ecclesia
2487 1569 2728 1623 credere.
2771 1568 3111 1623 ΜοιιΑιιτι-ῑιι.
3151 1568 3286 1622 Cum
3325 1565 3462 1620 allii-

1863 1657 1968 1710 ctis
1997 1657 2153 1710 nobis
2195 1657 2325 1710 vitia
2365 1659 2553 1713 sedent
2579 1659 2644 1712 in‘
2663 1667 2839 1722 terra,
2873 1673 2996 1711 cum
3043 1657 3329 1726 imaginem
3362 1657 3462 1710 hu-

1864 1747 2110 1802 militatis
2134 1758 2430 1812 ostentant,
2465 1757 2523 1802 ut
2548 1750 2797 1803 allectum
2836 1749 3083 1803 utilitatis
3115 1749 3458 1812 subtrahunt,

171 1863 224 1908 et
271 1863 466 1922 septem
507 1855 763 1920 noctibus,
807 1861 862 1909 et
909 1855 1135 1926 reliqua.
1163 1887 1231 1896 —
1259 1857 1449 1911 Utrum
1497 1858 1764 1911 continuis

1872 1847 1928 1892 ut
1956 1839 2081 1893 dum
2113 1855 2173 1894 se
2200 1840 2566 1909 unusquisque
2591 1840 2869 1910 indignum
2894 1840 3218 1903 considerat,
3276 1853 3364 1893 res
3406 1838 3462 1893 in

176 1952 380 2012 septem
418 1944 608 2000 diebus
633 1953 689 1998 et
723 1955 930 2014 septem
974 1947 1223 2001 noctibus
1261 1963 1385 2001 cum
1431 1945 1627 2001 amicto
1665 1947 1766 2003 Job

174 2032 442 2096 sederint,
470 2049 537 2087 an
563 2043 709 2089 certe
737 2035 924 2089 diebus
953 2044 1008 2090 et
1034 2037 1280 2090 noctibus
1316 2038 1534 2092 totidem
1563 2039 1768 2092 instan-

180 2121 249 2175 tia
297 2122 347 2177 ei
406 2124 614 2178 crebrze
665 2125 990 2180 visitationis
1043 2127 1386 2190 adhzeserint,
1435 2129 1762 2199 ignoramus.

176 2209 330 2280 Srpe
369 2219 554 2266 tamen
586 2211 862 2284 Scriptura
898 2223 1066 2268 totum
1098 2230 1196 2284 pro
1225 2226 1397 2285 parte,
1436 2227 1491 2269 et
1530 2232 1628 2286 pro
1654 2227 1768 2272 toto

173 2312 384 2368 partem
429 2316 632 2371 ponere
671 2305 967 2359 consuevit.
1008 2304 1329 2361 Intuendum
1370 2307 1621 2362 videlicet
1661 2318 1764 2375 cst,

173 2391 301 2460 quia
337 2401 466 2446 sunt
490 2393 729 2447 nonnulli
771 2396 863 2464 qui
907 2405 961 2448 et
1003 2395 1145 2464 loqui
1192 2397 1596 2466 praecipitanter
1635 2399 1770 2452 inci-

176 2483 354 2549 piunt,
399 2493 457 2538 et
499 2483 759 2538 ell‘renate
793 2496 969 2555 empta
1019 2484 1328 2539 ellrcnatius
1379 2496 1764 2556 exsequuntur.

177 2568 244 2623 Et
269 2579 397 2624 sunt
435 2572 678 2626 nonnulli
707 2574 797 2641 qui
830 2574 980 2628 tarde
1032 2574 1248 2642 quidem
1298 2575 1442 2643 loqui
1493 2577 1766 2643 incboant,

177 2660 274 2715 sed
338 2662 509 2717 semel
567 2648 881 2719 inchoantes
945 2665 1143 2719 habere
1207 2667 1425 2720 modum
1487 2667 1772 2723 locutionis

179 2751 451 2821 imorant.
492 2749 680 2809 'Amici
717 2755 882 2824 igitur
927 2757 1065 2810 beati
1103 2755 1203 2810 Job
1233 2757 1469 2812 dolorem
1506 2760 1768 2823 videntes,

179 2841 269 2896 diu
311 2849 617 2909 tacuerunt,
665 2847 761 2899 sed
807 2847 957 2900 tarde
1007 2846 1327 2902 inchoantes
1362 2849 1649 2902 indiscrete
1697 2850 1775 2903 lo-

181 2933 288 2987 cuti
326 2941 475 2999 sunt,
502 2936 628 3004 quia
655 2951 875 3006 parcere
902 2937 1101 2991 dolenti
1138 2939 1445 2994 noluerunt.
1492 2940 1646 2996 Unde
1680 2958 1773 2997 ne-

180 3034 336 3077 cesse
358 3032 440 3078 est
466 3032 528 3078 ut
557 3039 661 3078 non
701 3024 874 3080 solum
913 3026 1218 3081 intueamur
1254 3029 1381 3097 quid
1419 3029 1648 3099 agimus,
1680 3031 1773 3085 sed

178 3111 347 3165 etiam
372 3126 491 3166 cum
520 3122 722 3182 quanta
760 3114 1082 3170 discretione
1123 3132 1464 3188 peragamus.
1514 3118 1767 3174 Mvs'rlca.

180 3200 237 3255 In
270 3189 359 3256 die
390 3217 511 3271 qua:
538 3203 780 3258 videmus
809 3205 1168 3275 agnoscimus,
1202 3207 1254 3261 in
1285 3216 1441 3262 nocte
1468 3218 1647 3262 autem
1680 3218 1773 3263 aut
1800 3181 1845 3243 (ἶ

183 3297 423 3352 excitate
459 3297 538 3352 nil
571 3298 864 3363 cernimus,
895 3308 990 3353 aut
1028 3299 1300 3355 dubietate
1329 3302 1639 3372 caligamns.
1671 3301 1775 3356 Per

183 3385 319 3441 dicm
349 3388 533 3460 itaque
556 3388 930 3459 intelligentia,
973 3404 1071 3459 per
1117 3399 1329 3446 noctem
1359 3406 1488 3446 vero
1524 3392 1777 3462 ignoran-

184 3477 252 3530 tia
295 3477 631 3548 designatur.
693 3478 1014 3549 Septenario
1061 3490 1239 3536 autem
1288 3497 1514 3536 numero
1562 3497 1772 3537 summa

183 3571 550 3626 universitatis
590 3572 932 3642 exprimitur.
982 3573 1195 3643 Septem
1226 3574 1369 3628 enim
1399 3574 1585 3630 diebus
1612 3590 1773 3631 omne

184 3660 281 3716 hoc
329 3671 550 3733 tempus
594 3665 952 3718 consumitur.
1003 3663 1140 3731 Quid
1188 3674 1273 3720 est
1335 3679 1464 3736 ergo
1524 3666 1577 3719 in
1627 3673 1772 3721 terra

183 3761 382 3821 septem
411 3753 606 3808 diebus
629 3763 684 3808 et
713 3755 958 3808 noctibus
983 3755 1189 3821 sedere,
1215 3755 1317 3809 nisi
1347 3756 1487 3824 quod
1512 3757 1773 3822 haeretici,

181 3846 258 3900 vel
301 3847 388 3902 his
433 3847 492 3901 in
531 3846 726 3916 quibus
772 3861 958 3901 verum
1002 3845 1180 3902 lumen
1231 3847 1552 3918 intelligunt,
1589 3848 1674 3902 vel
1722 3849 1776 3902 in

181 3934 256 3994 his
300 3939 354 3994 in
399 3939 606 4010 quibus
655 3938 972 4008 ignorantia:
1009 3939 1262 3993 tenebras
1295 3941 1592 4008 patiuntur,
1620 3939 1778 4010 quasi

1867 1931 2063 2000 quibus
2089 1931 2343 2000 prodesse
2371 1931 2629 2001 proximis
2672 1941 2905 2001 poterat,
2957 1933 3267 1986 ministrare
3293 1931 3462 2001 perti-

1870 2031 2095 2076 mescat.
2138 2020 2395 2091 Sequitur
2423 2040 2436 2074 :
2466 2021 2533 2074 Et
2568 2037 2717 2075 nemo
2745 2021 3051 2092 loquebatur
3074 2023 3120 2076 ei
3146 2022 3462 2076 verbum.—

1871 2113 2136 2168 Tacentcs
2175 2113 2320 2168 enim
2351 2112 2692 2168 adversarios
2733 2113 3015 2178 habemus,
3064 2113 3108 2166 si
3153 2127 3278 2168 vere
3328 2112 3467 2168 ﬁlios

1870 2205 1994 2260 ﬁdei
2025 2206 2365 2274 praedicando
2387 2219 2647 2276 generare
2672 2205 3012 2276 negligimus.
3065 2203 3122 2260 Si
3165 2213 3344 2258 autem
3390 2205 3464 2259 lo-

1871 2297 1964 2366 qui
1990 2309 2136 2352 recte
2165 2297 2468 2368 incipimus,
2513 2313 2706 2366 graves
2746 2313 2868 2352 mox
2895 2297 3252 2353 contumelias
3279 2312 3343 2352 ex
3375 2310 3467 2351 co-

1873 2404 1991 2444 rum
2014 2390 2362 2460 responsione
2390 2391 2674 2444 sentimus.
2723 2389 3117 2460 Nonnunquam
3145 2399 3327 2444 tamen
3359 2389 3470 2442 bae-

1873 2481 2026 2536 retici
2061 2497 2184 2536 cum
2228 2490 2442 2550 torpore
2489 2481 2697 2536 inertia:
2734 2481 2968 2534 ﬁdelium
3012 2482 3174 2535 corda
3225 2481 3471 2536 conside-

1872 2579 2017 2638 rant,
2043 2573 2248 2628 erroris
2270 2587 2455 2627 semen
2482 2587 2769 2642 aspergere
2805 2573 3071 2642 loquendo
3104 2587 3208 2626 non
3228 2583 3467 2628 cessant.

1875 2664 2008 2719 Cum
2043 2680 2173 2720 vero
2202 2676 2411 2720 mentes
2448 2666 2708 2719 bonorum
2750 2666 2932 2720 vident
2978 2664 3086 2718 alta
3137 2679 3343 2734 sapere,
3402 2668 3469 2720 de

1873 2769 2112 2810 aerumna
2167 2755 2328 2824 hujus
2377 2756 2552 2810 exsilii
2603 2765 2823 2810 strenue
2870 2755 3087 2821 dolere,
3141 2756 3471 2825 circumspe-

1876 2850 2054 2904 ctione
2083 2848 2312 2904 sollicita
2354 2848 2588 2918 linguam
2635 2847 2866 2902 frenant.
2921 2847 3056 2914 Quia
3099 2848 3285 2903 vident
3327 2849 3472 2918 quod

1876 2950 2064 2994 contra
2097 2940 2258 2994 corda
2286 2939 2580 2994 dolentium
2633 2939 2686 2992 in
2731 2953 2942 2993 cassum
2990 2939 3269 3008 loquentes
3311 2939 3472 2994 citius

1875 3032 2273 3087 obmutescunt.
2329 3029 2483 3085 Unde
2533 3046 2658 3084 mox
2699 3030 2988 3084 subditur:
3035 3030 3290 3084 Videbam
3333 3031 3472 3085 enim

1875 3120 2108 3174 dolorem
2154 3136 2262 3174 esse
2304 3121 2672 3174 vehementem.
2705 3149 2775 3159 —
2812 3118 3152 3174 Monsurzn.
3221 3119 3279 3176 Si
3327 3120 3472 3180 enim

1879 3225 1974 3265 cor
2008 3211 2275 3264 veraciter
2303 3211 2445 3265 dolet
2480 3209 2716 3282 linguam
2744 3217 2929 3263 contra
2961 3225 3059 3264 nos
3087 3209 3216 3264 vitia
3242 3224 3347 3264 non
3377 3211 3474 3265 ha-

1877 3303 2023 3357 bent.
2066 3299 2202 3356 Nam
2253 3317 2375 3357 cum
2432 3303 2589 3373 plene
2641 3302 2752 3355 vita
2804 3302 3142 3356 rectitudinis
3187 3302 3472 3371 quaeritur,

1878 3405 2211 3462 supervacua
2268 3393 2540 3464 suggestio
2587 3393 2873 3462 pravitatis
2931 3392 3250 3446 obduratur.
3320 3392 3475 3462 Saepe

1879 3494 2059 3538 autem
2097 3485 2145 3538 si
2190 3500 2288 3539 nos
2313 3485 2539 3555 Ifortiter
2567 3484 2898 3554 stringimus,
2927 3483 3055 3537 vitia
3083 3484 3150 3538 ad
3182 3498 3336 3538 usum
3367 3483 3476 3536 vir-

1877 3575 2009 3630 tutis
2037 3574 2402 3630 itnmutamus.
2445 3573 2553 3629 Sed
2575 3573 2702 3628 dum
2737 3574 2874 3628 iram
2902 3574 3100 3628 rationi
3133 3573 3473 3644 subiicimus,

1880 3673 1934 3728 in
1963 3665 2136 3719 sancti
2159 3665 2261 3720 zeli
2287 3663 2646 3718 ministerium
2669 3665 2964 3728 vertimus,
2997 3663 3043 3717 si
3074 3678 3197 3718 cum
3222 3663 3475 3732 superbia

1879 3756 2062 3824 erigit,
2110 3755 2250 3810 hanc
2299 3756 2368 3810 ad
2416 3754 2781 3809 defensionem
2818 3755 3044 3825 justitia:
3083 3754 3472 3808 immutamus:

1881 3845 1926 3900 si
1957 3861 2080 3900 cum
2105 3844 2362 3902 fortitudo
2390 3845 2570 3900 carnis
2592 3844 2888 3910 illecebrat,
2920 3844 3136 3914 pietatis
3157 3843 3305 3897 lucra
3333 3857 3477 3896 mer-

1885 3953 2095 3994 cemur.

1414 4195 1713 4273 LIBER
1787 4192 2294 4284 QUARTUS.

1662 4351 2009 4367 Ψ

813 4454 1039 4512 CAPUT
1077 4455 1164 4510 lli.

249 4572 348 4640 Qui
399 4580 612 4626 textum
666 4569 1012 4634 considerat,
1061 4576 1116 4623 et
1189 4581 1405 4622 sensum
1453 4581 1622 4622 sacrae
1670 4566 1776 4622 lec-

190 4663 346 4715 tionis
388 4661 646 4728 ignorat,
705 4673 810 4711 non
887 4665 994 4711 tam
1044 4671 1102 4712 se
1160 4657 1459 4711 eruditione
1525 4657 1774 4722 instruit,

191 4768 345 4820 quam
401 4751 759 4821 ambiguitate
816 4750 1116 4805 confundit.
1187 4749 1328 4805 Ecce
1379 4750 1525 4804 enim
1588 4750 1778 4805 beatus

192 4841 283 4898 Job
312 4843 660 4899 maledixisse
689 4842 792 4897 diei
822 4857 921 4897 suo
947 4842 1294 4908 describitur,
1323 4843 1508 4900 dicens
1532 4863 1547 4902 :

260 4935 418 4990 Vens.
449 4935 506 4989 '5.
543 4933 753 5000 [Pereat
795 4933 904 4988 dies
947 4935 1001 4987 in
1049 4951 1154 5005 qua
1197 4945 1351 4990 natus
1398 4955 1534 4993 sum.
1559 4940 1781 5008 ——Quis

197 5034 368 5080 autem
410 5027 619 5082 nesciat
661 5027 774 5080 dies
811 5042 917 5096 qua
963 5036 1121 5080 natus
1160 5037 1242 5083 est
1281 5045 1619 5101 nequaquam
1652 5044 1776 5089 tunc

199 5127 335 5170 stare
373 5118 654 5187 potuisse?
691 5116 800 5171 Cur
836 5132 964 5186 ergo
1004 5117 1088 5170 vir
1115 5126 1294 5174 tantus
1324 5121 1667 5179 malediceret
1698 5121 1775 5176 rci

201 5217 353 5271 quam
387 5222 723 5276 nequaquam
752 5205 1046 5260 subsistere
1069 5221 1170 5260 non
1196 5207 1508 5278 ignoraret?
1547 5211 1602 5266 Si
1630 5211 1775 5266 enim

204 5296 504 5328 αιιιιοῖοιαηοῖ
558 5297 632 5328 νιΛῖ
687 5295 960 5328 trudatur“
1034 5296 1338 5328 νηὶ-ιιιῖηἶηση
1391 5300 1496 5328 nnis
1569 5301 1623 5328 οε
1670 5315 1774 5328 ..ηαδ

1815 4459 1867 4518 D
1966 4455 2129 4511 Vens.
2159 4454 2214 4508 4.
2256 4453 2380 4508 Dies
2417 4452 2506 4508 ille
2547 4461 2778 4506 uertatur
2810 4452 2865 4506 in
2891 4451 3147 4515 tenebras,
3176 4467 3279 4506 non
3311 4453 3483 4523 requi-

1883 4554 1963 4598 rat
1982 4561 2099 4599 eum
2122 4543 2264 4598 Deus
2288 4545 2510 4614 desuper
2541 4553 2587 4597 et
2613 4559 2716 4597 non
2744 4541 2996 4596 lustratur
3029 4543 3245 4598 lumine.
3266 4573 3332 4583 —
3357 4544 3482 4600 Dies

1883 4638 1972 4707 qui
2013 4637 2193 4707 lapsus
2227 4652 2388 4692 cursu
2429 4637 2684 4705 temporis
2723 4636 2909 4698 scitur,
2943 4651 3042 4691 cur
3075 4637 3212 4690 verti
3241 4638 3295 4692 in
3328 4645 3478 4693 tene-

1883 4729 2012 4784 bras
2049 4730 2264 4793 dicitur,
2307 4737 2362 4782 et
2389 4728 2482 4797 qui
2525 4743 2630 4782 non
2662 4727 2930 4790 subsistit,
2979 4728 3247 4797 quomodo
3288 4729 3482 4782 umbra

1888 4821 2092 4876 volvit?
2130 4825 2236 4876 Aut
2259 4838 2423 4891 quam
2449 4830 2661 4875 noctem
2693 4819 3010 4874 tenebrosus
3037 4821 3192 4874 turbo
3221 4819 3480 4888 possidet,

1888 4929 2050 4983 quam
2097 4913 2277 4970 nullus
2324 4923 2500 4968 status
2554 4911 2740 4967 tenet?
2799 4911 2907 4964 Aut
2957 4912 3228 4980 quomodo
3267 4919 3485 4977 optatur

1883 5006 2125 5061 solitaria
2149 5005 2285 5068 ﬁeri,
2318 5020 2438 5074 quae
2459 5005 2910 5074 transeundojam
2947 5005 3129 5062 fuerat
3156 5005 3299 5058 nulla
3328 5004 3351 5055 ?
3377 5006 3488 5060 Aut

1885 5097 2058 5151 lucem
2089 5097 2357 5167 quomodo
2393 5107 2699 5166 exspectat,
2726 5111 2844 5165 quin
2881 5112 3043 5154 sensu
3080 5095 3261 5152 caret?
3295 5093 3489 5162 Sequi-

1886 5193 2001 5241 tur:

1960 5299 2216 5328 n..-........
2285 5301 2296 5312 '
