4004 5340
541 356 644 413 155

1449 349 1474 417 ς
1508 348 1566 406 s.
1606 348 1854 408 000le
1887 340 2173 404 seems
2204 346 2697 406 CLUNlACENSlS
2734 347 2777 404 ιι

3690 349 3793 408 13⁸

538 465 1377 544 perfruuntur?Quodveroapud
1392 480 1488 520 nos
1505 463 1976 534 valetbaptismus,
2008 462 2110 516 hoc
2138 470 2183 526 Α
2212 461 2400 532 caligo,
2448 469 2498 516 et
2543 461 2835 517 involvatur
2869 460 3241 526 amaritudine;
3281 459 3393 517 Hoc
3437 467 3618 518 autem
3661 473 3796 519 tem-

543 567 653 636 egit
679 564 814 634 apud
831 569 1039 617 veteres
1059 599 1074 624 ,
1097 557 1178 614 vel
1201 572 1298 626 pro
1318 556 1550 625 parvulis
1573 556 1684 610 sola
1711 555 1877 620 ﬁdes;
1906 552 1992 609 vel
2018 566 2116 622 pro

540 656 835 726 majoribus
853 653 1025 707 virtus
1053 649 1328 713 sacrilicii,
1355 647 1436 702 vel
1464 647 1720 718 mysteria
1751 644 2119 701 circumcisio-

539 749 642 802 nis.
671 746 939 814 Scriptum
967 751 1045 798 est
1081 761 1094 796 :
1131 759 1149 792 ι
1179 743 1314 796 Ecce
1337 741 1479 793 enim
1515 741 1567 793 in
1591 738 1966 809 [iniquitatibus
1986 753 2118 793 con-

539 841 726 900 ceptus
754 845 870 884 sum
890 868 906 893 ,
936 836 990 881 et
1015 826 1218 896 reliqua
1249 822 1418 891 (Psal.
1452 840 1503 886 L,
1531 824 1603 893 7).
1640 842 1658 875 ι
1701 821 1911 878 Veritas
1940 830 2119 876 autem

537 923 668 977 dicit
700 939 713 974 :
749 940 768 973 ‹
796 920 908 975 Nisi
947 920 1068 989 quis
1097 929 1317 973 renatus
1355 915 1513 970 fuerit
1540 930 1609 970 ex
1636 929 1774 984 aqua
1818 923 1872 968 et
1917 912 2120 982 Spiritu

538 1023 724 1068 sancto
776 1027 884 1066 non
935 1009 1098 1064 habet
1134 1008 1301 1063 vitam
1340 1015 1598 1062 aeternam
1642 1004 1820 1076 (Joan.
1859 1018 1940 1068 ιιι,
1991 1001 2066 1072 5).
2097 1021 2115 1054 ι

537 1102 676 1170 Quid
704 1110 788 1156 est
811 1099 954 1170 quod
975 1098 1251 1168 quiescere
1271 1113 1330 1152 se
1355 1096 1582 1162 asserit,
1612 1094 1657 1150 si
1697 1111 1728 1149 a
1771 1102 1921 1149 reatu
1960 1092 2124 1164 origi-

536 1194 674 1248 nalis
696 1191 868 1261 culpa:
904 1203 1240 1258 nequaquam
1267 1188 1448 1243 divina
1469 1201 1591 1241 eum
1619 1194 1960 1242 sacramenta
1989 1185 2123 1240 libe-

538 1283 784 1339 rassent?
806 1281 1060 1350 Sequitur
1077 1295 1091 1334 :
1108 1279 1238 1334 Cum
1265 1279 1466 1350 regibus
1487 1287 1534 1332 et
1557 1277 1855 1332 consulibus
1879 1285 2124 1332 term.—

537 1370 670 1438 Quis
710 1371 920 1440 ignoret
964 1366 1105 1437 quod
1147 1382 1300 1437 reges
1347 1375 1400 1421 et
1455 1367 1704 1422 consules
1754 1381 1786 1420 a
1833 1365 2125 1421 solitudine

536 1461 724 1531 procul
752 1461 880 1526 sint,
912 1458 998 1514 vel
1025 1474 1184 1528 quam
1219 1457 1430 1515 difﬁcile
1470 1459 1536 1514 ad
1575 1459 1815 1530 requiem
1861 1457 2124 1515 tendant?

539 1551 614 1607 Ut
639 1551 766 1606 illud
799 1568 811 1603 :
857 1568 876 1601 ‹
905 1547 1540 1603 Judicium‘durissimum
1571 1549 1623 1603 in
1655 1550 1739 1604 his
1765 1549 1859 1618 qui
1886 1556 2127 1619 praesunt

536 1643 633 1698 ﬁet
655 1639 803 1712 (Sap.
831 1655 905 1705 vt,
929 1638 1004 1708 6).
1036 1657 1056 1691 ι
1111 1637 1179 1692 Ει
1218 1637 1346 1691 illud
1381 1654 1393 1691 :
1432 1655 1450 1688 ι
1479 1637 1579 1692 Cui
1608 1637 1837 1692 multum
1871 1638 2126 1693 donatum

535 1739 637 1799 est,
666 1731 893 1786 multum
915 1741 1185 1800 quaeretur
1207 1729 1274 1782 ab
1307 1743 1372 1783 eo
1402 1728 1553 1797 (Luc.
1583 1744 1680 1793 χιι,
1705 1728 1816 1800 48).
1848 1747 1867 1782 ι
1929 1728 2124 1800 Sequi-

2219 569 2320 624 pus
2375 553 2747 608 mutabilitatis
2807 566 2916 608 non
2979 552 3331 607 transiturum
3391 562 3475 608 est
3533 563 3595 609 ut
3654 557 3796 612 male

2221 643 2312 711 sit,
2340 644 2433 698 sed
2460 651 2520 698 ιιι
2545 643 2758 714 penitus
2786 658 2892 698 non
2911 641 3000 698 sit.
3043 640 3114 698 Ut
3142 641 3269 697 illud
3294 643 3467 714 angeli
3497 661 3510 696 :
3549 662 3568 694 ι
3589 643 3695 699 Per
3718 647 3796 700 vi-

2220 743 2433 790 ventem
2469 735 2521 789 in
2550 734 2776 800 saecula,
2803 734 2928 804 quia
2959 742 3168 803 tempus
3187 732 3299 802 jam
3331 750 3434 789 non
3459 734 3566 790 erit
3605 736 3793 807 (Apoc.

2227 844 2254 881 ι
2285 868 2298 891 ,
2327 826 2474 899 6-7).
2511 843 2532 879 ι
2557 825 2804 881 Humana
2829 825 2974 880 enim
3002 825 3182 879 anima
3209 840 3301 880 seu
3333 826 3607 893 angelicas
3639 829 3801 897 spiri-

2222 918 2360 973 ritus
2385 925 2440 973 et
2465 916 2846 972 immortaliter
2870 916 3114 972 mortalis
3140 925 3252 980 est,
3281 925 3337 971 et
3365 918 3672 973 mortaliter
3701 920 3800 972 im-

2223 1007 2488 1063 mortalis.
2535 1006 2672 1061 Nam
2715 1007 2874 1062 beate
2917 1007 3101 1062 vivere
3138 1009 3253 1064 sive
3293 1022 3391 1079 per
3429 1009 3656 1072 vitium,
3704 1024 3801 1063 seu

2222 1112 2321 1168 per
2354 1097 2678 1168 supplicium
2709 1097 2910 1167 perdit.
2946 1097 3322 1154 Essentialiter
3358 1107 3538 1154 autem
3575 1100 3764 1153 vivere
3786 1139 3800 1161 ,

2225 1199 2400 1258 neque
2431 1203 2530 1258 per
2561 1188 2786 1256 vitium,
2836 1204 3014 1260 neque
3055 1204 3153 1260 per
3199 1189 3519 1261 supplicium
3572 1191 3798 1246 amittit.

2223 1279 2392 1351 Igitur
2420 1280 2525 1336 diei
2563 1281 2813 1347 nomine,
2844 1282 2930 1336 vir
2957 1289 3178 1336 sanctus
3204 1290 3504 1352 apostatam
3544 1282 3802 1352 spiritum

2225 1373 2528 1442 exprimere
2573 1371 2775 1436 voluit,
2826 1373 2919 1442 qui
2954 1372 3009 1427 in
3046 1373 3262 1428 vivendi
3312 1373 3580 1438 essentia,
3633 1373 3804 1427 etiam

2226 1461 2506 1516 moriendo
2547 1461 2813 1516 subsistit.
2844 1459 3115 1530 Antiquus
3148 1468 3328 1515 autem
3362 1461 3534 1516 hostis
3571 1461 3691 1516 dies
3721 1467 3806 1515 est

2225 1566 2325 1623 per
2348 1559 2598 1607 naturam
2627 1551 2769 1607 bene
2797 1551 3047 1606 conditus
3065 1589 3082 1616 ,
3112 1549 3206 1605 sed
3227 1564 3347 1604 'nox
3380 1557 3463 1605 est
3497 1565 3596 1620 per
3632 1551 3799 1606 meri-

2229 1652 2341 1699 tum
2373 1643 2443 1698 ad
2472 1641 2725 1697 tenebras
2750 1641 3020 1711 delapsus.
3061 1639 3189 1694 Dies
3224 1648 3308 1694 est
3338 1653 3461 1694 eum
3497 1639 3640 1694 bona
3675 1655 3809 1710 pro-

2229 1733 2431 1799 mittit,
2459 1732 2555 1788 sed
2583 1745 2694 1787 nox
2721 1737 2806 1786 est
2838 1745 2962 1786 cum
2999 1737 3210 1786 mentes
3243 1728 3578 1784 censentium
3625 1725 3803 1800 [con-

536 1834 629 1879 tur
664 1842 676 1877 :
707 1825 811 1878 Aut
853 1837 972 1875 cum
1013 1818 1330 1890 principibus
1379 1819 1470 1888 qui
1517 1819 1780 1888 possident
1829 1835 2124 1874 aurum.--
2151 1819 2200 1880 Β
2225 1819 2616 1894 sentientium]
2644 1819 2844 1875 erroris
2865 1819 3105 1874 tenebris
3125 1817 3400 1874 obscurat.
3429 1815 3507 1871 De
3536 1815 3627 1872 illo
3655 1817 3804 1874 enim

540 1911 744 1967 Rarum
766 1909 919 1965 valde
946 1918 1029 1964 est
1057 1916 1118 1962 ut
1148 1908 1241 1977 qui
1275 1920 1465 1960 aurum
1489 1907 1766 1976 possident
1787 1908 1853 1962 ad
1883 1908 2122 1978 requiem

537 2001 782 2059 tendant.
831 1999 967 2056 Cum
997 1997 1212 2054 Veritas
1239 1997 1384 2052 dicat
1415 2014 1430 2050 :
1463 2014 1482 2050 ι
1513 1995 1737 2052 Difﬁcile
1757 1997 1848 2069 qui
1867 1998 2125 2068 pecunias

536 2091 741 2148 habent
762 2090 1041 2144 intrabunt
1067 2087 1122 2143 in
1143 2102 1369 2158 regnum
1390 2085 1650 2143 calorum
1675 2086 1886 2158 (Matth.
1911 2105 2002 2156 xv,
2019 2089 2120 2158 9.3;

537 2178 711 2233 Marc.
737 2195 793 2244 x,
822 2177 937 2246 25).
965 2195 984 2230 ι
1027 2176 1162 2244 Quia
1186 2176 1348 2248 igitur
1373 2177 1535 2232 verba
1558 2177 1673 2232 haec
1702 2179 1754 2232 in
1783 2179 2067 2249 superﬁcie
2092 2195 2126 2235 a

538 2268 750 2322 ratione
797 2265 1149 2332 discordant,
1194 2266 1308 2336 ipsa
1344 2267 1460 2338 jam
1512 2266 1694 2322 littera
1741 2267 1960 2325 indicat.
2017 2269 2125 2327 Sed

537 2360 668 2431 quid
702 2367 788 2415 est
831 2357 974 2429 quod
1012 2357 1201 2426 David,
1253 2359 1346 2428 qui
1394 2357 1818 2416 retribuentibus
1845 2359 1988 2416 mala
2017 2376 2124 2418 non

537 2448 772 2504 reddidit
803 2446 976 2518 (Psal.
1001 2462 1098 2512 vn,
1132 2447 1209 2518 5),
1242 2447 1442 2504 Gelboe
1473 2456 1652 2506 tamen
1698 2451 1970 2506 montibus
2017 2466 2127 2506 ma-

538 2538 772 2595 ledixit?
811 2537 891 2609 (Il
920 2538 1045 2609 Reg.
1083 2555 1123 2604 ι,
1161 2537 1276 2609 21.)
1304 2539 1441 2606 Quid
1468 2539 1732 2594 moriente
1757 2539 1888 2595 Saul
1917 2549 2127 2597 montes

538 2630 741 2688 Gelboe
768 2630 1168 2700 peccaverunt?
1207 2628 1320 2684 Hac
1357 2643 1486 2697 ergo
1513 2638 1567 2684 et
1594 2629 1714 2685 aliis
1766 2645 1937 2686 sacra:
1974 2631 2124 2686 Scri-

538 2733 712 2795 ptura:
750 2722 1216 2778 maledictionibus
1256 2720 1536 2786 discimus,
1583 2721 1711 2790 quid
1745 2723 1884 2793 apud
1910 2722 2125 2778 beatum

538 2816 641 2874 Job
698 2819 753 2872 in
803 2830 934 2871 voce
985 2814 1372 2870 maledictionis
1427 2813 1784 2883 inquiramus.
1841 2811 1918 2870 Ne
1967 2830 2124 2885 quem

541 2908 688 2962 Deus
733 2917 854 2976 post
898 2903 1123 2960 verbera
1175 2917 1532 2971 remunerat;
1581 2904 1752 2960 lector
1804 2905 2128 2978 redarguere

542 3013 653 3053 non
690 2981 993 3066 intelligens
1025 3003 1332 3065 praesumat.
1390 2994 1494 3049 Sed
1543 2994 1821 3050 sciendum
1858 3004 1941 3050 est
1986 2996 2126 3065 quod

544 3087 822 3157 Scriptura
844 3085 1050 3139 duobus
1072 3085 1243 3138 modis
1267 3084 1609 3140 maledictum
1634 3093 1918 3139 memorat.
1968 3085 2129 3141 Aliud

2225 1912 2423 1969 Paulus
2448 1913 2562 1970 ait:
2599 1931 2618 1964 ι
2644 1911 2778 1966 Cum
2799 1911 2872 1966 sit
2906 1909 3130 1981 angelus
3168 1910 3512 1966 tenebrarum
3532 1951 3546 1978 ,
3584 1911 3805 1966 transﬁ-

2225 2014 2383 2077 gurat
2410 2019 2468 2060 se
2493 2006 2548 2059 in
2577 2004 2833 2084 angelum
2859 2003 2998 2060 lucis
3027 2004 3046 2076 (
3072 2003 3132 2059 II
3164 2004 3286 2060 Cor.
3314 2021 3368 2061 ιι
3387 2045 3402 2070 ,
3431 2005 3498 2060 ﬂ
3523 2006 3563 2075 ).
3598 2023 3617 2058 ι
3643 2006 3723 2062 Ac
3750 2008 3799 2062 si

2224 2110 2354 2163 ergo
2399 2096 2642 2150 diceret:
2693 2094 2888 2150 Pereat
2943 2095 3198 2165 antiquus
3239 2096 3444 2161 hostis,
3492 2097 3584 2166 qui
3625 2097 3802 2153 lucem

2223 2184 2598 2256 promissionis
2631 2183 2898 2249 ostendit,
2937 2192 2994 2240 et
3027 2183 3239 2256 peccati
3268 2184 3522 2240 tenebras
3549 2185 3800 2240 contulit.

2226 2275 2456 2342 Pereat,
2497 2273 2551 2328 id
2587 2282 2701 2340 est,
2740 2273 3014 2330 licentiam
3045 2275 3286 2330 tentandi
3342 2275 3575 2329 amittat.
3617 2275 3804 2330 ΜοιιΑο

2225 2383 2413 2424 ursa.
2451 2364 2614 2434 Quasi
2651 2366 2766 2422 dies
2802 2367 3048 2437 quaedam
3083 2374 3168 2423 est
3201 2365 3392 2432 nobis,
3431 2381 3556 2421 cum
3605 2366 3795 2422 mundi

2224 2458 2382 2527 hujus
2427 2457 2759 2527 prosperitas
2809 2456 3050 2522 arridet,
3098 2471 3217 2527 quae
3263 2457 3318 2511 in
3366 2465 3526 2512 nocte
3565 2457 3799 2523 desinit,

2227 2549 2350 2617 quia
2379 2562 2522 2618 saepe
2556 2547 2624 2602 ad
2659 2546 3019 2602 tribulationis
3057 2550 3309 2602 tenebras
3341 2549 3615 2618 perducit.
3653 2548 3794 2605 Hinc

2224 2638 2489 2708 propheta
2527 2635 2603 2690 ait
2633 2653 2646 2687 :
2681 2654 2700 2686 ι
2730 2634 2882 2690 Diem
2917 2635 3153 2690 hominis
3192 2651 3298 2691 non
3337 2637 3642 2692 desideravi
3672 2680 3694 2704 ,
3745 2647 3802 2694 tu

2227 2727 2334 2782 scis
2370 2725 2526 2798 (Jer.
2557 2739 2690 2787 xvn,
2723 2723 2858 2795 16).
2895 2743 2914 2776 ι
2958 2723 3096 2780 Hine
3130 2725 3394 2782 Dominus
3429 2740 3528 2796 per
3565 2726 3804 2797 Prophe-

2229 2823 2339 2869 tam
2388 2813 2565 2868 dicit:
2606 2831 2624 2864 ι
2660 2812 2845 2881 Usque
2892 2812 2962 2868 ad
3014 2822 3226 2869 noctem
3277 2814 3666 2885 increpuerunt
3719 2831 3804 2871 me

2230 2920 2392 2961 renes
2439 2905 2542 2959 mei
2575 2901 2766 2976 (Psal.
2801 2919 2888 2970 xv,
2919 2904 3015 2976 7).
3050 2923 3070 2958 ι
3102 2904 3286 2960 Potest
3306 2915 3482 2961 autem
3520 2922 3619 2977 per
3663 2907 3805 2962 diem

2229 2994 2437 3065 peccati
2462 2993 2767 3058 delectatio,
2794 3009 2893 3062 per
2916 3003 3130 3050 noctem
3157 3011 3287 3050 vero
3315 2997 3532 3052 caecitas
3557 2998 3802 3068 intelligi.

2232 3083 2394 3155 Optat
2410 3085 2572 3156 igitur
2583 3083 2761 3153 perire
2776 3084 2940 3150 diem,
2962 3091 3024 3139 ιιι
3043 3099 3202 3140 omne
3221 3086 3362 3155 quod
3381 3086 3625 3141 blandire
3652 3089 3805 3158 culpa

543 3167 798 3236 videlicet
825 3175 970 3245 quod
1002 3175 1288 3246 approbat,
1330 3175 1475 3229 aliud
1512 3174 1654 3244 quod
1685 3175 1923 3230 damnat.
1958 3175 2131 3231 Aliter
2159 3186 2202 3247 C
2235 3177 2497 3240 cernitur,
2527 3176 2715 3246 vigore
2750 3175 2970 3245 justitiae
3025 3177 3439 3245 interveniente,
3469 3180 3803 3234 destruatur.

541 3267 814 3341 profertur
831 3266 1034 3336 judicio
1058 3265 1301 3335 justitize,
1322 3266 1475 3320 aliter
1496 3265 1663 3321 livore
1681 3266 1951 3321 vindictae.
1992 3265 2128 3322 Hinc

544 3359 805 3428 scriptum
851 3367 934 3412 est
977 3372 992 3410 :
1041 3376 1060 3408 ι
1094 3356 1440 3421 Benedicite,
1488 3364 1543 3411 et
1593 3355 1758 3411 nolite
1809 3356 2128 3412 maledicere

545 3447 718 3520 (Rom.
752 3446 996 3516 1:11,”);
1025 3465 1043 3498 ι
1089 3455 1182 3500 et:
1222 3464 1240 3496 ι
1275 3444 1457 3515 Neque
1495 3446 1736 3501 maledici
1766 3461 1989 3516 regnum
2031 3447 2128 3503 Dei

546 3538 894 3611 possidebunt
942 3536 990 3606 (Ι
1047 3534 1168 3591 Cor.
1213 3553 1302 3603 vi,
1356 3538 1463 3605 10).
1497 3557 1516 3588 ›
1571 3536 1761 3592 Illinc:
1797 3554 1816 3588 ι
1847 3537 2128 3595 Maledicta

547 3639 695 3684 terra
726 3629 780 3683 in
814 3641 976 3698 opere
1006 3638 1096 3682 tuo
1124 3626 1275 3698 (Gen.
1309 3643 1389 3693 ιιι,
1425 3628 1530 3698 l7).
1565 3647 1583 3680 ι
1630 3627 1768 3682 Hinc
1791 3629 2126 3697 pensandum

546 3730 652 3786 est,
695 3721 820 3791 quia
854 3736 977 3775 cum
1008 3721 1181 3775 sancti
1223 3721 1324 3774 viri
1370 3720 1761 3774 maledictionis
1804 3719 2125 3775 sententiam

544 3809 844 3880 proferunt,
875 3826 980 3865 non
1001 3812 1067 3865 ad
1101 3810 1237 3864 hanc
1262 3825 1329 3865 ex
1367 3819 1493 3864 voto
1522 3810 1763 3877 ultionis,
1793 3811 1888 3866 sed
1937 3826 2006 3865 ex
2040 3808 2128 3878 ju-

547 3903 695 3957 stitia
724 3903 986 3958 examinis
1013 3912 1320 3971 erumpunt,
1349 3912 1407 3956 ut
1434 3903 1626 3958 Petrus
1653 3902 1880 3968 Simoni,
1903 3912 1960 3958 ut
1983 3903 2128 3958 Elias

548 3994 1044 4064 quinquagenariis.
1097 3991 1204 4046 Sed
1252 4008 1353 4047 nec
1401 3992 1530 4047 illud
1575 3994 2006 4062 praetereundum
2045 4003 2130 4049 est

549 4103 647 4142 cur
673 4087 822 4151 dicit,
854 4085 1130 4155 posthaec,
1159 4093 1282 4152 post
1328 4082 1439 4149 illa,
1483 4083 1732 4138 videlicet
1760 4098 1879 4152 quae
1903 4085 1950 4137 ei
1980 4083 2126 4138 acci-

549 4179 764 4234 derunt.
817 4177 985 4232 Nimis
1007 4178 1185 4245 itaque
1211 4176 1564 4246 incongruum
1587 4185 1688 4241 est,
1714 4185 1773 4230 ut
1795 4177 2130 4246 suspicemur

551 4284 674 4323 eum
719 4267 865 4322 nullo
897 4267 1204 4336 instigante,
1237 4265 1380 4320 nullo
1409 4265 1671 4335 pulsante,
1702 4281 1767 4319 ex
1794 4266 2129 4336 impatientia

553 4363 621 4413 ad
665 4373 851 4412 vocem
904 4357 1292 4412 maledictionis
1328 4373 1626 4427 erumpere,
1675 4372 1833 4427 quem
1877 4358 2129 4412 nimirum

554 4452 799 4505 novimus
829 4451 970 4504 inter
995 4460 1071 4505 tot
1101 4451 1322 4506 verbera
1353 4467 1540 4520 magna
1561 4451 1830 4506 Creatoris
1861 4451 2128 4519 praeconia

555 4543 743 4597 humili
794 4551 972 4597 tuente
1017 4543 1329 4597 reddidisse.
1390 4544 1746 4598 ALLEGORICE.
1787 4541 1974 4597 Pereat
2021 4543 2130 4596 dies

555 4637 610 4689 in
655 4651 756 4705 qua
801 4643 952 4688 natus
990 4651 1124 4687 sum.
1166 4633 1268 4687 Per
1303 4634 1444 4687 diem
1487 4634 1797 4698 nativitatis,
1838 4649 1996 4688 omne
2031 4635 2132 4688 hoc

558 4740 767 4794 tempus
791 4735 986 4780 nostra:
1014 4726 1357 4780 mortalitatis
1385 4725 1604 4796 intelligi
1629 4733 1824 4795 potest.
1879 4725 2130 4794 Quisquis

558 4821 719 4888 igitur
739 4822 851 4889 jam
877 4819 1016 4871 diem
1042 4818 1356 4872 aeternitatis
1383 4817 1555 4883 videt,
1585 4833 1726 4887 aegre
1754 4817 1894 4872 diem
1933 4827 2132 4871 morta-

559 4909 728 4962 litatis
767 4924 878 4962 suae
910 4906 1180 4978 [sustinet]
1218 4908 1378 4961 videt.
1422 4908 1486 4960 Et
1525 4908 1818 4962 notandum
1859 4907 1984 4977 quia
2023 4922 2129 4961 non

559 5002 636 5054 ait
668 5019 680 5054 :
711 4999 894 5054 Pereat
923 5001 1031 5053 dies
1067 5001 1117 5054 in
1144 5015 1246 5068 qua
1293 5002 1561 5079 conditus,
1604 5000 1696 5054 sed
1739 5001 1792 5053 in
1831 5016 1932 5070 qua
1981 5008 2133 5052 natus

559 5111 696 5148 sum.
764 5094 821 5147 ln
851 5094 936 5148 die
961 5093 1156 5162 quippe
1181 5091 1399 5159 iustitia:
1420 5093 1580 5145 homo
1614 5099 1695 5145 est
1727 5092 1992 5153 conditus,
2041 5089 2135 5142 sed
2163 5154 2170 5161 ἢ

553 5186 671 5257 jam
703 5187 754 5239 in
789 5195 1026 5254 tempore
1069 5183 1235 5253 culpa:
1279 5193 1453 5236 natus.
1513 5182 1593 5236 Ac
1634 5181 1678 5235 si
1724 5193 1907 5250 aperte
1949 5183 2132 5235 dicat:

2237 3267 2400 3336 Optat
2426 3266 2586 3322 etiam
2614 3267 2792 3336 perire
2821 3275 3068 3333 noctem,
3111 3276 3170 3321 ιιι
3217 3276 3415 3322 οωειιιιι
3448 3270 3606 3324 mens
3638 3269 3801 3324 etiam

2234 3370 2331 3425 per
2358 3369 2680 3410 consensum
2708 3363 3015 3425 perpetrat,
3045 3356 3514 3412 animadversione
3544 3359 3806 3427 poeniten-

2233 3447 2322 3502 tite
2342 3445 2667 3515 exstinguat.
2707 3445 2812 3500 Sed
2848 3445 3197 3515 qumrendum
3228 3445 3383 3500 nobis
3409 3455 3491 3500 est
3515 3462 3613 3500 cur
3642 3447 3696 3500 in
3725 3447 3806 3502 die

2234 3539 2395 3594 homo
2446 3548 2606 3594 natus
2653 3537 2877 3602 dicitur,
2934 3537 2989 3590 in
3036 3545 3194 3591 nocte
3246 3546 3426 3590 autem
3481 3546 3799 3604 conceptus.

2235 3626 2516 3698 Scriptura
2568 3643 2723 3682 sacra
2776 3627 2952 3681 tribus
2995 3627 3170 3681 modis
3219 3625 3492 3680 hominem
3541 3625 3802 3695 appellat,

2234 3721 2442 3776 scilicet
2467 3719 2755 3791 aliquando
2799 3734 2897 3789 per
2939 3728 3226 3780 naturam,
3266 3727 3326 3770 ut
3366 3718 3534 3771 illud:
3567 3737 3585 3768 ι
3615 3717 3801 3772 Facia-

2233 3828 2354 3866 mus
2368 3811 2640 3866 hominem
2655 3809 3024 3879 adimaginem
3049 3818 3102 3862 et
3129 3807 3531 3862 similitudinem
3563 3816 3802 3862 nostram

2235 3901 2406 3973 (Gen.
2439 3918 2487 3966 ι,
2519 3901 2588 3955 26
2611 3901 2650 3970 ).
2685 3919 2700 3952 ι
2754 3898 3056 3969 Aliquando
3099 3913 3196 3968 per
3223 3899 3431 3967 culpam
3456 3938 3471 3962 ,
3521 3907 3580 3950 ut
3631 3897 3799 3952 illud:

2241 4009 2259 4042 ι
2284 3992 2392 4046 Vos
2419 3999 2596 4045 autem
2626 3991 2765 4043 sicut
2793 3989 3040 4042 homines
3064 3987 3364 4041 moriemini
3394 3986 3411 4058 (
3439 3984 3584 4041 Psal.
3622 4001 3802 4050 Lxxxr,

2235 4080 2334 4151 7).
2368 4099 2387 4134 ι
2419 4080 2486 4134 Et
2509 4079 2706 4134 Paulus
2734 4079 2848 4133 ait:
2887 4097 2906 4128 ι
2934 4076 3069 4131 Cum
3114 4077 3185 4130 sit
3223 4076 3366 4130 inter
3409 4091 3507 4131 vos
3558 4076 3709 4132 zelus
3754 4086 3805 4129 et

2235 4172 2540 4238 contentio,
2592 4185 2768 4226 nonne
2797 4169 3040 4223 homines
3060 4167 3235 4223 estis?
3270 4187 3286 4219 ι
3319 4167 3337 4237 (
3365 4165 3391 4219 1
3422 4166 3544 4220 Cor.
3573 4183 3635 4220 ιιι
3657 4208 3672 4232 ,
3703 4167 3737 4220 5
3761 4166 3796 4236 .)

2234 4261 2536 4332 Aliquando
2581 4275 2677 4331 per
2705 4259 3104 4322 inﬁrmitatem,
3137 4266 3195 4310 ιιι
3227 4257 3353 4310 illud
3385 4275 3398 4311 :
3439 4275 3456 4307 ι
3495 4256 3804 4312 Maledictus

2237 4354 2328 4422 qui
2371 4368 2521 4422 spem
2547 4367 2698 4407 suam
2746 4351 2896 4418 ponit
2942 4349 2996 4402 in
3027 4349 3244 4404 homine
3287 4346 3436 4418 (Jer.
3471 4363 3618 4411 xm,
3653 4347 3749 4419 5).
3782 4365 3800 4399 ι

2240 4449 2410 4502 Homo
2431 4428 2564 4518 ergo
2589 4448 2640 4500 in
2673 4445 2757 4499 die
2786 4443 3043 4506 nascitur,
3077 4443 3171 4496 sed
3210 4443 3261 4495 in
3287 4450 3441 4496 nocte
3482 4442 3803 4511 concipitur,

2159 4528 2206 4586 Ι)
2233 4541 2357 4609 quia
2384 4551 2720 4606 nequaquam
2752 4549 2784 4587 a
2810 4532 3164 4588 delectatione
3191 4533 3397 4600 peccati
3438 4530 3682 4598 rapitur,
3708 4528 3806 4582 nisi

2231 4631 2381 4699 prius
2432 4643 2529 4698 per
2565 4624 2896 4680 voluntarias
2928 4623 3124 4677 mentis
3174 4619 3422 4675 tenebras
3485 4619 3805 4674 inﬁrmetur.

2232 4719 2426 4775 Pereat
2454 4732 2583 4787 ergo
2598 4714 2901 4777 delectatio,
2923 4728 3041 4781 qua:
3063 4712 3116 4765 in
3136 4711 3290 4780 culpa
3313 4711 3586 4764 hominem
3614 4711 3805 4780 rapuit.

2232 4811 2424 4865 Pereat
2483 4809 2696 4860 incauta
2745 4803 2938 4858 mentis
2984 4800 3302 4864 inﬁrmitas,
3355 4813 3474 4868 qua:
3520 4815 3692 4868 usque
3736 4795 3806 4853 ad

2235 4905 2484 4960 tenebras
2510 4898 2658 4971 pravi
2687 4913 2985 4952 consensus
3013 4896 3326 4951 excaecavit.
3356 4895 3652 4962 Sequitur:
3693 4895 3807 4948 Dies

2237 4994 2331 5048 illa
2372 4999 2602 5045 certatur
2639 4988 2694 5040 in
2735 4986 2993 5040 tenebras.
3031 4984 3089 5038 1n
3129 4984 3385 5038 tenebras
3413 4982 3529 5037 dies
3557 4983 3808 5046 vertitur,

2239 5097 2361 5138 cum
2406 5079 2672 5148 malignus
2703 5076 2874 5130 hostis
2905 5072 3081 5143 qualis
3107 5080 3190 5126 est
3219 5086 3284 5125 ex
3311 5072 3506 5125 merito
3548 5071 3806 5132 smviens,

2240 5173 2361 5226 talis
2387 5170 2708 5240 perspicitur
2738 5168 2790 5220 in
2822 5164 3204 5220 blandimentis
3235 5163 3430 5217 latens.
3465 5162 3636 5228 Quasi
3667 5162 3808 5215 enim
