4004 5340
177 215 267 311 is:

931 247 1229 312 ΕΡΙΤΟΜΕ
1267 251 1630 311 MORALIUM
1672 250 1730 305 S.
1770 249 1975 308 GREG.
2017 251 2084 309 IN
2122 249 2258 312 JOB.
2300 283 2370 295 -—-
2403 251 2528 312 LIB.
2573 253 2660 311 IV.

3306 252 3408 311 158

168 379 282 420 cum
299 364 660 436 nosmetipsos
684 364 925 422 districte
970 367 1286 437 punientes,
1336 368 1451 437 ipsa
1496 366 1731 420 delecta-
1758 367 1808 425 A
1835 379 1981 421 mors
2031 367 2214 438 (Apoc.
2264 383 2341 434 vi,
2391 369 2470 439 8).
2505 389 2526 423 ι
2562 369 2698 426 Hinc
2738 345 2926 441 utique
2970 369 3231 442 scriptum
3276 378 3404 426 est:

171 455 320 509 tionis
347 469 531 524 prava:
554 454 912 510 blandimenta
958 471 1055 527 per
1106 455 1351 512 districta
1399 454 1733 525 panitentiae

173 548 393 602 lamenta
421 547 748 612 cruciamus,
765 562 888 602 cum
915 547 1089 603 flendo
1114 548 1449 618 insequimur
1473 545 1733 616 quidquid

172 637 220 692 in
247 637 405 691 corde
435 637 583 692 taciti
609 652 676 692 ex
728 638 1084 693 delectatione
1133 637 1493 708 peccavimus.
1541 634 1734 704 Sequi-

169 736 289 782 tur:
322 725 445 780 Non
468 727 695 797 requirat
714 743 830 782 eum
857 727 996 783 Deus
1025 729 1246 797 desuper
1287 737 1336 782 et
1365 745 1469 782 non
1508 727 1731 782 iuuaret

166 817 371 871 tamine.
385 846 458 856 —
473 817 614 873 Duas
633 819 973 888 omnipotens
994 818 1135 873 Deus
1157 817 1224 872 ad
1249 833 1307 872 se
1328 817 1730 888 intelligendum

164 915 435 961 creaturas
464 906 684 971 fecerat,
720 907 1016 977 angelicam
1044 905 1292 961 videlicet
1327 915 1382 961 et
1418 906 1728 960 humanam.

166 994 452 1065 Utramque
483 1009 610 1050 vero
631 996 880 1066 superbia
909 997 1158 1067 percutit.
1185 995 1290 1050 Sed
1315 1009 1434 1049 eam
1464 996 1731 1050 redimere

161 1087 338 1141 debuit
367 1089 641 1151 misertus,
689 1102 853 1156 quam
896 1089 949 1142 in
1002 1088 1398 1158 perpetratione
1445 1087 1616 1157 culpa:
1661 1102 1729 1141 ex

165 1178 467 1232 infirmitate
494 1179 697 1248 aliquid
724 1187 937 1234 constat
966 1179 1238 1234 habuisse.
1265 1178 1400 1232 Hinc
1421 1179 1566 1234 enim
1601 1178 1732 1232 Pro-

160 1268 312 1335 pheta
343 1268 460 1323 ait:
494 1285 513 1319 t
552 1267 885 1323 Recordatus
912 1278 990 1324 est
1035 1269 1160 1338 quia
1205 1284 1338 1324 caro
1386 1277 1511 1323 sunt
1541 1268 1726 1340 (Psal.

157 1372 356 1420 uxvn,
378 1356 490 1426 39).
527 1376 546 1408 ι
580 1357 644 1411 Et.
671 1372 736 1411 eo
760 1357 922 1411 altius
949 1357 1195 1428 angelum
1227 1367 1530 1428 apostatam
1559 1358 1730 1428 repel-

160 1446 264 1498 lere
285 1446 489 1508 debuit,
511 1461 620 1515 quo
649 1447 722 1500 nil
752 1447 1023 1502 inﬁrmum
1061 1463 1127 1502 ex
1159 1463 1320 1504 carne
1349 1450 1600 1517 gestavit.
1635 1449 1732 1502 Est

158 1533 328 1588 adhuc
354 1534 498 1590 aliud
533 1551 640 1604 quo
667 1545 724 1591 et
749 1537 989 1606 perditus
1019 1538 1184 1593 homo
1225 1538 1464 1608 reparari
1521 1539 1726 1604 debuit,

153 1635 211 1678 et
235 1627 553 1694 superbiens
576 1628 798 1696 spiritus
828 1628 1068 1698 reparari
1100 1643 1207 1682 non
1244 1629 1434 1698 possit.
1474 1628 1611 1697 Quia
1645 1629 1728 1683 ni~

1838 474 1856 506 ι
1893 455 2215 512 Sedentibus
2240 459 2294 514 in
2339 459 2576 514 tenebris
2605 468 2662 514 et
2690 460 2880 514 umbra
2925 460 3139 526 mortis,
3171 460 3261 516 lux
3287 470 3406 516 orta

1830 553 1916 599 est
1951 545 2034 601 eis
2063 546 2082 617 (
2120 545 2310 601 Matth.
2343 563 2415 612 tv,
2440 547 2568 618 ⁹16).
2608 567 2627 600 ι
2655 549 2957 620 Aliquando
3010 565 3157 606 mors
3200 551 3406 618 carnis,

1832 642 1888 688 nt
1917 633 2082 690 illud:
2114 654 2133 688 ‹
2171 635 2476 702 Humiliasti
2503 652 2600 694 nos
2623 638 2677 692 in
2700 637 2820 694 loco
2846 639 3170 703 aﬂlietionis,
3193 641 3410 710 operuit

1829 733 1930 775 nos
1949 723 2139 776 umbra
2165 727 2356 778 mortis
2375 723 2527 794 (Psal
2553 739 2708 790 suit,
2732 725 2845 797 20).
2878 746 2898 778 ι
2927 727 3066 782 Vera
3088 729 3230 782 enim
3260 743 3406 783 mors

1831 820 1914 866 est
1932 829 2053 868 cum
2083 814 2260 869 anima
2280 827 2567 884 separatur
2604 833 2635 871 a
2683 817 2809 872 Deo.
2841 817 2975 885 Quia
3017 834 3147 890 ergo
3177 819 3404 874 Redem-

1832 910 1954 971 ptor
1978 903 2147 960 solam
2169 921 2267 976 pro
2280 909 2434 961 nobis
2455 916 2680 961 mortem
2696 909 2876 963 carnis
2897 911 3133 979 accepit,
3157 911 3403 965 umbram

1833 990 2024 1045 mortis
2059 991 2296 1059 pertulit,
2329 1001 2386 1047 et
2405 1001 2532 1048 ante
2551 993 2736 1049 oculos
2755 993 2968 1064 culpam
2989 1009 3150 1064 quam
3182 995 3409 1052 fecimus

1831 1077 2130 1134 abscondit.
2175 1081 2255 1136 Ac
2287 1082 2334 1136 si
2373 1097 2504 1152 ergo
2542 1083 2785 1139 diceret:
2817 1083 2911 1140 llic
2949 1086 3127 1139 veniat
3166 1086 3258 1156 qui
3289 1095 3403 1140 uta

1831 1176 2007 1222 morte
2049 1169 2229 1224 carnis
2255 1179 2311 1225 et
2337 1172 2559 1240 spiritus
2607 1173 2881 1230 debitores
2922 1175 3140 1245 eripiat,
3175 1186 3405 1232 mortem

1824 1259 2010 1314 carnis
2034 1275 2138 1315 non
2160 1263 2358 1317 debetis
2385 1263 2576 1318 solvat.
2603 1263 2890 1334 Sequitur:
2916 1265 3140 1335 Occupet
3167 1282 3288 1320 eum
3311 1283 3404 1320 ca-

1827 1346 1955 1418 ligo,
1968 1359 2015 1402 et
2039 1349 2330 1404 iavolvatur
2348 1353 2721 1408 amaritudine.
2738 1385 2808 1396 —
2825 1355 2964 1422 Quia
2983 1357 3128 1410 enim
3152 1356 3409 1426 antiquus

1831 1438 2005 1494 hostis
2027 1455 2058 1493 a
2080 1440 2198 1496 luce
2225 1442 2396 1496 intimi
2423 1444 2630 1501 ordinis
2646 1446 2864 1509 cecidit,
2889 1461 3033 1500 nunc
3057 1448 3405 1517 semetipsum

1826 1529 2156 1587 intrinsecus
2190 1535 2396 1589 erroris
2415 1536 2648 1606 caligine
2667 1536 2971 1593 confundit.
2999 1538 3104 1594 Sed
3142 1548 3266 1609 post
3303 1539 3407 1594 hoc

1831 1621 2190 1678 amaritudine
2235 1623 2550 1690 involvitur,
2582 1629 2710 1697 quia
2753 1644 2818 1684 ex
2860 1629 3054 1685 merito
3095 1641 3408 1701 spontanetn

156 1716 348 1770 mirum
381 1717 606 1788 angelus
631 1734 727 1774 sua
765 1719 970 1773 malitia
1026 1718 1247 1784 cecidit,
1276 1721 1555 1776 hominem
1595 1736 1726 1776 vero

1832 1709 2079 1780 caliginis
2114 1725 2318 1769 aeterno
2345 1715 2604 1783 gehennae
2629 1727 2893 1774 tormento
2929 1723 3224 1778 cruciatur.
3270 1723 3406 1791 Quia

151 1808 326 1861 aliena
365 1811 680 1877 prostravit.
704 1811 783 1864 Ac
825 1810 871 1864 si
913 1809 988 1865 de
1033 1827 1100 1867 co
1148 1811 1380 1866 dicatur.
1424 1813 1568 1880 Quia
1619 1813 1733 1883 ipse

155 1899 405 1951 tenebras
442 1899 640 1964 intulit,
685 1899 878 1955 toleret
905 1901 1022 1956 sine
1071 1905 1178 1957 line
1230 1904 1370 1972 quod
1424 1902 1576 1969 fecit,
1631 1919 1733 1960 nec

155 2004 392 2058 unquam
428 1991 644 2058 pristini
671 1991 897 2047 luminis
944 2002 1115 2048 status
1159 1995 1403 2064 recipiat,
1458 1997 1582 2066 quia
1632 1997 1733 2052 hoc

153 2080 316 2132 etiam
353 2095 462 2133 non
498 2096 696 2136 suasus
723 2082 926 2137 amisit.
952 2083 1294 2139 MOBALITER.
1339 2084 1585 2155 chuirit
1613 2101 1734 2156 quze

152 2168 440 2237 indicando
469 2172 841 2237 discntit,non
878 2175 1099 2244 requirit
1139 2190 1260 2246 quae
1304 2176 1631 2246 ignoscendo
1677 2177 1731 2231 in

149 2274 248 2314 suo
264 2258 380 2327 jam
413 2259 617 2329 judicio
637 2262 896 2331 impunita
922 2263 1226 2333 dereliquit.
1256 2263 1354 2319 Hic
1376 2265 1558 2334 itaque
1596 2265 1729 2329 dies,

151 2350 205 2404 id
229 2360 334 2414 est,
361 2351 479 2406 lucc
500 2348 706 2421 peccati
742 2353 1027 2409 delectatio
1065 2371 1094 2408 a
1124 2355 1353 2410 Domino
1403 2371 1510 2411 non
1551 2357 1732 2426 requi-

155 2451 325 2505 rctur,
357 2443 403 2497 si
437 2443 909 2499 animadversione
946 2453 1244 2514 spontanea
1278 2447 1525 2515 punitur,
1566 2445 1732 2500 Paulo

151 2540 447 2586 attestante
469 2533 559 2603 qui
591 2533 707 2588 ait:
746 2552 765 2586 ι
803 2533 860 2590 Si
896 2535 1141 2604 nosipsos
1170 2534 1731 2604 dijudicaremusmon

148 2625 342 2694 utique
373 2641 405 2679 a
451 2625 678 2681 Domino
702 2625 1156 2699 iudicaremur“
1188 2627 1310 2682 Cor.
1364 2644 1438 2694 ιι,
1471 2629 1585 2699 31).
1617 2646 1636 2682 ι
1671 2627 1730 2684 lu

149 2713 353 2782 iudicio
382 2731 615 2786 namque
641 2717 899 2774 Dominus
929 2731 1222 2788 apparens,
1251 2733 1412 2774 onme
1434 2719 1577 2789 quod
1606 2728 1732 2774 tunc

150 2804 432 2874 redarguit
453 2804 663 2861 lumine
693 2806 946 2862 illustrat.
971 2807 1135 2874 Quasi
1165 2807 1308 2862 enim
1355 2808 1454 2862 sub
1499 2809 1730 2877 quadam

146 2896 486 2951 obscuritate
514 2898 732 2968 tegitur,
763 2899 1019 2968 quidquid
1057 2910 1182 2961 tunc
1206 2899 1260 2953 in
1288 2900 1601 2954 memoriam
1623 2915 1730 2955 non

149 2997 448 3041 revocatur
488 2986 705 3056 iudicis.
757 2987 1028 3059 Scriptum
1067 2990 1264 3059 quippe
1297 2996 1384 3043 est
1417 3005 1431 3042 :
1491 3007 1509 3041 ι
1539 2989 1732 3045 Omnia

1827 1802 1975 1857 enim
2001 1803 2055 1858 in
2084 1804 2312 1877 caligine
2341 1807 2530 1862 oculus
2551 1810 2926 1877 confunditur,
2956 1814 3070 1883 ipsa
3108 1829 3205 1884 per
3235 1817 3409 1884 pinni-

1831 1894 2054 1950 tentiam
2103 1899 2300 1954 mentis
2354 1908 2552 1955 nostrae
2591 1902 2832 1957 confusio
2875 1904 3047 1978 caligo
3081 1909 3404 1963 nominatur.

1829 1984 1964 2040 Nam
1995 1989 2132 2042 sicut
2156 1989 2331 2060 caligo
2374 1993 2630 2048 nebulosa
2664 1996 2915 2064 congerie
2942 1998 3200 2052 obscurat
3238 1998 3407 2064 diem,

1831 2075 1904 2130 ita
1958 2075 2206 2132 confusio
2257 2078 2584 2149 perturbatis
2627 2083 3045 2154 cogitationibus
3101 2087 3411 2142 subnubilat

1831 2177 2092 2224 mentem.
2121 2169 2258 2226 Hinc
2279 2173 2537 2243 scriptum
2569 2183 2654 2228 est
2679 2191 2693 2228 :
2725 2193 2746 2228 ι
2779 2175 2844 2230 Et
2866 2177 3113 2232 confusio
3139 2178 3410 2234 adducens

1827 2256 2054 2326 gloriam
2095 2257 2286 2329 (.Eccli.
2319 2276 2393 2326 tv,
2421 2262 2532 2332 15).
2564 2281 2586 2313 ο
2615 2261 2738 2317 Haec
2759 2264 2932 2336 caligo
2959 2280 3144 2321 eorum
3171 2277 3408 2322 mentem

1829 2358 2196 2418 oppresserat,
2236 2351 2432 2420 quibus
2473 2350 2671 2406 Paulus
2715 2353 2964 2407 dicebat:
2997 2373 3016 2405 ι
3053 2353 3222 2421 Quem
3261 2356 3407 2410 enim

1831 2436 2064 2506 fructum
2105 2438 2366 2494 habuistis
2395 2449 2521 2494 tunc
2547 2441 2600 2495 in
2633 2439 2759 2505 illis,
2797 2442 2851 2496 in
2875 2444 3071 2512 quibus
3109 2460 3254 2499 nunc
3277 2456 3406 2500 erue

1831 2527 2056 2582 beseitis
2082 2526 2260 2598 (Rom.
2289 2544 2364 2594 vi,
2389 2528 2523 2600 ειν
2558 2548 2578 2582 ι
2611 2531 2736 2586 Dies
2759 2532 2903 2585 enim
2945 2533 3302 2588 amaritudine
3326 2535 3408 2588 in-

1831 2617 2087 2685 volvitur,
2115 2634 2238 2674 cum
2269 2619 2335 2673 ad
2362 2619 2738 2690 cogitationem
2769 2630 2946 2676 urente
2967 2624 3247 2688 redeunte,
3277 2637 3406 2694 pec-

1832 2708 1940 2764 cati
1971 2708 2338 2764 blandimanta
2387 2709 2658 2764 cruciatus
2704 2711 3034 2780 poenitentia:
3085 2725 3406 2782 sequuntur.

1832 2801 2102 2873 Quidquid
2158 2803 2303 2858 enim
2365 2803 2658 2860 involvitur
2703 2818 2772 2859 ex
2807 2803 2978 2860 latere
3022 2808 3199 2861 omnis
3240 2807 3412 2876 partis

1831 2894 2094 2963 operitur.
2133 2892 2282 2948 Diem
2314 2908 2445 2964 ergo
2490 2894 2852 2950 amaritudine
2901 2895 3242 2961 involvimus,
3283 2911 3409 2952 cum

1835 2997 2018 3054 pravae
2043 2982 2414 3040 delectationis
2437 2983 2693 3054 gaudium
2721 2985 2864 3054 quod
2884 2985 3144 3054 supplicia
3171 3000 3406 3055 sequan-

144 3089 338 3132 autem
395 3054 517 3148 quae
572 3054 902 3150 arguuntur,
954 3096 986 3135 a
1323 3077 1738 3135 manifestantur
1765 3054 1810 3116 ί)
1844 3085 1934 3131 tur
1959 3091 2029 3131 ex
2056 3075 2202 3132 omni
2232 3084 2389 3146 parte
2417 3077 2728 3146 aspicimus,
2752 3086 2807 3132 et
2835 3079 3042 3146 asperis
3071 3078 3173 3132 hoc
3197 3076 3411 3138 ﬂetibus

147 3167 376 3238 (Ep/tes.
405 3172 625 3241 ν,15).›
649 3172 780 3238 Quia
801 3187 932 3243 ergo
951 3187 1111 3227 omne
1133 3173 1273 3244 quod
1291 3174 1495 3244 tegitur
1510 3174 1653 3228 velut
1679 3175 1732 3229 in

151 3260 400 3316 tenebris
449 3263 788 3328 occultatur,
844 3265 899 3318 in
956 3264 1044 3318 die
1093 3265 1321 3320 extremi
1379 3265 1566 3335 judicii
1627 3281 1735 3321 non

153 3349 462 3406 illustratur
487 3352 714 3418 lumine,
737 3354 880 3424 quod
904 3369 1007 3409 non
1036 3356 1327 3411 discutitur
1345 3357 1566 3412 ultione.
1595 3356 1737 3413 Scri-

151 3448 303 3506 ptum
347 3450 432 3495 est
451 3441 602 3495 enim
631 3459 646 3495 :
672 3461 698 3493 ‹
735 3442 880 3496 Beati
911 3458 1141 3512 quorum
1185 3444 1422 3499 remissae
1470 3455 1597 3500 sunt
1642 3447 1738 3501 iui-

153 3529 418 3597 quitates,
437 3539 500 3585 et
535 3547 763 3601 quorum
794 3540 933 3588 tecta
957 3542 1086 3589 sunt
1117 3543 1338 3606 peccata
1367 3531 1541 3606 (Psal.
1583 3551 1734 3602 xxxi,

157 3619 240 3687 1).
273 3640 294 3671 ι
341 3620 604 3691 Sequitur
644 3640 660 3677 :

225 3712 396 3769 Vens.
431 3713 490 3767 5.
535 3711 821 3770 Obscuram
857 3733 974 3772 eum
1021 3718 1243 3772 tenebrae
1265 3759 1284 3784 ,
1309 3727 1356 3773 et
1388 3719 1569 3773 umbra
1599 3735 1738 3773 mor-

147 3805 240 3857 tis.
279 3835 358 3845 —
394 3803 500 3860 Per
533 3807 776 3862 umbram
821 3810 1010 3866 mortis
1047 3810 1253 3865 oblivio
1290 3810 1450 3866 debet
1487 3810 1733 3882 intelligi,

153 3895 278 3964 quia
310 3896 454 3950 sicut
492 3912 639 3952 mors
671 3899 933 3955 interimit
973 3900 1163 3966 vitam,
1194 3901 1269 3955 ita
1309 3901 1507 3958 oblivio
1535 3902 1738 3957 exstin-

151 3987 266 4054 guit
292 3987 636 4042 memoriam.
665 3988 800 4057 Quia
822 4005 952 4062 ergo
983 4000 1227 4062 apostata
1260 3992 1482 4063 angelus
1519 4002 1736 4050 :eterna:

151 4078 410 4133 oblivioni
441 4080 702 4146 traditur,
736 4081 924 4136 umbra
963 4084 1151 4138 mortis
1188 4083 1523 4140 obscuratur.
1566 4084 1645 4140 Ac
1690 4087 1735 4141 si

1835 3169 2252 3224 circnmdamus.
2281 3167 2576 3240 Sequitur:

1908 3259 2068 3316 Vsus.
2109 3260 2164 3316 6.
2204 3259 2425 3316 Noctem
2478 3261 2626 3317 illam
2681 3263 2980 3320 tenebrosus
3041 3265 3191 3320 turbo
3241 3267 3412 3336 possi-

1831 3353 2046 3406 deat.—-
2060 3351 2330 3422 Scriptum
2345 3355 2543 3424 quippe
2557 3363 2640 3410 est
2659 3373 2672 3410 :
2697 3373 2716 3406 ‹
2737 3355 2878 3426 Ignis
2903 3357 2955 3411 in
2981 3367 3270 3426 conspectu
3294 3355 3413 3425 ejus

1836 3443 2104 3508 ardescet,
2133 3450 2188 3498 et
2215 3443 2272 3498 in
2296 3443 2529 3498 circuitu
2551 3443 2667 3512 ejus
2698 3453 2992 3515 tempestas
3017 3445 3212 3502 valida.
3248 3465 3267 3499 ι
3307 3445 3412 3501 Te-

1837 3534 2098 3588 nebrosus
2133 3548 2262 3605 ergo
2284 3536 2440 3590 turbo
2461 3535 2599 3591 hanc
2615 3547 2826 3591 noctem
2852 3537 3109 3607 possidet,
3133 3538 3259 3608 quia
3279 3553 3414 3608 vapo-

1768 3695 1774 3704 θ
1837 3632 2036 3701 statam
2087 3625 2334 3694 spiritum
2369 3641 2420 3679 -a
2467 3616 2754 3696 conspectu
2813 3628 3044 3682 districti
3097 3627 3296 3696 iudicis
3344 3629 3412 3683 ad

1835 3725 2036 3771 teter-na
2082 3717 2170 3770 illa
2212 3717 2471 3788 supplicia
2511 3718 2749 3788 pavenda
2794 3717 2882 3772 illa
2927 3728 3219 3788 tempestas
3248 3718 3410 3788 rapit.

1837 3807 2076 3863 Turbine
2109 3823 2214 3867 nox
2237 3810 2338 3864 ista
2361 3809 2684 3880 possidetur,
2712 3809 2838 3878 quia
2863 3812 3091 3880 superba
3109 3808 3224 3878 ejus
3251 3808 3410 3864 caaci-

1839 3907 1922 3954 tas
1954 3897 2200 3955 districta
2228 3901 2694 3957 animadversione
2719 3899 3036 3971 percutitur.
3063 3897 3406 3956 MORALITER.

1839 3989 2007 4059 Quasi
2027 3991 2170 4046 enim
2195 3991 2415 4060 quidam
2445 3991 2601 4046 turbo
2625 3991 2956 4060 tempestatis
2974 3999 3080 4054 est,
3107 3990 3412 4046 concitatus

1837 4080 2062 4151 spiritus
2082 4082 2350 4135 mteroris.
2378 4078 2512 4134 Nam
2537 4080 2662 4134 dum
2687 4087 2966 4150 peccatum
2989 4079 3239 4150 quisque,
3264 4079 3410 4149 quod

151 4166 301 4221 dicat
334 4185 351 4220 :
381 4167 475 4222 Sic
500 4170 642 4223 enim
669 4185 792 4224 eum
829 4171 1038 4228 erroris
1075 4173 1162 4227 sui
1189 4173 1404 4229 caecitas
1427 4173 1642 4240 obruat,
1671 4182 1737 4229 ut
1837 4170 1988 4237 fecit,
2019 4170 2291 4241 intelligit,
2319 4168 2553 4226 mter-ore
2581 4178 2817 4225 mentem
2846 4169 3145 4238 obnubilat,
3174 4178 3228 4226 et
3251 4171 3410 4241 quasi

151 4274 503 4329 nequaquam
529 4261 756 4317 ulterius
779 4261 846 4315 ad
877 4263 1048 4318 lucem
1083 4263 1413 4333 pmnitentia:
1448 4279 1544 4334 per
1568 4265 1734 4320 divini
1812 4275 2100 4321 .concusso
2151 4273 2358 4318 serena:
2385 4260 2582 4316 laetitia:
2626 4275 2770 4325 aere,
2818 4275 3034 4316 omnem
3071 4262 3126 4316 in
3163 4276 3224 4316 se
3259 4269 3410 4316 tran-

151 4361 435 4418 respectus
464 4351 777 4405 memoriam
805 4361 1071 4423 resurgat.
1099 4352 1438 4408 Mommsen.
1474 4353 1624 4408 Diem
1651 4362 1731 4408 te-
1767 4414 1806 4423 _
1837 4352 2158 4421 quillitatem
2181 4351 2361 4407 cordis
2379 4350 2711 4422 potnitentia:
2741 4353 2957 4408 turbine
2979 4353 3240 4408 devastat.
3271 4350 3411 4407 Hinc

152 4414 340 4496 nebrae
366 4445 661 4498 obscurant
677 4444 891 4512 quando
919 4414 1324 4500 delectationem
1373 4445 1569 4500 mentis
1593 4443 1735 4499 inlli-
1761 4414 1814 4475 Ι)
1838 4443 1983 4498 enim
2010 4442 2268 4513 scriptum
2295 4451 2380 4497 est
2411 4460 2428 4497 :
2465 4460 2484 4494 ι
2521 4442 2578 4497 ln
2603 4442 2796 4512 spiritu
2824 4443 3127 4500 vehementi
3155 4452 3409 4498 conteres

153 4539 238 4584 cta
255 4532 832 4602 ptenitentizelamenta
851 4536 1307 4590 transverberant.
1324 4534 1731 4591 Possuntetiam
1836 4549 2004 4590 naves
2025 4533 2250 4590 Tharsis
2274 4533 2452 4605 (Psai.
2481 4547 2644 4600 xuii,
2669 4534 2749 4603 8).
2784 4553 2804 4586 ι
2833 4533 3060 4590 Tharsis
3084 4533 3409 4604 interpreta-

157 4634 256 4687 per
289 4623 540 4676 tenebras
565 4622 778 4676 occulta
800 4621 999 4690 judicia
1030 4624 1317 4694 designari.
1345 4623 1566 4680 Occulta
1587 4627 1732 4680 enim
1837 4633 1924 4681 tur
1951 4625 2241 4696 exploratio
2278 4625 2477 4696 gaudii,
2519 4627 2576 4680 id
2622 4635 2725 4690 est,
2753 4626 3204 4696 perpeti—stionem
3234 4624 3407 4694 culpa:

158 4706 360 4776 judicia
394 4713 548 4782 quasi
593 4712 834 4782 quaedam
875 4722 999 4767 ante
1043 4723 1255 4770 nostros
1288 4714 1470 4770 oculos
1499 4717 1736 4772 tenebra:
1836 4729 1944 4771 non
1971 4715 2336 4769 blandimenta
2358 4727 2561 4768 securae
2582 4713 2780 4783 quietis
2805 4712 3040 4776 foveant,
3072 4713 3165 4768 sed
3190 4713 3292 4784 piat
3317 4712 3407 4767 dc-

162 4811 304 4865 sunt,
330 4805 455 4874 quia
484 4805 815 4874 perscrutari
843 4819 1183 4874 nequaquam
1211 4812 1458 4876 possunt.
1491 4805 1644 4861 Unde
1668 4808 1735 4863 de
1836 4804 2065 4858 saeviens
2106 4802 2406 4856 amaritudo
2429 4801 2761 4870 paenitentia:
2789 4799 3074 4870 irrumpat.
3106 4800 3403 4870 Sequitur:

157 4887 386 4947 Domino
430 4895 691 4964 scriptum
720 4903 844 4950 est:
885 4912 903 4945 ι
936 4893 1122 4949 Posuit
1157 4895 1406 4950 tenebras
1451 4894 1729 4952 latibulum
1826 4897 1952 4955 Non
2002 4905 2329 4964 computetur
2363 4894 2418 4948 iu
2452 4893 2634 4948 diebus
2681 4893 2831 4960 anui,
2869 4911 2961 4950 nec
3007 4907 3310 4952 numeretur
3347 4898 3408 4952 in

158 4995 312 5036 suum
346 4983 519 5055 (Psal.
548 5000 684 5052 xvu,
719 4985 829 5056 12),
871 5004 889 5038 ι
920 4985 1072 5040 Diem
1095 4985 1256 5057 igitur
1282 4985 1517 5041 tenebrae
1540 4987 1732 5043 obscu-
1823 4988 2086 5046 mensibus
2113 4987 2261 5040 anui.
2300 5014 2372 5025 —
2409 4984 2623 5040 Annum
2670 4985 3110 5057 praedicationem
3158 5000 3414 5054 superna:

160 5083 303 5140 rant,
342 5092 463 5132 cum
506 5077 686 5133 ﬂendo
717 5088 924 5133 nostrae
963 5077 1332 5134 delectationis
1378 5079 1632 5146 gaudium
1664 5082 1732 5137 ab
1827 5079 2014 5152 gratia:
2044 5092 2149 5132 non
2194 5075 2638 5133 inconvenienter
2663 5077 2981 5149 accipimus.
3019 5079 3156 5146 Quia
3188 5077 3332 5132 sicut
3354 5077 3409 5131 in

164 5165 251 5221 illo
289 5169 448 5238 justa:
492 5171 978 5226 animadversionis
1019 5173 1168 5228 radio
1215 5170 1583 5228 inscrutabilia
1620 5171 1734 5241 ejus
1826 5185 1968 5224 anno
1984 5164 3408 5237 congestisdiehustempusperlicitur,itainsuperna

151 5257 353 5325 judicia
382 5263 805 5318 misericorditer
834 5262 1123 5317 occultant.
1161 5263 1217 5318 In
1262 5261 1540 5331 Scriptura
1585 5266 1728 5319 enim

1832 5258 1996 5329 gratia
2024 5255 2279 5309 virtutum
2307 5251 2586 5322 multiplex
2616 5257 2722 5310 vita
2755 5253 3284 5322 completur.'Potest
3305 5268 3409 5325 per
