4004 5340
604 335 706 411 {$9

1553 324 1612 383 5.
1652 320 1902 383 ODONlS
1939 314 2228 376 ABBA'IlS
2263 304 2759 387 CLUNlACENSlS
2796 302 2845 373 ll

3765 290 3863 344 H0

596 470 692 528 per
720 468 807 508 me
829 448 964 523 (Ira.
992 461 1113 514 ut,
1142 444 1217 515 l).
1249 461 1268 498 ι
1298 441 1366 498 Et
1390 432 1520 512 post
1537 437 1815 511 paululum
1839 433 2002 490 infert
2028 447 2041 485 :
2072 448 2090 481 ‹
2112 426 2185 483 Ut
2212 428 2261 487 Α
2288 419 2593 476 defenditur
2616 457 2633 485 ,
2688 416 2744 471 in
2789 419 3083 484 conspectu
3130 422 3231 464 nos
3270 403 3467 475 judicis
3515 397 3865 471 multiplicius

1710 527 1717 528 ί
1832 523 1963 528 λ-·“’
2079 520 2088 528 ι
2330 512 2343 528 ¹
2382 522 2393 528 -
2435 512 2446 524 ’
2662 508 2894 528 nun“
2956 503 3167 528 ι---ιιιη-ιι
3223 515 3328 528 ηρ...
3398 496 3681 528 ,ιιιιιηιπηηε³
3774 491 3865 528 ηδ

592 520 947 617 praedicarem
987 549 1187 593 annum
1220 530 1537 604 placabilem
1568 527 1797 584 Domino
1823 523 2009 596 (Ibid.,
2034 520 2117 592 ιι).
2140 538 2171 573 .›

596 614 735 703 Quid
762 646 891 687 vero
918 643 1015 700 per
1042 627 1187 690 dies,
1217 625 1321 679 nisi
1350 618 1571 693 singulae
1611 632 1838 689 quaeque
1883 614 2175 671 electorum

596 720 847 780 mentes?
872 719 1013 788 Quid
1060 732 1157 788 per
1188 729 1422 779 menses,
1454 712 1558 767 nisi
1600 709 1964 779 multiplicatae
1989 719 2176 761 eorum

592 815 874 878 Ecclesiae,
913 826 1034 882 quae
1068 824 1230 864 unam
1275 805 1600 863 catholicam
1632 802 1866 863 faciunt,
1898 797 2180 867 designan-

596 904 717 960 tur?
749 903 839 957 llla
866 916 999 971 ergo
1037 913 1144 954 nox
1173 911 1280 952 non
1316 902 1662 964 computatur
1698 891 1751 944 in
1793 889 1981 945 diebus
2010 885 2135 940 anni
2159 924 2176 951 ,

594 995 723 1065 quia
749 991 1006 1060 antiquus
1041 988 1213 1043 hostis
1238 984 1504 1056 superbiae
1532 998 1644 1037 suae
1669 980 1908 1035 tenebris
1933 990 2177 1048 pressus,

595 1086 885 1140 adventum
911 1081 1128 1152 quidem
1156 1075 1529 1146 Redemptoris
1553 1071 1839 1141 conspicit,
1863 1069 1957 1124 sed
1980 1080 2181 1137 nequa-

594 1191 759 1250 quam
794 1175 862 1231 ad
888 1173 1100 1229 veniam
1130 1185 1254 1227 cum
1284 1168 1472 1224 electis
1497 1165 1656 1222 redit.
1691 1163 1827 1217 Hinc
1856 1160 2001 1215 enim
2044 1156 2183 1212 seri.-

593 1247 748 1342 ptum
776 1274 904 1322 est:
948 1282 967 1316 ι
1010 1261 1285 1331 Nusquam
1333 1259 1477 1315 enim
1526 1255 1744 1327 angelos
1787 1247 2177 1323 apprehendit,

596 1341 691 1417 sed
736 1372 921 1415 semen
983 1354 1217 1410 Abrahae
1259 1349 1614 1422 apprehendit
1660 1345 1818 1416 (Πρὸ.
1860 1359 1937 1410 ιι,
1988 1341 2097 1412 16).
2154 1358 2175 1392 ι

595 1450 833 1508 Possunt
859 1446 963 1503 dici
994 1444 1087 1509 hi,
1110 1442 1200 1513 qui
1236 1443 1450 1497 interna
1490 1439 1609 1493 luce
1638 1440 1985 1508 permanent,
2014 1445 2179 1502 ange-

594 1541 687 1599 lici
715 1539 976 1611 spiritus;
1009 1524 1225 1593 menses
1248 1542 1452 1596 autem,
1475 1543 1661 1586 eorum
1687 1526 1905 1582 ordines
1931 1532 1984 1579 et
2007 1522 2183 1592 digni-

598 1642 759 1689 tates.
788 1628 1037 1701 intelligi.
1073 1624 1279 1697 Singuli
1324 1623 1526 1694 quique
1558 1618 1700 1674 enim
1746 1615 2000 1687 spiritus,
2055 1611 2180 1681 quia

597 1725 808 1789 lucent,
831 1723 949 1778 dies
964 1729 1109 1775 sunt.
1139 1717 1245 1773 Sed
1270 1715 1394 1786 quia
1415 1712 1579 1768 certis
1606 1707 1924 1780 quibusdam
1951 1702 2181 1774 dignita-

597 1815 744 1872 tibus
773 1813 1193 1881 distinguuutur,
1217 1815 1278 1861 ut
1306 1804 1397 1859 alii
1413 1799 1656 1865 Throni,.

598 1908 740 1971 sint,
792 1916 1009 1960 menses
1058 1905 1343 1955 vocantur.
1373 1893 1480 1949 Sed
1527 1890 1652 1961 quia
1709 1887 1966 1955 antiquus
2013 1882 2185 1937 hostis

601 2009 939 2067 nequaquam
959 1993 1026 2047 ad
1046 1989 1296 2047 meritum
1319 1984 1476 2049 lucis,
1493 1993 1829 2050 nequaquam
1853 1977 1920 2031 ad
1939 1974 2186 2029 ordinem

601 2093 960 2158 supernorum
994 2081 1265 2153 agminum
1290 2074 1585 2137 reducitur,
1612 2085 1711 2125 nec
1736 2070 1789 2124 in
1819 2067 2009 2123 diebus
2034 2063 2184 2130 anni,

605 2194 707 2235 nec
751 2178 806 2233 in
853 2173 1130 2231 mensibus
1163 2174 1496 2225 numeratur.
1528 2163 1869 2219 Monstrum.
1916 2156 2189 2211 lllumina-

604 2269 769 2324 tionis
790 2276 990 2322 nostrae
1006 2276 1183 2319 annus
1197 2268 1324 2316 tunc
1338 2256 1641 2328 perficitur,
1657 2252 1870 2322 quando
1892 2255 2188 2319 apparente

607 2366 813 2414 aeterno
830 2353 1011 2426 judice
1033 2358 1236 2407 sanctae
1265 2347 1518 2404 Ecclesia:
1544 2383 1560 2410 ,
1600 2339 2052 2414 peregrinationis
2078 2351 2190 2393 suae

609 2449 721 2505 vita
764 2445 1084 2517 commetur.
1140 2442 1290 2497 Tunc
1339 2438 1541 2493 laboris
1569 2435 1652 2490 sui
1697 2431 2189 2489 remunerationem

604 2539 848 2610 recipiet,
876 2550 1001 2591 cum
1028 2533 1240 2603 expleto
1266 2531 1370 2585 hoc
1400 2527 1524 2584 belli
1557 2535 1825 2595 tempore,
1863 2523 1929 2577 ad
1955 2519 2190 2591 patriam

605 2608 770 2694 redit,
799 2636 858 2683 ut
884 2625 1012 2681 illud
1046 2623 1332 2692 Propheta:
1362 2635 1378 2672 :
1417 2636 1434 2669 ι
1471 2615 1766 2670 Benedices
1786 2626 2044 2667 coronam
2064 2608 2191 2664 anni

602 2718 950 2791 benignitatis
996 2725 1102 2771 tuae
1142 2710 1317 2784 (Psal.
1356 2706 1652 2777 muli).
1688 2724 1706 2757 ι
1743 2704 1869 2758 Dies
1911 2716 2040 2756 vero
2063 2700 2221 2754 anni.

604 2811 766 2881 hujus
792 2818 917 2865 sunt
942 2805 1166 2876 singula:
1192 2816 1421 2873 quaeque
1446 2799 1698 2861 virtutes,
1744 2807 1959 2850 menses
1980 2800 2185 2855 autem,

606 2898 927 2971 multiplicia
980 2896 1119 2950 facta
1170 2894 1450 2947 virtutum.
1502 2888 1579 2941 Ac
1619 2885 1664 2941 si
1710 2898 1840 2955 ergo
1884 2881 2191 2937 districtum

604 2994 844 3066 judicent
867 3000 1057 3048 exoret
1076 2991 1301 3046 dicens:
1323 2986 1457 3042 Cum
1486 2982 1753 3054 completo
1782 2988 1981 3036 sancta:
2011 2975 2194 3032 Eccle-

612 3090 707 3146 sia:
751 3099 991 3157 tempore
1015 3124 1032 3152 ,
1060 3091 1306 3139 extremo
1337 3089 1387 3135 te
1415 3077 1668 3133 examine
1710 3071 2062 3135 manifestas,
2112 3068 2192 3123 sic

610 3181 749 3237 dona
798 3193 919 3249 quae
961 3172 1234 3232 contulisti
1262 3184 1574 3232 remunera,
1605 3178 1663 3220 ut
1705 3163 1844 3219 mala
1890 3174 2012 3232 quae
2043 3173 2193 3215 com-

614 3269 883 3334 misimus,
914 3276 1020 3323 non
1048 3264 1314 3335 requiras.
1347 3259 1404 3317 Si
1429 3258 1574 3314 enim
1600 3271 1704 3312 nox
1730 3254 1818 3310 illa
1834 3258 2198 3321 computatur,

614 3373 781 3416 omne
804 3358 949 3430 quod
974 3356 1188 3428 egimus
1213 3366 1282 3408 ex
1316 3348 1600 3421 pravitatis
1626 3355 1826 3402 nostra:
1843 3339 2202 3399 aestimatione

614 3447 997 3514 confunditur;
1020 3454 1078 3502 et
1097 3445 1213 3502 dies
1230 3443 1488 3498 virtutum
1503 3439 1615 3512 jam
1640 3452 1749 3493 non
1776 3435 1974 3500 lucent,
2024 3432 2073 3487 si
2102 3430 2203 3486 hos

614 3539 677 3597 in
716 3546 1012 3611 conspectu
1049 3543 1143 3592 tuo
1188 3539 1540 3589 annumerata
1595 3537 1794 3585 nostra:
1845 3523 2021 3581 noctis
2050 3531 2201 3577 teneo

610 3633 778 3717 brosa
806 3631 1055 3689 confusio
1068 3628 1344 3684 obscuret.
1370 3621 1629 3693 Sequitur
1659 3636 1675 3675 :

607 3756 614 3761 -
652 3710 655 3717 ’
691 3722 854 3778 Vsus.
884 3720 937 3775 7.
968 3716 1050 3775 Sit
1074 3730 1178 3771 nea:
1198 3714 1293 3768 illa
1323 3711 1675 3768 solitaria.--
1703 3704 1819 3761 Nox
1843 3701 1934 3759 illa
1961 3698 2204 3757 solitaria

605 3812 873 3880 .eliicitur,
907 3810 1035 3881 quia
1066 3805 1408 3862 districtione
1432 3809 1687 3873 perpetua
1712 3814 1743 3852 a
1773 3794 2078 3865 frequentia
2116 3807 2205 3847 su-

622 3919 809 3977 pernae
860 3900 1052 3972 patriae
1103 3902 1405 3966 separatur.
1456 3891 1650 3946 Aliter.
1713 3888 1796 3943 Ad
1851 3884 2204 3955 perditionem

626 3997 823 4067 quippe
847 3992 1052 4049 socium
1078 3987 1348 4045 hominem
1376 3983 1579 4039 fecerat
1613 3981 1748 4047 sibi,
1776 3995 1935 4049 quem
1976 3978 2208 4032 Redem-

628 4088 803 4161 ptoris
847 4083 1023 4155 gratia
1064 4077 1341 4136 reformat.
1374 4074 1627 4130 Solitaria
1650 4087 1780 4142 ergo
1821 4086 1928 4126 nox
1950 4068 2208 4134 efﬁcitur,

627 4158 753 4233 cum
805 4171 1031 4230 sublatis
1079 4169 1162 4226 eis
1204 4164 1492 4237 quielecti
1545 4170 1690 4227 sunt,
1754 4159 1901 4215 solus
1954 4158 2210 4225 antiquus

628 4266 803 4323 hostis
845 4277 967 4318 cum
1016 4274 1115 4316 suo
1157 4271 1384 4326 corpore
1430 4253 1647 4310 aeternis
1694 4251 1906 4321 ignibus
1951 4248 2209 4317 gehennae

616 4354 986 4424 mancipatur.
1014 4348 1301 4419 Sequitur:
1329 4342 1439 4400 Nec
1462 4344 1618 4399 laude
1636 4342 1892 4413 dignae—-
1906 4338 2038 4396 Cum
2064 4336 2209 4392 enim

631 4448 923 4502 humanum
954 4454 1122 4512 genus
1164 4437 1366 4492 erroris
1397 4434 1633 4490 tenebris
1671 4445 1946 4504 pressum,
1978 4429 2107 4484 deos
2131 4426 2210 4480 lae

2254 512 2600 583 .adstringat.
2662 508 2898 565 Peccare
2951 503 3170 575 quidem
3222 515 3333 555 non
3396 496 3724 563 debuimus,
3773 491 3865 547 sed

2280 604 2486 658 utinam
2502 581 2619 655 non
2659 606 2962 669 unguentes
2994 591 3075 649 vel
3109 606 3172 649 ea
3202 605 3322 659 qute
3350 586 3579 643 fecimus
3608 582 3730 639 sola
3772 581 3863 636 de-

2280 710 2545 751 seramus.
2574 691 2832 763 Sequitur
2861 707 2876 743 :
3316 740 3323 745 ,

2349 786 2512 841 Vsus.
2540 786 2595 841 8.
2630 781 2947 843 Maledicant
2979 776 3027 831 ei
3063 776 3153 847 qui
3196 771 3513 828 maledicunt
3554 767 3682 823 diei.
3714 795 3786 807 —
3811 763 3869 822 In

2264 875 2450 935 .veteri
2482 871 2837 928 translatione
2886 867 3123 923 dicitur:
3165 881 3185 915 ι
3221 860 3547 929 ltlaledicant
3583 871 3708 912 eam
3731 895 3748 921 ,
3772 854 3869 926 qui

2266 964 2560 1029 maledixit
2601 962 2743 1018 diem
2769 998 2787 1026 ,
2830 958 2921 1028 qui
2962 964 3220 1027 capturus
3242 960 3327 1009 est
3364 950 3569 1022 grande
3597 956 3807 1003 cetum.
3845 970 3865 998 δ

2279 1052 2605 1117 Antichristi
2644 1050 2788 1106 enim
2833 1049 2917 1103 his
2966 1045 3147 1102 verbis
3203 1041 3436 1114 perditio
3491 1032 3868 1111 [praevidetur]

2279 1145 2595 1217 providetur
2621 1141 2825 1197 futura.
2870 1139 3134 1210 Maliguus
3179 1150 3413 1204 namque
3462 1132 3720 1202 spiritus,
3776 1127 3870 1198 qui

2272 1251 2378 1308 per
2403 1235 2655 1290 meritum
2690 1249 2796 1288 nox
2817 1239 2923 1297 est,
2950 1232 3091 1284 diem
3120 1244 3181 1284 se
3209 1229 3262 1282 in
3292 1225 3482 1281 mundi
3508 1224 3671 1279 finem
3696 1220 3869 1275 simu-

2280 1323 2376 1389 lat,
2406 1338 2530 1386 cum
2558 1338 2618 1379 se
2642 1322 2800 1392 quasi
2826 1322 2993 1375 Deum
3020 1317 3329 1375 hominibus
3345 1313 3615 1370 ostendat.
3642 1309 3870 1365 Noctem

2281 1414 2444 1486 igitur
2473 1413 2765 1475 maledicit,
2791 1410 2884 1481 qui
2915 1407 3187 1467 maledicit
3214 1406 3379 1470 diem,
3427 1403 3555 1472 quia
3602 1399 3698 1455 ille
3727 1412 3870 1453 nunc

2277 1503 2397 1572 ejus
2444 1501 3012 1567 malitiamdestruit,
3060 1498 3165 1567 qui
3196 1494 3554 1551 illustratione
3603 1492 3873 1546 adventus

2281 1596 2385 1660 sui,
2420 1603 2549 1659 tunc,
2590 1594 2752 1649 etiam
2801 1591 3095 1664 potentiam
3125 1588 3242 1658 ejus
3289 1584 3625 1641 fortitudinis
3662 1580 3872 1636 exstin-

2281 1685 2414 1755 guit.
2450 1684 2621 1756 Hujus
2657 1685 2803 1745 enim
2858 1681 2964 1739 ceti
3014 1678 3272 1734 fortitudo
3304 1677 3360 1732 in
3413 1675 3569 1744 aquis
3621 1672 3872 1743 capitur,

1660 1797 1749 1852 alii
1779 1793 2182 1851 Dominationes

2295 1776 2411 1846 quia
2460 1774 2669 1844 antiqui
2714 1772 2887 1829 hostis
2939 1770 3178 1825 versutia
3227 1767 3476 1836 baptismi
3525 1768 3875 1817 sacramento

2283 1875 2587 1937 superatur.
2624 1863 2722 1919 Hic
2752 1871 2935 1917 autem
2961 1861 3028 1917 de
3049 1858 3237 1915 electis
3260 1855 3378 1925 ejus
3403 1853 3609 1925 angelis
3627 1850 3868 1905 dicitur:

2282 1958 2437 2021 Diem
2465 1972 2523 2011 se
2547 1956 2743 2026 quippe
2778 1953 3096 2023 superbiens
3129 1949 3354 2019 spiritus
3398 1954 3682 2001 ostentare
3710 1939 3873 1995 etiam

2286 2048 2546 2118 angelicis
2590 2044 2953 2115 potesta.ibus
3001 2041 3189 2107 voluit,
3237 2051 3445 2099 cumse
3491 2033 3650 2105 quasi
3687 2032 3743 2086 in
3775 2046 3872 2100 po-

2291 2140 2457 2195 tentia
2488 2136 2788 2193 divinitatis
2810 2149 2972 2204 super
2998 2142 3227 2188 caeteros
3249 2127 3530 2189 extollens,
3561 2134 3638 2180 tot
3666 2131 3795 2193 post
3818 2136 3875 2175 se

2288 2232 2356 2286 ad
2386 2230 2666 2289 interitum
2695 2227 2934 2297 legiones
2982 2224 3166 2278 traxit.
3198 2220 3304 2276 Sed
3347 2219 3403 2274 hi
3434 2218 3526 2287 qui
3564 2216 3621 2269 in
3649 2222 3877 2268 auctore

2290 2338 2389 2379 suo
2440 2320 2632 2379 humili
2690 2318 2851 2374 corde
2899 2314 3292 2385 perstiterunt,
3352 2324 3475 2364 cum
3532 2304 3711 2362 errori
3761 2303 3877 2372 ejus
3937 2331 3942 2334 -

2291 2422 2505 2470 noctem
2532 2411 2711 2466 inesse
2738 2407 3140 2478 conspicerent,
3163 2404 3305 2458 diem
3334 2398 3600 2455 claritatis
3639 2396 3791 2449 illius
3812 2394 3878 2447 de

2290 2502 2601 2573 semetipsis
2629 2500 2853 2556 humilia
2884 2496 3172 2552 sentiendo
3197 2491 3563 2552 calcaverunt,
3593 2486 3688 2556 qui
3734 2498 3876 2538 nunc

2292 2596 2450 2653 nobis
2478 2595 2586 2650 doli
2616 2593 2732 2664 ejus
2769 2591 3019 2646 tenebras
3054 2586 3325 2649 indicant,
3367 2591 3422 2638 et
3458 2595 3622 2650 quam
3671 2578 3745 2631 sit
3776 2574 3876 2629 illis

2293 2688 2634 2758 despicienda
2663 2685 2807 2739 facta
2837 2682 3060 2739 claritas
3098 2678 3488 2743 demonstrant.
3530 2670 3874 2725 Monstra-EI.

2293 2780 2374 2835 llli
2410 2778 2674 2833 veraciter
2702 2774 2843 2834 mala
2896 2778 3172 2825 transacta
3210 2781 3307 2836 per
3345 2758 3874 2817 animadversionem

2294 2868 2632 2941 pmttitentia:
2680 2865 2979 2933 corrigunt,
3030 2858 3121 2928 qui
3168 2855 3280 2926 jam
3324 2854 3393 2907 ad
3444 2852 3583 2906 bona
3638 2847 3875 2901 fallentia

2297 2938 2443 3018 nulla
2479 2957 2835 3014 delectatione
2865 2954 3166 3023 rapiuntur.
3210 2946 3325 3002 Non
3353 2958 3489 3015 quos
3513 2942 3692 2998 adhuc
3720 2938 3875 2992 noxia

2297 3054 2402 3109 alia
2447 3036 2737 3115 delectant,
2787 3048 2981 3102 falsmn
3022 3052 3105 3100 est
3138 3041 3281 3113 quod
3312 3038 3573 3099 cernitur,
3602 3033 3733 3103 quia
3764 3046 3876 3101 per-

2217 3160 2263 3223 c
2297 3153 2504 3216 petrata
2533 3142 2639 3197 alia
2664 3140 2966 3210 deplorant.
2992 3135 3165 3197 Aliter
3193 3147 3208 3187 :
3250 3131 3327 3186 llli
3359 3135 3662 3183 transactas
3691 3122 3879 3190 culpas

2306 3250 2428 3289 vere
2479 3231 2740 3303 puniunt,
2800 3227 2892 3297 qui
2938 3222 3159 3293 maligni
3211 3216 3511 3276 seductoris
3556 3212 3784 3268 insidias
3827 3210 3877 3263 in

2301 3324 2420 3395 ipsa
2463 3301 2661 3375 blanda
2710 3315 3054 3387 suggestione
3104 3309 3529 3381 deprehendunt.
3576 3301 3875 3372 Sequitur:

2300 3392 2406 3481 Qui
2452 3413 2623 3484 parati
2671 3417 2789 3462 sunt
2836 3405 3091 3460 suscitare
3134 3399 3442 3454 Leuiatltan.
3472 3422 3542 3437 --
3582 3392 3878 3448 Leviatlian

2302 3507 2501 3577 quippe
2546 3502 2961 3557 additamentum
3015 3509 3194 3551 eorum
3238 3493 3669 3560 interpretatur,
3712 3483 3879 3541 homi-

2303 3572 2450 3652 rium
2465 3592 2703 3657 scilicet,
2748 3589 2876 3658 quia
2922 3594 3206 3656 postquam
3234 3580 3462 3650 primam
3497 3576 3717 3646 culpam
3743 3572 3877 3630 mala

2304 3684 2645 3757 suggestione
2666 3680 2867 3744 intulit,
2896 3680 3036 3732 hanc
3060 3672 3301 3745 quotidie
3321 3684 3522 3741 augere
3542 3667 3880 3740 gravioribus

2304 3774 2742 3848 persuasionibus
2771 3786 2881 3824 non
2921 3766 3151 3822 desistit.
3183 3762 3281 3819 Vel
3301 3770 3449 3818 certe
3467 3776 3565 3830 per
3589 3759 3883 3827 exprobra-

2308 3867 2506 3920 tionem
2529 3862 2951 3917 additamentum
2981 3856 3255 3921 hominum
3276 3852 3492 3908 dieitur.
3521 3850 3637 3909 Eos,
3653 3859 3881 3917 namque

2305 3956 2360 4014 in
2390 3954 2639 4025 paradiso
2667 3947 2998 4005 immortales
3022 3945 3240 4016 reperit,
3266 3943 3360 3999 sed
3389 3939 3735 3997 divinitatem
3765 3952 3881 4008 pro-

2308 4045 2608 4110 mittendo,
2686 4039 3146 4102 immortalitatem
3220 4033 3516 4089 calliditate
3592 4027 3881 4084 subtraxit.

2309 4137 2477 4194 Electi
2524 4136 2668 4191 enim
2711 4133 2933 4203 spiritus
2981 4128 3273 4199 superbum
3301 4131 3608 4194 apostatam
3661 4117 3865 4188 compri

2310 4239 2485 4294 munt,
2513 4227 2640 4298 quia
2665 4225 2895 4281 humiles
2921 4223 3065 4281 hunc
3092 4219 3244 4289 sequi
3289 4216 3613 4278 noluerunt,
3649 4213 3885 4282 ipsisque

2309 4317 2815 4377 administrantibus
2855 4312 3198 4383 disponitur,
3237 4318 3295 4362 Ill.
3341 4308 3407 4361 ad
3461 4304 3886 4359 internecionem

2312 4416 2422 4486 apti
2450 4410 2767 4469 certaminis
2793 4404 3154 4463 destruendus
3181 4400 3423 4459 funditus
3443 4397 3778 4465 quandoque
3808 4408 3885 4446 πθ-

632 4540 786 4610 pides
828 4485 1090 4599 (παύει-ει,
1141 4527 1270 4599 qttid
1321 4526 1465 4581 aliud
1511 4485 1699 4595 quamr
1731 4524 1910 4579 noctis
1933 4485 2209 4576 Itenebras
2235 4508 2285 4569 D
2313 4485 2552 4562 νδίίεωπο
2582 4501 2920 4556 διοιυλιοιτειι·
2954 4494 3155 4550 Οιιιιιθε
3181 4491 3272 4560 tl“i
3304 4505 3367 4543 0³
3397 4501 3518 4556 ειυω
3548 4485 3741 4539 mum“
3771 4487 3889 4537 sum

2446 4604 2455 4610 .
2536 4608 2570 4610 μ
2594 4592 2731 4610 ιη--.
2796 4597 2839 4610 η.
2873 4600 2929 4610 Α..
3118 4581 3208 4610 n..:
3241 4586 3361 4610 caloni
3393 4576 3545 4610 ulnnn
3591 4573 3889 4610 inm-nimie

636 4624 920 4683 laudavit?
952 4623 1091 4678 Hinc
1128 4619 1326 4675 Paulus
1373 4618 1450 4672 ait
1492 4631 1508 4670 :
1542 4634 1561 4668 ι
1591 4614 1804 4670 Scimus
1840 4614 1966 4681 quia
2005 4611 2209 4665 idolum

628 4717 773 4774 .niltil
803 4724 886 4772 est
913 4714 960 4786 (l
993 4712 1246 4771 Convm,
1266 4708 1354 4776 Α).
1384 4725 1405 4758 ι
1436 4706 1543 4762 Sed
1571 4719 1688 4774 quae
1713 4701 1995 4758 immolant
2021 4709 2212 4772 gentes

630 4810 917 4866 daemoniis
958 4804 1254 4860 immolant.
1289 4799 1395 4854 Sed
1431 4812 1558 4853 ecce
1596 4796 1710 4865 jam
1756 4792 2056 4856 cernimus,
2084 4791 2211 4859 quia

632 4917 750 4959 nox
774 4900 861 4954 illa
892 4912 997 4952 non
1026 4909 1146 4949 esse
1170 4893 1326 4963 digna
1349 4889 1506 4943 laude
1528 4885 1889 4956 cognoscitur,
1919 4898 2042 4938 cum
2065 4897 2097 4935 a
2125 4894 2217 4935 re-.

640 4992 1120 5061 dempto-humano
1161 4997 1379 5055 genere,
1415 4980 1681 5035 idolorum
1720 4977 1992 5031 veneratio
2028 4985 2215 5042 repro-

643 5086 830 5148 batur,
858 5090 914 5136 et
939 5077 1179 5134 solitaria
1223 5089 1330 5129 nox
1364 5070 1704 5140 relinquitur,
1735 5069 1862 5137 quia
1896 5081 2035 5120 cum
2057 5063 2213 5117 dam-

638 5184 773 5227 .nato
801 5178 1044 5239 apostata
1069 5165 1259 5235 spiritu
1282 5161 1347 5216 ad
1371 5167 1635 5214 tormenta
1656 5171 1762 5211 non
1788 5156 1848 5210 it.
1875 5155 2214 5209 Mensurae.

2313 4604 2495 4651 mente
2525 4592 2760 4650 calcant,
2791 4597 2847 4640 et
2870 4600 2935 4639 ea
2966 4599 3087 4652 qua:
3116 4581 3211 4634 Dei
3241 4586 3362 4633 sunt
3391 4576 3547 4645 plena
3590 4573 3889 4627 intentione

2314 4686 2645 4746 desiderant,
2676 4677 2967 4732 Leviathan
2993 4682 3181 4726 contra
3209 4683 3266 4722 se
3298 4666 3585 4726 suscitant,
3625 4677 3764 4731 quia
3783 4660 3891 4728 ejus

2315 4773 2576 4841 malitiam
2594 4768 2939 4837 instigatione
2951 4777 3062 4818 sua:
3083 4755 3514 4814 conversationis
3533 4750 3886 4806 inﬂammant.

2316 4869 2451 4924 Nam
2480 4864 2572 4934 qui
2616 4860 2733 4928 ejus
2764 4854 3023 4912 voluntati
3075 4850 3300 4920 subjecti
3329 4855 3454 4903 sunt
3476 4885 3492 4911 ,
3522 4845 3684 4923 quasi
3713 4844 3892 4913 quieto

2318 4964 2386 5017 ab
2416 4958 2645 5027 illo-jure
2676 4952 3039 5023 possidentur.
3075 4947 3142 5001 Et
3167 4945 3321 5015 quasi
3348 4941 3567 5004 dormit,
3594 4938 3728 4993 dum
3756 4935 3893 5005 sopi-

2319 5060 2408 5104 tus
2431 5050 2487 5103 iu
2510 5059 2698 5101 eorum
2725 5056 2892 5112 pravo
2922 5039 3085 5093 corde
3104 5035 3356 5104 quiescit.
3396 5031 3500 5085 Sed
3526 5029 3807 5084 excitatur
3841 5025 3892 5079 in

2317 5137 2698 5212 provocatione
2721 5130 3062 5194 certaminis,
3090 5142 3215 5183 cum
3249 5127 3338 5196 jus
3359 5120 3606 5176 amiserit
3628 5130 3893 5190 perversa:

2544 5227 2703 5250 .2--.!..
2763 5224 2823 5250 ΠΖ
2857 5235 2983 5250 η-ηνη
3015 5226 3202 5250 nnnlnn
3245 5221 3525 5250 nunﬂjlllm
3549 5209 3675 5250 ἴαινιῖ
