4004 5340
158 314 241 371 HI

876 303 1179 361 EPITOME
1218 300 1582 359 MORALIUM
1622 300 1680 358 S.
1723 300 1932 359 GREG.
1973 299 2039 356 IN
2076 299 2218 356 JOB.
2256 330 2326 341 -ι
2367 299 2494 354 LIB.
2532 301 2622 355 Π.

3295 298 3400 357 ιιι

151 433 347 498 gnatur,
378 429 439 476 ut
477 419 674 476 Paulus
705 418 978 491 apostolus
1013 418 1091 472 ait
1128 434 1142 470 :
1181 436 1199 468 ‹
1233 415 1290 471 In
1322 415 1499 470 medio
1527 415 1704 470 natio-
1735 423 1780 481 Α
1811 413 1994 475 tando,
2038 412 2323 478 sustinuit;
2374 411 2468 466 sed
2515 410 2816 466 venientem
2855 413 3077 470 minime
3127 415 3400 484 cognovit.

151 515 228 569 nis
246 527 422 583 prava:
448 519 504 565 et
529 524 819 581 perversae,
867 508 1014 562 inter
1055 521 1192 578 quos
1231 505 1426 560 lucetis
1457 503 1596 558 sicut
1628 503 1710 557 lu-

150 606 361 661 minaria
391 605 445 659 in
494 602 692 658 mundo
715 599 884 672 (Phil.
911 616 972 664 ll,
1003 597 1114 670 15).
1154 617 1172 650 s
1209 596 1516 666 Aliquando
1546 596 1715 667 hypo-

148 698 396 753 critarum
422 695 572 751 ﬁctio
598 692 1028 757 demonstratur,
1050 700 1110 744 ut
1135 687 1260 743 illud
1291 706 1306 746 :
1337 706 1356 740 ι
1388 688 1532 742 Misit
1555 688 1716 742 draco

146 788 396 850 caudam,
453 794 512 841 et
576 785 741 840 traxit
791 792 1001 854 partem
1047 780 1323 836 stellarum
1372 779 1572 849 (Apoc.
1615 794 1716 843 xu,

148 877 221 947 4).
270 897 286 929 ι
314 877 393 932 Ac
425 875 473 931 si
504 890 632 946 ergo
655 874 800 928 dicat
833 890 846 925 :
893 872 1090 927 Contra
1113 886 1213 926 eos
1251 879 1448 940 quante
1473 867 1720 941 (Videtur

145 971 337 1042 phrasis
361 968 630 1041 corrupta)
677 969 943 1024 humanos
967 965 1187 1030 oculos,
1218 965 1373 1035 quasi
1405 963 1561 1018 bonis
1593 977 1720 1034 0pc-

147 1063 287 1117 ribus
311 1061 614 1132 splendent,
646 1059 851 1114 malitia
890 1057 1098 1126 antiqui
1129 1056 1300 1110 hostis
1331 1056 1560 1110 obscura
1584 1068 1721 1124 prte-

147 1151 330 1218 valeat,
351 1161 407 1206 et
432 1151 535 1205 hoc
556 1150 698 1220 quod
723 1158 847 1202 ante
871 1148 1104 1202 Immana
1121 1144 1324 1214 judicia
1354 1150 1718 1215 sumpserant,

148 1240 314 1295 lumen
357 1240 533 1295 laudis
577 1239 870 1308 deponant.
917 1236 1262 1292 MORALI‘I‘ER.
1317 1234 1498 1290 Stella:
1525 1234 1723 1305 quippe

146 1333 312 1388 noctis
367 1331 602 1402 caligine
661 1330 1071 1394 tenebrantur,
1131 1327 1349 1398 quando
1401 1334 1456 1382 et
1521 1325 1576 1380 hi
1631 1325 1722 1395 qui

147 1426 348 1496 magnis
383 1425 496 1496 jam
527 1423 819 1478 virtutibus
859 1421 1142 1492 splendent
1163 1461 1178 1485 ,
1225 1420 1402 1475 adhuc
1429 1418 1498 1473 de
1529 1417 1725 1473 obscu-

147 1518 298 1572 ritate
338 1516 510 1586 culpae
559 1513 760 1584 aliquid
792 1513 1090 1568 retinentes
1135 1512 1444 1575 sustinent,
1473 1517 1534 1563 ut
1561 1509 1729 1564 etiam

148 1622 332 1676 magna
375 1604 626 1660 claritate
657 1604 905 1668 luceant,
938 1611 992 1658 et
1037 1612 1216 1658 tamen
1242 1601 1421 1657 adhuc
1447 1601 1620 1655 noctis
1647 1615 1731 1655 re-

147 1699 285 1768 liqua
335 1698 584 1753 nolentes
616 1696 856 1750 trahant.
888 1695 1043 1752 Unde
1082 1703 1138 1749 et
1165 1695 1220 1749 in
1261 1703 1406 1750 terra
1440 1692 1730 1764 repromis-

1815 505 1948 573 Qua:
1979 511 2036 562 et
2063 503 2334 574 surgentis
2371 519 2582 558 aurorae
2610 512 2788 558 ortum
2821 518 2929 560 non
2957 504 3112 570 vidit,
3152 505 3280 576 quia
3322 507 3406 561 in.

1817 599 1973 653 firma
2004 597 2093 652 illa
2133 607 2334 652 sanctae
2363 597 2618 652 Ecclesia:
2660 597 2956 666 primordia
2987 597 3240 652 venerari
3276 613 3406 654 con-

1819 687 2053 758 tempsit.
2103 685 2447 743 Mensurae.
2495 686 2840 754 Quantalibet
2886 687 3185 744 intentione
3227 687 3406 744 adhuc

1818 781 2104 853 peregrina
2138 797 2290 836 mens
2317 790 2546 850 satagat,
2572 782 2754 837 videre
2781 781 2955 836 lucem
2987 783 3128 836 sicut
3151 790 3260 847 est,
3295 795 3403 836 non

1818 874 1986 939 valet,
2015 875 2143 944 quia
2169 875 2308 928 hanc
2331 874 2379 928 ei
2412 874 2774 928 damnationis
2801 889 2912 929 suae
2937 875 3151 930 caecitas
3175 875 3406 930 abscon-

1821 962 1918 1018 dit.
1947 962 2114 1020 Ortus
2137 978 2268 1017 vero
2308 971 2390 1018 est
2418 979 2627 1018 aurora:
2651 963 2739 1017 illa
2770 979 2908 1018 nova
2944 963 3199 1018 nativitas
3226 978 3408 1018 resur-

1821 1059 2080 1114 rectionis
2136 1057 2412 1114 Ecclesiae.
2463 1056 2600 1112 Iliuc
2644 1057 2904 1112 Dominus
2943 1057 3020 1112 ait
3052 1075 3066 1110 :
3105 1075 3123 1109 ί
3161 1057 3216 1111 In
3255 1071 3412 1128 rege-

1823 1151 2102 1205 neratione
2133 1165 2257 1204 cum
2301 1149 2504 1204 sederit
2537 1149 2679 1205 ﬁlius
2722 1149 2958 1204 hominis
2988 1148 3040 1202 in
3080 1149 3208 1203 sede
3245 1144 3410 1216 maje-

1824 1239 1982 1295 statis
2010 1255 2120 1295 sua!
2145 1237 2363 1309 (Matth.
2392 1254 2505 1304 xtx,
2529 1239 2640 1309 28).
2673 1259 2690 1292 ι
2719 1237 2826 1294 Sed
2853 1237 3191 1310 quantalibet
3212 1237 3411 1291 virtute

1824 1329 1980 1385 electi
2022 1343 2164 1384 nunc
2192 1329 2453 1401 fulgeant,
2503 1339 2791 1398 penetrare
2822 1336 3097 1400 nequeunt
3140 1344 3261 1400 quae
3305 1327 3413 1383 erit

1826 1421 1916 1476 illa
1946 1437 2098 1478 nova:
2125 1423 2432 1478 nativitatis
2459 1422 2651 1493 gloria,
2681 1437 2788 1492 qua
2830 1433 2960 1478 tunc
2986 1436 3150 1476 carne
3181 1421 3247 1475 ad
3281 1434 3410 1475 con-

1829 1514 2199 1586 templandum
2263 1515 2589 1572 aeternitatis
2654 1515 2835 1571 lumen
2892 1516 3250 1572 abscondunt.
3314 1511 3412 1570 Se-

1829 1606 2052 1677 quuur:

1908 1699 2076 1756 Vsus.
2117 1700 2208 1755 IO.
2249 1699 2395 1768 Quia
2467 1718 2571 1756 non
2599 1699 2851 1756 conclusit
2909 1701 3045 1755 ostia
3079 1697 3269 1754 ventris
3323 1696 3415 1770 qui

145 1789 308 1844 sionis
337 1790 388 1843 in
420 1788 600 1843 medio
631 1787 892 1858 Ephraim
916 1787 1079 1842 tribui
1106 1794 1368 1842 canentes
1397 1785 1560 1850 tribu,
1589 1784 1724 1840 tala-
1755 1783 1798 1843 Β
1824 1794 2049 1862 portavit
2073 1809 2176 1858 me,
2201 1809 2294 1847 nec
2315 1792 2528 1846 abstulit
2557 1791 2699 1846 mala
2721 1792 2786 1846 ab
2806 1790 2970 1846 oculis
2997 1792 3147 1845 meis.
3169 1819 3239 1830 --
3259 1786 3412 1855 Quod

145 1881 251 1935 rius
266 1881 592 1950 relinquitur
628 1881 819 1936 Aliter.
837 1880 954 1935 Nox
977 1889 1061 1935 est
1082 1893 1378 1935 consensus
1399 1879 1466 1933 ad
1486 1876 1720 1946 culpam,

142 1985 257 2040 qua:
301 1970 367 2025 ad
398 1986 498 2025 nos
537 1971 697 2040 primi
747 1970 990 2040 parentis
1033 1977 1117 2024 est
1145 1983 1373 2024 excessu
1404 1975 1720 2037 propagata.

145 2062 352 2133 Nosque
379 2063 493 2134 jam
525 2072 648 2134 post
687 2078 904 2134 poenam
956 2063 1025 2134 ad
1079 2063 1220 2116 hanc
1253 2061 1419 2115 vitam
1449 2058 1722 2124 damnati,

142 2169 258 2207 cum
304 2153 502 2208 mortis
527 2132 726 2207 merito
770 2132 1039 2207 venimus.
1069 2149 1219 2205 Multi
1254 2158 1434 2204 tamen
1467 2148 1522 2203 in
1573 2159 1724 2204 tene-

143 2251 251 2307 bris
293 2251 418 2305 vitae
461 2248 748 2321 praesentis
792 2247 920 2302 dum
971 2246 1254 2317 superiora
1290 2245 1356 2300 de
1387 2257 1446 2298 se
1481 2241 1728 2313 exempla

139 2339 417 2404 exhibent,
447 2349 723 2394 astrorum
755 2353 904 2393 more
932 2337 1088 2392 nobis
1119 2337 1351 2406 desuper
1391 2334 1593 2390 lucent.
1625 2334 1726 2401 Qui

142 2441 321 2486 tamen
342 2430 685 2502 quantolibet
713 2445 773 2485 se
795 2430 918 2500 igne
943 2426 1376 2498 compunctionis
1408 2426 1724 2491 accendant,

139 2525 264 2580 dum
291 2521 628 2592 corruptibili
661 2523 838 2578 adhuc
860 2535 1027 2577 carne
1056 2517 1264 2591 gravati
1289 2525 1435 2581 sunt,
1467 2525 1728 2570 :etermnn

140 2617 351 2680 lumen,
383 2616 527 2671 sicut
557 2625 678 2678 est,
710 2615 892 2669 videre
933 2629 1040 2668 nou
1088 2621 1332 2683 possunt.
1361 2610 1515 2665 Dicat
1554 2625 1686 2678 ergo
1712 2626 1726 2663 :

141 2704 558 2760 Obtenebrentur
593 2703 760 2759 stella:
803 2701 1027 2774 caligine
1056 2701 1194 2772 ejus.
1239 2698 1296 2754 Id
1346 2707 1429 2754 est
1457 2699 1621 2754 etiam
1656 2695 1730 2752 illi

140 2797 192 2851 in
231 2795 693 2866 contemplatione
738 2810 835 2850 sua
867 2793 1105 2864 antiqua:
1153 2792 1328 2848 noctis
1370 2791 1546 2846 adhuc
1579 2799 1728 2846 tene-

136 2891 265 2945 bras
300 2888 561 2952 sentiant,
593 2887 660 2943 de
686 2887 886 2958 quibus
922 2885 1180 2940 nimirum
1211 2892 1432 2940 constat
1457 2883 1601 2952 quod
1631 2882 1731 2937 bu-

137 2995 304 3036 mano
327 2981 510 3052 generi
535 2979 590 3034 in
627 2977 787 3046 hujus
814 2978 937 3032 vitae
959 2975 1192 3047 caligine
1220 2974 1480 3028 virtutum
1512 2989 1732 3028 suarum

137 3072 326 3127 radius
349 3069 682 3141 expandant.
712 3067 1005 3140 Sequitur:
1040 3065 1314 3138 Exspecta
1342 3063 1532 3130 lucem,
1560 3075 1607 3118 et
1630 3081 1733 3119 non

135 3164 335 3218 videat.
355 3138 564 3216 —_Lux
597 3138 856 3216 Dominus
880 3169 987 3216 est.
1016 3157 1134 3230 Ipse
1160 3159 1360 3229 quippe
1403 3157 1480 3211 ait
1513 3174 1527 3210 :
1567 3175 1586 3208 ι
1621 3155 1733 3228 Ego
1759 3138 1804 3200 (ἶ

136 3267 256 3308 sum
317 3255 411 3307 lux
446 3250 634 3306 mundi
675 3248 860 3320 (Joun.
892 3265 1021 3312 vni,
1055 3248 1167 3315 12).
1206 3267 1225 3299 ι
1258 3245 1371 3302 Nox
1413 3262 1543 3303 vero
1590 3256 1738 3303 tene-

136 3345 338 3399 brosus
379 3342 574 3407 hostis,
621 3356 744 3398 cum
793 3339 1056 3396 membris
1103 3339 1217 3395 suis
1244 3349 1359 3404 est,
1389 3354 1511 3411 quae
1560 3337 1735 3394 lucem

134 3446 428 3506 exspectat
453 3443 508 3489 et
538 3449 647 3489 non
679 3432 847 3488 videt.
897 3432 1034 3500 Quia
1071 3431 1158 3488 vel
1205 3432 1259 3486 bi
1290 3431 1382 3502 qui
1432 3431 1590 3486 iidem
1620 3430 1739 3486 sine

134 3527 403 3598 operibus
449 3524 690 3580 retinent
717 3539 840 3580 cum
887 3538 986 3594 pro
1015 3523 1208 3579 eadem
1257 3521 1364 3578 ﬁde
1393 3521 1446 3577 in
1490 3531 1739 3577 extremo

125 3614 345 3684 judicio
397 3614 614 3670 salvare
663 3628 722 3669 se
775 3629 936 3684 posse
987 3612 1301 3676 confidunt,
1357 3625 1483 3682 spes
1523 3611 1738 3667 illorum

135 3704 523 3769 frustrabitur,
571 3713 632 3758 ut
676 3703 732 3758 hi
777 3704 871 3773 qni
919 3718 1019 3774 pro
1051 3704 1288 3757 humana
1320 3700 1477 3756 laude
1504 3701 1557 3755 in
1597 3702 1739 3757 bona

136 3798 362 3853 actione
382 3812 444 3852 se
464 3795 744 3857 exhibent.
777 3795 831 3850 in
856 3809 1071 3850 cassum
1096 3792 1477 3849 advenientem
1500 3791 1740 3863 judicem

135 3887 567 3946 retributionem
613 3887 882 3943 bonorum
925 3901 1152 3956 operum
1207 3891 1460 3956 Sperant,
1495 3881 1742 3938 Veritate

133 3991 479 4045 attestante,
513 3993 639 4052 quae
679 3978 755 4032 ait
787 3995 801 4032 :
849 3995 868 4029 ι
920 3977 1094 4032 Amen
1132 3975 1255 4030 dico
1302 3973 1492 4040 vobis,
1526 3987 1744 4044 recepe-

133 4084 272 4130 runt
319 4074 631 4130 mercedem
663 4087 816 4128 suam
848 4069 1067 4142 (Matth.
1099 4085 1198 4135 vn,
1247 4069 1324 4140 2).
1363 4086 1383 4120 ι
1435 4067 1694 4140 Sequitur
1724 4081 1740 4121 :

136 4166 258 4224 Nec
293 4177 476 4222 ortum
506 4166 769 4236 surgentis
813 4180 1043 4219 aurorte.
1071 4191 1140 4203 —-
1179 4163 1392 4219 Aurora
1417 4163 1613 4233 quippe
1641 4161 1746 4214 Ec-

133 4263 312 4318 clesia
352 4261 572 4323 dicitur,
624 4273 745 4328 qua:
773 4274 802 4311 a
832 4265 1180 4327 peccatorum
1227 4269 1448 4310 suorum
1483 4254 1742 4321 tenebris,

132 4357 204 4408 ad
261 4355 447 4408 lucem
510 4350 737 4420 iustitia:
789 4359 1150 4420 permutatnr.
1218 4347 1296 4404 De
1344 4363 1450 4418 qua
1502 4346 1742 4401 dicitur:

1825 1882 2116 1953 unicuique
2151 1883 2356 1938 homini
2387 1893 2580 1939 venter
2627 1891 2712 1938 est
2755 1883 2968 1948 matris,
3019 1881 3122 1936 bne
3159 1879 3414 1934 universo

1826 1973 2062 2030 humano
2093 1975 2279 2044 generi
2317 1975 2528 2030 exstitit
2562 1974 2649 2030 illa
2674 1990 2883 2031 summa
2908 1973 3166 2045 paradisi.
3188 1971 3266 2026 Ex
3297 1971 3413 2042 ipsa

1828 2080 2062 2137 namque
2109 2068 2407 2123 humanum
2457 2083 2629 2137 genus
2668 2066 2812 2123 velut
2854 2082 2922 2122 ex
2965 2074 3153 2122 ventre
3193 2063 3412 2134 prodiit.

1829 2155 1934 2212 Sed
1963 2156 2122 2224 hujus
2143 2160 2346 2213 ventris
2365 2158 2505 2213 ostia
2528 2174 2753 2229 serpens
2777 2157 3008 2228 aperuit,
3037 2171 3158 2211 cum
3185 2168 3414 2224 persua-

1829 2247 1978 2302 sione
2025 2247 2218 2302 callida
2264 2249 2317 2302 in
2362 2253 2528 2303 corde
2571 2248 2806 2303 hominis
2851 2248 3165 2301 mandatum
3195 2243 3419 2299 caeleste

1829 2339 2095 2395 dissolvit.
2148 2338 2258 2395 Nec
2294 2349 2506 2395 moveat
2535 2340 2679 2408 quod
2719 2354 2827 2393 non
2855 2336 3189 2393 conclusisse
3221 2335 3420 2407 quaeri-

1833 2439 1941 2497 tur,
2001 2446 2163 2501 quem
2215 2430 2498 2502 aperuisse
2541 2430 2781 2501 paradisi
2821 2430 3046 2500 januam
3097 2430 3416 2483 detestatur.

1833 2521 1950 2578 Non
1979 2523 2242 2578 conclusit
2258 2523 2401 2578 enim
2425 2523 2578 2586 dicit,
2601 2523 2837 2594 aperuit,
2859 2531 2916 2577 et
2939 2521 3080 2576 mala
3105 2536 3211 2576 nun
3234 2521 3419 2575 abstu-

1833 2612 1915 2676 lit,
1948 2612 2227 2683 irrogavit.
2263 2611 2426 2678 Quasi
2451 2613 2596 2668 enim
2629 2611 2892 2676 auferret,
2918 2609 2961 2666 si
2991 2610 3335 2681 quiesceret,
3367 2615 3423 2665 et

1834 2705 1991 2774 quasi
2044 2703 2325 2759 clauderet
2351 2704 2396 2758 si
2430 2703 2500 2758 ab
2529 2702 2832 2772 irruptione
2873 2709 3134 2757 cessaret.
3183 2698 3424 2756 Moesu-

1838 2809 1963 2851 rsa.
1991 2790 2142 2848 Ostia
2165 2792 2364 2864 quippe
2387 2793 2591 2848 ventris
2612 2801 2737 2846 sunt
2752 2790 3016 2847 desideria
3035 2790 3425 2860 concupiscen-

1839 2887 1925 2941 tia:
1975 2885 2248 2951 carnalis,
2297 2886 2364 2940 de
2415 2885 2613 2955 quibus
2661 2899 2757 2955 per
2803 2883 3124 2955 prophetam
3178 2881 3421 2937 dicitur:

1843 2995 1862 3032 ι
1896 2980 2043 3034 Intra
2088 2977 2142 3033 in
2188 2976 2434 3033 cubicula
2488 2984 2602 3041 tua,
2634 2983 2690 3030 et
2727 2974 2918 3031 claude
2961 2974 3101 3030 ostia
3143 2981 3235 3028 tua
3285 2971 3426 3044 (lsa.

1841 3085 1988 3133 xxvi,
2016 3067 2131 3140 20).
2168 3087 2187 3120 ι
2220 3067 2336 3123 Nox
2365 3081 2492 3122 vero
2517 3073 2600 3121 est
2637 3065 2794 3136 culpa
2845 3064 3082 3137 peccati,
3115 3075 3238 3135 quas
3285 3061 3428 3117 ostia

1840 3161 2048 3214 ventris
2071 3160 2303 3231 aperuit,
2331 3158 2456 3230 quia
2481 3140 2748 3227 concepto
2775 3172 2806 3211 a
2838 3165 3066 3228 peccato
3096 3155 3305 3211 homini
3333 3155 3432 3212 deo

1841 3254 2043 3308 sideria
2069 3250 2528 3322 concupiscentiae
2570 3249 2856 3313 reseravit,
2901 3263 3009 3304 non
3047 3248 3339 3313 conclusit,
3370 3255 3433 3304 ut

1839 3360 2003 3416 supra
2063 3344 2295 3416 aperuit,
2362 3351 2419 3400 et
2483 3357 2593 3398 non
2653 3342 2904 3408 abstulit,
2970 3341 3258 3414 irrogavit.
3325 3340 3432 3398 Se-

1841 3441 2032 3512 quitur
2056 3456 2071 3494 τ

1913 3527 2078 3585 Vsus.
2115 3529 2201 3584 II.
2256 3528 2435 3595 Quare
2465 3545 2573 3583 non
2621 3527 2678 3582 in
2713 3526 2865 3583 uulua
2908 3537 3148 3582 mortuus
3181 3523 3340 3583 sum!
3377 3532 3438 3583 et

1842 3621 2068 3693 reliqua.
2089 3651 2158 3664 ——
2173 3618 2417 3688 Quatuor
2431 3620 2632 3692 quippe
2656 3621 2830 3674 modis
2855 3628 3132 3689 peccatum
3154 3626 3438 3690 perpetra-

1842 3720 1933 3769 tur
1962 3715 2017 3768 in
2065 3714 2252 3776 corde,
2297 3721 2531 3780 quatuor
2570 3719 2979 3765 consummatur
3030 3709 3083 3764 in
3133 3723 3320 3778 opere.
3373 3705 3434 3764 In

1840 3805 2006 3861 corde
2032 3817 2264 3875 namque
2279 3802 2643 3874 suggestione,
2662 3800 3045 3864 delectatione,
3067 3813 3338 3856 consensu
3376 3805 3436 3854 et

1842 3895 2179 3953 defensionis
2209 3895 2437 3950 audacia
2465 3902 2828 3964 perpetretur.
2861 3891 3055 3946 Iisdem
3085 3890 3249 3946 etiam
3295 3903 3438 3962 qua-

1844 3999 1968 4046 tuor
1991 3989 2164 4045 modis
2191 3997 2472 4060 peccatum
2501 3995 2929 4049 consummatur,
2959 3987 3011 4038 in
3036 3997 3201 4053 Opere
3228 4000 3243 4036 :
3272 3981 3436 4039 Prius

1844 4096 2081 4152 namque
2109 4079 2284 4134 latens
2317 4077 2474 4148 culpa
2502 4077 2648 4147 agit,
2697 4074 3044 4146 postmodum
3091 4073 3254 4128 etiam
3311 4082 3440 4130 ante

1845 4173 2033 4228 oculos
2064 4170 2343 4226 hominum
2373 4173 2489 4223 sine
2527 4166 2843 4223 confusione
2875 4173 3058 4221 reatus
3085 4164 3346 4234 aperitur,
3371 4178 3439 4220 ac

1846 4265 1974 4320 hinc
2005 4263 2058 4317 in
2087 4261 2529 4319 consuetudinem
2567 4260 2802 4325 ducitur,
2833 4259 2901 4314 ad
2945 4267 3252 4314 extremum
3297 4272 3438 4328 quo-‘-

1848 4373 1955 4430 que
1996 4366 2089 4412 aut
2132 4353 2282 4411 falsae
2335 4355 2446 4423 spei
2496 4351 2902 4408 seductionibus
2948 4350 3033 4406 vel
3073 4350 3441 4406 obstinatione

140 4465 158 4496 ι
198 4446 345 4512 Quae
390 4453 476 4500 est
521 4446 624 4498 ista
671 4459 791 4512 qua:
819 4443 1186 4512 progreditur,
1213 4440 1364 4511 quasi
1396 4453 1591 4492 aurora
1619 4453 1732 4493 con-

1855 4450 2068 4504 misera:
2118 4445 2514 4517 desperationis
2549 4443 2842 4499 enutritur.
2893 4441 3095 4496 Beatus
3143 4441 3309 4512 igitur
3354 4440 3444 4494 vir

135 4536 422 4606 surgens?
455 4555 474 4587 ι
511 4531 690 4605 (Cant.
723 4549 800 4598 vt,
832 4533 910 4603 9.)
938 4533 996 4586 In
1043 4532 1129 4586 illa
1157 4532 1322 4602 igitur
1362 4529 1513 4595 luce,
1545 4545 1665 4598 qua:
1692 4529 1746 4583 in

133 4629 385 4684 districti
401 4626 607 4698 jndieis
622 4625 853 4679 adventu
869 4624 1277 4685 monstrabitur,
1292 4636 1487 4692 corpus
1507 4621 1747 4676 damnati

136 4726 328 4782 hornis
348 4734 530 4781 ortum
552 4722 826 4792 surgentis
847 4737 1059 4776 aurorae
1073 4737 1178 4776 non
1200 4720 1368 4784 videt,
1383 4718 1508 4788 quia
1531 4717 1748 4788 iniquus

134 4817 383 4887 quisque
404 4831 630 4870 suorum
664 4813 895 4884 caligine
917 4813 1238 4867 meritorum
1268 4825 1487 4880 pressus
1507 4849 1522 4874 ,
1545 4819 1746 4879 quanta

133 4907 400 4962 claritate
411 4915 606 4961 sancta
625 4901 865 4958 Ecclesia
881 4903 933 4955 in
954 4901 1221 4955 internum
1237 4899 1416 4955 cordis
1432 4898 1609 4952 lumen
1629 4913 1748 4952 sur-

135 5009 254 5068 gat,
306 5001 546 5069 ignorat.
577 4997 709 5063 Quae
740 4995 904 5049 etiam
951 4992 1188 5048 Ecclesia
1226 4991 1280 5045 in
1321 4989 1524 5060 judicio
1567 4989 1744 5045 adhuc

137 5105 354 5146 aurora
377 5092 516 5154 erit,
547 5088 645 5142 sed
676 5087 731 5140 in
770 5099 937 5156 regno
967 5084 1100 5139 dies.
1128 5082 1295 5138 Ortus
1325 5082 1507 5150 itaque
1537 5095 1748 5136 aurorae

139 5191 228 5236 est
250 5182 548 5237 exordium
579 5175 934 5234 clarescentis
960 5174 1234 5237 Ecclesiae,
1267 5187 1428 5243 quem
1449 5171 1637 5226 videre
1663 5186 1747 5226 rec

141 5274 307 5340 probi
344 5282 646 5340 nequeunt,
685 5269 811 5338 quia
854 5268 911 5321 in
953 5277 1248 5336 conspectu
1285 5261 1516 5319 districti
1551 5256 1749 5331 ju'dicis

1857 4541 2079 4598 humani
2123 4540 2337 4613 generis
2376 4541 2559 4608 lapsus
2605 4534 2856 4606 aspiciat,
2888 4543 2944 4589 et
2991 4533 3138 4588 dicat
3197 4549 3210 4586 :
3263 4529 3444 4598 Quare

1857 4652 1961 4690 non
1989 4636 2046 4690 in
2071 4636 2222 4688 vulva
2251 4641 2490 4686 mortuus
2519 4629 2675 4684 sum?
2723 4627 2778 4682 Id
2811 4634 2925 4690 est,
2958 4625 3012 4680 in
3066 4626 3181 4694 ipsa
3229 4623 3444 4678 occulta

1856 4729 2261 4801 perpetratione
2285 4723 2515 4794 peccati,
2540 4737 2637 4776 cur
2667 4737 2696 4774 a
2732 4719 2914 4774 carnis
2961 4718 3069 4772 vita
3111 4715 3447 4772 mortiﬁcare

1857 4837 1945 4877 me
1973 4819 2155 4874 nolui?
2181 4818 2440 4885 Sequitur
2471 4833 2484 4868 :
2519 4813 2774 4884 Egressus
2815 4827 2879 4865 ea:
2917 4822 3084 4874 utero,
3118 4826 3224 4864 non
3269 4808 3448 4862 statim

1855 4910 2023 4981 perii?
2055 4939 2126 4948 —
2146 4908 2201 4963 Id
2226 4916 2329 4970 est,
2359 4914 2644 4976 postquam
2692 4900 2760 4955 ad
2811 4909 3056 4971 apertam
3104 4897 3447 4965 iniquitatem

1856 5002 1986 5064 exii,
2015 5015 2113 5054 cur
2139 5013 2225 5052 me
2267 5005 2397 5050 tunc
2439 4995 2637 5048 saltem
2687 4991 2957 5062 perditura
3013 5005 3119 5043 non
3177 4984 3452 5054 cognovi?

1857 5091 2330 5161 Periissetquippe
2359 5088 2410 5140 in
2437 5085 2778 5156 suojudicio,
2796 5083 2840 5138 si
2869 5096 2929 5136 se
2953 5079 3224 5151 perditum
3247 5077 3452 5144 c'ogno-

1858 5186 2043 5239 visset.
2084 5181 2344 5250 Sequitur
2378 5193 2391 5228 :

1932 5235 2106 5309 hians.
2129 5235 2213 5304 12'.
2243 5248 2420 5313 Quare
2454 5255 2699 5318 exceptus
2723 5238 2978 5312 genibus?
3000 5265 3072 5276 —-
3111 5235 3166 5289 Id
3195 5241 3295 5291 est.
3327 5240 3454 5302 post
