4004 5340
556 228 664 288 ita
1529 239 1584 296 s.
1627 239 1875 298 ODONIS
1914 241 2202 298 ABBATIS
2237 212 2738 307 CLUNIACENSIS
2775 247 2817 304 ιι
3743 264 3845 318 ut

555 349 703 404 falsae
751 349 864 419 spei
918 349 1143 415 fiducia,
1176 350 1259 406 vel
1309 351 1448 408 lacte
1485 355 1697 411 misera:
1745 357 2215 428 desperationisA
2243 358 2413 414 videri
2463 361 2667 432 aliquid
2691 364 2896 430 volunt,
2931 365 3113 422 densis
3162 369 3551 441 cogitationum
3595 376 3844 433 tumulti-

553 441 825 495 enutrivi?
858 442 1098 510 Augetur
1135 442 1300 496 etiam
1353 443 1509 513 culpa
1558 443 1837 501 favoribus
1883 447 2139 503 enutrita.
2247 449 2370 518 bus,
2402 451 2457 506 in
2487 454 2651 510 corde
2679 458 3127 527 comprimuntur.
3165 460 3412 532 Dumque
3443 465 3843 527 desideriorum

553 530 692 586 lliuc
723 530 980 586 Salomon
1018 531 1140 630 ait:
1180 552 1195 583 ι
1233 531 1457 630 Fili-ini,
1495 534 1541 589 si
1576 542 1628 589 te
1654 535 1980 592 lactaverint
2011 552 2142 608 pec-
2245 538 2430 594 turbas
2476 540 2618 596 intra
2665 558 2726 598 se
2772 545 3036 613 excitant,
3073 530 3402 618 prostratam
3435 565 3674 613 mentem
3703 563 3845 630 pede

555 633 789 688 catores,
833 639 902 678 ne
949 623 1267 692 acquiescas
1310 621 1492 684 (Prov.
1525 625 1710 697 1,10).
1769 646 1788 679 ›
1849 627 2138 684 Sciendum
2243 627 2456 684 misera:
2503 629 2955 702 frequentationis
3007 637 3240 694 calcant.
3289 641 3361 696 At
3416 655 3606 703 contra
3658 621 3842 707 sancti

551 727 765 784 quoque
795 713 941 784 quod
967 724 1078 811 tres
1105 713 1178 768 illi
1205 723 1382 811 motus
1418 715 1779 811 peccantium,
1821 716 1974 788 juxta
2024 717 2138 772 dis-
2241 717 2367 785 viri,
2401 721 2526 790 quia
2559 723 2692 778 nihil
2724 723 2885 794 hujus
2924 729 3110 784 mundi
3141 741 3432 801 appetunt,
3463 737 3628 794 nullis
3648 739 3844 811 procul

547 821 732 860 cessus
779 806 861 860 sui
915 806 1160 860 ordinem
1219 805 1430 861 facilius
1485 807 1858 878 corriguntur,
1910 818 2138 880 quartus
2239 813 2402 871 dubio
2449 816 2502 871 in
2529 818 2692 874 corde
2719 821 3108 891 cogitationum
3150 827 3466 887 tumultibus
3489 805 3840 903 premuntur.

546 913 675 952 vero
707 898 809 952 iste
837 896 1108 953 difﬁcilius
1132 899 1471 953 emendatur.
1505 897 1661 954 Unde
1705 907 1760 956 et
1802 899 2138 973 Redemptor
2239 903 2575 965 Solitudines
2601 925 2730 980 ergo
2753 911 3020 970 aediﬁcare
3048 923 3132 972 est
3153 932 3184 971 a
3210 929 3425 977 secreto
3449 896 3632 981 cordis
3665 935 3841 984 terre-

544 1000 731 1044 noster
759 991 988 1062 puellam
1039 991 1089 1044 in
1139 990 1321 1055 domo,
1367 990 1620 1060 juvenem
1679 1000 1834 1046 extra
1896 1001 2125 1062 portam,

2259 1015 2431 1056 torum
2479 1003 2872 1063 desideriorum
2903 1010 3164 1069 tumultus
3195 1015 3465 1086 expellere
3489 1059 3503 1084 ,
3530 1027 3587 1074 et
3614 1035 3724 1075 una
3755 1021 3840 1077 in-

544 1079 809 1137 Lazarum
851 1083 915 1138 de
953 1081 1222 1152 sepulcro,
1270 1091 1524 1152 quartum
1571 1096 1703 1137 vero
1753 1097 1860 1138 non
1909 1083 2136 1139 suscitat
2236 1094 2478 1150 lcntione
2525 1105 2744 1154 aeterna:
2792 1101 3002 1170 patriae,
3043 1105 3096 1160 in
3125 1079 3369 1163 amorem
3397 1079 3602 1166 intima:
3635 1111 3838 1182 quietis

544 1183 834 1228 mortuum.
865 1173 1068 1227 Aliter:
1103 1173 1280 1239 Quare
1311 1189 1414 1226 non
1445 1173 1500 1226 in
1539 1171 1688 1226 vulva
1715 1184 1950 1228 mortuus
1976 1174 2135 1228 sum?
2234 1184 2509 1242 anhelare,
2554 1187 2635 1242 An
2677 1205 2782 1244 non
2809 1203 3034 1250 eunelos
3064 1210 3094 1250 ε
3132 1212 3191 1252 se
3220 1197 3609 1270 cognationum
3635 1171 3837 1258 {umup

525 1266 596 1320 id
624 1274 730 1332 est,
757 1281 881 1320 cum
911 1265 1178 1336 serpentis
1208 1265 1481 1335 suggestio
1510 1279 1596 1320 me
1624 1266 1959 1334 conciperet,
2003 1274 2133 1322 tunc
2235 1283 2320 1330 tus
2356 1277 2637 1348 expulerat
2666 1279 2758 1349 qui
2789 1281 3043 1338 dicebat?
3087 1303 3106 1336 ι
3147 1265 3318 1342 Unam
3351 1289 3480 1359 petii
3507 1306 3539 1344 a
3575 1288 3833 1360 Domino,

531 1357 753 1413 utinam
783 1375 902 1430 qua:
927 1374 1014 1414 me
1065 1374 1210 1413 mors
1253 1365 1596 1428 sequeretur,
1651 1359 2013 1430 agnovissent,
2063 1375 2132 1416 ne
2232 1363 2372 1419 hanc
2434 1367 2710 1437 requiram
2775 1377 2836 1423 ut
2903 1371 3200 1429 iuliabitem
3274 1357 3548 1434 inidomo
3613 1357 3831 1438 Domini

540 1465 710 1520 usque
737 1452 804 1533 ad
836 1450 1248 1506 delectationem
1277 1449 1552 1521 suggestio
1584 1459 1820 1520 raperet,
1863 1459 1918 1506 et
1966 1451 2128 1506 morti
2231 1452 2404 1527 (Psul.
2460 1474 2608 1524 xxvn,
2656 1459 2736 1532 4).
2775 1482 2794 1515 ι
2848 1463 2913 1519 Et
2951 1483 2962 1517 :
3003 1485 3020 1517 ι
3054 1465 3192 1522 Ecce
3218 1467 3462 1540 elongavi
3510 1469 3750 1540 fugiens,
3777 1483 3833 1528 et

538 1543 741 1598 arctius
774 1541 988 1612 ligaret.
1021 1540 1278 1612 Sequitur
1325 1558 1338 1595 :
1383 1539 1642 1612 Egressus
1689 1557 1754 1595 etr-
1809 1551 1978 1608 utero,
2025 1558 2128 1596 non
2228 1550 2403 1604 mansi
2435 1549 2488 1604 in
2517 1551 2808 1609 solitudine
2837 1553 3011 1626 (Psal.
3044 1573 3152 1624 uv,
3177 1559 3254 1630 8).
3290 1579 3308 1612 ι
3340 1539 3697 1618 EtJeremias
3721 1564 3828 1618 ait:

532 1638 712 1690 statim
735 1637 916 1705 perii?
964 1636 1042 1691 Ac
1101 1635 1145 1690 si
1193 1634 1339 1690 dicat
1370 1653 1382 1688 :
1409 1633 1627 1690 Utinam
1671 1634 1738 1689 ad
1799 1633 2125 1689 exteriorem
2155 1711 2194 1720 ἰ
2233 1657 2253 1690 ι
2283 1639 2327 1693 A
2354 1639 2491 1696 facie
2520 1658 2717 1700 manus
2754 1654 2856 1700 tua:
2886 1647 3035 1703 solus
3077 1649 3354 1716 sedebam,
3390 1653 3650 1720 quoniam
3679 1668 3830 1709 com-

531 1727 944 1783 delectationem
975 1726 1183 1790 exiens,
1209 1740 1316 1795 quo
1341 1725 1600 1780 interiore
1623 1724 1824 1779 lumine
1845 1724 2120 1794 privabar,
2155 1711 2198 1770 Β
2227 1730 2523 1787 minatione
2555 1733 2773 1804 replesti
2804 1751 2889 1791 me
2917 1737 3051 1808 (Jer.
3086 1755 3174 1805 xv,
3209 1711 3377 1812 17).)
3407 1711 3680 1813 Sequitur
3706 1760 3722 1799 :

529 1820 893 1889 agnovissent,
921 1827 976 1872 et
1013 1817 1205 1872 saltem
1243 1817 1296 1870 in
1337 1815 1452 1886 ipsa
1500 1816 1862 1870 delectatione
1907 1831 2125 1870 occum-
2302 1819 2464 1877 Vsus.
2500 1826 2588 1879 15.
2619 1825 2748 1880 Cum
2777 1824 3104 1900 principibus
3127 1834 3217 1902 qui
3245 1834 3511 1904 possident
3539 1853 3754 1903 aurum,
3777 1848 3827 1892 et

527 1913 732 1977 berem,
764 1927 832 1965 ne
862 1926 958 1980 per
988 1923 1312 1965 consensum
1342 1923 1490 1962 mors
1517 1908 1698 1964 acrius
1719 1909 1967 1978 puniret!
2020 1907 2121 1963 Sc-
2227 1913 2423 1982 replent
2449 1915 2634 1970 domos
2665 1933 2790 1972 suas
2831 1929 3068 1989 argento.
3094 1953 3165 1962 --
3188 1920 3336 1989 Quos
3362 1923 3499 1981 alios
3524 1927 3821 1998 principes,

526 2003 750 2071 quitur:
782 2000 892 2055 Cur
930 2010 1172 2071 exceptus
1214 1999 1467 2070 genibus!
1491 2000 1569 2054 Ac
1602 1999 1646 2075 si
1685 1998 1831 2055 dicat
1859 2016 1872 2053 :
1899 1997 2120 2054 Utinam
2223 2001 2325 2056 nisi
2360 2012 2561 2058 sanctae
2613 2005 2870 2063 Ecclesiae
2920 2021 3163 2068 rectores
3191 2014 3385 2069 vocat?
3431 2015 3579 2083 Quos
3615 1997 3820 2072 indesi-

524 2091 748 2146 minime
786 2107 869 2146 me
909 2105 1206 2146 consensus
1243 2089 1502 2159 subjectis
1531 2088 1711 2158 pravis
1742 2089 1994 2144 sensibus
2025 2103 2122 2144 ex-
2222 2103 2413 2150 neuter
2455 2096 2508 2150 in
2543 2095 2664 2152 loco
2702 2100 3122 2168 prmeedentium
3174 2105 3589 2175 prmdicatorum
3642 2107 3819 2162 divina

524 2182 777 2252 cepisset,
807 2183 1037 2251 necipsa
1067 2181 1347 2236 consentio
1378 2195 1464 2235 me
1489 2181 1557 2235 ad
1581 2181 2119 2236 audaciamdeterius
2221 2185 2554 2254 dispensatio
2614 2189 2889 2260 subrogat.
2950 2192 3027 2247 De
3079 2195 3277 2265 quibus
3337 2197 3511 2252 eidem
3566 2197 3820 2256 Ecclesia:

526 2276 776 2346 raperet!
821 2274 1112 2344 Sequitur:
1146 2272 1255 2326 Cur
1298 2271 1522 2326 luctatus
1574 2271 1856 2326 uberibus?
1900 2271 1957 2327 ιι]
2012 2281 2114 2338 est,
2218 2273 2501 2332 Psidmista
2525 2279 2637 2333 ait:
2667 2298 2686 2331 ‹
2714 2279 2818 2336 Pro
2839 2283 3084 2352 patribus
3114 2288 3219 2342 tuis
3249 2289 3360 2343 nati
3388 2299 3514 2344 sunt
3540 2291 3638 2346 tibi
3667 2290 3810 2356 lilii,»

519 2369 727 2422 utinam
773 2366 1002 2422 blandiri
1047 2365 1180 2420 mihi
1219 2364 1398 2420 saltim
1435 2372 1558 2436 post
1612 2364 1754 2419 maia
1802 2373 2115 2435 perpetrata
2217 2373 2271 2420 et
2313 2366 2520 2436 reliqua
2575 2367 2749 2439 (Psal.
2789 2388 2937 2440 κων,
2982 2373 3090 2444 1⁸7).
3127 2374 3267 2443 Quid
3320 2393 3448 2433 vero
3477 2393 3674 2434 aurum
3713 2381 3812 2453 nisi

519 2461 833 2527 voluissem,
857 2475 924 2514 ne
957 2468 1108 2515 tanto
1138 2474 1223 2514 me
1249 2459 1480 2529 nequius
1502 2459 1880 2529 astringerem,
1911 2467 2116 2528 quanto
2223 2456 2545 2526 sapientiam
2580 2459 2863 2529 appellat?
2892 2462 2961 2518 Ut
2991 2463 3121 2519 illud
3154 2464 3498 2522 Salomonis:
3533 2488 3551 2520 ‹
3578 2469 3815 2526 Thesau-

507 2552 736 2608 -mollius
766 2551 818 2606 in
848 2551 935 2605 illa
973 2566 1060 2605 me
1099 2551 1373 2606 foverem!
1416 2550 1675 2620 Sequitur
1707 2569 1719 2604 :
2216 2563 2309 2603 rus
2353 2549 2727 2606 desiderabilis
2757 2555 3051 2623 requiescit
3099 2557 3150 2610 in
3198 2571 3294 2614 ore
3339 2559 3600 2629 sapientis
3630 2559 3806 2632 (Prov.

588 2643 754 2700 Vens.
787 2645 872 2698 l5.
913 2643 1073 2698 Nunc
1117 2645 1252 2698 enim
1294 2645 1558 2699 dormiens
1582 2645 1810 2711 silerem,
1838 2655 1884 2700 et
1929 2662 2111 2701 somno
2213 2655 2325 2704 XXI.
2357 2639 2468 2712 Ξυ).
2509 2659 2527 2692 ³
2577 2641 2721 2708 QUid
2753 2653 2933 2698 autem
2979 2660 3075 2716 per
3097 2647 3287 2702 domos
3319 2648 3421 2703 nisi
3455 2651 3806 2706 conscienlia

515 2756 628 2793 meo
654 2738 1056 2809 requiescerent.
1085 2765 1155 2776 -
1179 2736 1260 2790 Ad
1290 2737 1392 2792 hoc
1440 2738 1601 2793 homo
1633 2738 1685 2793 in
1732 2739 1980 2809 paradiso
2013 2755 2109 2810 po-
2212 2731 2606 2800 designantur?
2650 2732 2806 2789 Unde
2847 2743 3040 2791 sanato
3067 2737 3280 2793 cuidam
3311 2737 3547 2794 dicitur:
3603 2757 3624 2791 ι
3664 2739 3806 2796 Vade

515 2827 654 2881 situs
691 2825 888 2891 fuerat,
924 2827 1052 2880 utsi
1083 2843 1141 2882 se
1189 2827 1467 2883 Conditori
1501 2845 1597 2884 suo
1648 2831 2010 2901 astringeret,
2041 2831 2108 2884 ad
2211 2821 2262 2875 ill
2297 2821 2514 2876 domum
2566 2830 2713 2877 illam
2747 2822 2965 2896 (Matth.
3017 2843 3092 2893 Ix,
3121 2825 3196 2900 6).
3240 2847 3258 2879 ι
3301 2826 3441 2896 Quid
3470 2845 3569 2899 per
3617 2846 3805 2902 argen-

513 2919 788 2974 cmlestem
829 2919 1142 2991 angelorum
1173 2921 1405 2988 patriam
1429 2917 1754 2992 quandoque
1780 2923 1896 2977 sine
1926 2922 2108 2978 carnis
2212 2921 2344 2975 tum,
2383 2912 2485 2966 ηίεῖ
2517 2912 2733 2985 Ciminia
2763 2915 2942 2970 (πίνίητι
2993 2917 3335 2988 ﬁguranllﬂ‘?
3382 2919 3459 2975 De
3485 2921 3685 2992 qtlibus
3711 2938 3802 2994 per

514 3016 691 3065 mone
723 3009 1001 3075 u-ansirei,
1048 3009 1100 3063 in
1133 3024 1237 3080 qua
1288 3009 1373 3065 vel
1419 3025 1664 3080 peccare,
1699 3011 1782 3067 vel
1829 3012 1963 3067 mori
1996 3026 2102 3067 non
2134 3062 2176 3084 η
2211 3001 2550 3059 Psalmistam
2586 3005 2786 3060 dicitur
2815 3024 2828 3060 :
2883 3027 2899 3058 ε
2934 3007 3159 3078 Eloquia
3191 3009 3422 3077 Domini,
3469 3010 3683 3084 eloquia
3710 3029 3796 3068 ca-

503 3107 712 3170 .posset.
765 3099 878 3156 Hoc
933 3062 1450 3171 quietis'silentium
1502 3102 1664 3156 homo
1721 3101 1930 3168 habuit,
1981 3117 2106 3156 cum
2132 3062 2177 3126 Ο
2209 3107 2310 3162 Sta,
2362 3107 2648 3169 argentum
2679 3099 2802 3171 igne
2849 3101 3217 3155 examinatum
3250 3100 3422 3173 (Psal.
3452 3119 3531 3170 ξι,
3564 3062 3641 3177 ἦ).
3681 3125 3701 3158 ι
3743 3105 3795 3161 Si

511 3200 703 3249 contra
743 3192 955 3248 hostem
1003 3207 1158 3248 suum
1206 3192 1435 3248 liberum
1477 3192 1771 3247 voluntatis
1820 3192 2104 3248 arbitrium
2204 3191 2348 3244 enim
2396 3199 2680 3261 parentem
2719 3192 2954 3262 primum
2999 3194 3144 3248 nulla
3183 3196 3391 3264 peccati
3418 3198 3649 3266 putredo
3682 3213 3795 3253 cor-

510 3286 743 3356 accepit,
787 3285 876 3340 cui
923 3285 1046 3355 quia
1097 3277 1192 3340 Sua
1223 3295 1414 3355 sponte
1462 3285 1764 3350 succubuit,
1797 3300 1918 3339 mox
1949 3286 2015 3340 de
2046 3300 2105 3342 se
2205 3282 2885 3351 millperelrnefllwquam
2912 3296 2977 3338 ex
3027 3298 3086 3337 se
3116 3283 3252 3338 ﬁlios
3279 3287 3540 3355 gehennae
3577 3303 3793 3359 genera-

508 3379 650 3448 quod
696 3363 889 3434 contra
935 3393 996 3435 se
1037 3368 1403 3450 perstreperet
1451 3378 1680 3434 invenit.
1724 3377 1860 3433 Hinc
1905 3377 2103 3434 Paulus
2205 3379 2306 3425 fel-
2361 3370 2468 3427 Sed
2525 3371 2577 3426 hi
2619 3372 2709 3442 qui
2759 3387 2902 3429 nunc
2953 3388 3050 3444 per
3091 3377 3518 3446 redemptionem
3558 3379 3789 3434 salvaudi

509 3469 623 3524 ait:
675 3487 694 3520 ι
727 3469 895 3524 Video
946 3468 1108 3524 aliam
1146 3468 1318 3538 legem
1362 3468 1415 3523 in
1453 3468 1712 3525 membris
1748 3469 1883 3524 meis
1921 3467 2098 3540 (Rom.
2201 3471 2344 3527 sunt,
2380 3462 2477 3517 soli
2527 3463 2596 3518 ab
2641 3463 2732 3520 illo
2761 3464 2919 3520 electi
2957 3470 3331 3522 nascerentur.
3399 3468 3629 3525 Eosdem
3673 3486 3787 3542 ergo

507 3578 602 3626 vn,
634 3561 749 3632 2'5),
782 3581 801 3615 ι
832 3549 954 3633 Ipsa
984 3561 1128 3616 enim
1161 3561 1345 3616 carnis
1371 3561 1663 3633 suggestio,
1695 3561 1850 3632 quasi
1881 3559 2102 3630 quidam
2200 3550 2400 3608 electos
2423 3554 2620 3624 aspicit
2648 3554 2735 3609 Vil‘
2769 3564 3015 3624 sanctus,
3064 3567 3226 3629 atque
3271 3560 3543 3630 quomodo
3569 3577 3692 3617 cum
3718 3562 3785 3617 eis

504 3653 710 3715 clamor
735 3662 818 3710 est
851 3661 1036 3708 contra
1065 3655 1302 3722 quietem
1323 3653 1542 3719 mentis,
1571 3667 1734 3724 quam
1763 3661 1888 3707 ante
1921 3660 2098 3708 traus-
2199 3645 2482 3714 quiescere
2509 3646 2798 3714 potuisset,
2833 3647 3081 3702 intendit.
3115 3649 3409 3720 Sequitur:

502 3746 838 3815 gressiouem
865 3745 1026 3799 llOlllO
1055 3760 1160 3798 non
1192 3745 1381 3799 sensit.
1414 3743 1710 3813 Sequitur:
2269 3734 2433 3790 Vﬁks.
2477 3735 2562 3789 16-
2612 3739 2717 3789 Aul
2762 3738 2897 3792 sicut
2943 3738 3237 3794 abortivum
3281 3741 3650 3797 absconditum
3694 3759 3784 3798 non

577 3833 740 3890 Vsus.
770 3835 856 3888 M.
889 3833 1022 3888 Cum
1046 3835 1250 3904 regibus
1279 3845 1325 3887 et
1360 3833 1662 3888 consulibus
1693 3843 1867 3888 terrm.
1897 3865 1964 3875 —-
1993 3833 2098 3888 Re—
2196 3824 2551 3880 διιὺεῖδιεΐεηι·
2608 3857 2676 3865 -·
2743 3826 3064 3883 Ᾱιὶοηίνυιιι
3141 3831 3341 3886 dicm?
3366 3871 3382 3898 ι
3462 3835 3608 3903 quod
3671 3845 3785 3890 ante

503 3943 600 4000 ges
626 3943 732 3990 non
778 3927 1050 3983 immerito
1079 3926 1392 3997 angelorum
1434 3925 1656 3995 spiritus
1680 3925 1979 3996 accipimus
2003 3926 2096 3996 qui
2197 3915 2412 3986 Plenum
2479 3925 2689 3986 tempus
2753 3918 2949 3984 οΐῖῑιιΐν
3012 3921 3337 3976 εκειίηοῑιηη
3399 3924 3658 3992 Ρτοιῖηυε
3699 3941 3781 3980 οε·
3877 3925 3883 4000 Ι

502 4037 612 4091 quo
660 4021 870 4077 auctori
906 4020 1148 4077 omnium
1191 4017 1514 4073 familiarius
1553 4017 1827 4083 serviunt,
1864 4019 2094 4074 eo-sub-
2196 4007 2452 4081 Cunalur-
2504 4007 2796 4065 Aborlivos
2853 4010 3005 4065 enim
3065 4027 3187 4068 cum
3254 4013 3450 4083 φιῖὺυε
3511 4017 3784 4085 (ἰυῖθεοετθ

498 4112 645 4182 jeela
696 4113 875 4183 potius
920 4119 1128 4182 regum,
1161 4109 1287 4178 Qui
1317 4110 1456 4165 bene
1507 4107 1756 4164 consules
1807 4112 2088 4169 vocamur,
2195 4099 2463 4169 potuisset
2492 4114 2683 4154 omnes
2711 4109 2889 4168 vocat,
2917 4103 3008 4172 qui
3037 4103 3105 4158 ab
3136 4103 3251 4174 ipso
3275 4105 3579 4174 primordio
3609 4107 3780 4162 mundi

501 4203 629 4274 quia
661 4203 788 4258 dum
828 4201 971 4272 ipsis
1001 4200 1377 4255 nuntiantibus
1425 4198 1755 4253 voluntatem
1787 4195 2094 4254 Conditoris
2194 4191 2337 4247 ante
2373 4192 2762 4263 redemptionis
2811 4204 3026 4266 tempus
3079 4198 3254 4253 exorti
3305 4207 3452 4265 sunt,
3503 4211 3559 4255 et
3612 4210 3779 4257 tamen

501 4293 869 4366 agnoscimus,
919 4292 974 4346 in
1018 4290 1098 4345 eis
1136 4289 1517 4359 proculdubio
1550 4287 1853 4343 consultum
1898 4287 1966 4342 ab
1997 4303 2092 4342 an-
2193 4285 2319 4339 huic
2389 4285 2590 4339 mundo
2660 4285 2988 4342 mortificare
3059 4289 3376 4360 semetipsos
3435 4302 3776 4349 curaverunt.

499 4385 676 4458 gustia
722 4391 920 4438 nostrae
965 4379 1326 4436 tribulationis
1376 4379 1698 4434 invenimus.
1726 4378 1864 4434 Cum
1894 4379 2091 4449 quibus
2118 4412 2170 4472 Β
2196 4376 2299 4443 Qui
2331 4375 2653 4447 conscriptte
2682 4376 2818 4448 legis
2847 4378 3056 4435 tabulas
3083 4395 3187 4435 non
3221 4382 3503 4448 habentes,
3535 4386 3691 4454 quasi
3718 4384 3778 4438 ab

501 4477 667 4536 homo
713 4471 999 4538 dormiret,
1029 4469 1154 4540 quia
1199 4469 1455 4523 nimirum
1504 4482 1628 4522 cum
1651 4467 1729 4523 eis
1764 4469 2088 4538 quiesceret,
2118 4467 2157 4472 '
2197 4474 2351 4522 utero
2400 4467 2596 4522 mortui
2643 4476 2788 4534 sunt,
2834 4468 2958 4538 quia
3002 4469 3294 4525 Auctorem
3349 4487 3504 4527 suum
3556 4474 3775 4529 naturali

499 4567 545 4623 si
563 4562 913 4637 persuaseris
940 4561 1178 4632 linguam
1205 4559 1357 4629 sequi
1386 4557 1665 4614 noluisset.
1693 4557 2089 4630 Aliter:Reges
2196 4559 2311 4630 lege
2349 4559 2662 4614 timuerunt.
2717 4558 2953 4630 Tempus
3011 4563 3192 4632 itaque
3237 4563 3389 4628 illud,
3431 4566 3577 4636 quod
3630 4565 3773 4635 juxta

498 4665 625 4712 sunt
654 4655 831 4711 sancti
858 4652 1239 4724 praedicatores
1267 4649 1539 4716 Ecclesiae,
1572 4649 1664 4719 qui
1693 4657 1748 4704 et
1770 4651 2086 4707 commissos
2195 4652 2379 4706 mundi
2416 4651 2630 4706 initium
2663 4661 2906 4708 mortuos
2952 4654 3078 4708 huic
3109 4655 3307 4710 saeculo
3343 4653 3536 4713 Patres
3571 4668 3773 4714 nostros

497 4748 600 4804 sibi
650 4754 800 4802 recte
845 4728 1150 4813 disponere,
1200 4748 1256 4796 et
1302 4754 1400 4796 sua
1453 4739 1591 4795 bene
1639 4753 1828 4811 regere
1858 4754 2082 4811 corpora
2191 4743 2431 4814 protulit,
2468 4743 2623 4812 quasi
2673 4741 2951 4798 abortivus
3003 4755 3190 4801 uterus
3247 4745 3366 4800 fuit.
3423 4746 3498 4802 lbi
3549 4764 3773 4820 namque

496 4839 696 4896 sciunt.
743 4835 845 4903 Qui
887 4837 1013 4890 dum
1053 4832 1446 4890 desideriorum
1489 4831 1545 4885 in
1579 4844 1636 4886 se
1662 4841 1844 4886 motus
1875 4839 2082 4902 tempe-
2188 4833 2342 4898 Abel,
2385 4833 2569 4887 Enoch
2607 4841 2662 4888 et
2699 4832 2831 4900 Noe,
2878 4835 2951 4890 ibi
2997 4834 3294 4901 Abraham,
3339 4836 3490 4893 Isaac
3514 4849 3572 4894 et
3614 4839 3771 4896 Iacob

491 4941 642 4986 rant.
694 4943 858 4992 super
906 4925 1164 4996 subjectis
1215 4923 1632 4996 cogitationibus
1681 4922 1798 4993 lege
1865 4921 2084 4978 virtutis
2189 4919 2426 4976 fuerunt.
2458 4920 2594 4988 Quia
2630 4937 2758 4993 ergo
2801 4924 3058 4994 a_mundi
3090 4925 3389 4995 primordio
3419 4927 3565 4983 edita
3598 4929 3768 4985 multi-

3917 2877 3919 2905 .

3905 3233 3907 3263 Ι

3903 3289 3905 3323 Ι

3901 3345 3903 3383 Ι

3897 3471 3899 3501 Ι

3891 3633 3893 3681 Ι

3889 3695 3891 3741 Ι

3879 3925 3883 3979 ι

3865 4291 3871 4397 (

3851 4757 3855 4873 Ι
