4004 5340
521 422 626 479 N7

1502 424 1559 481 s.
1600 416 1850 480 000le
1891 412 2181 472 seems
2217 388 2717 473 cwuucsnsts
2751 408 2797 465 ll

3684 406 3786 461 H8

594 533 761 592 Vens.
792 532 880 590 21.
904 535 1009 601 οιιὶ
1029 547 1325 606 exspectant
1361 549 1577 593 mortem
1614 546 1662 592 et
1709 551 1812 589 non
1840 531 1992 589 venit.
2031 558 2099 570 —-
2129 531 2178 590 Α
2204 541 2327 581 cum
2357 525 2641 591 inundant,
2671 540 2795 581 cum
2827 524 3028 594 impetu
3063 523 3309 588 veniunt,
3333 530 3387 578 et
3416 520 3811 577 crescentibus-

526 623 847 685 Desiderant
879 627 1077 698 quippe
1128 631 1299 686 sancti
1361 628 1690 686 mortiﬁcare
1747 643 1805 684 se
1843 625 2105 690 funditus,

528 724 691 786 atque
717 716 783 771 ab
809 717 954 772 onmi
1000 718 1114 774 vita
1149 721 1332 791 gloria:
1385 720 1697 791 temporalis
1741 717 2108 788 exstinguere,

528 807 623 871 sed
660 807 889 864 occultis
923 808 1021 866 Dei
1055 826 1197 882 saepe
1214 811 1454 881 iudiciis,
1477 811 1561 868 vel
1611 824 1845 881 przeesse
1886 808 1939 862 in
1968 806 2109 878 regi-

528 896 693 963 mine,
714 897 802 954 vel
822 901 1074 971 occupari
1098 902 1354 971 injunctis
1376 900 1675 958 honoribus
1694 898 2108 969 compelluntur.

530 984 934 1045 Desideriorum
957 1006 1176 1046 suontm
1203 992 1533 1049 detrimenta
1550 992 1802 1055 tolerant,
1829 998 1886 1044 ut
1908 989 2112 1060 majora

524 1076 679 1143 lucra
730 1081 1012 1138 conversis
1050 1081 1173 1138 aliis
1225 1091 1524 1154 reportent.
1579 1081 1876 1152 Sequitur:
1945 1076 2112 1143 Quasi

530 1169 834 1239 e/Iodienles
885 1173 1210 1230 tltesaurutn.
1236 1205 1309 1217 —
1342 1173 1449 1242 Qui
1468 1175 1794 1230 thesaurum
1832 1168 2115 1234 eﬂodiunt,

532 1258 639 1327 illi,
661 1263 1151 1335 appropinquantes
1176 1266 1229 1321 in
1258 1265 1569 1332 eﬁ'ossioue,
1593 1265 1805 1320 enixius
1830 1262 2111 1327 laborant;

534 1353 617 1409 sic
645 1356 844 1427 quippe
882 1358 975 1429 qui
1030 1361 1503 1417 mortificationem
1552 1374 1705 1415 suam
1748 1358 1904 1430 plene
1950 1371 2114 1426 appec

534 1453 676 1512 tunt,
711 1449 866 1518 quasi
891 1447 1209 1507 eﬂodieutes
1258 1452 1571 1508 thesaurum
1593 1457 1870 1521 quaerunt,
1893 1458 1946 1504 et
1973 1447 2114 1503 eoin

533 1550 699 1606 opere
722 1538 1093 1597 delectabilius
1133 1544 1426 1608 exsudant,
1449 1557 1556 1611 quo
1589 1539 1702 1609 jam
1727 1537 1871 1593 velut
1902 1537 2117 1592 thesau-

538 1642 659 1684 rum
696 1632 917 1700 premia
951 1634 1341 1705 propinquiora
1382 1633 1747 1690 considerant.
1801 1629 1956 1687 Unde
1981 1628 2119 1683 Pau-

2213 616 2585 689 tuultipliciter
2630 613 2992 670 voluminibus
3036 614 3420 670 intumescunt.
3462 609 3638 666 Electi
3661 623 3794 666 vero

2212 712 2338 781 dum
2371 710 2566 766 mentis
2591 724 2703 764 suae
2720 707 2863 764 oculi
2915 707 3093 763 divina
3117 705 3319 777 judicia
3340 710 3646 775 opponunt,
3661 700 3792 755 dum

2211 804 2279 858 de
2304 803 2519 859 occulta
2540 802 2607 857 de
2635 817 2694 859 se
2741 799 3011 856 sententia
3049 797 3339 868 trepidant,
3379 796 3505 851 dum
3541 791 3792 863 prmeri—

2214 904 2389 950 torum
2443 908 2665 949 suorum
2706 891 2952 948 recolunt
2987 904 3108 960 qua:
3137 887 3359 955 deﬂent,
3407 886 3646 953 dumque
3691 881 3794 936 sibi

2213 984 2389 1040 adhuc
2417 983 2596 1038 futura
2619 998 2739 1054 qua:
2765 981 3011 1037 nesciunt
3034 979 3445 1051 pertimescunt,
3468 973 3627 1046 quasi
3650 986 3797 1042 qua-

2214 1075 2338 1130 dam
2366 1076 2419 1129 in
2450 1075 2530 1130 eis
2556 1066 2821 1143 aquarum
2843 1085 2992 1134 more
3017 1069 3289 1127 volumina
3309 1066 3657 1134 colliguntur,
3673 1074 3801 1131 qua

2215 1163 2267 1218 in
2298 1163 2550 1242 mceroris
2572 1162 2801 1233 rugitus,
2817 1159 2977 1230 quasi
2995 1159 3050 1214 in
3071 1158 3313 1230 subjecta
3332 1155 3513 1212 littora
3532 1149 3799 1216 deﬂuunt,

2217 1254 2472 1325 Sequitur
2497 1272 2511 1308 :

2288 1345 2452 1400 Vens.
2481 1344 2589 1400 25.
2608 1342 2747 1411 Quia
2775 1342 2935 1397 timor
2958 1357 3110 1413 quem
3142 1338 3391 1395 timebam
3408 1337 3542 1393 venit
3565 1333 3803 1390 inihi.—

2215 1437 2355 1494 Justi
2395 1436 2560 1508 igitur
2586 1433 2781 1491 deﬂent
2806 1442 2860 1489 et
2886 1441 3103 1504 pavent,
3129 1440 3186 1486 et
3224 1429 3434 1500 magnis
3457 1441 3516 1483 se
3543 1421 3807 1479 lamentis

2216 1527 2491 1591 cruciant,
2517 1524 2642 1596 quia
2674 1524 2849 1580 deseri
2873 1520 3187 1577 formidant.
3215 1520 3282 1576 Et
3308 1517 3560 1590 quamvis
3586 1515 3656 1571 de
3678 1527 3806 1570 cor-

2219 1618 2458 1673 rectione
2474 1615 2760 1688 gaudeant,
2790 1629 2976 1670 eorum
2996 1612 3259 1685 trepidam
3281 1619 3514 1666 mentem
3530 1604 3807 1664 correctio

536 1718 623 1777 ius
642 1721 755 1778 ait:
793 1741 812 1776 ι
839 1723 962 1780 Non
985 1725 1301 1783 deserentes
1315 1725 1682 1782 collectionem
1714 1733 1953 1778 nostram
1979 1723 2121 1777 sicut

2240 1726 2335 1783 psa
2384 1710 2685 1780 perturbat,
2723 1721 2792 1763 ne
2835 1706 3037 1763 malum
3067 1704 3210 1776 quod
3256 1702 3511 1767 tolerant,
3560 1714 3670 1754 non
3713 1696 3807 1769 pia

537 1820 623 1867 est
651 1816 1053 1872 consuetudinis
1072 1818 1421 1888 quibusdam,
1462 1817 1557 1872 scd
1586 1814 1927 1872 consolantes
1971 1821 2123 1868 tanto
2151 1874 2192 1888 _
2220 1800 2498 1871 percussio
2527 1798 2821 1870 disciplinae
2843 1797 2932 1862 sit,
2962 1796 3056 1854 sed
3084 1793 3480 1851 animadversio
3501 1792 3665 1863 iustae
3685 1788 3807 1843 vin-

537 1904 735 1974 magis,
813 1915 1019 1977 quanto
1081 1874 1331 1965 videritis
1387 1874 1910 1980 appropinquantem
1972 1904 2118 1961 diem

2238 1893 2398 1949 lictte.
2433 1892 2506 1949 Ut
2542 1892 2671 1947 illud
2706 1890 3046 1946 Psalmistze:
3082 1907 3101 1940 ‹
3130 1886 3261 1955 Quis
3295 1884 3445 1940 novit
3478 1889 3809 1956 potestatem

539 1991 728 2064 (Hebr.
750 2011 807 2062 ι,
830 1996 947 2069 25).
977 2017 997 2052 ι
1031 1998 1240 2055 Aliter:
1284 1998 1481 2055 Mundo
1511 2000 1796 2063 morimur,
1839 1998 1886 2054 si
1921 1997 2124 2054 relictis

538 2083 863 2153 uisibilibus,
908 2089 962 2144 in
1005 2089 1366 2146 invisibilihus
1418 2088 1832 2146 abscondamur.
1883 2088 2123 2145 Thesauo

543 2193 664 2234 rum
687 2177 977 2237 eliodimus
1001 2196 1120 2237 cum
1158 2183 1479 2254 sapientiam
1507 2182 1891 2254 perquirimus,
1917 2183 1984 2237 de
2017 2196 2123 2251 qua

545 2268 804 2327 Salomon
826 2272 942 2331 ait:
963 2292 982 2327 ς
1023 2272 1080 2329 Si
1128 2275 1410 2346 qctazsieris
1459 2274 1605 2330 illam
1636 2274 1789 2345 quasi
1815 2273 2125 2344 pecuniam,

544 2371 602 2418 et
622 2364 763 2420 sicut
792 2364 1074 2422 thesauros
1098 2366 1322 2422 eﬂ'odi‘es
1350 2382 1468 2422 eam
1497 2366 1762 2437 (Prosunt,
1790 2365 1869 2437 ι).
1898 2383 1917 2418 s
1952 2364 2125 2433 Quam

546 2451 706 2509 facile
739 2453 963 2518 invenit,
993 2456 1087 2527 qui
1135 2456 1330 2512 molem
1355 2472 1386 2512 a
1407 2472 1469 2513 se
1513 2465 1740 2512 terrena:
1785 2454 2128 2527 cogitationis

546 2543 782 2613 repellit.
811 2544 1086 2616 Sequitur:

622 2633 785 2691 ἵεις.
810 2636 901 2693 22.
944 2635 1287 2711 Gaudentque
1328 2642 1652 2694 vehementer
1688 2655 1809 2693 cum
1843 2638 2128 2694 invenerint

547 2725 868 2796 sepulcrum.
913 2757 984 2770 —
1012 2728 1165 2784 Sicut
1193 2730 1336 2784 enim
1387 2729 1440 2783 in
1485 2729 1732 2799 sepulcro
1781 2728 2133 2785 absconditur

548 2836 780 2891 corpus,
796 2821 866 2876 ita
889 2822 946 2879 in
967 2822 1157 2877 divina
1175 2822 1627 2893 contemplatione
1646 2823 1995 2879 absconditur
2014 2822 2133 2878 ani-

552 2928 666 2970 me.
706 2912 906 2969 Mundo
940 2912 1123 2969 adhuc
1142 2914 1379 2971 vivimus
1413 2930 1536 2969 cum
1580 2923 1760 2970 mente
1806 2912 1938 2970 foris
1972 2930 2135 2987 vaga-

549 3018 710 3070 mur;
735 3004 828 3059 sed
861 3004 1057 3059 mortui
1089 3004 1145 3059 in
1165 3005 1423 3076 sepulcro
1436 3006 1818 3061 abscondimnr
1844 3020 1965 3060 cum
1991 3021 2137 3060 mor-

554 3094 745 3153 tiﬁcati
770 3080 1034 3160 citerius,
1074 3095 1128 3149 in
1159 3105 1368 3153 secreto
1396 3096 1623 3151 internas
1665 3093 2138 3167 contemplationh

553 3185 816 3242 celamus.
851 3184 988 3243 Hinc
1035 3184 1237 3241 Paulus
1260 3186 1339 3240 ait
1368 3204 1381 3239 :
1441 3202 1461 3237 s
1494 3184 1687 3240 Mortui
1713 3184 1858 3241 enim
1881 3185 2035 3251 estis,
2079 3194 2136 3241 et

554 3278 675 3333 vita
723 3286 904 3335 vestra
942 3278 1278 3343 abscondita
1317 3288 1401 3333 est
1460 3292 1586 3332 cum
1643 3275 1861 3333 Christo
1917 3276 1972 3331 in
2023 3276 2139 3333 Dee

556 3368 699 3443 θεοί.
737 3384 824 3435 in,
851 3369 929 3439 3).
987 3388 1007 3423 ι
1054 3368 1225 3424 Aliter
1266 3368 1578 3427 thesaurum
1627 3368 1680 3423 in
1729 3367 1978 3437 sepulcro
2007 3382 2139 3439 gau-

558 3465 753 3520 dentes
779 3462 1094 3532 quatrimus,
1130 3476 1254 3519 cum
1280 3475 1449 3517 sacrte
1472 3458 1767 3532 Scriptura:
1792 3459 2018 3531 paginas
2054 3474 2144 3514 sa-

558 3555 820 3626 pientiam
847 3555 1230 3627 perquirentes
1247 3554 1531 3617 voluimus,
1564 3568 1688 3608 cum
1726 3552 1972 3623 exempla
1998 3567 2140 3623 prte-

560 3647 869 3706 cedentium
892 3655 1317 3718 perscrutamur,
1346 3644 1498 3715 quasi
1530 3659 1596 3700 ex
1619 3642 1863 3713 sepulcro
1886 3642 2141 3714 gaudium

559 3738 846 3801 sumimus,
875 3737 1000 3809 quia
1022 3737 1223 3795 mentis
1267 3735 1482 3793 divitias
1524 3734 1664 3806 apud
1706 3743 1949 3790 mortuos
1989 3734 2141 3791 inve-

559 3833 761 3893 nimus.
792 3832 1050 3902 Sequitur
1078 3852 1099 3888 ξ

633 3925 800 3982 Vnus.
827 3925 920 3982 23.
966 3924 1092 3981 Viro
1117 3927 1203 3980 eui
1226 3925 1530 3980 abscondita
1550 3934 1625 3979 est
1655 3925 1757 3989 via,
1787 3932 1835 3977 et
1856 3922 2154 3977 circumda

563 4018 640 4074 dit
660 4034 777 4072 eum
801 4016 943 4072 Dens
965 4017 1190 4071 tenebris
1213 4017 1238 4070 1’
1258 4045 1329 4056 —
1354 4015 1447 4071 Via
1477 4015 1620 4069 enim
1648 4029 1745 4069 sua
1766 4013 1889 4068 viro
1914 4015 2149 4068 abscon-

564 4108 678 4165 dita
703 4118 804 4174 est,
844 4109 968 4179 quia
995 4109 1105 4164 etsi
1114 4107 1227 4177 jam
1252 4106 1306 4162 in
1334 4122 1439 4177 qua
1468 4106 1543 4162 sit
1580 4106 1703 4161 vita:
1725 4104 1985 4177 qualitate
2012 4118 2146 4160 con-

564 4199 791 4263 siderat,
830 4200 1006 4255 adhuc
1036 4207 1239 4263 tamen,
1265 4198 1337 4253 ad
1363 4211 1524 4268 quem
1554 4196 1717 4251 linem
1767 4194 1969 4261 tendat,
1997 4195 2147 4265 igno-

567 4298 675 4348 rat.
736 4287 804 4342 Et
852 4288 897 4342 si
941 4286 1059 4356 jam
1099 4278 1350 4357 superna
1394 4287 1618 4357 appetit,
1670 4285 1770 4341 etsi
1814 4283 1984 4355 plenis
2033 4284 2151 4339 haec

567 4377 854 4434 desideriis
883 4378 1096 4446 quaerit,
1123 4375 1297 4431 adhuc
1326 4376 1370 4432 si
1399 4376 1451 4430 in
1485 4374 1690 4430 eisdem
1728 4373 2012 4430 desideriis
2031 4387 2151 4443 per-

567 4479 810 4533 maneat,
829 4467 1019 4521 nescit.
1046 4465 1140 4521 Est
1166 4475 1347 4520 autem
1367 4474 1422 4520 et
1445 4464 1548 4522 alia
1570 4465 1694 4520 vita
1709 4471 1906 4520 nostra:
1925 4465 2154 4519 absconn

2223 1987 2319 2043 ira
2350 1985 2489 2041 tute?
2516 2004 2536 2037 ι
2570 1981 2744 2056 (Psal.
2774 1995 2999 2045 Lxxstx,
3031 1976 3149 2050 ll.)
3184 1976 3482 2050 Sequitur:

2293 2075 2461 2133 Vens.
2487 2074 2579 2130 26.
2613 2072 2805 2130 Nonne
2833 2069 3207 2126 dissimulavi?
3232 2083 3403 2124 nonne
3443 2064 3611 2122 silui?
3632 2077 3813 2118 nonne

2223 2168 2443 2242 quievi?
2474 2165 2686 2221 etvenit
2729 2178 2888 2235 super
2936 2177 3018 2217 me
3069 2160 3385 2231 indignatio.
3426 2186 3499 2200 -
3547 2152 3818 2226 Quamvis

2225 2257 2468 2330 quolibet
2494 2255 2546 2311 in
2582 2254 2703 2310 loco
2729 2251 2917 2325 positi,
2941 2250 3249 2322 cogitando,
3279 2248 3506 2321 agendo,
3539 2243 3818 2316 loquendo

2225 2364 2533 2422 peccemus,
2571 2356 2699 2402 tunc
2723 2354 2904 2401 tamen
2930 2358 3035 2413 per
3059 2343 3161 2399 tria
3190 2343 3303 2398 haec
3340 2342 3556 2396 animus
3579 2337 3814 2394 etl‘rena-

2226 2441 2336 2496 tius
2358 2436 2595 2509 rapitur,
2619 2451 2746 2492 cum
2779 2433 2963 2489 mundi
2991 2432 3155 2501 hujus
3175 2430 3535 2503 prosperitate
3559 2426 3823 2484 subleva-

2231 2544 2345 2588 tur.
2368 2527 2499 2585 Nam
2531 2543 2654 2584 cum
2694 2525 3017 2582 auctoritate
3043 2523 3194 2579 vocis
3221 2536 3252 2576 a
3291 2519 3437 2575 nullo
3465 2515 3821 2589 restringitur

2229 2623 2436 2694 lingua,
2466 2620 2719 2676 licentius
2750 2633 2850 2690 per
2882 2616 3111 2686 abrupta
3144 2612 3481 2670 dill‘renatur.
3515 2607 3622 2667 Sed
3637 2606 3816 2664 sancti

2232 2716 2333 2772 viri
2362 2731 2485 2771 cum
2538 2713 2722 2769 mundi
2755 2709 2915 2780 hujus
2956 2715 3220 2781 potestate
3265 2705 3584 2767 fulciuntur,
3608 2716 3710 2757 cor
3748 2698 3818 2755 ad

2232 2805 2677 2864 considerandam
2700 2817 2853 2859 suam
2877 2800 3103 2872 gloriam
3133 2796 3457 2868 reprimunt,
3483 2793 3723 2863 linguam
3747 2791 3817 2846 ab

2233 2896 2590 2969 immoderata
2613 2891 2883 2949 locutione
2927 2888 3286 2960 restringunt,
3316 2900 3452 2957 opus
3491 2884 3560 2939 ab
3611 2880 3821 2952 inquie-

2235 2991 2437 3048 tudinis
2465 2988 2747 3061 vagatione
2790 2983 3122 3041 custodiunt.
3168 2981 3419 3036 Potestas
3446 2978 3671 3048 quippe,
3697 2990 3818 3030 cum

2234 3083 2487 3148 habetur,
2515 3088 2572 3135 et
2604 3074 2889 3147 cogitanda
2917 3084 3000 3129 est
3041 3072 3107 3127 ad
3152 3072 3436 3128 utilitatem
3478 3077 3535 3124 et
3565 3066 3822 3122 dissimu-

2238 3172 2401 3233 landa
2425 3179 2647 3243 propter
2676 3177 2962 3222 tumorem.
2990 3162 3193 3218 Aliter:
3224 3161 3397 3217 Silere
3416 3167 3500 3215 est
3528 3164 3766 3213 mentem
3788 3169 3823 3210 a

2245 3276 2583 3323 terrenarum
2598 3260 2987 3318 desideriorum
3007 3271 3139 3312 voce
3162 3255 3507 3325 restringere.
3525 3251 3824 3319 Quiescunt

2243 3359 2334 3431 qui
2363 3367 2697 3413 terrenarum
2729 3352 3002 3407 actionum
3026 3349 3286 3421 strepitus
3313 3361 3412 3419 pro
3431 3346 3616 3402 divino
3639 3356 3827 3399 amore

2242 3455 2592 3523 postponuut.
2623 3444 2825 3503 Sciunt
2849 3445 2994 3500 enim
3024 3442 3149 3514 quia
3191 3452 3537 3510 nequaquam
3580 3450 3741 3492 mens
3758 3432 3825 3488 ad

2243 3553 2478 3611 superna
2501 3535 2768 3593 attollitur
2789 3575 2804 3601 ,
2851 3534 2895 3589 si
2932 3546 3185 3593 curarum
3218 3527 3536 3586 tumultibus
3573 3526 3829 3581 continue

2246 3628 2300 3685 in
2329 3626 2541 3685 inlimis,
2566 3634 2881 3699 occupatur.
2914 3621 3055 3690 Quid
3105 3620 3246 3676 enim
3290 3619 3357 3674 de
3403 3618 3513 3672 Deo
3562 3621 3830 3684 occupata

2244 3719 2518 3780 obtineat,
2568 3731 2689 3787 quae
2719 3715 2785 3770 de
2828 3713 2921 3769 illo
2967 3710 3374 3783 apprehendere
3415 3706 3618 3776 aliquid
3664 3704 3832 3761 etiam

2245 3827 2445 3867 vacans
2499 3807 2744 3865 laborat?
2792 3805 2935 3861 Bene
3001 3813 3180 3860 autem
3243 3803 3296 3857 in
3353 3801 3583 3857 Psalmis
3632 3798 3829 3854 dicitur

2252 3921 2270 3953 ι
2308 3898 2508 3955 Vacate
2564 3906 2616 3954 et
2660 3896 2857 3960 videte,
2898 3893 3152 3964 quoniam
3192 3905 3292 3963 ego
3334 3905 3451 3945 sum
3483 3889 3625 3944 Deus
3655 3883 3829 3958 (Psal.

2246 4009 2372 4059 xcv,
2419 3991 2529 4061 ll).
2566 4011 2593 4045 ι
2619 3989 2754 4057 Quia
2782 3987 2875 4058 qui
2903 3999 3098 4040 vacare
3138 3983 3248 4041 Deo
3287 3981 3544 4053 negligit,
3582 3993 3685 4034 suo
3728 3974 3833 4032 sibi

2242 4083 2446 4157 judicio
2472 4081 2651 4136 lumen
2681 4076 2803 4147 ejus
2842 4075 3065 4132 visionis
3091 4073 3390 4129 abscondit.
3425 4070 3688 4140 Sequitur
3716 4084 3732 4123 :
3763 4062 3831 4119 Et

2249 4173 2384 4229 venit
2406 4188 2562 4243 super
2584 4187 2664 4227 tne
2698 4167 3013 4239 indignatio.
3042 4196 3110 4206 —
3151 4164 3339 4234 Magna
3367 4162 3564 4232 quippe
3588 4168 3708 4215 arte
3734 4159 3829 4213 do-

2252 4264 2443 4321 ctrina:
2483 4263 2745 4328 dicturus,
2792 4259 3020 4315 verbera
3073 4255 3309 4330 praetulit
3354 4261 3505 4310 recte
3554 4251 3730 4316 facta,
3774 4256 3831 4304 ut

2252 4357 2623 4429 unusquisque
2650 4354 2776 4413 hinc
2800 4351 3128 4415 consrderet,
3148 4363 3269 4420 quas
3314 4342 3666 4417 peccantibus
3679 4345 3833 4411 post-

2255 4453 2473 4509 modum
2504 4446 2764 4519 supplicia
2813 4448 3094 4506 maneant,
3138 4439 3185 4495 si
3210 4438 3375 4494 etiam
3399 4435 3576 4507 justus
3600 4440 3712 4487 tam
3738 4443 3831 4519 vat

570 4515 1420 4630 Siliiiiiiiigigi;3.;
1584 4515 2153 4625 iis";....',;.;.‘;,.-
2180 4575 2232 4635 ο
2257 4542 2365 4635 lida
2393 4541 2505 4635 bicA
2530 4515 3232 4635 ﬂagella-castigant..Hinc
3248 4527 3456 4635 Petrus.
3479 4524 3555 4578 ait
3576 4540 3664 4635 τυ(
3696 4519 3809 4635 Et“
3788 4515 3837 4573 si

572 4669 637 4710 re
659 4612 955 4716 credimus,
1003 4664 1073 4704 an
1094 4612 1169 4703 .lin
1203 4647 1433 4703 districti
1465 4612 1668 4716 'judicis
1710 4646 1958 4700 examine
2006 4612 2154 4701 rei...
2180 4612 2427 4704 "justus
2457 4630 2545 4685 vix
2596 4627 2926 4716 mirabitur,
2952 4621 3240 4716 impiuset
3272 4624 3525 4690 peccator
3550 4612 3643 4670 ubi
3682 4624 3835 4684 pare-

573 4743 649 4799 ss't
676 4742 1010 4814 ignoramus,
1038 4737 1328 4795 Salomone
1375 4745 1682 4802 attestante,
1713 4736 1804 4806 qui
1856 4736 1970 4791 ait:
2005 4754 2029 4786 ι
2063 4735 2161 4791 Est

574 4834 661 4889 via
683 4848 804 4902 qua:
826 4831 1040 4887 videtur
1085 4827 1394 4885 hominibus
1439 4836 1615 4895 recta,
1658 4827 1955 4883 novissima
1975 4834 2157 4882 autem

576 4924 696 4996 ejus
719 4922 992 4979 deducunt
1018 4921 1093 4979 ad”
1118 4928 1345 4976 mortem
1374 4917 1556 4989 (Prov.
1610 4933 1722 4985 xiv,
1756 4917 1867 4987 12).
1913 4936 1932 4970 ι
1969 4916 2167 4988 Sequi-

575 5024 670 5070 tur
694 5031 710 5069 :
742 5010 818 5071 Et
841 5012 1184 5068 circumdedit
1219 5024 1338 5066 eum
1368 5008 1511 5063 Deus,
1534 5005 1779 5062 tenebris.
1804 5038 1876 5049 —
1897 5007 2159 5063 Tenebris

2252 4722 2432 4780 bunt?
2461 4740 2479 4774 ι
2512 4719 2561 4794 (ι
2593 4714 2739 4775 Pete.
2768 4731 2844 4782 ιν,
2869 4713 2982 4782 te.)
3009 4711 3307 4781 Sequitur:

2863 4800 3094 4861 CAPUT
3132 4801 3221 4857 IV.

2329 4906 2493 4962 Vens.
2531 4903 2583 4967 l,
2604 4896 2655 4956 2.
2695 4896 3029 4968 Respondens
3052 4890 3278 4964 Elipltas
3301 4888 3634 4946 Themanites
3663 4883 3799 4940 dixit
3817 4897 3845 4937 ὲ

2265 4999 2323 5057 Si
2346 4996 2648 5067 coeperimus
2678 4989 2820 5061 loqui
2855 4988 2970 5054 tibi,
3003 4985 3227 5058 forsitan
3252 4981 3464 5038 moleste
3500 4978 3747 5049 accipies.
3772 5003 3840 5018 -—-

3253 5074 3435 5102 ,ἕλει-ι-

3238 5083 3435 5102 αΙῖΑἶΙ-ι-
3484 5083 3687 5102 Ultimo”.
3722 5084 3844 5102 ann.

2872 5080 2978 5102 ιε..-
3026 5078 3203 5102 ιὲηη--ιι
