4004 5340
208 389 301 451 N9

1016 381 1318 441 EPITOME
1354 380 1721 439 ﬁORALlUM
1761 380 1815 435 S.
1854 379 2061 438 GllEG.
2105 382 2171 436 1N
2209 378 2350 438 JOB.
2388 412 2461 424 —-
2488 381 2617 437 LlB.
2659 382 2723 437 Υ.

3365 370 3468 428 150

208 492 257 548 in
278 494 505 550 exordio
535 494 823 552 locutionis
848 504 1120 561 metuunt,
1146 505 1204 551 ut
1235 497 1523 567 vigilanter
1547 497 1776 552 audiau-
1808 496 1855 557 Α
1885 494 1994 550 Deo
2016 497 2227 565 perisse.
2254 524 2323 535 --
2346 494 2568 551 Dolores
2611 493 2881 549 seminare
2928 498 3012 546 est
3053 486 3468 544 fraudulentiam

210 589 310 647 tur,
337 591 394 637 et
420 598 559 653 pene
582 599 795 655 semper
816 584 1008 639 blanda
1043 595 1169 640 sunt
1198 602 1318 657 quae
1341 595 1668 658 proponunt,
1690 586 1785 641 sed

210 687 391 743 aspera
445 692 567 747 qum
618 679 999 748 prosequendo
1060 679 1427 735 subiuferunt.
1489 678 1781 751 Sequitur:

276 764 417 821 Vsus
427 768 484 822 5.
503 767 606 823 Sed
616 780 922 840 conceptum
939 786 1230 826 sermonem
1251 774 1365 843 quis
1381 782 1554 827 tenere
1572 778 1744 842 posset
1763 770 1789 826 Ρ

210 856 410 912 ——'fria
442 874 641 930 genera
657 870 783 915 sunt
797 860 1076 917 hominum
1092 862 1183 932 qui
1199 877 1228 916 a
1242 877 1303 918 se
1318 861 1585 918 dissidunt
1606 879 1621 916 :
1649 860 1790 916 Sunt

211 951 295 1021 qui
339 951 409 1007 ad
442 951 768 1022 loquendum
800 969 967 1024 prava
1001 956 1351 1026 concipiunt,
1376 966 1432 1011 et
1459 955 1600 1011 nulla
1628 956 1789 1011 silenL

212 1043 267 1099 tii
311 1043 578 1113 gravitate
626 1044 999 1112 refrenantur;
1039 1056 1095 1102 et
1141 1056 1267 1103 sunt
1314 1047 1405 1117 qui
1456 1063 1580 1103 cum
1623 1062 1789 1118 prava

211 1134 538 1203 concipiunt,
587 1135 768 1207 magni
804 1136 1003 1192 silentii
1046 1152 1107 1192 se
1137 1138 1320 1209 vigore
1345 1140 1711 1205 restringunt:
1737 1144 1793 1191 et

210 1226 449 1296 suntqui
483 1226 744 1281 virtutum
770 1243 871 1282 usu
910 1227 1172 1293 roborati,
1204 1240 1376 1298 usque
1415 1229 1481 1284 ad
1521 1243 1641 1283 eam
1679 1226 1790 1282 cel-

208 1316 497 1371 situdinem
522 1317 919 1386 provehuntur,
943 1326 1000 1372 ut
1026 1319 1091 1373 ad
1115 1318 1441 1388 loquendum
1460 1330 1528 1372 ne
1550 1318 1602 1371 in
1630 1316 1793 1371 corde

211 1408 424 1477 quidem
460 1423 717 1479 perversa
768 1412 1109 1481 concipiant,
1162 1426 1286 1481 qua:
1326 1410 1534 1466 silendo
1572 1423 1794 1479 compe-

210 1510 380 1556 scant.
425 1502 647 1573 Eliphaz
696 1504 883 1575 itaque
917 1519 984 1558 ex
1009 1519 1121 1574 quo
1143 1504 1427 1558 sitordine
1464 1502 1792 1568 ostenditur,

209 1609 326 1648 cum
356 1594 473 1649 ait:
525 1593 630 1650 Sed
665 1606 970 1667 conceptum
1000 1612 1290 1651 sermonem
1330 1606 1501 1649 tenere
1543 1595 1659 1666 quis
1702 1609 1797 1663 po.

209 1684 381 1736 terit?
417 1682 522 1751 Qui
577 1686 744 1740 etiam
792 1685 1064 1756 loquendo
1119 1701 1179 1741 se
1237 1683 1569 1740 oﬂ‘ensurum
1623 1685 1793 1739 novit.

210 1770 362 1827 Pravi
402 1774 569 1845 igitur
596 1776 740 1831 sicut
786 1777 841 1830 iu
885 1790 1045 1831 sensu
1077 1776 1225 1832 leves
1262 1787 1407 1843 sunt,
1465 1778 1540 1831 ita
1572 1777 1625 1832 in
1652 1776 1798 1832 locu-

211 1867 354 1921 tione
395 1867 724 1937 praecipites.
769 1867 908 1923 Hinc
942 1868 1197 1924 Salomon
1224 1870 1339 1924 ait:
1380 1888 1398 1920 ι
1436 1867 1537 1935 Qui
1592 1867 1795 1923 emittit
1825 1847 1869 1906 Β

210 1974 425 2028 aquam,
468 1967 631 2032 caput
650 1959 1056 2033 cstjurgiorum
1081 1958 1266 2033 (Prov.
1297 1974 1446 2027 xvn,
1474 1959 1583 2033 14).
1626 1979 1645 2011 ι
1692 1958 1796 2015 Se-

208 2053 393 2123 quitur
416 2071 430 2107 :

280 2146 445 2203 Vsus.
486 2145 540 2203 4.
561 2176 634 2188 --
658 2146 792 2203 Ecce
827 2146 1053 2203 docuisti
1081 2146 1369 2219 plurimos,
1400 2155 1454 2202 et
1483 2146 1708 2216 reliqua.
1730 2174 1801 2184 —

208 2241 415 2312 Magna:
451 2240 791 2297 celsitudinis
829 2242 932 2297 iste
970 2242 1057 2296 vir
1098 2240 1217 2309 fuit,
1272 2243 1364 2312 qui
1421 2242 1562 2296 inter
1614 2253 1799 2295 curam

210 2333 417 2396 domus,
457 2342 514 2389 et
555 2333 932 2405 multiplicium
980 2348 1160 2389 rerum
1211 2334 1530 2399 custodiam,
1581 2328 1804 2387 affectus

210 2425 514 2493 pignorum,
548 2425 833 2495 studiaque
854 2425 1119 2491 laborum,
1148 2426 1459 2481 erudiendis
1490 2426 1705 2481 eteteris
1743 2439 1802 2481 se

210 2515 490 2585 impendit.
561 2515 903 2587 Temporalia
951 2519 1183 2588 regenda
1242 2518 1551 2589 disposuit,
1601 2527 1803 2573 aeterna

209 2604 551 2673 prmdicando
581 2608 867 2662 nuntiavit.
900 2607 1007 2663 Sed
1029 2622 1123 2663 seu
1152 2608 1409 2671 hteretici,
1442 2625 1535 2664 seu
1562 2608 1805 2679 perversi

208 2695 458 2765 quilibet,
483 2713 606 2753 cum
633 2696 773 2754 bona
795 2697 1065 2768 justorum
1099 2699 1364 2763 referunt,
1414 2715 1475 2755 ea
1525 2699 1591 2754 ad
1636 2715 1804 2772 argu-

210 2798 452 2843 mentum
483 2791 729 2845 criminis
753 2790 996 2846 llectunt.
1040 2790 1173 2845 Nam
1201 2792 1447 2861 sequitur
1471 2809 1485 2846 :

282 2880 448 2935 Vsus.
478 2882 532 2937 5.
577 2881 735 2936 Nunc
777 2892 952 2937 autem
993 2885 1129 2938 venit
1154 2899 1312 2952 super
1340 2892 1388 2936 te
1410 2882 1566 2954 plaga
1596 2894 1641 2938 et
1666 2884 1809 2954 defe-

207 2975 352 3028 cisti.
374 3005 445 3014 -—
468 2974 548 3029 Ab
585 2975 786 3046 iniquis
832 2991 964 3031 vero
1003 2976 1163 3030 modo
1192 2977 1455 3031 honorum
1482 2975 1681 3041 locuto,
1715 2986 1809 3031 aut

208 3066 454 3137 ejusdem
478 3068 672 3140 lingua:
701 3085 812 3124 suae
839 3069 1140 3139 adjudicata
1169 3070 1473 3124 testimonio
1495 3069 1548 3124 in
1576 3070 1807 3125 crimine

208 3156 321 3211 vita
366 3160 706 3215 succumbat.
763 3160 865 3227 Qui
914 3159 1076 3215 etiam
1127 3160 1267 3214 bona
1294 3158 1359 3213 de
1375 3159 1536 3229 justis
1566 3160 1685 3214 aliis
1716 3176 1807 3215 co-

210 3253 363 3323 gnita
390 3254 704 3325 loquuntur,
737 3257 829 3312 sed
854 3256 968 3311 haec
1001 3256 1114 3326 ipsa
1144 3255 1390 3325 protinus
1435 3255 1501 3309 ad
1532 3254 1805 3310 cumulum

208 3344 606 3415 objurgationis
644 3349 981 3417 pertrahunt.
1041 3346 1297 3418 Sequitur
1330 3372 1341 3406 :

285 3434 454 3492 Vens.
499 3437 553 3492 6.
604 3436 707 3492 Ubi
735 3449 811 3493 est
840 3439 997 3494 timor
1022 3450 1162 3506 tuus,
1191 3442 1445 3511 fortitudo
1469 3453 1580 3509 tua,
1609 3442 1812 3514 patien-

209 3527 287 3580 tia
315 3535 411 3580 tua
442 3536 492 3581 et
542 3528 790 3598 perfectio
818 3530 1021 3583 viarum
1055 3541 1264 3586 tuarum
1290 3533 1316 3587 2’
1340 3564 1411 3574 -
1438 3533 1567 3602 Qua:
1605 3541 1805 3589 cuncta

210 3617 485 3686 superiori
517 3617 791 3689 coujungit
821 3620 1120 3674 sementim.
1145 3619 1249 3677 Sed
1297 3622 1611 3677 intuendum
1657 3622 1813 3676 valde

211 3717 323 3773 est,
381 3708 512 3777 quia
544 3708 792 3778 quamvis
818 3708 1263 3765 inconvenienter
1313 3712 1641 3777 inchoasset,
1686 3728 1815 3768 con-

210 3808 478 3868 gruenter
503 3807 678 3853 tamen
694 3799 916 3854 ordines
936 3815 1114 3854 rerum
1134 3809 1338 3855 narrat.
1355 3801 1599 3869 Quatuor
1618 3802 1815 3873 quippe

210 3891 394 3948 modis
411 3895 575 3948 vitam
591 3894 730 3949 beati
745 3892 1146 3949 Jobvirtutibus
1161 3895 1526 3950 enumerando
1546 3895 1811 3961 distinxit,

211 3984 346 4040 dum
369 3994 427 4041 et
447 3988 624 4041 timori
658 3987 1049 4054 fortitudinem,
1073 3997 1127 4042 et
1153 3987 1451 4043 fortitudini
1479 3988 1815 4059 patientiam,

210 4088 271 4132 et
333 4079 611 4148 patientia:
655 4080 1041 4150 perfectionem
1079 4081 1278 4152 junxit.
1344 4081 1402 4137 lu
1455 4083 1537 4138 via
1586 4096 1819 4153 namque

208 4169 315 4225 Dei
352 4171 517 4227 timor
548 4174 719 4243 gignit
748 4172 1139 4238 fortitudinem,
1166 4184 1227 4229 ut
1260 4173 1516 4231 Salomon
1560 4175 1677 4230 ait:
1713 4193 1731 4227 t
1758 4174 1819 4230 lu

211 4263 420 4319 timore
466 4264 581 4331 Dei,
631 4265 824 4337 fiducia
873 4264 1202 4322 fortitudinis
1249 4265 1429 4337 (Prov.
1474 4284 1601 4334 xw,
1650 4266 1762 4338 26).
1794 4286 1813 4320 ι

209 4351 358 4419 Quia
403 4353 533 4409 dum
572 4368 726 4410 mens
769 4364 952 4411 nostra
999 4366 1147 4412 recto
1191 4366 1332 4412 metu
1386 4357 1663 4413 Conditori
1704 4373 1821 4412 om-

209 4441 654 4514 niumjungitur,
691 4453 958 4514 potestate
983 4446 1215 4516 quadam
1248 4462 1405 4519 supra
1433 4448 1615 4501 omnia
1637 4446 1815 4502 suble-

1885 587 2068 643 dicere
2114 600 2231 652 eos,
2278 594 2333 641 et
2376 595 2579 640 metere
2622 594 2704 639 est
2746 582 2975 638 dicendo
3017 579 3330 651 praevalere.
3375 576 3473 632 Vel

1886 687 2035 734 certe
2062 679 2276 734 dolores
2306 679 2573 734 seminam
2603 677 2693 745 qui
2722 689 2974 745 perversa
3015 679 3180 742 agunt
3205 711 3221 737 ,
3263 674 3475 723 metunt

1886 786 2009 826 cum
2073 772 2140 826 de
2194 771 2381 825 eadem
2446 768 2799 839 perversitate
2852 765 3163 836 puniuntur.
3246 761 3477 816 Fructus

1887 863 2097 934 quippe'
2114 862 2314 919 doloris
2337 871 2421 918 est
2448 860 2735 916 retributio
2760 858 3140 915 damnationis.
3196 853 3481 910 Seminant

1888 969 2036 1024 ergo,
2084 954 2276 1024 inquit,
2310 953 2522 1008 dolores
2560 960 2615 1007 et
2656 959 2881 1015 metunt,
2932 950 3055 1020 quia
3119 948 3303 1017 iniqua
3352 953 3481 1001 sunt

1888 1058 2010 1114 quae
2040 1044 2261 1109 faciunt,
2292 1055 2345 1099 et
2373 1044 2423 1098 in
2457 1044 2569 1110 ipsa
2606 1043 2886 1111 iniquitate
2917 1047 3318 1112 prosperantur,
3341 1038 3482 1093 sicut

1890 1134 2173 1190 Psalmista
2215 1136 2289 1190 ait
2321 1154 2334 1189 :
2369 1154 2389 1187 ι
2414 1134 2737 1189 Polluuntur
2779 1127 2879 1188 viae
2917 1132 3033 1203 ejus
3072 1131 3127 1184 in
3165 1129 3309 1185 omni
3340 1138 3478 1183 tem-

1889 1240 2021 1294 pore
2061 1222 2234 1296 (Psal.
2271 1240 2347 1289 Ix,
2377 1224 2489 1294 25).
2525 1245 2543 1277 ι
2581 1223 2739 1278 Flare
2762 1223 2877 1286 Dei,
2913 1220 3147 1276 vindicta
3174 1217 3485 1275 retributio—

1893 1317 1977 1371 nis
1999 1316 2213 1372 dicitur.
2253 1316 2400 1371 Bene
2431 1317 2613 1386 itaque
2637 1315 2729 1386 qui
2759 1314 2972 1369 dolores
3012 1312 3298 1374 seminam,
3321 1307 3485 1363 flante

1893 1411 2023 1474 Deo,
2057 1417 2304 1480 pereunt,
2329 1409 2456 1478 quia
2481 1409 2623 1463 unde
2646 1408 2777 1463 foris
2799 1420 3049 1477 perversa
3079 1404 3323 1465 faciunt,
3360 1400 3487 1456 inde

1895 1501 1964 1556 ab
1993 1500 2196 1555 intimis
2235 1508 2380 1555 recte
2417 1499 2702 1555 feriuntur.
2760 1497 2920 1552 Flare
2947 1495 3231 1551 irascendo
3267 1491 3488 1556 dicitur,

1894 1590 2020 1660 quia
2058 1590 2104 1645 is
2139 1590 2230 1660 qui
2270 1590 2323 1644 in
2358 1604 2417 1645 se
2453 1587 2775 1658 tranquillus
2800 1594 2883 1643 est
2919 1583 3271 1658 pereuntibus
3300 1578 3492 1636 turbu-

1896 1678 2074 1735 lentus
2103 1680 2332 1737 videtur.
2381 1679 2639 1750 Sequitur
2663 1693 2681 1734 :

1976 1810 2133 1866 Vsus.
2170 1809 2254 1867 10.
2314 1810 2533 1882 Rugitus
2574 1810 2739 1865 leonis
2775 1820 2823 1864 et
2861 1826 2956 1865 vox
3002 1808 3202 1871 leaena,
3238 1814 3287 1862 et
3315 1805 3493 1861 dentes

1897 1900 2192 1958 catulorum
2217 1902 2426 1957 leonum
2461 1902 2672 1957 contriti
2709 1910 2851 1956 sunt.
2873 1886 2940 1940 -ὲ
2962 1898 3099 1966 Quid
3149 1897 3295 1953 enim
3344 1896 3492 1964 rugi-

1900 2002 1986 2050 tus
2018 1994 2190 2051 leonis
2213 1994 2463 2065 appellat,
2495 1993 2619 2059 nisi,
2650 2002 2710 2048 ut
2739 1992 2900 2064 paulo
2940 2000 3068 2047 ante
3110 1989 3492 2061 praemisimus,

1900 2086 2248 2140 severitatem
2289 2085 2431 2139 viri?
2462 2083 2590 2154 quid
2616 2098 2802 2139 vocem
2832 2083 3033 2147 leaenae,
3059 2081 3163 2137 nisi
3194 2079 3494 2150 loquacita-

1902 2188 2011 2232 tem
2047 2174 2332 2248 conjugis?
2379 2176 2517 2244 Quid
2557 2175 2747 2231 dentes
2784 2175 3088 2231 catulorum
3127 2172 3363 2237 leonum,
3390 2171 3497 2228 nisi

1903 2267 2221 2322 edacitatem
2260 2266 2472 2337 prolis?
2509 2266 2647 2335 Quia
2685 2266 2827 2320 enim
2870 2265 2967 2320 lilii
3010 2265 3358 2320 convivantes
3404 2278 3500 2319 ex-

1904 2359 2084 2415 stincti
2135 2368 2279 2423 sunt,
2327 2358 2571 2414 dentiant
2621 2358 2969 2427 expressione
3011 2357 3312 2428 signantur.
3369 2354 3501 2425 Qua:

1904 2458 2098 2506 cuncta
2169 2449 2297 2504 dum
2354 2448 2587 2503 contrita
2644 2446 2864 2517 Elipbas
2915 2447 3151 2502 exsultat
3201 2443 3451 2518 [exultat]
3483 2483 3501 2511 ,

1905 2540 2058 2611 quasi
2107 2539 2231 2611 jure
2287 2539 2543 2594 damnata
2586 2538 2887 2594 denuntiat.
2952 2535 3114 2605 Cujus
3166 2535 3344 2590 adhuc
3397 2533 3501 2591 du-

1904 2616 2087 2687 ritiam
2135 2630 2520 2702 increpatiouis
2574 2629 2893 2699 ingeminat,
2941 2643 3067 2684 cum
3105 2625 3426 2699 subiungit:

1981 2767 2144 2823 Vnus.
2186 2766 2214 2820 1
2231 2767 2277 2820 l.
2331 2765 2503 2836 Tigris
2530 2767 2681 2836 periit
2707 2806 2723 2829 ,
2752 2782 2813 2820 eo
2837 2770 2975 2838 quod
3006 2781 3108 2820 non
3127 2765 3339 2819 haberet
3359 2778 3499 2835 pra:-

1906 2861 2053 2926 dam,
2076 2869 2125 2914 et
2146 2859 2310 2914 catuli
2334 2859 2504 2913 leonis
2526 2860 2770 2930 dissipati
2790 2868 2931 2913 sunt.
2954 2888 3026 2899 —
3047 2858 3218 2926 Quem
3244 2857 3391 2913 enim
3412 2871 3505 2913 no-

1906 2952 2055 3007 mine
2092 2951 2247 3022 tigris
2289 2950 2393 3005 nisi
2438 2951 2629 3006 beatus
2672 2950 2775 3006 Job
2824 2960 2950 3006 nota
2995 2950 3273 3006 varietatis
3310 2950 3507 3021 signa?

1908 3041 1992 3095 vel
2042 3052 2321 3110 aspersum
2368 3039 2596 3096 maculis
2639 3041 3040 3096 simulationis?
3101 3040 3207 3096 Sed
3249 3040 3507 3095 nimirum

1909 3132 2087 3189 omnis
2105 3132 2389 3203 hypocrita
2417 3133 2573 3203 tigris
2598 3140 2704 3199 est,
2745 3133 2871 3202 quia
2907 3133 3035 3188 dum
3077 3134 3313 3188 mundus
3356 3131 3509 3188 color

1835 3211 1880 3273 C
1911 3222 2344 3279 dissimulatione
2373 3224 2609 3290 ducitur,
2631 3223 2886 3278 vitiorum
2912 3222 3191 3294 nigredine
3214 3222 3513 3278 interruma

1910 3325 2071 3387 peute
2118 3313 2588 3385 variatum-Saepe
2638 3314 2764 3371 dum
2816 3314 2882 3369 de
2921 3313 3190 3369 castitatis
3242 3310 3513 3367 munditis

1910 3406 2205 3470 extollitur,
2224 3407 2384 3462 sorde
2398 3406 2641 3461 avaritize
2664 3405 2916 3460 foedatur.
2941 3403 3071 3472 Quae
3090 3403 3338 3459 videlicet
3355 3402 3511 3474 tigris

1913 3498 2055 3568 rapit
2068 3499 2330 3570 prtedam,
2344 3499 2469 3570 quia
2484 3498 2737 3554 humanis
2751 3497 2853 3552 sibi
2869 3496 3149 3553 favoribus
3159 3504 3383 3567 usurpat
3401 3494 3513 3567 glou

1912 3592 2071 3646 riam.
2086 3589 2223 3659 Quia
2241 3591 2387 3645 enim
2402 3599 2555 3659 rapta
2568 3588 3029 3652 laudeextollitur,
3045 3588 3198 3657 quasi
3216 3586 3397 3657 praeda
3413 3600 3499 3641 sa—

1912 3686 2097 3741 tiatur.
2133 3685 2443 3740 Translatio
2456 3694 2635 3739 autem
2652 3682 3003 3754 Septuaginta
3019 3683 3377 3749 lnterpretum
3401 3692 3510 3735 non

1915 3778 2077 3834 habet
2129 3778 2313 3849 tigris,
2367 3779 2480 3842 sed,
2524 3773 2882 3830 mimicoleon
2916 3774 3089 3844 periit.
3141 3770 3512 3828 Mirmicolenn

1914 3873 2111 3944 quippe
2126 3882 2352 3945 parvqu
2365 3870 2519 3925 valde
2534 3867 2825 3926 estanimal
2841 3868 3082 3923 formicis
3095 3868 3379 3921 adversum
3392 3867 3416 3920 ?
3429 3865 3515 3922 Di-

1916 3966 2058 4021 citur
2071 3973 2250 4019 autem
2266 3963 2458 4019 Latine
2473 3962 2823 4017 formicarum
2838 3960 2938 4022 leo,
2955 3958 3040 4014 vel
3056 3966 3203 4013 certe
3218 3956 3444 4013 formica
3459 3965 3515 4012 et

1916 4055 2019 4111 leo.
2056 4055 2195 4123 Quid
2216 4055 2271 4109 in
2301 4051 2751 4108 mirmicoleontis
2782 4049 3001 4104 nomine
3028 4047 3250 4118 Ellphas
3274 4047 3328 4101 in
3353 4047 3515 4102 beato

1917 4144 2018 4202 Job
2055 4145 2160 4200 nisi
2199 4159 2454 4214 pavorem
2498 4152 2550 4198 et
2596 4139 2880 4196 audaciam
2920 4135 3308 4208 reprehendit?
3343 4135 3421 4191 Ac
3465 4134 3516 4190 si

1920 4243 2106 4306 aperte
2158 4234 2354 4290 dicat:
2408 4231 2525 4289 Non
2580 4231 2781 4302 injuste
2834 4244 3123 4300 percussus
3173 4233 3271 4295 es';
3323 4237 3515 4283 contra

1921 4337 2136 4385 erectos
2198 4327 2457 4393 timidus,
2526 4336 2715 4383 contra
2789 4325 3034 4381 subditos
3095 4323 3270 4378 audax
3338 4321 3512 4379 fuisti.

1921 4420 2139 4477 Tmen.
2172 4419 2303 4484 Leo,
2350 4426 2574 4489 propter
2613 4417 2890 4481 virtutem,
2935 4415 3254 4480 Dominum;
3292 4420 3517 4484 prepter

209 4540 403 4597 vatur,
440 4504 899 4589 fortitudo-antem
928 4504 1140 4590 nonnisi
1177 4537 1228 4589 in
1268 4504 1593 4591 adversitate
1633 4545 1806 4591 osten-

1925 4512 2187 4567 saevitiam
2218 4509 2515 4577 diabolum,
2554 4510 2822 4582 designat.
2875 4506 2952 4562 De
2996 4507 3226 4562 Domino
3258 4522 3273 4559 :
3321 4523 3341 4556 ‹
3371 4504 3518 4559 Vicit

1924 4604 2000 4621 ac-
2060 4603 2107 4621 se
2147 4601 2285 4621 .,,n___
2323 4600 2443 4621 ιη)-
2497 4601 2718 4621 :‘__--_.
2776 4599 2828 4621 an
2887 4616 2902 4621 -
2953 4597 3025 4621 η..
3064 4596 3269 4621 ,ιξ,.ι.,.ι1Δ
3301 4611 3319 4621 .
3363 4613 3382 4621 -
3416 4592 3489 4621 AA

209 4622 391 4679 ditur.
451 4622 603 4680 Unde
654 4639 780 4680 mox
834 4623 1095 4694 patientia
1142 4626 1483 4697 subrogatur,
1534 4634 1589 4681 et
1630 4626 1817 4681 statim

209 4726 348 4787 post
389 4718 708 4787 patientiam
750 4718 960 4773 viarum
1006 4718 1266 4789 perfectio
1311 4719 1663 4776 subinfertur'.
1726 4717 1822 4775 llle

211 4809 369 4863 enim
393 4809 664 4877 perfectus
694 4818 779 4865 est
805 4809 896 4879 qui
925 4824 1051 4881 erga
1088 4810 1547 4881 imperfectioncm
1586 4809 1822 4882 proximi

212 4899 518 4971 impatiens
558 4916 661 4955 non
701 4908 804 4956 est.
856 4898 1153 4969 Sequitur:

290 4990 461 5047 Vnus.
494 4992 546 5045 7.
582 4990 901 5056 Recordare,
935 4990 1144 5045 obsecro
1170 5001 1237 5057 te,
1268 4993 1384 5063 quis
1422 5011 1649 5065 unquam
1671 4996 1824 5049 inno-

215 5098 346 5137 cens
367 5083 522 5153 periit
547 5083 573 5136 ?
589 5094 641 5138 et
667 5081 904 5151 reliqua.
924 5111 994 5120 —
1009 5081 1164 5153 Saepe
1193 5083 1337 5139 enim
1367 5083 1455 5138 hic
1477 5094 1532 5140 et
1559 5086 1820 5142 innocen-

195 5180 306 5271 ἰιιεες
335 5181 582 5244 pereunt,
608 5174 701 5230 sed
742 5171 813 5227 ad
862 5177 1120 5227 aeternam
1151 5173 1375 5243 gloriam
1407 5176 1681 5241 pereundo
1709 5189 1837 5231 ser-.

199 5261 421 5290 ξιον-...κη
501 5261 630 5290 n..:..

1263 5260 1516 5290 n-nI\Iunln
1551 5261 1751 5290 “mnu-nn
1764 5270 1776 5290 Ι
1806 5280 1817 5290 ι

664 5263 754 5290 ..δη
785 5263 1047 5290 ἷιιηΛΙιηνιρ
1073 5263 1205 5290 ἰη-ξι

1924 4604 2011 4659 leo
2048 4603 2114 4660 de
2146 4601 2289 4658 tribu
2314 4600 2451 4658 Juda
2494 4601 2740 4672 (Apoc.v,
2773 4599 2847 4671 5).
2887 4616 2905 4651 ι
2953 4597 3027 4653 De
3059 4596 3272 4653 diabolo
3301 4611 3319 4649 :
3362 4613 3382 4647 ι
3406 4592 3518 4649 Ad-

1924 4698 2200 4753 versarius
2222 4704 2406 4751 vester
2426 4694 2694 4760 diabolus,
2717 4693 2860 4748 sicut
2881 4693 2965 4747 leo
2985 4692 3206 4764 rugiens
3227 4688 3279 4759 (1
3296 4687 3444 4744 Petr.
3459 4703 3515 4754 v,

1923 4789 2002 4861 8).
2034 4808 2053 4843 ι
2094 4789 2305 4844 Leaena:
2342 4795 2523 4842 autem
2552 4785 2772 4841 nomine
2801 4782 3093 4854 aliquando
3120 4789 3304 4839 sancta
3333 4777 3520 4834 Eccle-

1921 4883 2003 4938 sia
2030 4881 2367 4953 designatur,
2396 4878 2523 4948 quia
2553 4876 2733 4933 audax
2760 4882 2843 4929 est
2873 4874 2930 4930 in
2959 4874 3221 4936 adversis,
3269 4878 3328 4925 ut
3349 4868 3521 4923 isdem

1923 4969 2026 5028 Job
2073 4972 2194 5027 ait:
2245 4987 2265 5022 ς
2296 4968 2412 5024 Non
2461 4966 2816 5039 pertransivit
2863 4981 2965 5036 per
3008 4979 3129 5020 eam
3184 4962 3349 5015 leaena
3397 4954 3519 5027 (Job

1924 5081 2121 5135 xxvnt,
2172 5063 2247 5135 8).
2279 5083 2298 5118 ι
2344 5061 2648 5133 Aliquando
2676 5059 2970 5131 Babylonia
3000 5065 3220 5129 propter
3268 5050 3523 5106 immani-

1926 5166 2117 5213 tatem.
2149 5154 2326 5212 Catuli
2369 5163 2553 5209 autem
2595 5154 2814 5212 leonum
2860 5158 2989 5205 sunt
3032 5144 3258 5220 quilibet
3282 5139 3521 5211 reprobi,

1928 5248 1993 5290 ari
2020 5249 2261 5290 ῑηςηιιειηι
2300 5247 2466 5290 vitam
2496 5240 2865 5290 malianhrum
2903 5238 3190 5290 snirituum
3218 5242 3403 5286 errore
3432 5242 3527 5290 ge-
