4004 5340
519 332 616 390 151

1499 338 1556 396 S.
1595 336 1842 394 ODONIS
1872 331 2164 390 ABBATIS
2198 334 2694 397 CLUNIACENSIS
2730 337 2772 394 ll

3665 339 3765 395 152

517 447 704 502 lcscat.
737 445 842 502 Sed
879 446 1116 504 baretici
1145 447 1258 519 jam
1287 448 1441 518 quasi
1486 449 1553 504 de
1587 448 1876 504 sanctitate
1915 445 2091 501 securi
2120 447 2170 506 A
2195 445 2262 500 Et
2288 445 2528 504 Joannes
2558 467 2572 503 :
2609 469 2628 501 α
2662 446 2973 504 Videbimus
3001 461 3125 504 eum
3158 445 3319 504 sicuti
3341 456 3428 505 est
3463 447 3647 522 (Joan.
3683 465 3769 515 m,

515 546 661 602 sunt,
711 539 839 608 quia
879 537 1004 594 vita
1055 554 1168 594 sua
1215 540 1425 596 meritis
1469 548 1665 596 cuncta
1701 554 1762 594 se
1803 553 2090 610 superasse

515 629 876 700 suSpicantur.
917 629 974 685 ln
1017 631 1171 704 tigris
1208 632 1372 688 etiam
1400 631 1620 689 nomine
1651 637 1870 702 propter
1904 629 2089 686 multi-

512 720 705 776 formis
724 720 939 777 astutia
966 723 1284 779 varietatem
1303 737 1410 778 non
1443 722 1739 792 incongrue
1761 735 1886 778 eum
1908 719 2093 791 signa-

513 810 610 875 vit,
651 824 812 880 quem
839 812 1088 881 superius
1113 828 1209 884 per
1241 813 1472 868 leonem.
1502 812 1667 868 Satan
1693 811 1893 881 quippe
1930 810 2090 866 modo

511 901 796 958 stultorum
819 913 1030 961 mentes
1050 903 1243 960 blande
1262 905 1573 974 persuadet,
1599 904 1762 960 modo
1785 903 1857 958 ad
1876 901 2089 973 culpam

512 994 767 1050 terrendo
795 995 1083 1065 pertrahit.
1122 994 1254 1050 ltem
1295 1009 1393 1066 per
1430 993 1800 1050 mirmicoleon
1836 994 2089 1064 designa-

514 1090 626 1149 tur,
672 1084 798 1154 quia
847 1083 1162 1141 carnalibus
1207 1082 1294 1140 leo
1345 1093 1452 1151 est,
1493 1083 1865 1156 spiritualibus
1911 1092 2090 1140 autem

512 1171 764 1229 formica.
796 1172 1058 1245 Sequitur
1083 1191 1099 1231 :

585 1266 754 1323 Vsus.
783 1265 870 1321 12.
911 1264 1083 1323 Porro
1113 1268 1184 1323 ad
1210 1285 1292 1324 me
1318 1268 1518 1324 dictum
1543 1277 1616 1322 est
1645 1269 1854 1323 verbum
1875 1268 2094 1323 abscon-

509 1359 698 1413 ditum.
725 1388 801 1399 —
824 1358 1062 1415 Verbum
1109 1360 1482 1415 absconditum
1529 1359 1768 1415 baretici
1810 1359 2000 1415 audire
2035 1373 2095 1416 se

509 1451 788 1516 simulant,
837 1459 898 1506 ut
924 1451 1232 1508 auditorum
1267 1452 1541 1507 mentibus
1583 1452 1872 1522 quamdam
1902 1451 2096 1522 pradi-

510 1541 744 1598 cat’ionis
768 1557 879 1598 sua
903 1542 1264 1599 reverentiam
1290 1541 1583 1598 obducant.
1627 1541 1729 1610 Qui
1767 1541 1996 1608 scilicet,
2037 1548 2097 1596 ut

512 1633 648 1687 mira
672 1633 959 1688 ostendere
993 1631 1230 1698 valeant,
1263 1647 1401 1688 nova
1438 1647 1654 1702 semper
1681 1631 1994 1703 exquirunt,
2039 1641 2098 1688 ut

511 1721 766 1779 Salomon
815 1724 893 1777 ait
943 1741 957 1778 :
997 1743 1017 1776 ‹
1045 1723 1214 1794 Aqua
1267 1721 1481 1780 furtiva
1506 1723 1778 1781 dulciores
1808 1732 1955 1790 sunt,
1995 1743 2014 1776 ι
2041 1731 2098 1780 et

510 1813 718 1884 reliqua
774 1813 960 1885 (Prov.
989 1830 1068 1881 ιχ,
1103 1793 1215 1885 17).
1250 1813 1471 1871 Tvrtcn.
1518 1813 1758 1871 Verbum
1805 1814 2095 1871 abscondi-
2125 1793 2169 1853 Β

517 1914 632 1959 ιιιιη
666 1904 953 1960 invisibilis
995 1904 1166 1960 Filius
1193 1913 1443 1972 vocator,
1470 1905 1536 1961 de
1562 1921 1670 1977 quo
1695 1903 1936 1962 Ioannes
1972 1906 2050 1960 ait
2077 1919 2092 1960 :

518 2017 537 2050 s
566 1997 626 2052 In
655 1997 920 2068 principio
946 1998 1334 2065 eratVerbum,
1368 2017 1388 2052 ι
1423 2007 1479 2055 et
1500 2000 1708 2071 reliqua
1735 1999 1920 2072 (Jonn.
1946 2017 1987 2066 ι,
2013 2000 2092 2071 1).

511 2088 619 2145 Sed
662 2089 766 2144 hoc
809 2091 1033 2146 verbum
1077 2089 1454 2147 absconditum
1486 2091 1784 2148 electorum
1826 2091 2096 2149 mentibus

511 2181 731 2249 dicitur,
759 2197 882 2238 cum
905 2191 1144 2252 potestas
1173 2183 1436 2255 unigeniti
1467 2183 1590 2239 Filii
1612 2183 1958 2239 credentibus
1980 2197 2096 2237 ma-

517 2271 832 2327 nifestatur.
876 2271 1065 2328 Potest
1086 2272 1251 2328 etiam
1297 2273 1668 2328 absconditum
1713 2272 1967 2328 allocutio
2016 2273 2098 2328 in-

512 2361 658 2418 tima
707 2361 1056 2432 aspirationis
1107 2361 1353 2433 intelligi,
1409 2363 1476 2419 de
1526 2378 1632 2433 qua
1675 2363 1913 2420 Joannes
1961 2364 2039 2418 ait
2079 2381 2092 2418 :

515 2472 534 2503 ι
565 2451 761 2509 Unclio
785 2451 908 2522 ejus
923 2453 1082 2508 docet
1111 2466 1211 2509 nos
1232 2451 1300 2509 de
1323 2453 1578 2509 omnibus
1608 2452 1658 2525 (l
1685 2455 1844 2508 Joan.
1877 2469 1938 2520 ιι,
1963 2454 2040 2524 7).
2073 2472 2090 2506 ι

509 2542 641 2611 Qua
667 2543 923 2599 nimirum
951 2543 1213 2614 aspiratio
1239 2544 1532 2609 humanam
1560 2553 1806 2605 mentem,
1831 2530 2098 2615 tangendo

509 2631 774 2706 sublevat,
812 2646 867 2694 et
913 2652 977 2694 ex
1007 2638 1291 2693 desideriis
1321 2639 1552 2694 internis
1594 2637 1913 2693 inﬂammat.
1949 2637 2096 2696 Abs-

509 2730 787 2788 conditnm
848 2745 982 2801 ergo
1059 2731 1284 2786 verbum
1349 2731 1538 2788 audire
1607 2739 1692 2787 est
1771 2731 2096 2788 locutionem

508 2821 689 2876 sancti
723 2819 963 2890 Spiritus
998 2820 1162 2874 corde
1190 2820 1493 2891 percipere.
1532 2819 1664 2888 Qua
1697 2820 1946 2892 profecto
1970 2821 2098 2876 sciri

511 2927 621 2967 non
644 2919 844 2982 potest,
887 2911 1002 2967 nisi
1035 2927 1065 2966 a
1104 2926 1208 2982 qua
1254 2911 1443 2968 haberi
1489 2921 1688 2982 potest.
1729 2911 1963 2967 Verbum
1995 2911 2100 2968 hoc

509 3002 889 3058 absconditum
923 3002 1142 3068 dicitur,
1168 3003 1295 3072 quia
1344 3002 1474 3058 illud
1503 3003 1879 3073 aquibusdam
1909 3001 2098 3073 procul

510 3092 678 3150 dubio
722 3093 775 3148 in
827 3091 991 3148 corde
1028 3093 1360 3163 percipitur,
1397 3092 1542 3163 quod
1589 3107 1628 3146 a
1663 3091 1900 3146 maxima
1941 3099 2097 3160 parte

511 3184 791 3240 hominum
818 3182 1078 3238 nescitur.
1111 3181 1208 3238 Vel
1235 3190 1383 3239 certe
1413 3181 1613 3237 amatio
1637 3181 1809 3238 sancti
1841 3180 2094 3250 Spiritus,

513 3275 905 3333 absconditum.
923 3274 1148 3332 verbum
1174 3283 1279 3342 est,
1310 3275 1437 3346 quia
1478 3274 1670 3331 sentiri
1705 3280 1907 3344 potest,
1951 3281 2095 3328 stre—

511 3368 629 3438 pitu
667 3366 960 3424 locutionis
1003 3367 1233 3435 exprimi
1283 3381 1388 3423 non
1437 3374 1638 3436 potest.
1692 3363 1997 3434 Sequitur:
2033 3361 2097 3421 Et

511 3460 668 3533 quasi
687 3460 877 3530 furtive
901 3461 1122 3530 suscepit
1156 3462 1302 3516 auris
1331 3477 1446 3516 mea
1466 3477 1620 3516 venas
1641 3460 1847 3515 susurri
1872 3458 2006 3530 ejus.
2028 3488 2101 3500 -—

520 3551 704 3608 Venas
734 3551 918 3621 itaque
943 3552 1150 3608 susurri
1179 3551 1348 3607 divini
1385 3551 1627 3622 suscepit
1652 3549 1870 3616 furtive,
1911 3551 2001 3620 qui
2031 3549 2099 3604 ad

519 3642 922 3713 percipiendam
945 3642 1162 3698 virtutis
1187 3639 1305 3710 ejus
1327 3641 1603 3709 notitiam,
1635 3642 1851 3712 deserto
1874 3639 2100 3712 publica

511 3732 916 3802 praedicationis
933 3733 1094 3798 ostio,
1117 3721 1296 3802 prava
1312 3731 1678 3804 intelligentia
1693 3732 1861 3788 rimas
1883 3729 2098 3800 quarit,

515 3824 581 3878 de
627 3823 826 3892 quibus
877 3822 1136 3878 Dominus
1185 3822 1317 3877 dicit
1367 3841 1380 3876 :
1437 3842 1456 3874 ι
1485 3821 1587 3890 Qui
1633 3837 1738 3878 non
1791 3821 1958 3877 intrat
2004 3835 2102 3892 per

513 3912 710 3968 ostium
728 3912 782 3966 in
798 3911 937 3968 ovile
953 3912 1157 3976 ovium,
1174 3911 1260 3967 hic
1277 3911 1458 3968 furest
1477 3921 1532 3968 et
1554 3913 1692 3968 latro
1711 3911 1970 3982 (Joan.x,
1985 3912 2060 3980 1).
2075 3930 2093 3963 ι

515 4001 731 4056 Tmen.
769 4001 947 4056 Venas
987 4001 1204 4071 superni
1253 4001 1462 4057 susurri
1499 4001 1647 4057 auris
1686 4001 1869 4058 cordis
1907 4001 2102 4056 furtive

516 4091 766 4162 suscipit,
814 4091 940 4160 quia
975 4092 1329 4148 subtilitatem
1373 4090 1660 4148 locutionis
1690 4091 1894 4147 intima
1922 4089 2100 4147 amata

516 4196 672 4236 mens
699 4181 895 4251 raptim
923 4193 979 4237 et
1008 4182 1222 4238 occulte
1250 4181 1556 4255 cognoscit,
1583 4182 1710 4254 quia
1738 4191 1795 4237 et
1825 4181 2099 4236 subtracta

520 4288 550 4328 a
572 4271 884 4328 visibilibus.
899 4272 1190 4329 invisibilia
1223 4274 1504 4344 conspicit,
1537 4282 1594 4329 et
1622 4273 1827 4345 repleta
1859 4273 2103 4329 invisibi-

517 4369 660 4424 libus
694 4368 930 4423 visibilia
965 4367 1204 4437 perfecte
1230 4369 1557 4423 contemnit.
1581 4368 1874 4424 Susurrum
1905 4367 2102 4439 quippe

2190 537 2270 610 2).
2297 557 2317 590 ι
2361 537 2617 609 Sequitur
2645 557 2659 592 :

2207 701 2212 704 i
2265 627 2426 685 Vens.
2459 630 2547 684 15.
2603 628 2672 683 1η
2696 629 2890 684 honore
2945 629 3155 685 visionis
3200 639 3511 697 nocturnae,
3554 631 3776 702 quando

2190 717 2320 772 solet
2358 735 2514 790 sopor
2534 735 2790 790 occupare
2817 720 3071 775 homines.
3102 750 3171 760 —
3199 720 3256 775 ln
3283 729 3544 777 nocturna
3567 721 3770 791 quippe

2190 810 2419 876 visione,
2459 811 2620 867 dubie
2658 812 2920 866 cernitur.
2959 811 3148 868 Rimas
3185 827 3316 884 ergo
3346 816 3553 869 susurri
3585 814 3774 884 inpa-

2195 915 2327 958 vore
2355 909 2637 959 nocturna:
2665 903 2890 959 visionis
2918 919 2979 960 se
3008 906 3315 976 percepisse
3335 904 3582 961 haeretici
3617 920 3775 961 asse-

2193 1003 2342 1058 runt,
2379 994 2505 1063 quia
2535 1003 2678 1050 utea
2705 1010 2828 1065 qua
2855 995 3053 1051 docent
3076 995 3186 1050 alta
3216 997 3306 1052 alii
3339 997 3657 1062 ostendant,
3683 996 3775 1051 vis

2193 1099 2258 1140 ea
2285 1099 2346 1140 se
2385 1098 2580 1155 capere
2619 1099 2780 1154 posse
2821 1085 3165 1144 denuntiant.
3205 1085 3313 1141 Sed
3346 1087 3474 1142 hinc
3515 1085 3775 1154 colligen-

2195 1177 2322 1232 dum
2358 1185 2462 1242 est,
2491 1177 2765 1248 quomodo
2800 1177 3143 1234 audientibus
3185 1183 3332 1234 certa
3362 1192 3484 1233 esse
3516 1184 3778 1248 poterunt

2195 1280 2314 1336 qua
2340 1266 2440 1336 ipsi
2473 1265 2634 1322 dubie
2672 1266 2950 1322 viderunt.
2990 1265 3208 1322 Tvplcs.
3245 1265 3452 1321 Horror
3490 1273 3780 1320 nocturna

2196 1357 2421 1415 visionis
2445 1365 2536 1415 est
2549 1373 2716 1428 pavor
2745 1356 2971 1413 occulta
2995 1357 3465 1426 contemplationis
3524 1354 3780 1411 Humana

2195 1448 2397 1506 etenim
2444 1463 2640 1516 mens,
2673 1463 2782 1518 quo
2823 1446 2984 1504 altius
3027 1447 3234 1502 elevata
3278 1461 3399 1517 qua
3431 1448 3543 1502 sint
3568 1455 3777 1501 atema

2195 1539 2521 1604 considerat,
2552 1553 2629 1595 eo
2643 1538 2712 1594 de
2739 1537 2898 1594 factis
2926 1537 3314 1609 temporalibus
3331 1538 3549 1609 gravius
3576 1545 3782 1591 treme-

2197 1631 2338 1688 facta
2367 1629 2642 1686 formidat.
2679 1629 2938 1700 Sequitur
2963 1643 2987 1682 :.
3011 1628 3238 1694 Quando
3262 1628 3397 1684 solet
3419 1643 3578 1698 sopor
3616 1642 3778 1680 occu-

2197 1741 2322 1795 pare
2348 1724 2604 1780 homines.
2623 1721 2782 1778 —-Ac
2813 1720 3063 1776 sidieant
3081 1720 3342 1776 baretici.
3368 1719 3500 1776 Cum
3523 1719 3780 1775 homines

2200 1817 2428 1874 interius
2481 1815 2752 1890 [inferius]
2807 1814 3102 1878 dormiunt,
3159 1827 3260 1870 nos
3300 1813 3369 1868 ad
3419 1811 3781 1884 percipienda

2197 1922 2430 1977 superna
2473 1905 2781 1978 vigilamus.
2829 1905 3086 1976 F-igurate
3134 1913 3316 1958 autem
3375 1901 3547 1958 tribus
3601 1901 3780 1957 modis

2198 2013 2421 2054 somnus
2445 1998 2746 2066 accipitur:
2771 1995 3063 2066 aliquando
3089 1995 3232 2050 enim
3255 2009 3403 2052 mors
3427 1993 3618 2050 carnis
3639 1993 3779 2048 acci-

2196 2091 2363 2160 pitur,
2389 2098 2449 2145 ut
2471 2088 2672 2144 Paulus
2695 2089 2769 2144 ait
2800 2105 2813 2143 :
2843 2105 2869 2139 ο
2890 2085 3025 2142 Nolo
3053 2101 3148 2142 vos
3177 2085 3446 2157 ignorare,
3463 2084 3690 2150 ftatrcs,
3709 2082 3778 2138 de

2197 2181 2611 2248 dormientibus,
2641 2201 2661 2234 ι
2708 2189 2764 2237 et
2806 2179 2966 2250 paulo
3004 2187 3169 2250 post:
3207 2198 3226 2232 ι
3254 2178 3331 2234 Ita
3373 2187 3430 2235 et
3469 2178 3613 2234 Deus
3657 2193 3776 2242 eos,

2196 2275 2289 2346 qui
2312 2275 2672 2340 dormierunt,
2696 2289 2796 2345 per
2817 2271 3005 2329 Jesum
3027 2273 3259 2329 adducet
3278 2287 3403 2328 cum
3428 2287 3494 2327 eo
3522 2271 3574 2343 (ι
3593 2271 3781 2326 Thess.

2199 2384 2274 2431 IV,
2302 2368 2390 2432 15,
2415 2366 2526 2437 li).
2557 2385 2576 2418 ι
2606 2365 2912 2437 Aliquando
2936 2373 3121 2434 torpor
3143 2364 3497 2435 negligentia,
3527 2374 3586 2420 ut
3610 2364 3775 2419 iilud:

2203 2477 2223 2510 ‹
2250 2457 2396 2514 Hora
2433 2465 2516 2513 est
2543 2457 2658 2527 jam
2703 2471 2802 2512 nos
2849 2455 2916 2510 de
2955 2471 3146 2512 somno
3180 2469 3404 2528 surgere
3439 2453 3618 2525 (Rom.
3653 2469 3777 2518 xm,

2199 2550 2360 2622 11);.ι
2417 2550 2524 2606 Et:
2565 2565 2586 2602 ι
2606 2547 2890 2620 Evigilate,
2917 2547 3052 2618 justi
3081 2546 3132 2620 (ι
3154 2545 3277 2602 Cor.
3307 2562 3396 2612 xv,
3426 2545 3542 2618 Si).
3578 2564 3597 2598 ι
3660 2544 3778 2599 Ali-

2197 2645 2413 2717 quando
2438 2657 2566 2699 vero
2594 2641 2816 2698 calcatis
2844 2639 3128 2695 desideriis
3167 2638 3416 2703 terrenis,
3464 2637 3622 2708 quies
3655 2637 3780 2690 vita

2197 2737 2464 2806 accipitur
2496 2743 2555 2789 ut
2582 2731 2714 2788 illud
2741 2750 2754 2785 :
2789 2747 2808 2782 ‹
2836 2729 2950 2800 Ego
2976 2729 3210 2794 dormio,
3244 2738 3300 2784 et
3321 2743 3414 2783 eor
3438 2741 3618 2782 meum
3646 2725 3781 2795 vigi-

2197 2829 2276 2884 lat
2312 2825 2488 2899 (Cant.
2526 2823 2683 2896 ηε).
2713 2841 2738 2875 ι
2797 2821 3064 2892 Quisquis.
3099 2820 3245 2874 enim
3296 2833 3361 2874 ea
3415 2833 3536 2888 qua
3590 2815 3776 2872 mundi

2201 2927 2327 2974 sunt
2364 2930 2526 2988 agere
2555 2915 2786 2986 appetit,
2811 2912 2978 2983 quasi
3003 2911 3236 2983 vigilat;
3268 2907 3516 2981 quisquis
3541 2921 3677 2962 vero
3698 2906 3777 2960 in—

2201 3016 2406 3064 ternum
2437 3005 2679 3075 requiem
2723 3017 2973 3074 quarens
2997 3042 3013 3068 ,
3061 2998 3224 3070 huius
3266 2997 3458 3052 mundi.
3490 2995 3778 3066 strepitum

2201 3101 2359 3172 fugit,
2411 3098 2558 3154 velut
2604 3094 2977 3153 obdormiscit.
3033 3092 3170 3160 Quia
3223 3092 3386 3163 igitur
3434 3103 3776 3159 nequaquam

2199 3191 2392 3248 notitia
2431 3190 2642 3244 interna
2673 3186 3002 3257 concipitur,
3039 3184 3144 3239 nisi
3179 3185 3248 3239 ab
3276 3189 3502 3237 externa
3534 3179 3779 3249 implica-

2205 3283 2349 3337 tione
2385 3289 2648 3344 cessetur,
2701 3287 2850 3334 recte
2893 3291 3037 3332 nunc
3081 3273 3284 3330 dicitur
3315 3291 3328 3327 :
3365 3271 3590 3338 Quando
3625 3285 3778 3339 sopor

2199 3373 2329 3428 solet
2372 3387 2626 3441 occupare
2673 3369 2942 3434 homines,
2985 3375 3047 3422 ut
3086 3365 3346 3421 Dominus
3389 3363 3512 3417 ait:
3555 3381 3574 3412 ι
3607 3361 3775 3416 Nemo

2201 3471 2377 3534 potest
2419 3462 2629 3518 duobus
2680 3457 2918 3516 dominis
2965 3457 3173 3515 servire
3209 3453 3426 3527 (Matth.
3476 3467 3564 3518 vt,
3609 3451 3724 3523 21).
3752 3469 3773 3502 ι

2218 3553 2480 3623 Sequitur
2514 3567 2531 3606 :

2272 3645 2438 3702 Vens.
2474 3642 2560 3698 M.
2614 3640 2792 3696 Pavor
2815 3639 2977 3696 tenuit
3005 3654 3104 3702 me,
3147 3646 3196 3693 et
3241 3647 3453 3702 tremor,
3511 3644 3560 3690 et
3604 3634 3780 3689 omnia

2200 3754 2321 3792 ossa
2353 3752 2468 3790 mea
2510 3735 2789 3806 perterrita
2815 3741 2958 3787 sunt.
2990 3762 3062 3773 -—
3085 3729 3224 3798 Quia
3250 3730 3394 3784 enim
3429 3727 3693 3792 haretiei,
3714 3725 3782 3778 de

2200 3829 2462 3885 doctrina
2487 3841 2600 3882 sua
2624 3824 2908 3880 altitudine
2932 3822 3052 3878 miri
3096 3821 3269 3877 videri
3302 3826 3583 3890 appetunt,
3625 3814 3775 3886 quasi

2201 3921 2596 3992 pertimescunt
2619 3916 2760 3988 quod
2791 3914 3000 3971 dicunt.
3038 3914 3335 3971 FIGURA‘I‘E.
3369 3909 3510 3977 Quid
3531 3923 3634 3977 per
3656 3923 3774 3964 ossa

2201 4013 2305 4069 nisi
2339 4011 2499 4069 fortia
2527 4019 2659 4066 acta.
2674 4008 3010 4080 accipimus?
3046 4007 3122 4062 De
3139 4006 3340 4078 quibus
3365 4002 3637 4072 Propheta
3663 4000 3772 4056 ait:

2207 4121 2226 4154 ι
2254 4102 2513 4157 Dominus
2549 4099 2784 4156 custodit
2815 4098 2999 4153 omnia
3034 4112 3156 4153 ossa
3197 4111 3388 4152 eorum
3428 4093 3550 4164 (Ps.
3582 4107 3774 4153 χχχιιι,

2200 4194 2314 4265 21).
2346 4213 2365 4247 ι
2409 4193 2488 4249 Ac
2527 4192 2575 4248 si
2606 4193 2878 4248 diceretur
2922 4207 2934 4244 :
2969 4188 3298 4245 Subtilitatis
3337 4187 3542 4242 intima
3576 4199 3776 4241 arcana

2201 4285 2528 4358 percipiens,
2557 4283 2701 4340 unde
2722 4298 2807 4338 me
2825 4282 2963 4352 apud
2981 4295 3067 4336 me
3094 4279 3210 4336 fore
3232 4279 3459 4343 credidi,
3491 4286 3623 4333 ante
3646 4293 3776 4333 con-

2201 4384 2443 4446 spectum
2468 4373 2668 4446 iudicis
2699 4373 2822 4429 inde
2848 4372 3095 4428 titubavi.
3127 4369 3530 4425 Districtionem
3579 4369 3782 4439 quippe

519 4459 717 4516 occulti
749 4459 900 4515 verbi
941 4467 1044 4524 est,
1075 4460 1191 4515 lucc
1229 4459 1345 4529 ipsa
1394 4459 1596 4515 locutio
1627 4459 1973 4531 aspirationis
2019 4461 2101 4516 in-
2130 4493 2176 4553 ο
2195 4466 2423 4536 justitia
2455 4463 2901 4534 contemplantes,
2931 4461 3095 4517 etiam
3118 4461 3184 4516 de
3209 4461 3337 4531 ipsis
3358 4459 3617 4531 operibus
3635 4458 3782 4527 jnste

521 4561 711 4609 arua.
757 4551 918 4606 Vena
945 4558 1131 4605 autem
1166 4549 1374 4604 susurri
1399 4550 1653 4603 dicuntur
1679 4563 1963 4604 causarum
1985 4550 2098 4603 ori-
2131 4549 2162 4553 '
2202 4555 2656 4626 pertimescimus,
2711 4567 2841 4625 qua:
2861 4566 2960 4608 nos
3004 4550 3164 4607 fortia
3212 4550 3390 4621 egisse
3432 4550 3782 4619 putabamus.

521 4640 696 4712 gines,
719 4639 1057 4710 quibus-bac
1084 4637 1198 4709 ipsa
1225 4637 1481 4707 aspiratio
1504 4638 1570 4692 ad
1600 4644 1838 4715 montem
1857 4635 2092 4691 ducitur.

525 4731 694 4798 Quasi
739 4730 885 4785 enim
915 4746 1108 4786 venam
1157 4729 1364 4785 susurri
1413 4729 1496 4784 sui
1542 4727 1740 4798 aperit,
1780 4742 1901 4782 cum
1939 4726 2096 4782 nobis

527 4823 760 4878 latenter
781 4821 1016 4878 insinuat
1040 4823 1238 4893 quibus
1262 4820 1436 4877 modis
1457 4820 1533 4875 ad
1565 4827 1765 4876 nostra
1794 4817 2096 4889 intelligen-

522 4914 614 4969 tia
640 4927 828 4968 aurem
861 4911 1025 4967 venit.
1053 4910 1357 4982 Aliquando
1378 4909 1522 4965 enim
1552 4923 1762 4976 amore,
1805 4907 2096 4979 aliquando

525 5015 735 5061 terrore
767 5003 1096 5075 compungit.
1132 5001 1344 5058 Aliter:
1378 5002 1480 5070 Qui
1514 5001 1666 5057 enim
1701 5007 1981 5066 susurrat,
2007 5014 2116 5062 oc-,

524 5095 670 5151 culte
708 5095 977 5165 loquitur,
998 5102 1053 5150 et
1076 5109 1265 5150 vocem
1292 5109 1396 5150 non
1418 5092 1691 5165 exprimit,
1720 5090 1813 5148 sed
1833 5091 2102 5148 imitatur.

527 5186 664 5243 Cum
705 5201 834 5258 ergo
862 5186 1214 5258 Omnipotens
1240 5200 1300 5241 se
1341 5186 1498 5243 nobis
1526 5200 1628 5256 per
1667 5185 1834 5239 rimas
1861 5191 2100 5240 contem-

2202 4648 2457 4718 Sequitur
2484 4666 2509 4701 ε.

2271 4738 2436 4794 Vens.
2463 4736 2549 4791 15.
2607 4735 2816 4791 Etcum
2863 4736 3099 4806 spiritus,
3152 4751 3233 4790 me
3285 4745 3562 4806 prasente,
3605 4744 3779 4789 trans-

2211 4828 2311 4883 iret
2342 4868 2357 4893 ,
2383 4827 2755 4882 inhorruerunt
2781 4825 2877 4896 pili
2905 4826 3080 4880 carnis
3113 4842 3260 4880 metr.
3287 4857 3356 4867 —
3380 4824 3448 4880 Ut
3474 4825 3788 4895 incompre—

2206 4916 2492 4973 hensibilia
2523 4929 2582 4971 se
2608 4915 2926 4986 cognovisse
2953 4915 3219 4985 judicent,
3260 4932 3366 4970 non
3408 4915 3654 4979 stetisse,
3684 4914 3779 4969 sed

2205 5007 2467 5062 transisse
2509 5020 2692 5061 coram
2720 5020 2779 5060 se
2819 5005 3070 5076 spiritum
3101 5013 3305 5059 narrat.
3337 5004 3563 5076 Mystiee
3597 5013 3782 5058 autem

2202 5097 2359 5153 nobis
2382 5095 2748 5166 prasentibus
2771 5096 2964 5150 transit
3003 5095 3248 5165 spiritus,
3273 5095 3490 5166 quando
3527 5093 3776 5149 invisibi-

2202 5187 2272 5241 lia
2298 5183 2692 5257 cognoscimus,
2725 5192 2780 5238 et
2811 5191 2991 5238 tamen
3030 5184 3147 5239 bac
3179 5196 3286 5238 non
3323 5182 3514 5244 solide,
3544 5183 3643 5238 sed
3687 5196 3778 5235 ra-

2592 5290 2610 5294 -
2666 5272 2776 5294 ιτ--
2819 5288 2934 5294 -....-
2985 5282 3087 5294 -.-Α
3138 5273 3354 5294 -..ΡΗΣ-η-
3431 5272 3521 5294 --Δ

3579 5287 3673 5294 -ι-
