4004 5340
247 344 336 403 155

978 339 1276 399 EPlTOME
1316 343 1677 402 MORALIUM
1719 345 1776 400 S.
1817 343 2024 400 GREG.
2062 341 2126 397 ΙΝ
2163 340 2302 399 JOB.
2341 373 2408 382 --
2450 339 2571 396 LIB.
2607 339 2668 396 V.

3351 337 3452 397 154

244 457 326 528 pili
364 453 534 510 carnis
573 452 979 515 inhorruerunt,
1007 456 1132 524 quia
1181 466 1307 512 ante
1345 458 1775 528 compunctionis
1802 468 1852 527 Α
1950 453 2112 508 Vsus.
2143 454 2228 510 18.
2279 454 2410 507 Ecce
2438 455 2524 523 qui
2549 453 2772 508 serviunt
2797 452 2843 507 ei
2869 470 2972 508 non
2991 464 3108 508 sunt
3137 455 3364 508 stabiles.
3389 486 3457 496 ~—

243 549 336 602 vim
377 543 718 615 cogitationes
755 544 1038 614 superflua:
1083 545 1311 616 fugiunt,
1363 560 1424 603 ut
1464 550 1538 605 nil
1574 550 1776 604 fluxum

245 639 408 702 libeat,
433 637 551 705 quia
581 635 814 690 alllatam
852 646 1088 691 mentem
1118 640 1282 693 etiam
1305 650 1492 695 contra
1528 643 1782 711 semetip-

242 747 344 788 sam
391 729 704 784 visitationis
762 729 967 786 intima:
989 732 1253 788 severitas
1298 733 1612 789 inflammat.
1679 735 1780 791 Sc-

241 819 400 889 quitur
426 834 440 871 :

304 908 448 961 Vens.
495 906 580 961 16.
632 907 787 964 Stetit
833 909 1044 981 quidem
1092 913 1250 983 cujus
1291 931 1393 969 non
1437 916 1780 986 agnoscebant

240 996 428 1052 ultum.
465 1025 534 1036 --
573 995 788 1053 Vultum
833 1015 892 1054 se
931 1002 1133 1057 vidisse
1173 1004 1501 1076 incognitum
1543 1006 1779 1061 heretici

239 1088 488 1154 simulant,
531 1097 592 1142 ut
638 1104 761 1145 esse
804 1105 864 1145 se
897 1091 945 1146 ei
976 1093 1242 1162 cognitos,
1287 1095 1379 1164 qui
1429 1095 1497 1149 ab
1548 1096 1780 1150 lntmana

239 1188 394 1235 mente
422 1180 675 1249 cognosci
719 1196 826 1236 non
855 1180 1017 1248 valet,
1044 1185 1358 1238 ostendant.
1397 1184 1612 1240 Tmcs.
1653 1186 1784 1252 Qui-

239 1269 341 1322 dam
371 1282 596 1338 namque
629 1285 734 1324 non
767 1270 1020 1333 dicimus.
1055 1274 1157 1328 nisi
1203 1275 1270 1330 de
1312 1291 1380 1330 eo
1407 1275 1593 1344 utique
1622 1291 1780 1344 quem

237 1358 509 1427 exprimere
552 1368 648 1413 aut
678 1360 949 1427 nolumus,
978 1372 1071 1417 aut
1097 1379 1201 1417 non
1232 1365 1494 1420 volumus.
1536 1366 1640 1420 Sed
1673 1381 1780 1436 qua

235 1457 390 1503 tuente
418 1449 516 1503 hoc
533 1449 664 1505 loco
688 1451 892 1506 dicitur
918 1455 1158 1519 quidam,
1190 1455 1481 1524 exponitur
1501 1472 1621 1510 cum
1660 1472 1785 1526 pro.

237 1538 360 1593 tinus
384 1539 755 1594 subinfertur:
788 1539 955 1612 Cujus
995 1559 1098 1597 non
1137 1546 1508 1614 cognoscebam
1557 1545 1779 1600 mittunt.

235 1625 345 1682 Cum
374 1628 509 1683 enim
543 1630 766 1686 animus
797 1641 1127 1700 postponens
1147 1634 1325 1689 omnia
1367 1634 1655 1705 imaginem
1699 1649 1782 1688 re-

235 1733 352 1783 rum,
379 1719 788 1795 phantasmata,
836 1723 1308 1793 substantiamque
1353 1739 1568 1795 semper
1602 1733 1661 1778 ut
1701 1733 1784 1778 est

1878 544 2077 599 Natura
2110 544 2305 614 quippe
2326 544 2563 613 angelica
2604 544 2702 598 etsi
2746 543 3192 614 contemplatione
3233 548 3454 601 Auctori

1879 635 2185 689 inluni-endo
2213 635 2264 688 in
2293 643 2432 689 statu
2470 650 2568 687 suo
2612 633 3014 689 immutabiliter
3053 645 3351 704 permanet,
3392 652 3460 690 eo

1878 727 1995 799 ipso
2023 735 2200 783 tamen
2225 740 2333 797 quo
2357 726 2558 780 factura
2588 735 2689 791 est,
2720 728 2769 780 in
2806 729 3092 798 semetipsa
3131 729 3460 784 vicissitudi-

1879 834 2002 873 nem
2035 818 2406 872 mutabilitutis
2455 819 2635 872 habet.
2694 815 2886 872 Mutari
2927 828 3101 872 autem
3144 837 3210 874 ex
3250 805 3354 876 alio
3391 819 3460 874 ad

1879 907 2023 963 aliud
2068 907 2147 962 ire
2181 916 2286 972 est,
2329 915 2383 960 et
2439 907 2491 960 in
2541 907 2826 976 semetipsa
2871 907 3113 962 stabilem
3155 924 3260 962 non
3320 923 3461 962 esse.

1882 998 2008 1054 Sola
2030 1006 2208 1051 autem
2238 1006 2428 1051 natura
2460 996 3014 1066 incomprehensibilis
3038 997 3208 1051 nescit
3232 998 3462 1061 moveri,

1881 1103 2001 1158 qua:
2045 1088 2112 1141 ab
2151 1102 2217 1143 eo
2247 1087 2388 1155 quod
2420 1102 2634 1156 semper
2665 1087 2802 1140 idem
2835 1096 2938 1151 est,
2969 1089 3138 1142 nescit
3170 1087 3462 1141 immutari.

1885 1179 2033 1233 Hanc
2062 1189 2240 1232 autem
2271 1178 2322 1231 in
2350 1176 2552 1246 angelis
2584 1178 2992 1232 mutabilitatem
3027 1179 3196 1243 dicit,
3220 1179 3466 1248 quamvis

1884 1269 2245 1324 immutabiles
2267 1269 2374 1323 sint
2399 1283 2494 1338 per
2529 1270 2629 1322 hoc
2663 1269 2802 1338 quod
2834 1269 2884 1325 ei
2925 1270 3016 1340 qui
3062 1284 3276 1340 semper
3323 1269 3464 1324 idem

1882 1366 2004 1423 est,
2034 1358 2262 1412 vinculis
2292 1357 2544 1428 ligantur.
2595 1357 2891 1428 Sequitur:
2924 1359 2990 1412 Et
3032 1360 3086 1414 in
3127 1359 3322 1429 angelis
3357 1361 3470 1413 suis

1886 1450 2072 1519 reperit
2128 1451 2457 1519 pravitatem.
2497 1480 2568 1488 —
2602 1449 2714 1504 Hoc
2763 1451 2829 1504 de
2874 1453 3134 1520 apostatis
3190 1452 3470 1522 spiritibus

1886 1541 2133 1596 infertur.
2197 1541 2331 1596 Mire
2393 1551 2570 1596 autem
2639 1543 2776 1598 Deus
2829 1544 3168 1614 omnipotens
3219 1556 3467 1600 naturam

1884 1647 2218 1686 summorum
2249 1632 2529 1701 spirituum
2560 1634 2752 1686 bonam
2775 1674 2789 1698 ,
2814 1634 2906 1687 sed
2943 1633 3250 1689 mutabilem
3284 1633 3473 1688 condi-

1885 1721 1981 1786 dit,
2009 1731 2069 1776 ut
2091 1724 2256 1791 etqui
2294 1737 2512 1776 manere
2533 1723 2751 1785 nollent,
2785 1733 3020 1789 ruerent,
3047 1735 3100 1780 et
3127 1727 3216 1795 qui
3251 1726 3302 1780 in
3337 1741 3469 1780 con-

233 1806 352 1862 idem
377 1816 476 1873 est,
508 1791 592 1864 et.
612 1809 812 1878 ubique
851 1825 1091 1880 praesens
1132 1791 1234 1877 est,
1265 1791 1490 1883 cogitat,
1521 1815 1787 1884 conspicit
1815 1809 1860 1866 Β
1888 1811 2090 1867 ditione
2129 1814 2480 1882 persisterent
2500 1855 2515 1878 ,
2545 1824 2690 1868 tanto
2717 1816 2774 1868 in
2793 1831 2854 1870 ea
2876 1815 2987 1884 jam
3013 1791 3244 1887 dignius,
3272 1828 3475 1888 quanto

233 1897 369 1952 hanc.
406 1897 582 1966 Quam
619 1899 668 1955 si
707 1901 936 1956 necdum
965 1903 1094 1972 quid
1121 1904 1192 1958 sit
1212 1905 1586 1973 apprehendit,
1615 1921 1781 1976 agno-

231 1990 298 2045 vit
332 2002 468 2047 certe
507 1993 643 2062 quid
695 2009 802 2050 non
847 1995 939 2050 sit.
978 1994 1124 2050 Bene
1174 2003 1356 2051 autem
1397 1997 1601 2051 dictum
1652 2007 1779 2052 est:

232 2065 383 2135 Stetit.
408 2080 599 2138 Omnis
647 2084 846 2155 quippe
892 2093 1166 2150 creatura,
1194 2087 1319 2154 quia
1348 2102 1411 2141 ex
1445 2086 1614 2142 nihilo
1641 2086 1782 2142 facta

231 2180 328 2237 est,
371 2179 421 2226 et
448 2187 548 2242 per
595 2176 943 2245 semetipsam
992 2176 1061 2230 ad
1105 2177 1333 2231 nihilum
1386 2178 1576 2232 tendit.
1624 2178 1786 2234 Stare

233 2274 346 2333 ergo
374 2263 538 2320 solius
562 2264 838 2320 Creatoris
861 2275 963 2332 est,
986 2283 1084 2337 per
1104 2282 1264 2337 quem
1286 2278 1476 2324 cuncta
1502 2279 1786 2324 transeun-

239 2361 334 2408 tem
366 2363 670 2421 transeunt,
702 2365 759 2410 et
785 2358 838 2412 in
868 2373 977 2428 quo
1001 2358 1184 2429 aliquo
1207 2359 1385 2428 aliqua
1414 2374 1482 2415 ne
1509 2368 1788 2415 transeant

239 2449 535 2505 retinentur.
595 2449 851 2522 Sequitur
893 2467 907 2504 :
939 2451 1126 2522 Imago
1151 2469 1329 2507 eorum
1354 2453 1516 2506 oculis
1547 2454 1694 2506 meis.
1717 2483 1787 2492 —

235 2539 369 2612 Stcpe
423 2544 669 2600 haaretici
735 2543 904 2598 Deum
966 2544 1068 2599 sibi
1121 2545 1485 2613 imaginaliter
1534 2543 1779 2616 fingunt,

237 2647 374 2702 quem
416 2635 618 2690 intueri
655 2635 973 2706 spiritaliter
1010 2644 1307 2706 nequeunt,
1345 2635 1568 2706 ejusque
1603 2652 1788 2691 vocem

237 2725 369 2792 quasi
392 2741 534 2781 aura:
561 2725 699 2781 levis
725 2726 916 2780 audire
945 2741 1006 2780 se
1036 2727 1341 2796 perhibent,
1371 2727 1462 2796 qui
1496 2725 1561 2780 ad
1583 2736 1788 2781 secreta

236 2814 358 2872 illius
397 2817 775 2888 cognoscenda
811 2818 965 2888 quasi
1000 2831 1122 2872 esse
1165 2832 1225 2872 se
1261 2816 1640 2873 familiariores
1688 2834 1792 2873 ca:-

237 2907 354 2961 teris
408 2908 669 2978 gaudent.
710 2906 824 2962 Non
873 2908 1021 2962 enim
1061 2922 1124 2963 ea
1173 2909 1371 2964 docent
1413 2925 1534 2978 qua:
1582 2908 1794 2979 publice

235 2994 360 3052 Deus
407 2997 668 3069 loquitur,
719 2997 812 3052 sed
858 3014 977 3067 qua:
1005 3013 1191 3052 eorum
1230 2999 1344 3051 auri
1372 2999 1526 3068 quasi
1564 2998 1797 3052 latenter

236 3089 435 3157 aspirat.
493 3090 763 3144 Mvsrics.
823 3089 1006 3157 Imago
1048 3088 1226 3143 Patris
1266 3088 1439 3144 Filius
1490 3098 1612 3153 est,
1655 3091 1796 3144 sicut

1887 1915 1950 1955 ex
1979 1902 2206 1956 arbitrio
2232 1912 2461 1958 starent.
2518 1905 2773 1973 Sequitur
2798 1922 2814 1959 :

1958 1992 2121 2048 Vatis.
2178 1994 2263 2048 l9.
2314 1994 2524 2060 Quanto
2567 1997 2730 2066 magis
2774 1998 2864 2066 qui
2894 1998 3130 2054 habitant
3169 2001 3348 2055 domos
3391 2001 3476 2054 lu-

1887 2094 2017 2140 teas.
2039 2115 2111 2124 —
2130 2085 2326 2142 Luteas
2354 2087 2551 2157 quippe
2583 2088 2770 2144 domos
2796 2089 3122 2157 habitamus,
3161 2094 3250 2162 qui
3279 2094 3330 2148 in
3357 2109 3477 2148 cor-

1888 2191 2018 2246 pora
2047 2186 2259 2232 terrena
2287 2177 2648 2244 subsistimus,
2688 2189 2746 2234 ut
2774 2180 2970 2237 Paulus
3007 2184 3082 2237 ait
3112 2198 3126 2236 :
3159 2204 3177 2236 (
3207 2184 3477 2241 Habemus

1890 2268 2204 2323 thesaurum
2235 2269 2394 2323 istum
2423 2270 2474 2322 in
2504 2271 2646 2324 vasis
2673 2272 2922 2328 fictilibus
2962 2273 3048 2342 tl!
3083 2272 3205 2330 Cor.
3234 2292 3308 2342 iv,
3348 2277 3422 2346 7).
3452 2295 3472 2328 ι

1890 2361 1959 2416 Ει
1989 2376 2202 2414 rursum
2233 2379 2246 2414 :
2275 2380 2293 2413 ι
2329 2360 2542 2416 Scimus
2583 2362 2708 2430 quia
2759 2363 2802 2418 si
2849 2367 3124 2421 terrestris
3160 2367 3350 2421 domus
3379 2383 3479 2422 no-

1889 2462 2002 2508 stra
2031 2453 2374 2518 dissolvatur,
2417 2473 2434 2505 i
2462 2462 2516 2509 et
2550 2454 2749 2524 reliqua
2788 2455 2873 2525 (11
2917 2455 3038 2510 Cor.
3075 2473 3125 2523 v,
3157 2458 3232 2528 5).
3289 2459 3481 2527 Sequi-

1896 2554 1981 2601 tur
2012 2563 2025 2598 :
2063 2545 2167 2610 Qui
2203 2554 2464 2598 terrenum
2509 2545 2698 2598 habent
2745 2548 3164 2614 fundamentum.
3191 2548 3478 2604 —Terre-
3529 2543 3534 2548 ’

1895 2652 2021 2690 num
2064 2635 2472 2690 fundamentum
2516 2644 2597 2690 est
2628 2635 2930 2692 substantia
2959 2638 3211 2703 carnalis,
3243 2648 3302 2693 ut
3332 2640 3484 2694 Psal-

1895 2727 2054 2781 niista
2108 2727 2184 2781 ait
2223 2741 2237 2778 :
2290 2745 2308 2777 ι
2351 2726 2465 2780 Νοη
2517 2735 2598 2782 εει
2643 2728 2968 2783 occultatum
3011 2745 3074 2784 os
3122 2745 3299 2784 meum
3349 2746 3378 2784 a
3430 2739 3483 2785 te

1894 2816 2036 2886 quod
2063 2815 2232 2871 fecisti
2273 2816 2322 2870 in
2357 2817 2586 2880 occulto,
2624 2826 2677 2872 et
2707 2819 3006 2873 substantia
3038 2835 3154 2875 mea
3181 2821 3230 2874 in
3265 2820 3484 2877 inferio-

1898 2907 2046 2962 ribus
2077 2916 2233 2962 terra:
2270 2907 2440 2979 (Psal.
2489 2924 2756 2974 cxxxvin,
2802 2910 2904 2981 l5).
2939 2931 2957 2961 ι
3011 2911 3268 2980 Sequitur
3299 2930 3312 2966 :
3348 2911 3485 2966 Con-

1897 3008 2163 3052 sumentur
2194 2997 2324 3052 velut
2351 3016 2383 3052 a
2417 2999 2575 3052 tinea.
2605 3000 2859 3054 —Tinea
2913 3002 2978 3056 de
3022 3012 3169 3057 veste
3219 3003 3479 3067 nascitur,

1899 3099 1953 3145 et
1979 3091 2223 3145 eamdem
2253 3097 2452 3145 vestem
2476 3092 2542 3146 de
2564 3107 2667 3161 qua
2691 3094 2882 3157 oritur,
2913 3096 3135 3150 oriende
3161 3096 3484 3164 corrumpit.

238 3177 425 3250 Moyses
455 3181 520 3234 de
546 3179 872 3234 formatione
915 3180 1149 3234 hominis
1189 3182 1263 3234 ait
1297 3195 1310 3233 :
1354 3199 1372 3231 ι
1394 3180 1474 3234 Ad
1508 3180 1794 3252 imaginem
1823 3164 1872 3225 σε
1899 3182 2060 3249 Quasi
2092 3185 2336 3253 qnmdam
2377 3200 2507 3239 vero
2541 3187 2704 3241 vestis
2731 3187 2924 3241 animae
2952 3203 3080 3242 caro
3111 3197 3212 3242 est.
3269 3188 3346 3242 Ex
3379 3204 3484 3257 qua

235 3285 369 3325 suam
396 3271 526 3327 fecit
558 3272 710 3326 illum
740 3269 894 3341 (Gen.
920 3289 957 3336 I,
986 3268 1102 3340 27).
1133 3291 1150 3322 ι
1194 3271 1261 3326 Ει
1283 3272 1594 3344 Apostolus.
1642 3293 1658 3324 ι
1693 3273 1796 3339 Qui

235 3376 340 3417 cum
383 3365 451 3419 sit
493 3363 757 3436 splendor
798 3364 984 3436 glorize
1013 3375 1070 3420 et
1099 3365 1270 3436 figura
1322 3365 1636 3421 substantia:
1679 3366 1797 3435 ejus

236 3451 404 3518 (Hebr.
432 3471 472 3521 ι,
501 3455 586 3524 ’5).
620 3473 639 3506 ι
683 3453 816 3509 Cum
854 3471 985 3526 ergo
1031 3458 1310 3512 :eteruitas
1338 3457 1599 3522 cernitur,
1639 3463 1798 3526 prout

235 3540 548 3600 infirmitatis
587 3553 789 3599 nostrae
823 3545 1152 3614 possibilitas
1185 3547 1446 3612 admittit,
1477 3547 1654 3616 imago
1683 3545 1799 3616 cjus

234 3636 412 3689 mentis
443 3645 643 3692 nostra:
680 3625 852 3691 Oculis
890 3625 1210 3692 antefertur.
1243 3638 1379 3706 Quia
1417 3653 1546 3693 vero
1589 3654 1710 3693 cum
1745 3638 1797 3692 in

245 3725 390 3782 Patre
433 3729 786 3794 intendimus,
850 3731 994 3787 hunc
1039 3741 1296 3802 quantum
1350 3734 1658 3804 accepimus
1705 3747 1800 3802 per

235 3831 370 3872 suam
397 3819 710 3891 imaginem,
741 3823 791 3876 id
815 3833 897 3878 est
919 3839 1015 3894 per
1044 3824 1258 3888 Filium,
1290 3825 1560 3889 videmus,
1592 3834 1651 3878 ut
1679 3827 1799 3894 ipse

235 3903 477 3964 Dominus
515 3911 632 3965 ait:
671 3931 690 3962 ι
725 3911 894 3967 Nemo
925 3914 1073 3968 venit
1103 3915 1168 3968 ad
1197 3916 1413 3969 Patrem
1449 3915 1550 3969 nisi
1582 3930 1676 3986 per
1717 3929 1802 3969 me

238 3997 405 4067 (Joan.
429 4018 543 4069 xw,
577 4004 653 4070 fi).
685 4023 703 4055 ι
740 4004 1010 4074 Sequitur.
1038 4006 1103 4060 Et
1134 4024 1305 4062 uocem
1324 4009 1476 4075 guasi
1501 4025 1648 4062 nunc
1676 4009 1800 4061 revis

236 4091 418 4147 audivi.
453 4125 523 4134 -—
549 4095 693 4162 Quid
741 4097 887 4151 enim
930 4114 1028 4168 per
1073 4113 1260 4154 vocem
1310 4113 1456 4152 aura:
1505 4097 1656 4162 levis,
1698 4098 1801 4152 nisi

237 4183 461 4250 cognitio
509 4183 750 4254 Spiritus
797 4188 1010 4242 sancti?
1045 4187 1145 4254 Qui
1185 4188 1252 4243 de
1286 4188 1448 4242 Patre
1480 4188 1800 4258 procedens,

236 4276 286 4322 et
319 4272 381 4326 de
409 4289 475 4328 eo
505 4276 649 4344 quod
680 4284 766 4330 est
818 4276 940 4330 Filii
981 4277 1277 4346 accipiens,
1321 4285 1521 4331 nostra:
1570 4276 1805 4331 tenuiter

234 4360 426 4416 notitia:
465 4363 800 4420 infirmitatis
835 4364 1155 4420 infunditur.
1183 4366 1318 4432 Quia
1365 4365 1530 4434 igitur
1570 4364 1802 4418 humana

237 4467 398 4522 mens,
436 4446 1000 4527 quantalibet'virtute
1023 4457 1332 4520 tetenderit,
1377 4457 1466 4511 vix
1493 4456 1560 4510 de
1595 4455 1801 4534 intimis

1897 3273 2152 3327 nimirum
2192 3274 2426 3329 carnalis
2469 3275 2692 3329 tentatio
2732 3275 2877 3329 velut
2927 3275 3069 3330 tinea
3115 3277 3373 3340 nascitur,
3421 3292 3486 3330 ac

1896 3380 1992 3435 per
2015 3366 2155 3420 hanc
2175 3367 2240 3421 ad
2265 3367 2538 3421 interitum
2569 3367 2800 3422 lacerata
2837 3368 3098 3438 pervenit.
3140 3368 3218 3422 Ac
3252 3368 3297 3422 si
3340 3367 3485 3422 dica-

1901 3465 2024 3510 tur:
2058 3455 2115 3511 Si
2152 3456 2223 3510 illi
2257 3457 2478 3526 spiritus
2521 3457 2882 3512 immutabiles
2907 3472 3027 3514 esse
3071 3467 3358 3528 nequeunt,
3396 3459 3488 3528 qui

1899 3549 2041 3603 nulla
2073 3548 2255 3604 carnis
2283 3548 2594 3602 infirmitate
2621 3549 3014 3618 deprimuntur,
3048 3564 3152 3617 qua
3180 3548 3487 3603 temeritate

1898 3654 1956 3693 se
1980 3638 2222 3693 homines
2247 3638 2300 3692 in
2322 3639 2476 3693 bonis
2496 3653 2816 3708 permanere
2841 3646 3156 3693 constanter
3177 3638 3491 3691 mstimant?

1899 3728 2130 3784 Possunt
2159 3743 2372 3799 quoque
2401 3744 2499 3798 per
2527 3729 2744 3799 angelos
2769 3729 2941 3783 sancti
2967 3729 3215 3784 doctores
3242 3729 3487 3797 intelligi,

1899 3829 1958 3874 ut
2011 3820 2139 3875 illud
2187 3820 2460 3891 prophetae
2499 3837 2513 3874 :
2561 3839 2580 3871 ‹
2624 3819 2790 3875 Labia
2838 3820 3135 3874 sacerdotis
3179 3819 3493 3874 custodiunt

1899 3915 2210 3979 scientiam,
2237 3923 2292 3968 et
2323 3914 2494 3985 legem
2533 3915 2812 3985 requirunt
2836 3928 2901 3967 ex
2936 3927 3032 3967 ore
3055 3910 3193 3980 ejus,
3231 3912 3356 3981 quia
3396 3928 3493 3966 an-

1901 4005 2051 4076 gelus
2073 4004 2282 4059 Domini
2322 4005 2654 4058 exercituum
2687 4011 2771 4058 est
2799 4001 2954 4072 (Mal.
2982 4017 3042 4066 il,
3078 4001 3153 4072 7).
3184 4020 3202 4054 ι
3238 4001 3338 4069 Qui
3371 4015 3493 4056 esse

1899 4094 2118 4150 utnnino
2142 4093 2260 4148 sine
2285 4093 2440 4162 culpa
2464 4100 2756 4161 nequeunt,
2787 4105 2907 4145 cum
2936 4091 3218 4159 praesentis
3241 4091 3366 4145 vita:
3388 4090 3494 4145 iter

1901 4185 2238 4256 gradiuntur,
2270 4184 2606 4253 quantalibet
2634 4183 2832 4238 virtute
2857 4181 3113 4252 fulgeant,
3149 4181 3274 4251 quia
3301 4196 3491 4236 eorum

1900 4289 2118 4345 gressus
2145 4274 2398 4344 tangitur,
2423 4282 2515 4327 aut
2545 4273 2655 4326 luto
2682 4273 2850 4327 illiciti
2880 4272 3078 4342 operis,
3107 4280 3199 4326 aut
3229 4269 3495 4341 pulverea:

1901 4363 2261 4433 cogitationis.
2297 4363 2496 4418 Domus
2533 4363 2705 4418 luteas
2751 4363 3017 4428 habitant,
3066 4361 3156 4432 qui
3207 4363 3274 4414 de
3320 4359 3497 4414 illece-

1904 4456 2062 4510 brosa
2089 4455 2189 4509 hac
2217 4455 2323 4509 vita
2350 4455 2528 4510 carnis
2555 4454 2844 4510 exsultant.
2902 4451 3051 4508 Hanc
3075 4451 3272 4507 Paulus
3301 4451 3496 4520 despe-

237 4519 471 4600 extrema
498 4549 802 4619 cognoscit,
851 4559 996 4604 recte
1036 4564 1179 4603 nunc
1205 4548 1424 4603 dicitur
1462 4562 1478 4601 :
1511 4547 1578 4602 Et
1625 4526 1798 4602 vocem
1830 4519 1878 4578 Ῑ)
1906 4554 2061 4599 xerat
2087 4546 2334 4600 habitare
2359 4545 2543 4599 dicens
2571 4562 2644 4609 ιι
2676 4544 2869 4598 Nostra
2911 4543 3253 4598 conversatio
3293 4540 3346 4594 in
3389 4554 3499 4595 cce-

236 4635 375 4702 quasi
404 4635 530 4690 levis
558 4637 758 4691 audivi.
789 4668 859 4678 —
881 4637 1140 4708 Sequitur
1165 4656 1182 4691 :

301 4724 460 4782 Vsus.
493 4728 577 4782 l7.
629 4727 886 4800 Nunquid
913 4731 1067 4784 homo
1092 4729 1190 4784 Dei
1211 4730 1594 4798 comparatione
1600 4729 1805 4800 justiﬁ—

240 4812 430 4868 rabitur
456 4816 482 4869 7
500 4846 570 4858 —
592 4817 834 4872 llumana
862 4817 1070 4888 justitia
1104 4819 1295 4872 divina:
1325 4816 1556 4884 justiti-.e
1584 4833 1804 4887 compa-

241 4910 347 4957 rata
389 4904 650 4974 injustitia
692 4917 796 4961 est.
842 4906 977 4974 Quia
1003 4917 1059 4960 et
1103 4907 1318 4963 lucerna
1347 4908 1399 4962 in
1437 4910 1671 4964 tenebris
1701 4907 1805 4961 ful-

241 5004 358 5058 gere
401 4996 661 5062 cernitur,
704 4998 797 5052 sed
846 4997 899 5050 in
946 4997 1074 5053 solis
1127 5000 1278 5054 radio
1330 4999 1501 5068 posita
1553 5001 1803 5056 tenebra-

243 5086 341 5132 tur.
374 5079 519 5137 Bene
554 5095 736 5140 autem
777 5086 1024 5140 subditur
1059 5104 1072 5137 :
1116 5089 1216 5142 Aul
1246 5086 1295 5140 F
1298 5099 1472 5144 actore
1503 5107 1596 5145 suo
1623 5089 1808 5162 purior

241 5166 330 5219 erit
350 5168 426 5220 uir
445 5169 472 5222 2
493 5199 560 5210 -—
579 5173 859 5228 Puriorem
888 5183 1066 5228 autem
1097 5193 1154 5232 se
1185 5179 1266 5232 vir
1295 5176 1333 5230 Ρ
1337 5180 1504 5232 actori
1539 5195 1637 5235 suo
1661 5179 1808 5233 msti-

223 5265 381 5340 ἱιπιειι,
411 5258 458 5312 si
489 5272 674 5318 contra
715 5262 981 5334 flagellum
1026 5270 1302 5335 querelam
1351 5279 1527 5336 parat,
1573 5285 1811 5340 eumque

1907 4636 1974 4692 lis
2024 4645 2108 4691 est
2159 4635 2344 4706 (Phil.
2391 4651 2492 4699 nt,
2546 4635 2678 4706 20).
2718 4655 2735 4685 ι
2799 4634 2901 4700 Qui
2944 4633 3087 4688 enim
3142 4631 3368 4686 serviunt
3416 4629 3494 4690 ei,

1910 4745 2014 4783 non
2044 4739 2161 4781 sunt
2193 4727 2400 4780 stabiles
2427 4728 2550 4796 quia
2581 4743 2703 4782 cum
2744 4741 2896 4780 mens
2923 4726 2989 4779 ad
3019 4725 3123 4778 alta
3155 4725 3344 4778 nititur
3382 4735 3500 4774 car-

1911 4821 1996 4875 nis
2022 4837 2130 4876 sua:
2156 4821 2484 4890 cogitatione
2514 4821 2827 4888 dissipatur.
2877 4818 3123 4872 Pravitas
3149 4831 3275 4884 ergo
3314 4813 3366 4866 in
3407 4827 3504 4864 an-

1915 4912 2048 4981 gelis
2089 4912 2353 4980 reperitur
2381 4950 2396 4974 ,
2447 4911 2572 4965 dum
2621 4911 2764 4979 ipsos
2819 4923 3035 4978 quoque
3076 4907 3166 4974 qui
3216 4903 3503 4956 veritatem

1905 5001 2176 5064 nuntiant,
2203 5015 2583 5069 nonnunquam
2613 4999 2892 5066 subreptio
2918 4999 3039 5050 vitae
3062 4991 3267 5047 fallacis
3291 4999 3504 5058 gravat.

1907 5093 1984 5146 Ac.
2006 5093 2048 5145 si
2087 5091 2259 5145 dicat:
2278 5089 2333 5143 Si
2359 5089 2517 5144 electi
2535 5087 2716 5146 mundi
2735 5087 2894 5156 hujus
2918 5085 3198 5154 iniquitate
3215 5079 3508 5144 feriuntur,

1909 5182 2106 5254 quibus
2153 5182 2345 5236 ictibus
2395 5189 2750 5249 penetrantur
2798 5174 3055 5247 reprobi?
3102 5171 3267 5225 'l‘inea
3305 5168 3508 5238 quippe

1911 5275 2167 5328 damnum
2193 5279 2246 5324 et
2271 5283 2377 5324 non
2399 5271 2620 5326 solitum
2648 5267 2795 5322 facit.
2843 5266 2918 5318 lta
2939 5263 3242 5331 iniquorum
3271 5269 3508 5325 mentes,
