4004 5340
430 220 535 278 155

1423 229 1483 285 S.
1524 229 1775 288 ODONIS
1810 232 2102 289 ABBATIS
2137 232 2637 291 CLU‘NIACENSIS
2670 234 2713 297 ll

3596 236 3696 293 156

502 332 786 391 Vsas.20.
824 336 902 392 De
926 353 1079 392 mane
1100 354 1261 410 usque
1286 340 1354 393 ad
1368 358 1629 412 vesperam
1657 346 2008 400 succidentur.
2040 364 2089 423 Α
2115 345 2342 417 aliquem
2383 358 2689 403 sanctorum
2731 359 3047 407 convertere.
3099 381 3173 397 -—-
3224 353 3307 409 Ac
3349 353 3395 411 si
3444 351 3698 409 deridens

430 456 500 468 -
523 425 601 482 De
637 442 797 483 mane
834 443 1006 497 usque
1051 430 1118 484 ad
1152 445 1432 500 vesperam
1478 443 1731 502 peccator
1778 436 2012 492 succidi-

431 524 545 582 tur,
573 516 699 572 dum
747 532 777 572 a
821 518 945 574 vitae
992 534 1106 575 suae
1149 521 1371 576 exordio
1407 538 1576 593 usque
1604 524 1672 579 ad
1703 527 2013 596 terminum,

434 606 737 677 iniquitatis
787 610 1190 678 perpetratione
1236 611 1573 679 vulneratur,
1621 622 1682 670 ut
1728 615 2015 672 Psalmista

435 697 557 752 ait:
589 714 608 749 α
638 695 752 752 Viri
799 700 1121 769 sanguinum
1169 717 1274 756 non
1325 703 1683 760 dimidiabunt
1725 708 1842 764 dies
1888 725 2016 767 suos

432 786 605 862 (Ptal.
635 804 744 855 LIV,
768 789 884 862 24).
917 811 935 843 ι
971 789 1229 861 Sequitur
1262 811 1274 848 :
1306 794 1374 849 Et
1395 796 1520 866 quia
1546 796 1723 852 nullus
1751 799 2011 870 intelligit,

436 879 493 934 in
534 890 785 936 aeternum
824 882 1083 952 peribunt.
1113 915 1179 924 —
1200 884 1390 942 Nullus
1418 888 1667 961 intelligit
1696 890 1778 945 vel
1826 907 2016 947 eorum

431 973 525 1044 qui
573 983 844 1045 pereunt,
893 976 977 1031 vel
1029 992 1216 1033 eorum
1273 979 1366 1049 qui
1416 981 1654 1050 perditos
1677 984 2019 1052 pereuntium

432 1076 614 1117 mores
637 1062 937 1119 imitantur.
953 1063 1024 1121 Ut
1046 1066 1202 1122 illud:
1227 1087 1245 1119 ι
1271 1066 1459 1125 Justus
1478 1070 1658 1139 periit,
1682 1080 1737 1125 et
1758 1087 1915 1128 nemo
1936 1083 2021 1129 est

433 1155 528 1227 qui
556 1156 819 1227 recogitet
842 1156 977 1229 (Isa.
1009 1176 1139 1226 LVII,
1172 1160 1247 1231 l).
1273 1180 1290 1212 ι
1321 1161 1506 1218 Potest
1546 1164 1708 1218 etiam
1735 1179 1830 1234 per
1861 1181 2021 1221 mane

434 1247 768 1319 prosperitas
792 1289 806 1314 ,
854 1265 1081 1321 vespere
1120 1252 1278 1321 liujus
1322 1254 1507 1309 mundi
1543 1255 1843 1313 adversitas
1879 1257 2022 1313 desi-

434 1340 612 1410 gnari.
662 1340 740 1397 De
789 1357 950 1398 mane
999 1359 1127 1415 ergo
1162 1360 1331 1415 usque
1376 1345 1445 1400 ad
1489 1362 1771 1418 vesperam
1809 1349 2021 1420 reprobi

435 1431 804 1500 succiduntur,
834 1435 958 1506 quia
986 1444 1040 1491 et
1078 1451 1175 1507 per
1201 1452 1459 1508 prospera
1489 1437 1832 1495 lascivientes
1861 1442 2024 1510 depe-

435 1531 599 1578 reunt
623 1565 639 1591 ,
685 1534 743 1582 et
783 1541 881 1597 per
908 1528 1137 1585 adversa
1165 1530 1509 1602 impatientes
1537 1532 1606 1586 ad
1635 1532 1903 1588 insaniam
1930 1549 2025 1588 ex-

436 1623 686 1687 surgunt.
737 1616 883 1686 Quos
913 1620 979 1675 de
1027 1636 1186 1678 mane
1228 1637 1400 1692 usque
1446 1624 1514 1677 ad
1558 1639 1838 1693 vesperam
1864 1616 2032 1696 eulpa-

2113 439 2259 494 dicat
2287 457 2301 494 :
2331 428 2562 496 sanctos
2609 455 2825 511 quoque
2869 442 3111 499 invenire
3139 444 3194 500 in
3225 443 3523 515 alliictione
3549 443 3699 512 adju-

2115 540 2262 586 tores
2290 547 2394 587 non
2422 532 2591 600 vales,
2619 547 2757 603 quos
2788 533 2992 591 habere
3017 535 3194 592 socios
3222 535 3279 593 in
3302 534 3582 590 hilaritate
3603 548 3704 590 no-

2114 620 2281 677 luisti.
2314 619 2574 692 Sequitur
2606 639 2621 676 :
2927 680 2955 703 ο

2188 712 2348 768 Vsus.
2390 714 2447 768 2.
2516 712 2695 768 Virum
2740 714 2957 771 stultum
3001 716 3249 786 interﬁcit
3283 717 3586 771 iracundia.
3631 742 3706 757 --

2115 800 2241 857 Haec
2273 801 2531 858 nimirum
2575 805 2847 860 sententia
2890 820 3019 861 vera
3064 813 3230 868 esset,
3261 805 3306 861 si
3334 804 3481 861 illata
3508 814 3706 860 contra

2119 891 2253 948 tanti
2297 892 2399 947 viri
2443 893 2763 963 patientiam
2792 910 2902 952 non
2948 894 3158 951 fuisset.
3206 894 3476 965 Scriptum
3503 892 3708 965 quippe

2118 990 2248 1039 est:
2295 1000 2314 1035 t
2346 982 2426 1037 Tu
2452 991 2632 1039 autem
2672 999 2794 1041 cum
2838 985 3230 1056 tranquillitate
3270 985 3482 1056 judicas
3530 982 3706 1055 (Sep.

2117 1088 2217 1140 xu,
2251 1072 2360 1146 18).
2396 1092 2416 1126 ι
2467 1073 2762 1131 Sciendum
2803 1090 2935 1131 vero
2959 1076 3088 1147 quia
3121 1075 3338 1147 quoties
3365 1072 3719 1131 turbulentos

2121 1171 2299 1220 motus
2325 1165 2521 1221 anima:
2555 1166 2658 1221 sub
2701 1166 3136 1222 mansuetudinis
3176 1166 3380 1221 virtute
3417 1162 3711 1233 restringie

2121 1272 2264 1322 mus,
2310 1257 2488 1314 redire
2519 1258 2587 1312 ad
2633 1258 3043 1315 similitudinem
3071 1258 3383 1316 Conditoris
3418 1272 3722 1314 conamur-

2122 1347 2292 1416 Quam
2323 1349 2579 1404 nimirum
2620 1349 3054 1415 similitudinem,
3084 1364 3209 1405 cum
3255 1347 3723 1418 tranquillitatem

2124 1439 2320 1495 mentis
2363 1438 2445 1495 ira
2492 1439 2810 1510 perturbat,
2852 1440 3076 1495 amittit.
3121 1439 3228 1495 Per
3272 1439 3412 1495 iram
3442 1437 3723 1510 sapientia

2124 1528 2389 1598 perditur,
2422 1536 2483 1583 ut
2526 1529 2657 1585 illud
2703 1547 2717 1582 :
2761 1546 2781 1580 ς
2808 1528 2894 1584 lra
2942 1528 2998 1583 in
3047 1528 3169 1584 sinu
3221 1528 3374 1584 stulti
3419 1526 3717 1597 requiescit

2126 1617 2328 1688 (Eccle.
2372 1633 2478 1683 vn,
2519 1617 2631 1689 10).
2672 1637 2695 1670 ι
2757 1617 2863 1674 Per
2912 1619 3050 1674 iram
3108 1618 3320 1689 justitia
3364 1618 3713 1688 relinquitur,

436 1723 778 1780 nequaquam
819 1714 1161 1781 succideret,
1206 1715 1252 1770 si
1303 1715 1384 1770 vel
1427 1731 1685 1787 prospera
1731 1716 2026 1773 fomentum

2136 1707 2271 1762 sicut
2297 1708 2557 1778 scriptum
2585 1718 2671 1764 est
2699 1726 2714 1764 :
2744 1729 2764 1762 ι
2792 1707 2877 1765 Ira
2908 1710 3010 1765 viri
3031 1707 3302 1778 justitiam
3328 1704 3424 1764 Dei
3450 1724 3557 1765 non
3582 1721 3716 1778 ope-

438 1801 741 1867 crederent,
782 1803 866 1857 vel
912 1804 1141 1861 adversa
1171 1806 1469 1861 sectionem
1497 1807 1580 1863 sui
1611 1807 1846 1863 vulneris
1874 1808 2023 1864 aesti-

436 1900 672 1947 marent.
701 1893 964 1963 Sequitur
992 1909 1008 1948 :

511 1985 676 2043 Vnus.
705 1990 794 2043 2|.
837 1989 941 2056 Qui
966 2000 1139 2045 autem
1179 1990 1367 2062 reliqui
1401 1991 1595 2062 fuerint
1623 1992 1929 2063 auferantur
1960 2009 2030 2047 ea:

436 2076 535 2132 eis.
564 2107 638 2118 —
663 2076 922 2149 Reliquos
949 2087 1126 2135 autem
1160 2079 1321 2150 hujus
1347 2081 1531 2136 mundi
1561 2083 1843 2152 despectos
1872 2083 2025 2149 dicit,

438 2180 577 2236 quos
594 2181 834 2238 prmsens
855 2169 1110 2224 saeculum
1138 2170 1205 2225 ad
1234 2169 1432 2225 nullius
1454 2170 1640 2241 gloria:
1665 2187 1820 2226 usum
1852 2171 2023 2243 eligit,

443 2258 538 2310 sed
567 2256 723 2326 quasi
754 2259 1006 2314 minimos
1036 2258 1390 2330 indignosque
1416 2259 1759 2331 derelinquit.
1792 2259 1899 2316 Sed
1930 2262 2030 2318 hos

440 2345 702 2401 Dominus
729 2346 928 2416 eligere
976 2362 1083 2403 non
1129 2347 1467 2420 dedignatur.
1502 2348 1670 2404 Paulo
1717 2358 2029 2411 attestante.

440 2440 535 2510 qui
563 2441 640 2496 ait
673 2459 687 2498 :
720 2461 739 2494 ‹
768 2441 898 2509 Quae
941 2442 1107 2498 stulta
1151 2443 1340 2498 mundi
1384 2450 1511 2498 sunt
1549 2443 1709 2515 elegit
1758 2444 1936 2508 Deus,
1972 2452 2034 2498 ut

442 2528 737 2586 confundat
771 2533 1072 2602 sapientes;
1104 2552 1123 2586 ι
1167 2541 1221 2587 et
1262 2548 1277 2588 :
1325 2551 1344 2585 ‹
1374 2532 1593 2588 lntirma
1621 2534 1805 2588 mundi
1847 2534 2031 2606 elegit,

439 2632 502 2677 ut
551 2623 847 2679 confundat
891 2622 1053 2679 fortia
1101 2623 1170 2695 (1
1200 2623 1323 2679 Cor.
1370 2641 1411 2692 l,
1460 2625 1529 2679 27
1551 2624 1595 2696 ).
1647 2646 1666 2678 ι
1721 2625 2030 2696 Sequitur:

442 2712 741 2769 Morientur
779 2725 827 2769 et
869 2731 974 2769 non
1016 2717 1070 2769 in
1111 2716 1393 2786 sapientia.
1421 2746 1492 2758 -——
1528 2715 1641 2771 Hoc
1669 2716 1787 2772 loco
1817 2717 2034 2788 Eliphas

444 2822 569 2861 cum
592 2807 659 2862 de
685 2806 872 2863 electis
898 2806 1124 2872 diceret,
1157 2808 1248 2878 qui
1280 2806 1473 2878 reliqui
1505 2807 1701 2863 fuerint
1723 2806 2036 2863 auferantur

443 2905 501 2952 et
518 2896 618 2963 eis,
642 2896 787 2954 illico
812 2898 1108 2970 adjungens
1126 2916 1138 2952 :
1158 2897 1456 2953 Moriemur
1475 2908 1523 2952 et
1548 2914 1651 2953 non
1674 2898 1729 2954 in
1754 2898 2031 2968 sapientia,

445 2985 514 3039 ad
543 2985 671 3041 illud
701 2987 946 3058 protinus
973 2988 1222 3052 recurrit,
1255 2988 1398 3059 quod
1423 2988 1723 3059 sapientius
1751 2987 1819 3042 de
1849 3001 2036 3057 repro-

2128 1807 2280 1854 ratur
2309 1797 2450 1869 (Jac.
2473 1814 2512 1866 t,
2534 1798 2648 1871 20).
2680 1818 2700 1854 ι
2741 1800 2847 1855 Per
2874 1800 3010 1856 iram
3030 1800 3124 1855 lux
3147 1800 3394 1856 veritatis
3423 1799 3725 1865 amittitur,

2126 1898 2188 1943 ut
2210 1887 2377 1943 illud:
2408 1907 2427 1941 ι
2459 1888 2550 1947 Sol
2574 1906 2683 1946 non
2704 1890 2919 1947 occidat
2936 1905 3100 1962 super
3120 1890 3454 1947 iracundiam
3473 1897 3723 1945 vestram

2130 1978 2346 2051 (Eplies.
2394 1996 2467 2047 1v,
2514 1980 2630 2052 25).
2676 2001 2697 2034 ι
2754 1980 2976 2037 Duobus
3022 1995 3154 2038 vero
3202 1980 3376 2037 modis
3432 1979 3721 2034 iracundia

2129 2068 2401 2125 vincitur:
2427 2069 2643 2126 Primus
2668 2078 2785 2138 est,
2825 2078 2885 2126 ut
2918 2084 3110 2127 omnes
3154 2070 3262 2126 sibi
3303 2083 3439 2139 quas
3470 2069 3583 2139 pati
3620 2082 3722 2138 po-

2132 2166 2237 2216 test
2263 2161 2614 2216 contumelias
2645 2170 2932 2233 proponat.
2975 2159 3257 2218 Secundus
3291 2161 3484 2215 modus
3517 2167 3625 2225 est,
3657 2168 3723 2214 ut

2133 2268 2256 2309 cum
2286 2253 2490 2310 alienos
2537 2269 2796 2311 excessus
2841 2254 3133 2325 aspicimus
3155 2293 3173 2320 ,
3219 2262 3410 2309 nostra
3435 2252 3633 2322 quibus
3658 2252 3721 2307 in

2133 2343 2254 2399 aliis
2281 2346 2637 2413 excessimus,
2676 2345 2873 2403 delicta
2900 2345 3221 2416 cogitemus.
3266 2343 3558 2401 Sciendum
3587 2358 3722 2399 vero

2134 2448 2240 2506 est,
2268 2442 2410 2510 quod
2431 2440 2537 2495 alia
2566 2449 2649 2497 est
2673 2441 2778 2507 ira,
2804 2457 2965 2510 quam
2992 2441 3329 2512 impatientia
3354 2442 3579 2506 excitat,
3612 2440 3721 2496 alia

2134 2545 2296 2601 quam
2339 2532 2486 2588 zelus
2531 2533 2749 2587 format.
2797 2532 2891 2586 llla
2931 2547 3002 2586 ex
3044 2532 3218 2599 vitio,
3260 2532 3364 2587 ista
3407 2547 3477 2587 ex
3518 2531 3733 2587 virtute

2135 2632 2443 2695 generatur.
2491 2625 2566 2680 De
2608 2626 2712 2680 hac
2752 2623 3037 2679 Psalmista
3085 2623 3164 2678 ait
3213 2641 3226 2677 :
3284 2641 3304 2675 ι
3331 2622 3635 2679 lrascimiui
3666 2629 3729 2678 et

2137 2715 2302 2770 nolite
2330 2729 2558 2786 peccare
2589 2713 2764 2787 (Psal.
2792 2730 2865 2781 ιν,
2897 2713 2974 2784 5).
3003 2733 3024 2767 ι
3069 2714 3144 2769 De
3175 2714 3278 2769 hac
3307 2712 3565 2769 Salomon
3594 2712 3675 2767 ait
3702 2726 3719 2765 :

2142 2830 2160 2862 t
2197 2807 2384 2864 Melior
2431 2818 2516 2865 est
2564 2808 2644 2863 ira
2688 2808 2802 2863 risu
2852 2806 3100 2879 (Eccles.
3130 2821 3228 2872 vn,
3261 2803 3357 2877 4).
3388 2825 3408 2859 ι
3460 2805 3537 2862 De
3580 2805 3678 2860 illa
3703 2818 3723 2859 :

2143 2918 2162 2952 ι
2201 2900 2387 2956 Virum
2433 2899 2657 2954 stultum
2711 2898 2968 2953 interﬁcit
3010 2897 3287 2952 iracundia
3334 2895 3457 2968 (Job
3490 2912 3545 2963 v,
3580 2897 3662 2968 2).
3696 2915 3719 2949 ο

2137 2988 2218 3043 Ac
2242 2989 2285 3042 si
2313 2988 2456 3043 dicat
2486 3006 2499 3042 :
2531 2987 2615 3042 lra
2637 3002 2735 3058 per
2758 2987 2931 3043 zelum
2959 2988 3233 3059 sapientes
3258 2987 3460 3043 turbat.
3484 2987 3569 3042 Ira
3594 3001 3727 3044 vero

442 3072 530 3129 bis
558 3077 781 3145 protulit
806 3075 995 3133 dicens
1028 3092 1042 3131 :
1076 3074 1143 3130 Et
1176 3079 1301 3148 quia
1330 3076 1506 3131 nullus
1529 3077 1795 3147 intelligit,
1826 3085 1882 3131 et
1909 3076 2037 3131 reli-
2066 3098 2109 3157 ρ
2140 3092 2238 3148 per
2264 3077 2451 3132 vitimu
2487 3077 2710 3133 stultum
2741 3077 2992 3133 trucidat.
3024 3077 3280 3146 Sequitur
3308 3093 3322 3129 :
3352 3072 3423 3129 Et
3445 3076 3726 3146 parvulum

444 3181 573 3237 qua.
599 3197 671 3209 -—
699 3166 924 3223 Mortem
970 3168 1185 3239 quidem
1236 3178 1290 3223 et
1332 3168 1655 3238 sapientiam
1704 3167 1910 3237 pariter
1952 3181 2041 3221 re-

448 3258 602 3327 probi
656 3258 908 3330 fugiunt,
953 3259 1049 3316 sed
1096 3259 1416 3330 sapientiam
1482 3260 1699 3331 penitus
1758 3257 2037 3322 deserunt,

450 3351 643 3406 mortis
670 3361 849 3408 autem
879 3353 1103 3424 laqueos
1149 3368 1254 3408 non
1298 3353 1554 3408 evadunt.
1606 3353 1672 3407 Et
1706 3352 1796 3422 qui
1825 3351 2043 3420 quando

451 3441 702 3498 morituri
730 3444 910 3500 vivere
952 3444 1231 3500 moriendo
1268 3452 1599 3514 potuerant,
1633 3442 1758 3497 dum
1808 3449 2041 3497 mortem

452 3547 573 3600 quae
602 3534 792 3603 procul
841 3535 1005 3590 dubio
1051 3547 1279 3590 ventura
1331 3545 1413 3589 est
1461 3543 1743 3599 metuunt,
1791 3542 1846 3589 et
1877 3532 2042 3588 vitam

455 3620 638 3689 simul,
665 3632 721 3677 et
748 3625 1069 3694 sapientiam
1102 3627 1351 3696 perdunt.
1385 3624 1643 3696 Sequitur
1673 3643 1688 3679 :

1077 3759 1308 3816 CAPUT
1363 3759 1426 3814 V.

523 3869 689 3925 Vnus.
749 3870 832 3925 l.‘
864 3869 1006 3925 Voca
1034 3887 1154 3941 ergo
1206 3871 1253 3924 si
1296 3880 1367 3924 est
1417 3871 1505 3940 qui
1564 3869 1656 3923 tibi
1718 3867 2044 3939 respondeat.

456 3991 529 4004 ——
554 3960 904 4033 Omnipotens
961 3963 1105 4018 Dens
1138 3978 1280 4034 saepe
1329 3962 1446 4033 ejus
1489 3976 1703 4032 precem
1736 3960 1788 4014 in
1830 3966 2046 4030 pertur-

458 4052 677 4109 batione
742 4053 964 4120 deserit,
1019 4054 1110 4124 qui
1166 4061 1435 4124 praecepta
1482 4052 1598 4123 ejus
1654 4052 1703 4106 in
1747 4047 2052 4120 tranquilli-

454 4153 573 4201 tate
608 4146 931 4200 contemnit.
981 4145 1137 4201 Unde
1181 4146 1440 4217 scriptum
1488 4153 1572 4201 est.
1606 4163 1619 4198 :
1658 4164 1674 4196 ‹
1705 4144 1807 4211 Qui
1855 4141 2051 4196 avertit

464 4253 652 4293 aurem
680 4252 834 4293 suam
862 4252 929 4293 ne
960 4239 1144 4293 audiat
1173 4238 1381 4309 legem,
1419 4238 1593 4293 oratio
1619 4237 1736 4308 ejus
1762 4235 1867 4290 erit
1894 4248 2050 4289 exse-

460 4328 682 4385 crabilis
712 4326 896 4401 (Prov.
929 4345 1121 4395 xxvm,
1151 4328 1227 4401 9).
1262 4348 1279 4379 ι
1322 4327 1531 4384 Vocare
1560 4336 1803 4381 nostrum
1834 4333 1919 4381 est
1947 4325 2048 4380 ltu-

2141 3168 2327 3223 occidit
2355 3167 2573 3222 invidia.
2604 3198 2676 3207 —
2702 3166 2954 3223 Invidere
2983 3166 3129 3221 enim
3158 3180 3264 3222 non
3285 3179 3595 3237 possumus,
3622 3163 3726 3219 nisi

2140 3260 2221 3315 eis
2248 3274 2384 3329 quos
2424 3258 2478 3314 in
2507 3259 2688 3330 aliquo
2717 3259 2874 3315 nobis
2905 3259 3157 3315 meliores
3204 3267 3476 3328 putamus.
3524 3257 3731 3312 Parvu-

2141 3350 2225 3405 lus
2248 3366 2377 3421 ergo
2401 3359 2485 3406 est
2510 3351 2601 3421 qui
2632 3351 2804 3406 livore
2836 3349 3127 3415 occiditur,
3151 3350 3279 3418 quia
3306 3349 3422 3421 ipse
3443 3348 3546 3403 sibi
3577 3348 3729 3404 testi-

2144 3442 2386 3498 monium
2417 3443 2667 3513 perhibet
2684 3483 2699 3508 ,
2725 3442 2870 3513 quod
2899 3456 2966 3497 eo
2992 3441 3169 3497 minor
3193 3441 3295 3508 sit,
3318 3441 3475 3511 cujus
3518 3439 3721 3495 invidia

2144 3538 2448 3601 torquetur.
2478 3530 2614 3598 Quia
2643 3530 2748 3586 nisi
2775 3531 2891 3601 ipse
2920 3528 3145 3586 inferior
3172 3530 3452 3595 existeret,
3486 3528 3553 3583 de
3589 3528 3729 3583 bono

2145 3622 2369 3678 alterius
2413 3638 2520 3678 non
2567 3622 2796 3678 doleret.
2839 3622 2979 3678 llinc
3018 3621 3277 3691 scriptum
3305 3626 3434 3675 est:
3467 3638 3488 3671 ι
3524 3617 3731 3673 invidia

2147 3710 2347 3767 diaboli
2396 3726 2544 3765 mors
2573 3710 2816 3766 introivit
2846 3710 2899 3766 in
2939 3711 3128 3766 orbem
3171 3718 3441 3765 terrarum
3477 3705 3628 3778 (Sap.
3661 3721 3737 3771 tt,

2145 3803 2260 3875 24).
2294 3825 2313 3856 ι
2346 3803 2549 3858 Invidia
2580 3804 2725 3858 enim
2753 3819 2877 3858 cum
2904 3812 3140 3857 mentem
3173 3799 3507 3864 tabefeeerit,
3536 3805 3730 3853 cuncta

2147 3909 2270 3965 quae
2312 3895 2580 3950 invenerit
2612 3896 2749 3950 bene
2781 3902 2934 3965 gesta
2964 3892 3267 3957 consumit,
3312 3899 3374 3945 ut
3400 3889 3533 3943 iélud
3577 3887 3732 3942 Salo-

2149 3984 2375 4039 monis:
2436 4002 2454 4035 ¢
2514 3984 2635 4039 Vita
2692 3984 2940 4039 carnium
2990 3982 3195 4038 sanitas
3240 3980 3464 4045 cordis,
3507 3977 3735 4049 putredo

2149 4076 2351 4131 ossium
2402 4075 2600 4130 invidia
2632 4074 2817 4146 (Prov.
2864 4090 2977 4141 xiv,
3026 4074 3139 4145 50).
3180 4094 3198 4125 ι
3248 4072 3350 4140 Qui
3375 4086 3506 4141 ergo
3551 4068 3736 4124 livoris

2150 4176 2300 4239 peste
2325 4165 2483 4237 plene
2517 4181 2708 4221 carere
2732 4166 3029 4232 desiderat,
3077 4163 3225 4219 illam
3253 4161 3632 4218 liazreditatem
3656 4158 3731 4214 di.-

2152 4258 2301 4327 ligat,
2332 4274 2493 4329 quam
2522 4257 2867 4313 colueredum
2894 4271 3153 4311 numerus
3178 4270 3283 4310 non
3312 4261 3592 4323 angustat.
3626 4251 3737 4305 lm-

2153 4351 2383 4406 minutio
2428 4366 2559 4421 ergo
2611 4348 2799 4403 livoris
2842 4355 2926 4403 est
2981 4346 3211 4403 aﬂ‘ectus
3266 4359 3467 4416 urgens
3508 4342 3739 4397 internae

460 4420 577 4477 mili
625 4419 796 4478 Deum
839 4435 1000 4493 prece
1075 4422 1385 4491 deposcere.
1429 4419 1777 4489 Restiondere
1829 4417 1921 4472 Dei
1968 4431 2026 4471 es

2155 4417 2588 4509 dulcedinis,'et
2618 4441 2774 4513 plena
2805 4456 2954 4497 mors
2982 4439 3099 4507 ejus
3141 4448 3227 4494 est
3264 4437 3541 4508 perlectus
3589 4448 3740 4489 amor

461 4512 711 4570 ell‘ectum
757 4515 1010 4585 precibus
1039 4513 1302 4585 praebere.
1344 4513 1421 4568 ‘Ac
1447 4512 1493 4568 si
1520 4512 1666 4567 dicat
1700 4530 1712 4564 :
1748 4510 2050 4578 Quantum-

462 4604 597 4664 libet
646 4604 874 4662 alﬂictus
929 4605 1129 4662 clames
1160 4646 1176 4673 ,
1235 4605 1405 4660 Deum
1468 4603 1881 4674 rCSpoudentem
1941 4618 2050 4658 non

460 4696 652 4764 habes,
685 4698 810 4769 quia
858 4713 961 4753 vox
1009 4698 1064 4753 in
1116 4696 1463 4753 tribulatione
1498 4710 1604 4750 non
1635 4693 1841 4749 invenit
1889 4707 2050 4763 quem

465 4802 625 4845 mens
646 4788 700 4844 in
735 4788 1128 4859 tranquillitate
1155 4788 1503 4860 contempsit.
1540 4784 1797 4856 Sequitur
1831 4800 1845 4839 :
1881 4783 1948 4838 Et
1981 4783 2051 4837 ad

2152 4534 2493 4589 aeternitatis.
2562 4533 2699 4599 Quia
2764 4546 2886 4586 cum
2948 4530 3091 4585 nulla
3148 4540 3358 4584 terrena
3420 4525 3738 4589 desiderat,

2153 4625 2285 4680 nihil
2330 4623 2588 4694 estquod
2634 4620 2753 4693 ejus
2797 4638 2929 4694 erga
2971 4622 3277 4694 proximum
3303 4618 3577 4675 charitate
3612 4630 3743 4672 con-

2156 4716 2407 4771 tradicat.

465 4930 3693 4974 ___________________________________________________.__.____

1710 5072 1807 5147 Ll
1829 5069 2011 5145 BER
2071 5062 2486 5146 SEXTUS.

1875 5247 2276 5264 #—
