4004 5340
312 349 414 404 157

1060 352 1357 410 EPITOME
1391 351 1751 410 MORALIUM
1788 349 1848 406 S.
1888 349 2094 406 GREG.
2137 349 2200 404 IN
2237 349 2380 405 108.
2418 382 2486 390 -
2526 352 2650 406 LIB.
2696 353 2778 407 Vl.

3460 360 3560 416 l58

308 460 635 533 gloriantur,
681 460 984 518 Iudaeorum
1032 465 1309 533 perﬁdiam
1351 479 1418 519 ex
1451 464 1777 520 auctoritate
1801 476 1879 516 re-
1907 468 1954 524 Α
1986 461 2246 515 rahuntur
2275 461 2488 531 (Matth.
2525 479 2586 528 v,
2615 463 2689 533 6).
2745 483 2762 514 ι
2799 461 3134 518 Motum“.
3185 466 3356 522 Habet
3395 472 3556 525 etiam

306 552 672 621 prehendunt.
705 550 1040 608 Mamurrae.
1077 555 1240 622 Quasi
1283 556 1437 609 ﬁrma
1485 556 1664 610 radice
1690 553 1883 608 stultus

305 643 362 700 in
392 653 537 700 terra
565 645 765 718 ﬁgitur,
780 648 903 718 quia
929 649 1056 704 totis
1075 650 1356 704 desideriis
1381 650 1431 702 in
1457 657 1674 703 terreno
1701 658 1884 698 amore

303 737 591 792 solidatur.
620 738 783 808 Cujus
811 741 954 794 enim
985 739 1153 796 fortes
1177 741 1403 812 gloriam
1439 739 1732 810 aspiciunt,
1763 750 1883 806 pro-

303 827 454 882 tinus
479 837 602 898 post
625 829 849 900 gloriam
872 846 990 899 qua:
1016 847 1172 902 pinna
1196 841 1473 900 sequatur,
1500 831 1806 890 attendunt,
1828 835 1882 881 et

303 918 472 971 tacita
517 918 663 973 intus
689 919 1016 990 cogitatione
1060 920 1386 990 despiciunt.
1418 918 1878 974 Pulcliritudinem

299 1012 502 1080 quippe
530 1010 680 1066 stulti
726 1011 1067 1078 maledicere,
1096 1023 1180 1068 est
1207 1014 1324 1084 ejus
1355 1013 1582 1083 gloriam
1612 1028 1677 1066 ex
1703 1011 1879 1066 consi-

299 1100 490 1154 derata
521 1101 870 1157 damnatione
891 1102 1155 1172 judicare.
1203 1104 1399 1159 Statim
1429 1120 1493 1159 ac
1540 1104 1585 1158 si
1628 1104 1872 1158 diceret:

296 1189 502 1246 Contra
529 1191 680 1246 stulti
704 1193 1161 1263 pulchritudinem
1193 1211 1396 1249 moram
1419 1197 1472 1249 in
1495 1195 1876 1250 maledictione

297 1297 405 1336 non
453 1281 653 1349 habui,
681 1284 808 1354 quia
837 1300 960 1340 cum
1001 1281 1117 1341 huic
1156 1303 1470 1352 cernerem,
1517 1289 1674 1342 simul
1709 1288 1874 1342 etiam

294 1385 515 1441 pinnam
561 1383 879 1444 sequentem
923 1375 1054 1430 vidi.
1098 1376 1310 1432 Nemini
1358 1380 1541 1432 statim
1590 1378 1874 1432 maledice-

293 1474 444 1524 rem,
481 1461 525 1515 si
559 1477 667 1533 qua
711 1477 800 1518 me
842 1463 988 1520 illius
1033 1465 1218 1537 gloriae
1258 1467 1543 1522 delectatio
1587 1468 1868 1523 tenuisset.

294 1547 558 1619 Sequitur
585 1567 602 1606 ε

362 1641 532 1699 Vens.
579 1644 636 1698 4.
683 1645 861 1714 Longe
895 1647 1029 1716 fiant
1079 1647 1178 1716 lilii
1213 1648 1326 1718 ejus
1363 1667 1396 1704 a
1437 1649 1624 1704 salute.
1651 1680 1723 1690 —
1746 1649 1868 1705 Filii

290 1733 411 1804 ejus
437 1735 589 1790 stulti
631 1745 760 1792 sunt
802 1752 992 1798 omnes
1021 1739 1112 1808 qui
1153 1739 1396 1809 perﬁdia:
1435 1739 1579 1796 illius
1609 1743 1870 1810 praedica-

1984 551 2262 607 l‘amelicus
2293 568 2545 619 messem,
2587 553 2804 621 quando
2851 555 3065 624 iniquus
3105 558 3332 628 quisque
3361 562 3558 617 donum

1985 642 2349 712 intelligentia:
2383 653 2544 697 recta:
2573 643 2788 712 accipit.
2819 643 2990 710 Quam
3030 646 3285 700 nimirum
3319 652 3560 705 comedit

1925 771 1930 780 .
1983 734 2282 798 famelicus,
2315 735 2440 804 quia
2495 736 2542 790 is
2588 737 2678 805 qui
2724 736 2790 789 ad
2825 738 2990 792 Deum
3019 740 3225 794 sanctis
3270 741 3559 798 desideriis

1941 872 1948 880 .
1980 826 2218 890 anhelat,
2249 827 2408 881 discit
2437 829 2579 896 quod
2622 828 2805 893 audit,
2851 829 2962 898 agit
3010 831 3152 899 quod
3202 832 3472 898 didicerit,
3504 845 3560 889 et

1979 913 2105 968 dum
2131 915 2382 969 doctores
2424 917 2572 985 pravi
2606 925 2752 972 recta
2795 918 3174 987 praedicatione
3200 921 3515 977 reﬁciuntur
3540 963 3558 990 ,

1979 1005 2107 1072 quid
2156 1005 2299 1059 aliud
2329 1021 2492 1074 quam
2539 1006 2688 1062 stulti
2739 1006 2894 1079 fruge
2923 1010 3226 1064 satiantur?
3255 1010 3557 1081 Sequitur:

1979 1093 2048 1147 Et
2083 1095 2254 1164 ipsum
2292 1095 2454 1165 rapiet
2483 1107 2740 1150 armatus.
2770 1127 2834 1136 —
2865 1099 3135 1168 Antiquos
3163 1100 3332 1156 hostis
3370 1102 3556 1158 Judai-

1975 1201 2099 1239 cum
2128 1185 2382 1256 populum
2413 1197 2656 1243 armatus
2687 1190 2884 1257 rapuit,
2911 1192 3037 1260 quia
3068 1192 3122 1246 in
3152 1207 3216 1248 eo
3244 1193 3410 1248 vitam
3433 1193 3558 1249 ﬁdei

1975 1273 2320 1330 fraudulenta
2356 1277 2702 1347 suggestione
2731 1282 2886 1348 quasi
2913 1281 3111 1352 jaculis
3135 1283 3420 1338 exstinxit.
3449 1284 3560 1340 Mo-

1975 1381 2228 1421 ιιλιιτειι.
2283 1369 2556 1440 Antiquus
2607 1386 2842 1440 namque
2895 1374 3068 1430 hostis
3127 1375 3282 1444 quasi
3333 1376 3559 1436 inermis

1973 1458 2229 1522 vincitur,
2252 1473 2371 1511 cum
2400 1459 2542 1513 mala
2565 1471 2751 1530 aperta
2780 1478 3092 1534 suggerens,
3119 1465 3367 1520 humana:
3393 1466 3559 1522 menti

1970 1547 2107 1602 bona
2139 1549 2323 1602 omnia
2368 1549 2529 1604 simul
2557 1552 2836 1608 destruere
2865 1564 3113 1610 conatur.
3162 1554 3268 1611 Sed
3315 1567 3559 1614 armatus

1970 1640 2138 1704 venit,
2169 1641 2386 1709 quando
2417 1641 2555 1695 bona
2603 1642 2706 1696 alia
2756 1644 2958 1699 intacta
3008 1647 3294 1712 deserens,
3327 1647 3558 1704 latenter

1970 1729 2073 1782 alia
2099 1731 2418 1798 corrumpit.
2454 1729 2714 1800 Sequitur
2741 1749 2754 1786 :
2784 1732 2851 1786 Et
2879 1733 3058 1788 bibunt
3087 1735 3318 1790 sitientes
3345 1737 3556 1791 divitias

291 1823 438 1878 tione
464 1836 814 1896 generantur.
857 1826 960 1895 Qui
991 1829 1200 1884 scilicet
1242 1845 1270 1883 a
1323 1831 1496 1886 salute
1540 1831 1696 1902 longe
1721 1841 1862 1898 sunt,

1970 1817 2103 1886 ejus.
2140 1848 2211 1856 —
2239 1817 2408 1888 Hujus
2438 1820 2587 1873 stulti
2634 1821 2852 1876 divitias
2898 1822 3144 1879 sitientes
3173 1826 3400 1891 bibunt,
3429 1827 3556 1896 quia

287 1914 380 1983 qui
401 1915 505 1970 etsi
530 1918 895 1986 temporaliter
919 1918 1083 1973 vitam
1105 1920 1222 1975 sine
1240 1919 1525 1978 afﬂictione
1545 1925 1868 1994 percipiunt,

284 2012 493 2058 aeterna
540 2005 759 2074 gravius
797 2006 998 2062 ultione
1029 2007 1314 2064 feriuntur.
1363 2011 1518 2068 Sicut
1553 2013 1621 2068 de
1663 2014 1867 2069 eisdem

286 2092 416 2149 ﬁliis
445 2093 592 2150 illius
617 2096 856 2152 dicitur:
893 2117 912 2149 ι
955 2098 1048 2155 Vae
1075 2101 1258 2164 vobis,
1291 2101 1498 2158 Scriba:
1531 2113 1582 2158 et
1609 2105 1868 2162 Pharisaei

284 2184 606 2256 liypocritte,
637 2187 729 2256 qui
756 2188 1000 2245 circuitis
1030 2206 1180 2246 mare
1219 2201 1274 2247 et
1309 2194 1536 2260 aridam,
1567 2203 1625 2249 ut
1658 2197 1871 2253 faciatis

282 2290 451 2331 unum
493 2279 848 2350 proselytum,
875 2291 931 2335 et
959 2298 1082 2336 cum
1114 2283 1274 2339 fuerit
1303 2284 1499 2351 factus,
1534 2285 1713 2342 facitis
1740 2304 1864 2344 eum

281 2365 452 2421 ﬁlium
482 2369 744 2438 gehennae
771 2369 931 2440 duplo
957 2387 1119 2441 quam
1147 2390 1243 2430 vos
1269 2375 1482 2446 (Matth.
1509 2392 1667 2442 χχιιι,
1695 2379 1804 2448 15).
1841 2398 1861 2433 ι

281 2457 623 2515 Monsutrsn.
651 2461 774 2517 Filii
801 2464 998 2533 quippe
1025 2465 1175 2520 stulti
1204 2476 1331 2522 sunt
1357 2469 1450 2536 qui
1480 2468 1536 2523 in
1565 2471 1864 2527 ambitione

279 2547 441 2618 hujus
463 2551 668 2617 szeeuli,
697 2568 763 2608 ex
789 2553 906 2624 ejus
933 2555 1230 2612 imitatione
1255 2568 1573 2626 pascuntur,
1613 2562 1704 2631 qui
1742 2577 1866 2632 pro-

277 2639 422 2698 fecto
453 2659 486 2698 a
559 2645 732 2701 salute
779 2646 992 2715 longius
1043 2648 1211 2713 ﬁunt,
1243 2660 1445 2718 quanto
1489 2653 1864 2722 impetratione

279 2730 358 2804 [iu
387 2735 810 2809 perpetratione]
841 2738 1095 2807 nequitia:
1134 2738 1278 2792 nulla
1312 2740 1621 2797 inﬁrmitate
1659 2741 1863 2798 feriun-

279 2832 386 2877 tur.
420 2822 716 2894 Sequitur:
753 2825 821 2879 Et
848 2836 1181 2882 conterentur
1219 2830 1274 2882 in
1317 2841 1488 2896 porta,
1533 2841 1581 2884 et
1635 2849 1736 2886 non
1764 2834 1861 2887 erit

273 2917 367 2984 qui
411 2917 621 2986 eripiat.
655 2947 726 2957 —-
765 2917 898 2985 Quis
946 2927 1114 2988 portre
1159 2923 1404 2984 nomine,
1452 2924 1554 2978 nisi
1601 2922 1862 2980 Mcdiator

276 3007 374 3062 Dei
399 3019 452 3062 et
483 3008 764 3064 hominum
791 3010 950 3066 debet
979 3011 1203 3081 intelligi
1227 3013 1251 3065 ἳ
1271 3011 1371 3079 Qui
1399 3014 1474 3067 ait
1503 3031 1515 3067 :
1550 3031 1568 3064 ι
1602 3013 1712 3085 Ego
1741 3030 1860 3070 sum

273 3099 503 3152 ostium.
535 3097 636 3154 Per
663 3115 748 3154 nte
778 3101 822 3154 si
865 3102 989 3171 quis
1017 3103 1318 3168 introierit,
1349 3104 1647 3158 salvabitur
1673 3105 1856 3174 (Joon.

1969 1905 2184 1962 ﬂuentis
2215 1923 2384 1962 sacra:
2416 1908 2737 1976 locutionis,
2777 1925 2896 1980 quae
2927 1911 3182 1968 Judaicus
3225 1915 3451 1985 populus
3495 1916 3551 1972 in

1969 1997 2236 2067 superbiae
2265 2000 2629 2055 ostentatione
2665 2003 2936 2072 possidet,
2967 2017 3242 2060 conversa:
3269 2006 3551 2077 gentilium

1969 2099 2176 2144 mentes
2203 2089 2519 2160 irrigantur.
2540 2091 2689 2147 Unde
2702 2104 2757 2148 et
2779 2094 2859 2148 eis
2873 2109 2970 2164 per
2984 2098 3302 2166 prophetam
3322 2099 3520 2155 dicitur
3537 2118 3549 2155 :

1974 2199 1993 2233 ι
2031 2182 2231 2238 Omnes
2265 2183 2542 2249 sitientes,
2585 2186 2769 2240 venite
2823 2187 2890 2241 ad
2937 2204 3136 2258 aquas,
3176 2210 3195 2243 ι
3241 2199 3296 2244 et
3347 2193 3552 2263 reliqua

1967 2274 2204 2347 (Isa.t.v,
2225 2276 2299 2342 l).
2324 2275 2663 2332 Μοιυιιιτειι.
2685 2279 2836 2350 Saepe
2858 2280 3053 2337 stultus
3076 2283 3237 2338 habet
3258 2283 3457 2340 intenti
3479 2285 3545 2340 li-

1966 2366 2152 2436 quoris
2179 2364 2400 2429 fontem,
2431 2367 2522 2421 sed
2550 2382 2654 2420 non
2687 2368 2840 2432 bibit,
2868 2371 2994 2439 quia
3021 2371 3296 2443 ingenium
3335 2373 3553 2444 quidem

1967 2456 2164 2525 accipit
2184 2455 2587 2526 intelligentiae,
2635 2459 2730 2513 sed
2765 2467 2944 2515 tamen
2975 2463 3227 2516 veritatis
3251 2463 3555 2522 sententias

1965 2564 2297 2619 cognoscere
2365 2549 2638 2621 loquendo
2693 2554 3011 2606 contemnit.
3071 2553 3281 2612 Divitiae
3335 2569 3553 2624 quoque

1964 2639 2164 2694 mentis
2190 2648 2319 2695 sunt
2343 2641 2508 2694 verba
2532 2655 2701 2696 sacra:
2731 2641 3051 2707 locutionis;
3081 2643 3175 2698 sed
3205 2645 3305 2698 has
3335 2645 3552 2701 divitias

1963 2729 2161 2785 stultus
2189 2731 2362 2786 oculis
2407 2731 2632 2800 aspicit,
2661 2740 2715 2786 et
2768 2732 2821 2786 in
2850 2747 2945 2786 ore
2989 2734 3186 2788 mentis
3230 2749 3343 2789 suae
3390 2750 3549 2790 usum

1964 2821 2186 2876 minime
2229 2823 2481 2876 assumit.
2532 2823 2615 2878 Ad
2647 2823 3151 2894 comprehendenda
3195 2827 3340 2882 enim
3383 2827 3549 2882 verba

1962 2912 2110 2967 nullo
2139 2912 2318 2967 studio
2357 2914 2563 2968 amoris
2591 2914 2870 2981 elaborat;
2915 2925 2969 2969 at
2997 2926 3185 2972 contra
3233 2917 3370 2973 alius
3399 2919 3548 2978 sitim

1961 3003 2142 3067 habet,
2173 3012 2228 3058 et
2253 3019 2396 3074 saepe
2426 3006 2530 3060 hoc
2559 3006 2612 3059 in
2644 3006 2839 3061 divina:
2885 3006 3018 3078 legis
3045 3008 3350 3064 eruditione
3375 3025 3550 3080 quan-

1962 3092 2139 3163 doque
2183 3094 2448 3148 studendo
2495 3094 2776 3165 intelligit,
2826 3098 2968 3166 quod
3011 3112 3108 3167 per
3163 3099 3548 3170 negligentiam

275 3203 330 3251 x,
363 3185 441 3255 9).
483 3205 502 3238 ι
539 3187 658 3242 Filii
693 3189 856 3259 igitur
889 3189 1048 3258 hujus
1075 3191 1228 3246 stulti
1256 3201 1409 3247 extra
1456 3204 1667 3262 portam
1694 3193 1861 3265 proji-
1888 3179 1932 3240 C
1964 3181 2271 3254 ingeniosus
2296 3184 2491 3239 nescit.
2522 3185 2658 3239 Hine
2703 3185 2954 3240 Salomon
2983 3188 3096 3243 ait:
3135 3206 3154 3239 ι
3211 3189 3401 3244 Stellio
3427 3205 3546 3244 ma-

274 3277 517 3340 ciuntur,
549 3277 601 3332 in
627 3291 780 3348 porta
809 3289 1178 3347 conterentur,
1201 3283 1322 3351 quia
1347 3298 1525 3352 prava:
1549 3282 1857 3342 Judaaorum

1965 3276 2118 3330 nibus
2143 3277 2358 3342 nititur,
2382 3285 2438 3331 et
2459 3285 2699 3332 moratur
2725 3278 2778 3332 in
2807 3279 3011 3334 aedibus
3035 3281 3177 3350 regis
3202 3281 3382 3352 (Prov.
3414 3299 3548 3352 xxx,

275 3367 493 3424 soboles
529 3381 656 3424 ante
684 3369 996 3427 Mediatoris
1037 3375 1324 3428 adventum
1364 3375 1419 3428 in
1451 3373 1583 3446 legis
1604 3376 1862 3432 observa-

1965 3367 2070 3438 Zl).
2105 3387 2124 3420 ι
2160 3367 2652 3442 Ριειθιιιιιίιιιθνειιίιιι
2682 3385 2810 3424 aves
2833 3385 2970 3440 quas
2992 3372 3059 3424 ad
3091 3371 3324 3426 volatum
3352 3387 3544 3444 penna:

277 3460 427 3515 tione
475 3460 804 3529 ﬂoruerunt,
852 3466 946 3521 sed
994 3465 1048 3520 in
1095 3467 1206 3536 ipsa
1265 3465 1642 3538 Redemptoris
1684 3471 1858 3526 nostri

271 3552 562 3622 praesentia
587 3569 615 3606 a
644 3553 946 3610 divinitatis
972 3555 1232 3626 obsequio
1252 3557 1491 3628 perﬁdia:
1515 3575 1627 3614 sua:
1647 3562 1859 3618 meritis

273 3643 477 3715 mpulsi
511 3646 842 3702 ceciderunt.
871 3646 1018 3713 Quos
1060 3650 1314 3704 nimirum
1363 3667 1469 3706 non
1506 3661 1591 3706 est
1616 3654 1708 3723 qui
1753 3655 1857 3709 eri-

271 3735 406 3804 piat.
437 3735 575 3804 Quia
613 3737 820 3793 scilicet
844 3739 971 3794 dum
1001 3740 1175 3810 ipsum
1203 3741 1618 3813 Redemptorem
1648 3749 1856 3802 exstin-

270 3841 437 3897 guere
461 3831 832 3899 persequendo
852 3835 1030 3888 conati
1053 3844 1198 3898 sunt,
1221 3835 1413 3890 oblatae
1431 3839 1533 3894 sibi
1559 3840 1853 3896 remedium

269 3919 573 3988 ereptionis
619 3921 1040 3978 absconderant.
1104 3925 1445 3980 MOBALITEB.
1504 3929 1656 3984 Sicut
1704 3931 1856 3986 urbis

269 4009 452 4063 aditus
477 4020 631 4079 porta
660 4011 878 4076 dicitur,
921 4014 992 4068 ita
1019 4023 1100 4070 est
1127 4016 1242 4071 dies
1261 4015 1454 4083 judicii
1487 4028 1638 4086 porta
1671 4022 1850 4093 regni,

268 4109 325 4155 et
348 4115 447 4170 per
473 4115 596 4155 eum
643 4103 712 4156 ab
755 4103 940 4158 electis
984 4106 1233 4160 omnibus
1272 4109 1339 4161 ad
1383 4110 1619 4164 caelestis
1665 4111 1853 4181 patria:

269 4190 498 4264 gloriam
538 4193 788 4250 intratur.
842 4195 979 4251 Hinc
1022 4196 1276 4254 Salomon
1321 4202 1440 4255 ait:
1489 4221 1507 4253 ι
1564 4203 1770 4259 Nobilis
1799 4207 1851 4260 in

269 4293 429 4354 porta
460 4283 546 4337 vir
582 4283 730 4353 ejus,
775 4288 992 4355 quando
1019 4303 1079 4342 se
1123 4289 1317 4344 viderit
1343 4308 1466 4347 cum
1511 4298 1852 4352 senatoribus

269 4380 431 4429 terra:
480 4373 661 4444 (Prov.
684 4389 836 4437 xxxi.
863 4377 976 4448 25).
1011 4398 1029 4429 ι
1077 4378 1144 4433 Et
1184 4395 1398 4436 rursum
1430 4401 1442 4436 :
1482 4401 1501 4435 ι
1531 4384 1663 4440 Date
1704 4387 1754 4441 ei
1787 4387 1853 4443 de

265 4461 450 4523 fructu
506 4480 760 4520 manuum
809 4481 1064 4533 suarum,
1106 4479 1160 4523 et
1199 4470 1419 4526 laudent
1449 4489 1572 4528 eum
1599 4475 1648 4528 in
1681 4477 1852 4545 portis

1957 3460 2240 3514 sublevant
2265 3461 2320 3516 in
2350 3461 2608 3531 vepribus
2641 3462 2898 3518 resident.
2927 3462 3188 3534 Sequitur
3228 3482 3240 3518 :

2029 3550 2191 3608 Vens.
2220 3554 2273 3608 6.
2317 3551 2469 3608 Nihil
2492 3555 2547 3608 in
2573 3564 2714 3609 terra
2737 3555 2848 3609 sine
2869 3573 3050 3610 causa.
3075 3587 3146 3596 —
3168 3557 3372 3613 Idcirco
3398 3557 3544 3620 enim

1956 3658 2097 3715 saepe
2126 3645 2428 3701 desidiosus
2466 3645 2742 3717 ingenium
2770 3649 2987 3716 accipit,
3019 3658 3078 3703 ut
3119 3650 3184 3703 de
3211 3650 3543 3720 negligentia

1949 3733 2149 3802 justius
2178 3735 2456 3803 puniatur,
2483 3737 2608 3805 quia
2642 3738 2784 3806 quod
2811 3738 2928 3792 sine
2962 3738 3146 3794 labore
3177 3741 3393 3809 assequi
3443 3756 3538 3810 po-

1958 3824 2078 3888 tuit,
2109 3824 2247 3878 scire
2276 3825 2597 3889 contemnit,
2648 3835 2704 3880 et
2747 3827 2948 3882 idcirco
2974 3830 3249 3884 studiosus
3275 3831 3534 3887 tarditate

1957 3913 2323 3983 intelligentiae
2363 3915 2653 3984 premitur,
2699 3925 2756 3971 ut
2785 3931 2850 3971 eo
2886 3917 3089 3986 majora
3129 3919 3351 3988 prazmia
3380 3921 3539 3974 retri-

1955 4003 2191 4058 butionis
2219 4003 2480 4069 inveniat,
2510 4020 2616 4074 quo
2644 4006 2816 4075 magis
2859 4007 3038 4061 studio
3069 4007 3397 4063 inventionis
3430 4008 3542 4064 ela-

1957 4094 2126 4148 borat.
2158 4092 2450 4163 Sequitur:
2486 4093 2550 4147 Et
2578 4097 2643 4149 de
2667 4097 2823 4149 humo
2864 4113 2967 4150 non
2995 4098 3257 4168 egreditur
3295 4099 3541 4154 dolor.—

1960 4185 2121 4239 Dolor
2150 4202 2380 4255 namque
2409 4187 2563 4256 quasi
2607 4187 2674 4240 de
2699 4187 2864 4242 humo
2887 4189 3181 4256 egreditur,
3224 4205 3348 4245 cum
3377 4191 3543 4248 homo.

1957 4279 2024 4330 ad
2053 4278 2144 4330 Dei
2184 4278 2472 4348 imaginem
2503 4278 2782 4344 conditus,
2831 4281 2896 4335 de
2936 4282 3097 4336 rebus
3133 4282 3540 4340 insensibilibus

1957 4367 2276 4438 ﬂagellatur.
2313 4368 2416 4423 Sed
2445 4369 2572 4438 quia
2618 4386 2718 4440 per
2740 4371 2950 4426 occulta
2998 4374 3190 4428 merita
3228 4377 3493 4431 mentium
3516 4417 3534 4446 ,

1957 4470 2138 4530 aperta
2174 4463 2436 4531 prodeunt
2476 4461 2683 4533 ﬂagella
2712 4480 3032 4534 poenarum,
3078 4468 3144 4522 de
3175 4469 3339 4524 immo
3383 4470 3537 4526 dolor

264 4567 434 4626 opera
485 4553 604 4622 ejus
649 4553 831 4623 (Ρτου,
869 4573 999 4612 χχχι
1026 4599 1040 4623 ,
1072 4559 1188 4628 51),
1239 4579 1257 4611 ι
1313 4561 1438 4617 Filii
1488 4564 1650 4636 ίείιυι-
1681 4541 1852 4638 huius
1885 4541 1930 4600 Ι)
1958 4571 2062 4608 non
2093 4555 2385 4626 egreditur,
2417 4570 2525 4626 quo
2560 4559 2720 4610 modo
2747 4571 2940 4612 sensus
2985 4560 3156 4613 nostri
3183 4560 3386 4614 malitia
3415 4561 3532 4616 exi-

268 4641 421 4698 stulti
455 4651 580 4698 ante
601 4654 814 4714 portum
860 4646 1018 4702 electi
1049 4657 1206 4713 sunt,
1250 4650 1342 4704 sed
1390 4651 1442 4705 in
1486 4664 1637 4723 porta
1666 4667 1856 4712 conte-

269 4744 487 4800 rentur,
520 4740 644 4804 quia
674 4737 836 4808 hujus
858 4738 1038 4796 saaculi
1079 4751 1352 4797 amatores
1379 4746 1430 4797 in
1459 4749 1708 4816 praesenti
1739 4749 1848 4806 vita

266 4827 610 4897 superbiunt,
634 4829 728 4883 sed
758 4829 812 4884 in
842 4829 959 4899 ipso
1001 4833 1152 4903 regni
1205 4835 1351 4890 aditu
1378 4847 1579 4893 aeterna
1608 4841 1850 4896 animad-

265 4919 520 4974 versione
547 4919 834 4976 leriuntur.
871 4921 994 4978 lllos
1037 4924 1232 4996 quippe
1263 4925 1474 4984 Veritas
1519 4940 1722 4986 interna
1751 4934 1847 4988 ad-

267 5010 526 5064 versitate
559 5011 751 5082 eripit,
781 5027 919 5083 quos
947 5013 1000 5066 in
1036 5016 1416 5086 temporalibus
1442 5022 1715 5092 prosperis
1748 5037 1847 5092 per

266 5099 608 5170 disciplinam
656 5104 876 5174 premit.
924 5103 1022 5171 Qui
1062 5123 1190 5182 ergo
1234 5124 1378 5164 nunc
1407 5114 1585 5168 renuit
1630 5116 1844 5184 premi,

265 5198 402 5217 ι..--
425 5207 532 5220 una-
559 5194 695 5224 ’,ΑΙΑΙ
722 5195 858 5228 Α.ἴηῖ
909 5195 1160 5234 cal-adlu-
1182 5221 1196 5234 ο

1954 4646 2050 4716 git,
2094 4657 2152 4700 ut
2179 4663 2210 4700 a
2260 4648 2422 4703 rebus
2463 4648 2866 4704 insensibilibus
2895 4648 3142 4705 feriatur.
3182 4649 3533 4721 Nequaquam

1953 4753 2108 4805 poena
2143 4737 2208 4790 de
2256 4752 2318 4790 ea
2347 4737 2591 4791 nascitur
2614 4747 2866 4792 creatura
2897 4753 3018 4808 qua:
3045 4740 3296 4810 percutit,
3339 4739 3436 4794 sed
3465 4739 3534 4794 de

1950 4844 2016 4882 ea
2065 4828 2248 4898 procul
2297 4829 2460 4884 dubio
2509 4844 2630 4897 quae
2678 4831 2954 4902 peccando
2998 4833 3107 4887 vim
3167 4831 3535 4900 percussionis

1949 4919 2200 4973 extorsit.
2233 4918 2489 4988 Sequitur
2519 4935 2534 4972 :

2005 5015 2186 5071 -V'eus.
2216 5015 2269 5068 7.
2315 5012 2490 5066 Homo
2521 5016 2756 5068 noscitur
2775 5016 2844 5068 ad
2867 5015 3123 5083 laborem,
3147 5025 3197 5069 ‘st
3221 5015 3330 5067 avis
3357 5013 3423 5067 ad
3449 5031 3534 5069 vo-

1951 5105 2193 5161 lantium.
2221 5135 2290 5145 —-
2309 5105 2392 5159 Ad
2425 5103 2666 5160 laborem
2705 5106 2904 5175 quippe
2933 5109 3100 5165 homo
3128 5104 3386 5169 nascitur,
3407 5107 3538 5174 quia

1952 5198 2206 5253 nimirum
2247 5197 2291 5250 is
2332 5195 2426 5254 qui
2474 5197 2560 5250 sui
2612 5205 2834 5254 accepta
2879 5208 2970 5252 est
3007 5199 3216 5254 ratione
3246 5195 3534 5254 praeditus.
