4004 5340
477 399 580 459 uso
675 477 678 479 λ

1495 398 1552 456 S.
1594 397 1846 456 ODONIS
1883 393 2174 453 ABBATIS
2211 395 2709 457 CLUNIACENSIS
2742 395 2787 456 ﬂ

3650 403 3754 459 ιω

478 513 530 585 (I
554 515 676 570 Cor.
711 529 783 581 ιν,
813 513 922 586 16).
958 532 977 566 ι
1009 511 1138 568 Inde
1164 511 1309 568 enim
1338 528 1491 568 mens
1523 513 1590 567 ad
1621 516 1830 567 summa
1858 509 2057 572 evolat,
2088 513 2133 570 Α
2164 509 2279 564 niat
2303 552 2316 574 ,
2365 526 2462 582 per
2507 511 2648 582 quod
2699 511 2916 567 virtutis
2965 512 3284 570 necessaria:
3332 526 3556 586 germen
3591 511 3752 569 ferat.

480 608 624 662 unde
649 621 778 660 caro
823 606 874 659 in
908 603 1108 660 inlimis
1134 604 1321 659 durius
1364 603 1592 659 laborat.
1622 601 1810 658 Potest
1852 613 2066 671 quoque

482 695 841 766 appellatione
886 694 1125 750 hominis
1165 693 1470 749 carnalium
1499 693 1612 748 vita
1656 691 1895 763 signari,
1923 689 2068 744 unde

482 786 680 843 Paulus
710 787 824 842 ait:
862 804 881 838 ι
916 787 1050 842 Cum
1087 787 1232 842 enim
1261 785 1335 841 sit
1376 785 1520 840 inter
1542 799 1641 840 vos
1668 783 1816 840 zelus
1843 791 1900 838 et
1939 796 2069 837 con.

486 878 676 942 teutio,
706 893 884 931 nonne
910 877 1162 932 homines
1190 876 1326 931 estis
1353 885 1408 932 et
1443 874 1744 929 secundum
1791 872 2069 928 hominem

483 966 806 1022 ambulatis?
832 986 851 1019 ι
885 965 935 1038 (Ι
965 965 1089 1021 Cor.
1123 981 1206 1032 ιιι,
1235 965 1316 1038 5.)
1344 965 1400 1020 In
1428 965 1530 1020 hac
1563 963 1746 1034 itaque
1773 962 1885 1017 vita
1906 961 2070 1016 homo

484 1058 549 1113 ad
579 1057 821 1114 laborem
869 1059 1145 1124 nascitur,
1185 1058 1311 1129 quia
1340 1057 1580 1113 carnalis
1618 1055 1850 1127 quisque
1878 1062 2070 1110 contra

487 1165 547 1205 se
580 1150 710 1204 vitia
760 1150 985 1220 appetit,
1035 1150 1430 1206 desideriorum
1469 1162 1690 1204 suorum
1735 1161 1794 1201 se
1833 1145 2072 1216 pondere

483 1241 689 1313 afﬂigit.
713 1241 887 1297 Tanto
916 1242 1060 1297 enim
1107 1241 1338 1311 quisque
1381 1239 1542 1310 hujus
1588 1237 1774 1292 mundi
1803 1235 2074 1292 veraciter

483 1331 625 1385 mala
667 1332 852 1398 sentit,
880 1342 1088 1402 quanto
1116 1330 1238 1403 ejus
1269 1333 1411 1387 bona
1443 1330 1720 1385 inhianter
1745 1327 1970 1399 appetit.
2003 1326 2076 1381 At

483 1433 673 1478 contra
703 1431 853 1479 tanto
879 1425 1092 1481 animus
1112 1440 1142 1479 a
1169 1424 1352 1480 labore
1373 1422 1676 1478 alllictionis
1699 1437 1757 1477 se
1783 1419 2073 1486 subtrahit,

480 1523 685 1584 quanto
715 1530 810 1586 per
835 1532 986 1586 spem
1030 1518 1098 1572 ad
1139 1531 1349 1572 summa
1381 1515 1637 1572 sustollit.
1663 1513 1746 1568 An
1774 1528 1880 1569 non
1918 1511 2074 1583 quasi

481 1608 599 1664 avis
625 1609 691 1664 ad
731 1611 1020 1666 volandum
1052 1609 1247 1666 Paulus
1289 1619 1449 1666 natus
1478 1608 1698 1674 fuerat,
1747 1607 1838 1676 qui
1877 1615 1958 1660 tot
1981 1605 2077 1660 ad-

481 1716 639 1758 versa
686 1705 959 1760 sustinens
1002 1705 1259 1761 dicebat:
1314 1725 1333 1756 ‹
1382 1703 1577 1760 Nostra
1631 1699 1971 1758 conversatio
2019 1698 2074 1754 in

481 1794 636 1852 etelis
665 1796 793 1851 est?
821 1817 841 1850 ι
878 1795 1045 1868 (Phil.
1071 1813 1153 1864 ιιι,
1182 1794 1297 1866 20.)
1327 1793 1618 1865 Sequitur:

556 1927 716 1983 Vens.
751 1928 805 1984 8.
847 1927 1196 1995 Quamobrem
1221 1943 1314 1998 ego
1336 1925 1656 1997 deprecabor
1685 1925 1986 1990 Dominum,
2017 1933 2068 1979 et

478 2022 550 2076 ad
579 2021 745 2076 Deum
766 2038 960 2091 ponam
993 2021 1256 2091 eloquium
1283 2035 1476 2074 meum.
1501 2049 1572 2058 —
1598 2019 1676 2073 Ac
1706 2018 1750 2073 si
1776 2028 1963 2088 aperte
1991 2018 2071 2074 di-

480 2121 670 2168 ceret:
721 2112 875 2167 lllum
909 2128 1039 2182 rogo
1083 2125 1178 2182 per
1222 2124 1383 2182 quem
1425 2111 1542 2166 haec
1585 2109 1750 2165 tribui
1779 2111 1917 2166 scio.
1969 2108 2068 2165 Se-

429 2237 437 2247 -
480 2203 666 2275 quitur
695 2222 708 2258 :

551 2321 717 2377 Vens.
745 2324 799 2379 9.
840 2323 944 2390 Qui
982 2324 1109 2394 facit
1154 2341 1364 2396 magna.
1405 2354 1477 2364 —
1520 2323 1652 2391 Quis
1679 2325 2072 2394 omnipotentis

481 2416 578 2472 Dei
610 2418 877 2473 mirabilia
909 2419 1241 2489 perscrutari
1273 2418 1546 2474 sulliciat?
1568 2417 1720 2486 Quod
1765 2425 1962 2473 cuncta
2001 2433 2069 2473 ex

480 2507 649 2563 nihilo
688 2511 910 2574 creavit,
939 2511 1081 2580 quod
1117 2511 1228 2581 ipsa
1260 2511 1445 2566 mundi
1473 2510 1677 2566 fabrica
1710 2511 1849 2566 mira
1880 2519 2072 2580 poten-

479 2599 568 2654 tia:
595 2599 794 2654 virtute
829 2601 1089 2672 disposita
1119 2621 1132 2657 :
1171 2612 1224 2660 ct
1265 2620 1425 2675 super
1461 2622 1682 2661 aereum
1717 2607 1912 2663 cmlum
1953 2622 2072 2663 sus-

475 2692 750 2761 penditur,
787 2703 843 2748 et
891 2710 1054 2763 super
1104 2696 1358 2767 aby<snm
1412 2705 1559 2752 terra
1609 2699 1876 2754 libratur?
1923 2699 2070 2754 Bene

475 2793 658 2840 autem
710 2785 958 2854 adiunxit
1005 2802 1020 2840 :
1071 2786 1139 2840 Et
1189 2788 1578 2842 inscrutabilia.
1615 2820 1685 2829 —
1716 2789 1892 2844 Minus
1925 2790 2068 2845 enim

475 2873 655 2929 fuerat
683 2891 872 2947 magna
903 2878 1107 2944 facere,
1149 2878 1194 2933 si
1235 2886 1412 2934 tamen
1444 2895 1564 2949 quze
1610 2879 1751 2935 facta
1799 2890 1922 2935 sunt
1950 2897 2072 2951 per-

475 2968 708 3023 scrutari
750 2970 1072 3039 potuissent.
1115 2969 1374 3040 Sequitur
1417 2989 1430 3025 :
1475 2971 1542 3026 Et
1579 2973 1838 3027 mirabilia
1878 2974 2070 3044 absque

477 3077 715 3116 numero.
761 3091 834 3102 —
881 3062 1104 3118 Minoris
1154 3071 1332 3117 autem
1380 3073 1527 3119 esset
1573 3065 1984 3135 magnitudinis,
2023 3067 2066 3121 si

477 3169 582 3224 qua
629 3154 1005 3211 inscrutabilia
1057 3171 1228 3227 pauca
1275 3155 1548 3212 fecissent.
1613 3157 1719 3213 Sed
1768 3158 1910 3213 inter
1955 3159 2068 3213 bzec

476 3245 756 3302 sciendum
787 3255 903 3312 est,
957 3247 1086 3317 quia
1125 3247 1306 3302 divina
1338 3247 1596 3303 miracula
1627 3258 1681 3303 et
1721 3263 1936 3318 semper
1973 3249 2070 3304 de-

474 3335 608 3392 bent
657 3336 988 3392 considerari
1039 3353 1137 3407 per
1183 3337 1440 3396 studium.
1485 3346 1538 3394 et
1566 3353 1842 3408 nunquam
1873 3339 2070 3394 discuti

475 3441 576 3497 per
620 3426 977 3482 intellectum.
1025 3426 1182 3499 Saepe
1225 3427 1369 3483 enim
1415 3428 1503 3490 fit,
1551 3437 1612 3482 ut
1657 3428 1782 3482 dum
1829 3427 2070 3484 nonnulli

476 3517 726 3574 homines
764 3529 1100 3598 mprtuorum
1143 3534 1374 3589 corpora
1424 3519 1476 3574 in
1519 3519 1793 3590 pulverem
1847 3519 2069 3575 redacta

483 3609 865 3674 considerant,
901 3619 957 3665 et
992 3611 1404 3667 resurrectionis
1443 3611 1552 3665 vim
1591 3609 1843 3680 colligere
1873 3625 1940 3666 ex
1985 3626 2072 3664 ra-

476 3698 622 3755 tione
652 3714 757 3755 non
789 3710 1033 3771 possunt,
1068 3700 1185 3756 haec
1231 3701 1298 3756 ad
1339 3710 1537 3756 Statum
1567 3701 1855 3772 pristinum
1893 3701 2070 3756 redire

475 3806 636 3864 posse
664 3793 974 3866 desperant.
1013 3793 1272 3866 Sequitur
1303 3815 1315 3849 :

549 3906 713 3964 Vens.
752 3908 838 3962 10.
883 3909 986 3975 Qui
1016 3909 1106 3964 dat
1143 3909 1374 3979 pluviam
1406 3927 1560 3981 super
1585 3911 1772 3980 faciem
1806 3920 1980 3979 terra,
2014 3919 2069 3966 et

477 3997 1156 4069 reliqua.—Omnipotens
1177 4000 1323 4055 enim
1355 4000 1497 4056 Deus
1528 4011 1684 4058 terra:
1706 4002 1938 4072 pluviam
1970 4003 2066 4057 tri-

475 4091 596 4147 buit
621 4131 636 4158 ,
686 4105 808 4146 cum
856 4093 1064 4148 arentia
1117 4093 1283 4149 corda
1309 4093 1591 4163 gentilium
1622 4109 1868 4165 superna:
1892 4097 2066 4165 gratia

475 4180 876 4253 praedicationis
925 4181 1230 4253 perfundit;
1280 4192 1336 4238 et
1372 4184 1527 4254 aquis
1572 4185 1823 4242 universa
1855 4186 2064 4258 irrigat,

476 4270 605 4342 quia
642 4270 983 4326 sterilitatem
1027 4273 1222 4342 perditi
1260 4274 1495 4330 hominis
1526 4276 1821 4346 repletione
1847 4277 2068 4348 spiritus

478 4362 548 4417 ad
602 4360 1068 4418 fructificationem
1122 4363 1357 4431 format,
1409 4367 1552 4422 sicut
1587 4383 1685 4438 per
1718 4371 2064 4438 semetipsam

479 4449 694 4509 Veritas
719 4453 848 4509 dicit
878 4470 922 4507 ει
953 4453 1053 4521 Qui
1077 4453 1273 4511 biberit
1296 4471 1514 4526 aquam,
1538 4477 1554 4509 ι
1582 4471 1635 4514 et
1651 4459 1856 4530 reliqua
1879 4459 2063 4533 (Joan.

2209 602 2428 656 euuitur
2457 619 2470 656 :

2209 617 2239 656 e
2282 602 2360 656 uit
2402 619 2470 656 r:

2168 601 2206 658 s
2241 617 2402 748 gen:
2431 693 2517 747 ll.
2560 693 2666 759 Qui
2689 694 2835 765 ponit
2866 694 3090 750 humiles
3118 695 3171 750 in
3204 695 3446 762 sublime,
3476 705 3524 751 et
3555 712 3760 751 meren-

2117 807 2126 824 ι
2169 794 2243 840 tes
2269 787 2421 854 erigit
2445 786 2714 854 sospitate.
2748 815 2822 825 —
2855 784 2914 840 In
2948 785 3177 842 sublime
3203 786 3436 843 humiles
3460 797 3757 858 ponuntur,

2169 875 2294 947 quia
2332 877 2369 931 ii
2406 876 2499 948 qui
2544 891 2688 932 nunc
2720 892 2820 949 pro
2853 878 2946 934 Dei
2977 893 3161 935 amore
3187 879 3422 950 despecti
3451 889 3598 946 sunt,
3631 889 3761 936 tunc

2168 982 2293 1024 cum
2317 968 2426 1023 Deo
2449 967 2660 1038 judices
2685 969 2928 1024 veniunt.
2957 967 3096 1024 llinc
3119 969 3264 1025 enim
3292 969 3552 1026 Dominus
3579 969 3758 1025 dixit:

2176 1075 2194 1108 ι
2234 1057 2344 1113 Vos
2371 1057 2463 1127 qui
2519 1058 2691 1114 secuti
2737 1059 2870 1114 estis
2915 1074 3039 1124 me,
3088 1060 3143 1114 in
3192 1059 3603 1130 regeneratione
3637 1074 3760 1115 cum

2172 1149 2374 1204 sederit
2413 1148 2556 1204 filius
2605 1149 2839 1204 hominis
2886 1149 2940 1204 in
2988 1151 3116 1205 sede
3165 1150 3468 1221 maiestatis
3503 1165 3649 1214 suae,
3707 1157 3765 1206 et

2171 1239 2380 1309 reliqua
2412 1238 2641 1311 (Matth...
2660 1255 2778 1306 ιιι,
2809 1239 2922 1312 28).
2946 1259 2966 1293 ι
3002 1239 3155 1296 Tunc
3180 1250 3473 1297 maerentes
3501 1239 3768 1296 Dominus

2171 1333 2352 1404 erigit,
2382 1332 2509 1403 quia
2554 1332 2618 1388 hi
2641 1334 2732 1403 qui
2763 1331 2881 1402 ejus
2909 1332 3194 1390 desideriis
3219 1347 3477 1404 prospera
3522 1332 3763 1404 fugiunt,

2174 1425 2556 1496 cruciatusque
2606 1426 3046 1496 persequentium
3094 1426 3344 1494 tolerant,
3387 1435 3540 1483 tanto
3588 1426 3764 1483 subiis-

2174 1517 2403 1572 miorem
2443 1525 2573 1572 tunc
2614 1518 2928 1587 sospitatem
2981 1517 3285 1589 recipiunt,
3319 1526 3522 1588 quanto
3557 1533 3704 1574 nunc
3735 1533 3774 1572 ι.

2175 1607 2384 1664 cunctis
2418 1607 2603 1663 mundi
2653 1607 2865 1677 gaudiis
2909 1605 3088 1663 devoti
3138 1609 3462 1664 moriuntur.
3517 1606 3657 1664 Hinc
3684 1617 3772 1664 est

2173 1700 2322 1756 enim
2363 1701 2507 1770 quod
2553 1716 2653 1771 per
2699 1700 3047 1758 Salomonem
3098 1702 3299 1758 dicitur
3341 1721 3354 1757 :
3402 1721 3420 1755 ι
3464 1702 3573 1760 Cor
3620 1703 3768 1774 quod

2175 1791 2327 1847 novit
2349 1793 2766 1848 amaritudinem
2799 1793 2993 1850 anima:
3022 1810 3153 1862 sum,
3199 1794 3254 1849 in
3283 1794 3478 1867 gaudio
3507 1793 3630 1865 ejus
3658 1810 3767 1851 non

2103 1853 2152 1914 Β
2181 1883 2497 1939 miscebitur
2516 1893 2807 1939 extraneas
2827 1882 3009 1956 (Prov.
3027 1853 3314 1956 xrv,'lO)..:
3335 1886 3489 1953 Quod
3505 1853 3684 1942 tamen
3703 1885 3774 1941 de

2171 1973 2360 2028 electis
2371 1971 2641 2028 Deietiam
2659 1973 2712 2028 in
2729 1973 2829 2029 bac
2843 1973 2952 2029 vita
2971 1974 3296 2032 nihilobslat
3314 1975 3560 2047 intelligi.
3593 1974 3652 2030 In
3677 1991 3770 2030 su-

2169 2062 2332 2118 blime
2347 2063 2541 2134 quippe
2557 2063 2784 2118 humiles
2797 2073 3089 2134 ponuntur,
3105 2064 3231 2135 quia
3249 2079 3448 2120 cumse
3463 2079 3529 2120 ex
3548 2063 3770 2119 humili-

2173 2164 2281 2210 tate
2307 2157 2682 2222 substernunt,
2709 2155 2832 2212 altae
2849 2157 3047 2212 mentis
3064 2156 3268 2226 judicio
3284 2165 3478 2213 cuncta
3504 2165 3773 2227 tempora-

2169 2245 2239 2300 lia
2268 2254 2570 2302 transeunt.
2598 2246 2890 2304 Videamus
2910 2247 3163 2304 humilem
3187 2247 3442 2314 Paulum;
3471 2248 3548 2302 ait
3573 2248 3718 2302 enim
3750 2265 3766 2302 :

2175 2356 2194 2388 ‹
2229 2336 2344 2392 Non
2391 2337 2538 2393 enim
2584 2339 2946 2410 nosmetipsos
2991 2340 3388 2410 praedicamus,
3435 2340 3531 2396 sed
3580 2338 3765 2395 Jesum

2174 2428 2457 2484 Christum
2503 2429 2793 2485 Dominum
2847 2439 3137 2495 nostrum;
3196 2446 3294 2486 nos
3347 2438 3528 2485 autem
3583 2445 3774 2486 servos

2173 2531 2383 2578 vestros
2410 2536 2509 2591 per
2535 2522 2811 2578 Christum
2843 2521 2929 2593 (II
2959 2523 3084 2578 Cor.
3115 2539 3191 2590 IV,
3217 2523 3294 2594 5).
3327 2541 3346 2574 ι
3391 2523 3689 2579 Videamus
3717 2523 3771 2577 in

2171 2613 2399 2670 sublime
2405 2614 2517 2684 jam
2531 2614 2766 2684 positum
2785 2630 2798 2665 :
2823 2633 2840 2666 ι
2867 2614 2948 2669 An
2962 2613 3182 2670 nescitis
3194 2615 3317 2684 quia
3333 2613 3772 2685 angelosjudiea-

2172 2705 2400 2760 bimus?»
2413 2705 2464 2774 (Ι
2481 2703 2604 2759 Cor.
2619 2707 2741 2775 1,5);
2763 2713 2817 2761 et
2833 2705 3625 2770 rursus:¢Conresuscitavit,et
3639 2720 3767 2761 con-

2171 2797 2361 2851 sedere
2397 2812 2495 2852 nos
2508 2795 2634 2851 fecit
2662 2797 2714 2850 in
2734 2795 3043 2851 ccelestibus
3058 2795 3274 2867 (Ephes.
3297 2811 3356 2860 ιι,
3376 2795 3454 2865 6).
3494 2815 3513 2849 ι
3533 2795 3768 2852 Maeren-

2173 2900 2256 2945 tes
2283 2890 2448 2944 etiam
2480 2889 2738 2944 Dominus
2765 2890 3028 2959 sospitate
3052 2890 3235 2960 erigit,
3269 2891 3357 2959 qui
3391 2888 3622 2944 afﬂictos
3645 2903 3772 2944 suos

2173 2982 2239 3035 ad
2261 2982 2485 3052 gloriam
2516 2995 2659 3037 verae
2690 2982 2892 3036 hetitia:
2919 2982 3196 3037 soliditate
3220 2982 3458 3038 sustulit.
3491 2979 3768 3050 Sospitate

2172 3074 2370 3144 quippe
2400 3088 2505 3128 non
2539 3073 2749 3128 insania
2781 3074 2948 3128 erecti
2975 3082 3122 3139 sunt,
3153 3073 3246 3143 qui
3293 3072 3348 3126 in
3373 3071 3532 3127 bonis
3557 3071 3772 3127 actibus

2173 3166 2333 3234 positi
2366 3166 2465 3234 ipsi
2515 3166 2569 3220 in
2617 3166 2846 3220 Domino
2901 3165 3039 3220 firmi
3094 3165 3458 3235 gratulantur.
3510 3161 3766 3219 Nonnulli

2177 3258 2320 3313 enim
2351 3266 2408 3312 et
2432 3259 2746 3328 iniquitates
2781 3266 3118 3328 perpetrant,
3151 3267 3208 3312 et
3243 3257 3482 3328 gaudere
3514 3271 3623 3310 non
3653 3270 3769 3311 ces-

2175 3358 2318 3404 sant.
2351 3348 2428 3405 De
2456 3350 2652 3420 quibus
2678 3349 2877 3404 dicitur
2904 3366 2918 3404 :
2959 3367 2978 3402 ι
3008 3348 3108 3416 Qui
3155 3347 3405 3403 laetantur
3432 3362 3556 3402 cum
3594 3345 3764 3401 male-

2175 3437 2423 3505 fecerint,
2449 3459 2467 3492 ι
2503 3448 2558 3494 et
2596 3439 2804 3510 reliqua
2837 3436 3020 3509 (Prov.
3049 3455 3111 3506 ιι,
3138 3439 3251 3510 15).
3270 3437 3334 3492 lli
3364 3446 3514 3492 certe
3542 3452 3650 3494 non
3681 3451 3768 3492 so-

2174 3531 2370 3601 spitate
2403 3532 2686 3602 eriguntur
2707 3571 2722 3596 ,
2774 3531 2869 3586 sed
2901 3530 3134 3596 insania,
3165 3531 3256 3602 qui
3285 3529 3606 3602 superhiunt
3645 3543 3767 3584 cum

2174 3620 2335 3693 aliligi
2367 3621 2686 3678 debuerant.
2721 3621 2980 3692 Sequitur
3009 3639 3024 3676 :

2245 3713 2408 3770 Vens.
2441 3713 2523 3768 12.
2567 3713 2670 3780 Qui
2702 3714 2921 3784 dissipat
2943 3714 3281 3784 cogitationes
3314 3713 3672 3785 malignorum
3706 3728 3768 3767 ns

2171 3807 2370 3878 possint
2440 3806 2654 3875 implere
2716 3822 2904 3860 manus
2973 3821 3152 3860 eorum
3209 3821 3326 3876 quae
3375 3814 3644 3876 ceperant.
3699 3834 3767 3846 —

2171 3900 2546 3970 Reproborum
2591 3907 2799 3953 mentes
2842 3897 3114 3968 perversis
3157 3896 3578 3968 cogitationibus
3625 3909 3764 3950 sem-

2169 4007 2268 4063 per
2291 3990 2592 4060 invigilant,
2612 3988 2707 4043 sed
2735 3989 3053 4059 plerumque
3075 3988 3155 4043 eis
3177 4002 3410 4058 superna
3433 3987 3764 4056 dispensatio

2170 4083 2374 4139 obviat.
2423 4081 2491 4136 Et
2541 4081 2789 4151 quamvis
2837 4081 3158 4150 pravitatem
3202 4078 3412 4135 consilii
3453 4094 3555 4134 nec
3607 4077 3765 4133 fracti

2171 4175 2590 4232 adversitatibus
2637 4175 2953 4246 corrigunt,
3008 4181 3188 4228 tamen
3237 4187 3309 4228 ne
3350 4180 3542 4227 contra
3592 4171 3767 4227 bonos

2168 4265 2496 4337 praevaleant
2520 4280 2706 4321 eorum
2738 4266 2882 4320 vires
2914 4263 3274 4322 refrenantur.
3317 4261 3578 4333 Sequitur
3607 4279 3620 4314 :
3697 4277 3702 4281 ί

2241 4358 2403 4414 Vms.
2445 4360 2530 4415 13.
2599 4357 2703 4424 Qui
2743 4358 3129 4429 comprehendit
3161 4357 3420 4428 sapientes
3475 4357 3531 4408 in
3568 4354 3766 4421 astutia

2167 4469 2225 4507 eo
2234 4469 2367 4515 rum,
2386 4463 2432 4507 et
2458 4452 2677 4506 consilia
2691 4467 2969 4522 pravorum
2986 4451 3226 4521 dissipat.
3241 4481 3311 4490 —
3328 4449 3615 4520 Sapientes
3641 4462 3768 4518 ergo

482 4567 558 4619 iv,
615 4553 725 4625 13).
755 4553 1138 4610 Universitatis
1178 4564 1358 4608 autem
1401 4555 1620 4609 nomine
1650 4557 1813 4610 homo
1859 4556 2066 4626 signifi-
2093 4581 2143 4642 ι)
2171 4547 2428 4602 Dominus
2449 4545 2501 4599 in
2527 4547 2641 4616 ipsa
2662 4560 2848 4600 eorum
2872 4544 3067 4601 astutia
3092 4543 3522 4614 comprehcndit.
3547 4542 3766 4612 quando

477 4651 654 4707 catur,
686 4643 810 4714 quia
841 4643 894 4698 in
924 4643 1037 4714 ipso
1063 4658 1188 4698 vera
1216 4644 1425 4714 species
1449 4653 1505 4698 et
1544 4659 1736 4715 magna
1767 4646 2068 4700 communi-

477 4735 621 4791 catio
649 4735 1018 4792 universitatis
1041 4737 1362 4792 ostenditur.
1408 4734 1556 4790 Unde
1585 4743 1640 4790 et
1669 4733 1879 4789 Veritas
1911 4735 2068 4790 disci-

473 4827 616 4900 pulis
643 4827 773 4883 dicit
805 4846 817 4882 :
863 4846 882 4881 t
912 4827 1114 4884 Euntes
1142 4828 1196 4882 in
1225 4827 1484 4882 mundum
1514 4827 1846 4891 universum,
1873 4827 2065 4897 praedi-

474 4929 596 4978 cate
624 4921 972 4994 Evangelium
1010 4922 1154 4978 omni
1186 4930 1445 4978 creatura:
1476 4920 1692 4990 .(Mare.
1738 4937 1846 4983 xvr,
1881 4919 1991 4989 15).
2034 4938 2053 4972 ι

473 5011 732 5079 Quamvis
777 5013 881 5069 hoc
926 5012 1045 5069 loco
1083 5013 1332 5070 universa
1384 5011 1606 5081 intelligi
1654 5019 1710 5066 et
1754 5009 1914 5066 aliter
1939 5026 2066 5081 pos-

503 5115 621 5172 unt,
653 5121 775 5160 cum
805 5105 948 5160 enim
982 5105 1178 5161 divites
1207 5113 1262 5160 et
1307 5119 1595 5174 pauperes,
1628 5101 1795 5158 fortes
1827 5114 1882 5157 et
1911 5101 2064 5156 debi-

470 5193 571 5260 les,
602 5197 876 5267 sapicntes
899 5205 953 5252 et
985 5196 1302 5266 insipientes
1331 5195 1555 5265 spiritus
1581 5193 1650 5270 ad
1691 5208 1844 5248 suam
1875 5191 2064 5261 cogni-

472 5284 672 5318 Ih‘nuam
707 5297 859 5318 una-sal
913 5287 1164 5318 -ιηῖυΛσυ-οι
1209 5286 1348 5318 “nunc
1395 5287 1546 5318 «ns-:9
1587 5285 1770 5318 :rninnl
1828 5282 2062 5318 nnc-cun}

2172 4637 2291 4707 ejus
2319 4638 2558 4694 consiliis
2589 4638 2825 4692 humana
2854 4636 2994 4692 facta
3027 4635 3191 4690 etiam
3222 4645 3351 4690 tunc
3379 4649 3621 4705 congrue
3648 4648 3762 4689 ser—

2171 4731 2319 4785 vavit
2356 4745 2479 4785 cum
2521 4729 2795 4784 resistunt.
2828 4727 3021 4782 Astute
3065 4741 3299 4796 namque
3347 4723 3550 4794 aliquid
3604 4738 3767 4796 agere

2170 4821 2370 4876 fratres
2394 4818 2590 4889 .laseph
2614 4819 2730 4874 ausi
2751 4825 2896 4884 sunt,
2919 4828 2982 4871 ut
3003 4817 3095 4872 Dei
3125 4815 3409 4871 consilium
3436 4821 3761 4868 mutaretur.

2171 4913 2278 4972 Sed
2305 4914 2486 4970 divino
2509 4911 2713 4982 judicio
2739 4910 2882 4981 quod
2912 4909 3188 4964 declinare
3223 4906 3403 4962 conati
3441 4913 3590 4970 sunt,
3621 4903 3765 4959 reni-

2170 5009 2332 5065 tendo
2358 5007 2682 5064 servierunt.
2710 5006 2834 5062 ldeo
2860 5004 3057 5075 quippe
3081 5004 3149 5058 ab
3176 5002 3256 5058 eis
3283 5000 3482 5070 Joseph
3509 4998 3763 5056 venditus

2168 5101 2362 5166 fuerat,
2397 5085 2811 5156 ne'adoraretur
2841 5094 2991 5168 (Gen.
3018 5110 3229 5158 xxxv",
3252 5091 3364 5165 28).
3399 5091 3505 5148 Sed
3538 5091 3660 5147 ideo
3679 5099 3762 5146 est

2165 5196 2461 5258 adoratus,
2499 5191 2625 5262 quia
2674 5189 2945 5244 venditus.
3003 5185 3096 5242 Sic
3152 5186 3393 5241 divinum
3442 5182 3755 5241 consilium,

2164 5285 2289 5316 .Inm
2320 5283 2590 5316 Αηνῖισιιηι-
2637 5279 2891 5314 imnlntnr
2941 5275 3031 5314 Qin
3052 5276 3286 5314 hnmonn
3317 5273 3578 5312 caninnlin
3631 5272 3752 5312 dum
