4004 5340
289 285 384 342 161

1033 267 1331 326 ΕΡΙΤΟΜΕ
1367 257 1727 320 MOitALlUM
1771 257 1828 311 S.
1872 252 2077 311 Gl'uEG.
2119 252 2185 309 IN
2219 251 2358 311 JOB.
2393 281 2462 291 —
2498 250 2624 306 LIB.
2669 245 2753 301 Vl.

3429 234 3536 294 162

276 413 371 460 cx,
396 393 478 464 2).
508 411 527 444 ι
560 390 698 445 llinc
723 387 975 443 Salomon
996 384 1072 438 ait
1101 402 1114 438 :
1147 401 1166 434 ι
1197 381 1312 437 Non
1335 389 1418 435 est
1447 375 1733 448 sapientia,
1759 386 1866 427 non
1896 377 1942 436 Α
1971 366 2082 438 git,
2138 373 2193 421 et
2239 362 2440 418 idcirco
2487 333 2630 415 nulla
2670 355 2809 412 mala
2837 352 3108 418 exterius,
3152 365 3272 420 qua:
3305 348 3536 421 tolerat,

2183 451 2215 464 ι-
2330 452 2363 464 η
2519 447 2535 464 ι
2582 448 2594 459 -
3002 440 3260 464 an.--“
3287 455 3339 464 -_
3365 453 3512 464 ,,,,,,,,

284 497 369 545 est
395 482 681 556 prudentia
710 520 726 544 ,
770 493 874 533 non
920 485 1003 532 cst
1045 473 1332 530 consilium
1359 479 1552 528 contra
1577 467 1860 522 Dominum

291 577 472 648 (Prov.
500 589 612 638 xxt,
651 572 762 640 30).
797 590 816 622 ι
857 568 1156 638 Sequitur:

356 667 524 722 Vens.
560 665 645 722 14.
689 664 793 719 Per
816 663 952 716 diem
979 662 1242 714 incurrent
1271 657 1530 720 tenebras,
1559 664 1608 709 et
1634 651 1785 724 quasi
1809 651 1864 704 in

289 767 456 820 nocte,
489 757 566 809 sic
588 754 871 825 palpabunt
898 753 953 806 in
981 750 1217 804 meridie.
1234 778 1302 789 —-
1324 747 1429 803 Per
1449 747 1591 801 diem
1617 741 1864 799 tenebras

289 843 607 909 incurrunt,
651 841 744 912 qui
786 843 840 896 in
883 841 998 910 ipsa
1028 838 1273 894 veritatis
1303 843 1590 906 pragsentta
1629 829 1866 901 perﬁdia:

287 949 474 989 errore
504 934 689 988 caecati
715 941 859 987 sunt.
892 929 1274 985 Persecutores
1301 927 1464 998 igitur
1494 920 1868 993 Redemptoris

284 1025 494 1090 nostri,
535 1023 662 1078 dum
695 1021 888 1077 divina:
917 1018 1135 1074 virtutis
1164 1015 1421 1072 miracula
1452 1021 1769 1076 cernerent,
1815 1017 1870 1065 et

278 1124 472 1170 tamen
504 1115 558 1169 in
587 1114 703 1184 ejus
733 1111 1012 1166 divinitate
1042 1109 1387 1171 dubitarent,
1418 1106 1472 1159 in
1503 1104 1589 1158 die
1621 1101 1869 1156 tenebras

291 1207 436 1277 passi
468 1214 615 1270 sunt,
641 1205 767 1286 quia
791 1204 965 1258 visum
994 1202 1046 1255 in
1076 1201 1195 1254 luce
1222 1197 1594 1269 perdiderunt.
1628 1193 1764 1247 Hinc
1791 1199 1872 1245 est

291 1299 436 1370 quod
471 1299 538 1354 de
568 1284 1018 1352 Judzeadicitur:
1054 1312 1071 1344 ι
1106 1292 1317 1348 Occidit
1360 1289 1480 1353 sol,
1527 1302 1652 1342 cum
1697 1284 1872 1337 adlmc

284 1397 438 1445 esset
465 1389 582 1443 dies
603 1386 739 1458 (Ier.
762 1401 851 1451 xv,
869 1384 948 1454 9).
969 1403 987 1436 ι
1020 1382 1156 1437 Hinc
1182 1382 1376 1435 iterum
1406 1377 1666 1449 propheta
1695 1373 1825 1427 dicit
1852 1385 1868 1425 :

299 1498 318 1530 ι
350 1479 492 1547 Quid
531 1479 600 1534 de
637 1485 820 1542 nocte,
851 1474 1076 1530 custos?
1126 1471 1254 1542 quid
1303 1471 1368 1525 de
1415 1476 1596 1531 nocte,
1648 1462 1874 1519 custos?

280 1568 454 1628 'Venit
505 1584 665 1624 mane
715 1576 770 1623 et
817 1582 924 1622 nox
954 1565 1091 1636 (Isa.
1117 1579 1233 1628 xxr,
1262 1562 1349 1627 ll,
1381 1560 1482 1629 l2).
1517 1579 1536 1612 ι
1600 1558 1672 1612 De
1717 1563 1875 1610 nocte

289 1664 441 1720 enim
474 1670 658 1717 custos
687 1660 853 1724 venit,
882 1657 1010 1728 quia
1035 1653 1254 1711 humani
1285 1651 1497 1724 generis
1523 1656 1797 1718 protector
1821 1654 1877 1700 et

291 1756 615 1813 manifestus
641 1755 695 1810 in
722 1767 885 1809 carne
913 1747 1197 1820 apparuit,
1225 1754 1279 1799 et
1308 1753 1486 1799 tamen
1519 1741 1662 1796 hunc
1685 1753 1870 1808 pressa

279 1850 539 1922 perﬁdiae
586 1861 697 1902 suae
745 1842 982 1900 tenebris
1010 1838 1193 1895 Iudaea
1240 1833 1461 1890 minime
1503 1829 1741 1902 agnovit.
1798 1827 1873 1884 De

296 1921 452 2011 cujus
496 1936 783 2011 prmsentia
827 1944 882 1990 et
923 1947 1062 1988 nova
1107 1929 1196 1983 lux
1241 1926 1440 1982 mundo
1481 1921 1768 1985 inclaruit,
1820 1927 1875 1972 et

299 2045 483 2089 tamen
510 2032 564 2085 in
587 2029 751 2086 corde
775 2024 1071 2082 inﬁdelium
1092 2027 1304 2076 vetusta
1341 2016 1560 2072 ctecitas
1591 2011 1870 2069 remansit.

286 2123 469 2180 Judrei
495 2128 677 2176 autem
704 2127 888 2190 aperta
921 2115 1014 2170 Dei
1046 2109 1303 2168 miracula
1328 2108 1599 2172 viderunt,
1624 2113 1679 2160 et
1703 2102 1878 2157 adhuc

285 2232 424 2271 eum
479 2212 633 2284 quasi
688 2209 966 2280 palpantes
1016 2203 1368 2274 quaerebant,
1417 2213 1538 2254 cum
1589 2195 1875 2251 dicerent:

303 2326 324 2357 ε
355 2305 648 2373 Quousque
674 2301 883 2355 animas
907 2305 1120 2352 nostras
1147 2292 1326 2350 tollis?
1357 2290 1414 2346 Si
1443 2301 1496 2344 tu
1526 2303 1586 2343 es
1610 2287 1879 2348 Christus,

293 2398 389 2452 dic
435 2395 593 2450 nobis
639 2391 819 2463 palam
847 2388 1029 2462 (Joan.
1057 2403 1112 2453 x,
1139 2385 1248 2455 14).
1281 2404 1300 2437 ι
1360 2382 1698 2437 Μοιιλιιτειι.
1736 2377 1883 2432 Mens

290 2488 506 2559 quippe
534 2486 842 2555 iniquorum
873 2480 1150 2540 hominum
1180 2491 1302 2531 cum
1333 2474 1400 2529 de
1428 2472 1607 2527 aliena
1636 2467 1888 2524 meliora-

305 2558 456 2635 tione
481 2575 757 2647 aﬂligitur,
783 2575 850 2629 de
878 2571 1030 2626 radio
1055 2569 1192 2623 lucis
1219 2567 1561 2622 obscuratur.
1596 2560 1697 2628 Qui
1729 2558 1884 2629 quasi

299 2677 361 2730 in
392 2680 573 2738 nocte,
616 2670 695 2726 sic
722 2669 778 2724 in
809 2663 1036 2722 meridie
1062 2659 1285 2732 palpant
1309 2697 1324 2721 ,
1373 2653 1501 2725 quia
1529 2651 1656 2706 dum
1687 2650 1885 2704 bonum

303 2767 452 2838 quod
471 2765 659 2821 vident
680 2771 939 2816 accusare
961 2757 1236 2827 nequeunt
1257 2746 1440 2802 caecati
1463 2742 1668 2797 malitia
1691 2738 1888 2793 malum

303 2856 452 2927 quod
483 2869 588 2909 non
619 2850 804 2904 vident
833 2857 1090 2902 accusare
1129 2844 1396 2914 quarunt.
1458 2833 1606 2887 Bona
1647 2829 1792 2884 enim
1839 2828 1891 2880 in

303 2945 577 3020 proximis
606 2951 792 3012 aperta
821 2938 1028 3000 vident,
1060 2932 1176 2996 sed,
1208 2930 1253 2985 si
1283 2942 1388 2997 qua
1422 2923 1559 2979 mala
1593 2921 1784 2983 latent,
1814 2917 1895 2971 iu-

309 3011 603 3110 vestigant.
642 3011 812 3102 Quod
853 3031 990 3086 bene
1015 3021 1360 3094 exprimitur,
1386 3031 1510 3070 cum
1536 3011 1675 3068 Loth
1706 3018 1888 3078 prote-

307 3100 570 3203 gentibus
592 3100 823 3194 angelis,
846 3119 901 3175 in
926 3118 1086 3174 domo
1112 3111 1229 3180 ejus
1251 3105 1542 3164 Sodomita:
1564 3100 1763 3156 ostium
1787 3112 1891 3151 non

313 3221 662 3275 invenerunt.
697 3211 953 3280 Sequitur
977 3223 990 3260 :
1537 3267 1541 3275 λ

388 3305 664 3365 VERSJS.
694 3275 862 3357 Porro
883 3297 1082 3354 salvum
1104 3291 1260 3362 faciet
1285 3302 1502 3359 egenum
1531 3300 1561 3336 a
1589 3279 1762 3352 gladio
1792 3275 1898 3330 oris

315 3419 522 3467 eorum,
550 3409 597 3454 et
616 3398 688 3450 de
714 3409 874 3449 manu
901 3386 1108 3443 violenti
1136 3394 1436 3454 pauperem.
1457 3405 1530 3415 —
1558 3372 1676 3442 Ipse
1703 3367 1900 3438 quippe

317 3457 526 3564 pauper
555 3497 638 3543 est
665 3525 684 3552 ,
728 3484 795 3538 de
838 3495 944 3550 quo
983 3491 1079 3547 per
1105 3466 1330 3528 Paulum
1361 3464 1596 3521 dicitur:
1629 3477 1647 3510 ι
1677 3457 1904 3526 Propter

320 3546 874 3654 z'os'egenusvl‘actus
909 3546 994 3626 est
1018 3609 1034 3636 ,
1081 3579 1204 3622 cum
1240 3561 1391 3618 dives
1434 3556 1606 3612 factus
1644 3557 1788 3607 esset
1817 3546 1900 3619 (Il

322 3678 450 3732 Cor.
476 3641 597 3739 im,
619 3641 696 3743 9).
728 3689 746 3722 ι
798 3667 981 3722 Potest
1007 3674 1103 3732 per
1132 3657 1242 3712 oris
1269 3651 1503 3725 gladium
1535 3641 1903 3727 accusantium

325 3725 680 3823 Hebraeorum
702 3760 882 3828 lingua
901 3725 1127 3824 signari,
1150 3748 1216 3804 de
1237 3745 1431 3815 quibus
1451 3754 1545 3810 per
1563 3725 1905 3797 Psalmistam

325 3859 566 3914 dicitur:
599 3873 618 3905 ‹
648 3851 770 3907 Filii
817 3845 1121 3907 hominum,
1143 3840 1330 3894 dentes
1363 3846 1549 3888 eorum
1581 3841 1752 3891 arma,
1786 3842 1806 3877 ι
1855 3831 1910 3878 et

328 3949 543 4020 reliqua
599 3941 768 4016 (Psal.
799 3928 911 4002 ιλιι,
955 3934 1032 4004 5).
1105 3927 1211 3999 ipsi
1259 3925 1454 3996 quippe
1501 3920 1907 3976 clamnverunt:

337 4004 364 4093 ᾇ.
386 4004 657 4108 Οέυοίίὶέθ
677 4075 692 4100 ,
743 4027 996 4097 cruciﬁge
1022 4020 1205 4094 (Joan.
1231 4032 1348 4081 nux,
1373 4013 1450 4085 6).
1481 4031 1499 4065 ι
1556 4011 1660 4065 Per
1687 4004 1911 4062 violenti

331 4147 467 4187 vero
515 4097 761 4191 mavnum,
790 4122 908 4192 ipsa
934 4112 1256 4182 crucifigens
1276 4105 1546 4180 gentilitas
1575 4097 1910 4170 exprimitur,

333 4239 454 4296 quae
485 4222 547 4276 in
573 4210 952 4283 Redemptoris
982 4211 1167 4263 morte
1182 4199 1532 4255 Hebraeorum
1562 4203 1723 4248 voces
1751 4199 1915 4257 Opere

335 4273 600 4386 implevit.
637 4273 968 4373 Redemptor
1004 4307 1185 4354 autem
1224 4301 1405 4350 noster
1449 4297 1505 4344 et
1547 4289 1692 4341 vires
1737 4273 1914 4353 genti-

335 4373 468 4463 liuin
497 4412 556 4459 et
582 4401 820 4471 linguam
845 4393 1194 4449 Hebraeorum
1219 4381 1499 4441 moriendo
1523 4392 1588 4432 ex
1613 4373 1885 4432 humilitat

336 4459 561 4568 ﬂauum
579 4531 595 4556 ,
636 4459 730 4544 sed
756 4501 823 4540 ex
854 4478 1150 4538 divinitatis
1178 4489 1289 4531 suae
1316 4467 1557 4542 potentia
1586 4459 1918 4532 resurgendo

341 4553 640 4656 superavit.
669 4573 952 4638 .Moraliter
973 4570 1170 4642 quippe
1192 4572 1276 4621 est
1299 4557 1543 4631 quisquis
1565 4553 1706 4624 apud
1729 4558 1920 4606 semet-

343 4639 522 4751 ipsum
559 4673 732 4729 elatus
777 4682 882 4722 non
926 4639 1028 4719 est.
1089 4658 1240 4716 Unde
1266 4653 1480 4709 Veritas
1514 4647 1682 4704 dicit:
1717 4662 1736 4694 ι
1770 4639 1921 4697 Beati

346 4735 616 4844 pauperes
645 4762 839 4834 spiritu
858 4799 874 4826 ,
906 4777 924 4809 ι
957 4765 1012 4812 et
1039 4752 1245 4820 reliqua
1274 4743 1490 4818 (Matth.
1514 4758 1568 4807 v,
1595 4739 1673 4810 ‘5).
1703 4735 1924 4791 Gladius

349 4874 583 4930 namque
611 4856 724 4913 oris
754 4859 876 4927 est,
914 4847 1169 4918 iniquitas
1194 4835 1578 4913 persuasionis.
1614 4830 1802 4884 Manus
1831 4841 1925 4880 au-

352 4961 460 5008 tem
487 4909 708 5004 iliolenti
753 4909 1530 5014 est'adversitas'potestatis.
1583 4920 1662 4975 Ac
1704 4919 1750 4974 si
1798 4930 1928 4987 ergo
2028 4915 2148 5014 illm
2181 4909 2350 4966 [mlise

357 5044 592 5099 diceret:
643 5034 751 5092 Sed
797 5039 854 5086 et
898 5030 953 5084 in
993 5007 1058 5082 se
1101 5023 1358 5078 Dominus
1401 5007 1608 5070 mentes
1648 5008 1925 5066 hominum

530 5139 543 5148 .
598 5145 608 5148 -
637 5136 651 5148 .
689 5139 774 5148 η..
806 5120 871 5148 Mt
899 5110 1304 5148 ηηνηοιροιιυὶαηι
1334 5102 1626 5148 nemliliam
1653 5110 1755 5148 nec
1779 5094 1936 5148 blan-
2034 5080 2189 5144 didit:
2221 5085 2277 5132 εί

1966 454 2148 513 sentit.
2183 451 2436 522 Sequitur
2459 467 2474 502 :
2508 447 2766 515 lniquitas
2793 453 2966 498 autent
2993 440 3260 495 contrahet
3283 455 3339 492 os
3361 453 3536 492 suum.

1964 574 2036 585 —
2066 543 2140 599 Os
2167 541 2311 597 enim
2339 555 2494 595 suum
2528 550 2671 592 nunc
2699 534 2875 589 adhuc
2902 530 3157 600 iniquitas
3184 527 3393 592 dilatat,
3413 525 3540 596 quia

1968 631 2185 689 humani
2215 627 2428 702 generis
2457 627 2636 696 lingua
2666 621 2962 678 inﬁdelium
2990 617 3534 689 contumeliislaces—

1968 735 2087 778 sere
2114 731 2452 789 nequaquam
2481 720 2676 770 cessat.
2710 710 2817 766 Sed
2845 719 2972 764 tunc
2995 723 3056 763 os
3084 707 3389 770 contrahet,
3419 719 3544 759 cum

1969 813 2072 868 hoc
2098 810 2240 882 quod
2272 824 2378 863 non
2398 806 2514 861 vult
2534 819 2631 877 per
2651 802 2913 867 studium,
2930 815 3027 872 per
3049 799 3284 855 studium
3308 797 3544 852 claudet.

1969 901 2173 956 Aliter:
2203 898 2548 954 Clarescente
2578 890 2837 948 miraculo
2867 886 3280 944 resurrectionis
3309 885 3547 950 Domini,

1971 993 2098 1048 dum
2129 989 2343 1062 copiosa
2371 985 2660 1042 multitudo
2685 980 2978 1038 inﬁdelium
3020 978 3282 1043 credidit,
3325 976 3391 1030 ab
3415 975 3550 1030 Ere-

1972 1083 2144 1154 ptoris
2172 1081 2254 1136 sui
2285 1077 2495 1148 injuriis
2523 1071 2970 1141 contumeliisque
2995 1068 3246 1124 cessavit.
3298 1067 3372 1122 Os
3402 1066 3550 1122 enim

1973 1191 2130 1254 suum
2172 1172 2314 1244 quod
2363 1172 2531 1226 Deum
2582 1165 2876 1223 deridendo
2921 1163 3174 1234 aperuit,
3226 1157 3552 1215 inﬁrmando

1975 1263 2264 1320 contraxit.
2292 1259 2634 1315 Monsuren.
2663 1253 2816 1308 Nunc
2841 1252 2983 1307 enim
3014 1249 3185 1304 malus
3214 1247 3368 1302 bonis
3395 1247 3554 1300 dero-

1977 1361 2098 1424 gat,
2140 1358 2194 1406 et
2233 1357 2379 1403 recta
2411 1361 2528 1417 qua:
2563 1357 2724 1414 agere
2753 1339 2975 1413 negligit
3010 1339 3125 1393 haec
3163 1335 3337 1391 malus
3367 1334 3551 1389 obtre-

1977 1440 2174 1497 ctando
2202 1439 2440 1494 lacerare
2469 1451 2574 1491 non
2605 1442 2806 1490 cessat.
2858 1429 2964 1484 Sed
3015 1438 3142 1482 tunc
3189 1425 3445 1495 iniquitas
3492 1437 3554 1478 os

1981 1547 2138 1588 suum
2166 1529 2474 1592 contrahit,
2525 1541 2647 1582 cum
2692 1525 2867 1595 justas
2905 1529 3106 1590 quanta
3137 1525 3353 1589 appetat
3383 1514 3554 1585 gloria

1983 1618 2354 1678 retributionis
2393 1614 2654 1686 agnoscit.
2706 1612 2857 1666 Tunc
2895 1609 3169 1664 malorum
3189 1606 3370 1677 lingua
3398 1603 3558 1674 digna

1904 1719 1948 1778 Β
1979 1720 2368 1770 tormentorum
2401 1705 2755 1762 retributione
2784 1701 2998 1772 ligatur.
3031 1696 3330 1768 Sequitur:

2048 1800 2212 1855 Vrsas.
2245 1797 2330 1853 17.
2362 1795 2554 1850 Beatus
2580 1794 2731 1846 homo
2757 1791 2845 1861 qui
2865 1787 3144 1857 corripitur
3165 1803 3196 1839 a
3224 1783 3464 1838 Domino.
3490 1810 3561 1822 -η

1978 1890 2160 1945 Prima
2188 1889 2362 1943 virtus
2405 1894 2507 1948 est,
2537 1895 2606 1937 ne
2641 1879 2940 1951 perpetrari
2984 1876 3234 1941 debeant,
3274 1873 3370 1928 sed
3401 1871 3559 1926 vitari

1978 1991 2218 2054 peccata.
2265 1976 2510 2033 Secunda
2545 1982 2760 2035 autem,
2797 1968 2984 2024 saltem
3030 1973 3337 2038 perpetrata
3390 1962 3562 2018 corri-

1980 2089 2126 2146 gere.
2165 2071 2271 2126 Sed
2308 2069 2622 2140 plerumque
2664 2061 2848 2132 culpas
2873 2074 2980 2114 non
3018 2055 3190 2112 solum
3222 2053 3562 2108 imminentes

1984 2163 2206 2218 minime
2235 2159 2492 2221 vitamus,
2523 2166 2710 2210 verum
2741 2150 2906 2205 etiam
2949 2161 3048 2201 nec
3083 2143 3367 2200 commissa
3399 2152 3566 2210 agno-

1985 2255 2204 2329 scimus.
2231 2248 2428 2318 Turpis
2473 2255 2648 2300 tamen
2681 2243 2893 2296 animus
2929 2235 3276 2308 percussione
3323 2232 3563 2302 tangitur

1986 2327 2045 2399 ut
2079 2349 2415 2403 exerceatur,
2453 2343 2718 2406 quatenus
2748 2331 2839 2402 qui
2864 2337 3066 2384 statum
3088 2339 3198 2380 sua:
3222 2319 3563 2377 rectitudinis

1987 2448 2213 2492 securus
2234 2429 2489 2503 perdidit,
2521 2424 2747 2480 amictus
2770 2420 3075 2476 consideret
3099 2430 3206 2485 quo
3227 2414 3391 2486 jacet.
3422 2409 3562 2465 Hinc

1990 2500 2248 2586 Salomon
2295 2523 2401 2577 ait:
2441 2539 2458 2572 ι
2488 2518 2656 2586 Quem
2684 2513 2854 2584 diligit
2900 2509 3160 2566 Dominus
3190 2504 3442 2574 castigat,
3472 2500 3568 2554 lIa-
3663 2519 3670 2522 -

1991 2620 2354 2693 gellatautem
2381 2626 2595 2669 omnem
2633 2608 2799 2662 lilium
2838 2617 2997 2675 quem
3034 2598 3229 2669 recipit
3267 2593 3450 2669 (Prov.
3485 2609 3570 2657 tu,

1991 2713 2103 2791 12).
2135 2732 2153 2765 ι
2199 2709 2496 2780 Sequitur:
2531 2701 2948 2772 Increpationem
2979 2711 3100 2765 ergo
3142 2690 3355 2746 Domini
3393 2704 3455 2742 ne
3493 2703 3573 2740 rc-

1992 2777 2196 2877 probes.
2228 2777 2305 2842 ——‘
2326 2799 2426 2866 Qui
2476 2811 2573 2867 per
2601 2792 2810 2863 culpam
2840 2785 3163 2858 percutitur,
3207 2780 3299 2836 sed
3349 2777 3414 2832 ad
3443 2791 3576 2846 que-

1998 2895 2161 2950 relam
2208 2905 2318 2946 sure
2343 2866 2707 2959 percussiouis
2738 2877 2990 2942 elabitur,
3017 2869 3438 2940 increpationem
3472 2866 3576 2920 Do-

1998 2981 2130 3038 mini
2165 2958 2444 3047 reprobat,
2471 2973 2599 3043 quia
2629 2971 2770 3025 hanc
2791 2966 2988 3038 injuste
3016 2977 3075 3018 se
3099 2958 3306 3031 perpeti
3333 2962 3573 3011 accusat.

1996 3071 2094 3138 Qui
2123 3045 2301 3122 autem
2335 3080 2441 3120 non
2479 3078 2576 3132 per
2624 3057 3000 3130 purgationem
3041 3049 3305 3115 criminis,
3354 3045 3448 3102 sed
3478 3059 3580 3114 per

1996 3158 2332 3216 fortitudinis
2383 3153 2758 3225 probationem
2821 3145 3110 3208 feriuntur,
3170 3153 3294 3195 cum
3358 3149 3578 3191 causam

1997 3269 2106 3312 suae
2133 3249 2496 3322 percussiOuis
2534 3243 2836 3315 inquirunt,
2880 3248 3219 3308 nequaquam
3255 3218 3584 3298 increpatioé‘

1998 3360 2121 3401 nem
2153 3338 2692 3410 Domini‘reprobare
2721 3329 2933 3388 dicendi
2962 3335 3107 3392 sunt,
3141 3324 3266 3394 quia
3295 3321 3349 3376 in
3382 3325 3580 3374 seruet-

2002 3436 2133 3508 ipsis
2162 3439 2418 3504 satagunt
2439 3426 2681 3485 invenire
2698 3424 2850 3508 quod
2876 3418 3141 3476 nesciunt.
3171 3411 3466 3484 Sequitur:

2003 3498 2038 3540 '.
2073 3525 2234 3581 Vens.
2265 3498 2351 3580 ἡ.
2382 3521 2519 3587 Quia
2541 3520 2648 3590 ipse
2667 3498 2903 3571 vulnerat
2925 3523 2973 3566 et
2999 3508 3254 3571 medetur,
3289 3501 3508 3574 percutit
3531 3507 3581 3552 et

2003 3635 2189 3675 manus
2200 3619 2313 3688 ejus
2325 3609 2894 3670 adnabam—Duobus
2908 3604 3079 3661 modis
3091 3599 3430 3668 omnipotens
3444 3594 3583 3648 Deus

2007 3687 2256 3766 vulnerat
2291 3721 2428 3779 quos
2454 3705 2712 3760 reducere
2751 3701 2818 3755 ad
2849 3696 3074 3754 salutem
3105 3699 3261 3748 curat
3289 3707 3303 3742 :
3337 3687 3584 3756 aliquan-

2009 3801 2077 3857 do
2120 3800 2264 3854 enim
2309 3775 2528 3851 carnem
2575 3791 2851 3863 percutit,
2891 3781 3163 3842 ctmcntis
3203 3775 3456 3834 duritiam
3481 3785 3584 3828 suo

2010 3906 2212 3964 pavore
2256 3888 2500 3944 tabescit.
2536 3880 2877 3940 Vulnerando
2901 3891 3030 3947 ergo
3055 3874 3123 3929 ad
3154 3871 3383 3927 salutem
3423 3879 3584 3920 revo-

2011 3992 2116 4049 cat,
2143 3996 2264 4038 cum
2284 3979 2485 4035 electos
2521 3989 2649 4030 suos
2670 3967 2848 4036 alﬂigit
2879 3964 3138 4026 exterius,
3170 3967 3229 4013 ut
3258 3955 3485 4011 interius
3507 3953 3588 4006 vi-

2012 4048 2162 4130 vant.
2197 4071 2351 4130 Unde
2373 4085 2470 4140 per
2507 4066 2724 4136 Moysen
2766 4059 2897 4115 dicit
2929 4075 2942 4111 :
2989 4073 3008 4106 ι
3043 4053 3156 4124 Ego
3177 4048 3440 4111 occidam,
3478 4062 3498 4097 ι
3534 4050 3590 4097 et

2017 4168 2225 4236 reliqua
2262 4134 2441 4234 (Deut.
2469 4134 2641 4220 xxxii,
2673 4152 2799 4222 59);
2845 4141 3131 4217 aliquando
3177 4141 3321 4196 intus
3365 4134 3589 4192 vulnera

2017 4222 2232 4324 inﬂigit,
2269 4222 2400 4320 quia
2448 4244 2642 4301 mentis
2668 4248 2869 4296 nostra:
2914 4232 3164 4292 duritiam
3191 4243 3290 4285 suo
3322 4222 3593 4282 desiderio

1887 4386 1918 4428 ε
1947 4419 1985 4428 η
2019 4343 2267 4417 percutit,
2325 4339 2418 4396 sed
2467 4331 2816 4408 percutieudo
2864 4334 3039 4391 sanat,
3084 4322 3211 4394 quia
3251 4315 3477 4374 terroris
3503 4312 3591 4367 sui

1947 4419 1994 4479 ι)
2014 4409 2196 4508 jacqu
2235 4432 2524 4489 transﬁxos
2550 4427 2614 4482 ad
2645 4437 2862 4483 sensum
2903 4433 3003 4475 nos
3031 4409 3367 4472 rectitudinis
3415 4414 3592 4462 vocat.

2024 4501 2177 4588 Unde
2217 4535 2272 4582 et
2313 4537 2508 4595 sponsa
2537 4519 2681 4592 dicit
2729 4534 2743 4570 :
2791 4533 2810 4567 t
2857 4511 3154 4567 Vulnerata
3201 4501 3467 4559 charitate
3493 4511 3594 4567 ego

2023 4636 2142 4677 sum
2170 4617 2349 4692 (Cant.
2375 4614 2460 4685 ιι).
2495 4631 2513 4664 ι
2546 4610 2806 4680 Sequitur
2843 4621 2856 4658 :

2095 4681 2261 4768 Vnus.
2296 4710 2382 4764 19.
2419 4681 2487 4760 in
2514 4719 2605 4759 sea:
2653 4695 3075 4756 tribulationibus
3101 4687 3338 4746 liberabit
3367 4696 3437 4750 te,
3467 4691 3514 4736 et
3543 4681 3598 4733 in

2025 4807 2243 4878 septima
2268 4818 2370 4858 non
2399 4806 2569 4868 tanget
2595 4804 2643 4849 te
2669 4790 2888 4848 malum.
2904 4786 3092 4840 —Per
3116 4779 3389 4838 senarium
3415 4785 3602 4828 nume-

2356 4891 2462 4946 ntis
2487 4866 2610 4942 vita:
2637 4881 2879 4954 operatio
2913 4877 3294 4938 discursusque
3340 4866 3600 4934 signatur.

2035 4991 2200 5047 Sexto
2232 4995 2465 5050 namque
2503 4978 2590 5031 die
2637 4972 2816 5030 omnia
2845 4968 3134 5040 perliciens
3173 4956 3445 5014 hominem
3475 4963 3606 5003 con-

2306 5044 2598 5137 semetipso
2626 5061 2912 5133 requievit.
2947 5055 3283 5124 Quapropter
3307 5057 3404 5111 per
3427 5044 3607 5106 septe-

3515 5139 3608 5148 ..-ιι
