4004 5340
476 334 577 390 165

1468 328 1527 385 S.
1568 326 1821 386 ODONIS
1857 323 2150 384 ABBATIS
2187 324 2691 385 CLUNIACENSIS
2724 326 2766 384 ll

3654 334 3753 394 ιω

475 454 639 505 nianu
668 444 853 518 gladii.
888 475 955 486 —
984 442 1140 500 Sicut
1168 441 1340 497 fames
1385 441 1569 497 carnis
1600 448 1685 497 est
1729 440 2068 495 subtractum
2096 436 2147 497 Α
2174 438 2351 507 rapiat
2383 446 2443 492 ut
2487 452 2571 492 reo
2616 438 2854 491 animam
2887 451 3060 493 meam
3105 436 3279 508 (Psal.
3314 455 3407 509 vn,
3446 442 3528 515 3).
3557 461 3576 497 ι
3602 444 3681 502 Ae
3706 444 3752 502 si

478 537 775 593 subsidium
800 535 1062 605 corporis,
1090 534 1164 588 ita
1187 541 1242 588 et
1264 531 1433 589 fames
1452 542 1538 587 est
1564 529 1762 586 mentis
1789 528 2064 584 silentium

477 629 674 685 divinae
696 626 1001 681 locutionis.
1032 624 1187 680 Unde
1210 630 1360 678 recte
1380 637 1479 691 per
1499 619 1815 691 prepbetam
1836 618 2063 674 dicitur:

483 736 503 770 ι
555 718 846 773 immittam
896 716 1095 771 famem
1146 714 1199 769 in
1234 724 1435 769 terram
1485 711 1843 783 (Ezech.xtv,
1880 710 2002 779 13);
2041 728 2060 761 ι

476 827 583 866 non
636 809 833 865 famem
878 809 1059 879 panis,
1109 821 1285 875 neque
1323 805 1468 861 sitim
1505 819 1678 874 aquae,
1739 803 1832 857 sed
1867 802 2064 856 famem

478 898 725 956 audiendi
758 900 983 955 verbum
1028 898 1145 953 Dei.
1177 897 1381 952 Bellum
1412 895 1608 965 quippe
1655 893 1912 963 patimur,
1942 906 2064 947 cum

476 988 656 1047 carnis
705 999 905 1045 nostrae
948 988 1339 1044 tentatiouibus
1398 986 1797 1054 impugnantur.
1838 981 1913 1036 De
1959 995 2066 1050 quo

474 1081 764 1138 Psalmista
811 1081 934 1136 ait:
982 1099 1000 1131 ι
1058 1077 1403 1134 Obumbrasti
1458 1088 1619 1144 caput
1664 1088 1842 1128 tnelnn
1889 1072 1941 1127 in
1980 1072 2067 1126 die

471 1171 600 1228 belli
658 1170 830 1243 (Psal.
862 1184 1085 1235 cxxxtx,
1139 1169 1217 1238 8).
1266 1187 1284 1220 ι
1330 1167 1465 1234 Quia
1496 1166 1659 1236 igitur
1691 1162 1905 1232 reprobi
1939 1163 2065 1216 dum

476 1261 620 1319 fame
662 1262 813 1317 verbi
843 1261 1123 1323 deficiunt,
1156 1261 1321 1316 etiam
1363 1258 1486 1313 belli
1522 1256 1699 1325 gladio
1740 1254 2067 1325 transfigun-

475 1363 586 1419 tur,
617 1353 909 1409 electorum
941 1367 1160 1407 suornm
1195 1350 1453 1405 Dominus
1478 1357 1720 1410 mentes,
1749 1347 1877 1401 dum
1915 1344 2065 1399 verbi

475 1443 557 1499 sui
590 1442 784 1512 pabulo
824 1442 1020 1506 reiicit,
1050 1449 1237 1496 contra
1264 1438 1587 1494 tentationes
1621 1436 1870 1506 corporis
1897 1433 2067 1490 fortes

475 1522 674 1588 reddit.
697 1531 957 1601 Sequitur
983 1548 996 1583 :

547 1622 714 1678 Vetas.
742 1623 833 1677 2i.
861 1623 906 1675 Α
926 1619 1134 1692 flagello
1162 1618 1357 1690 linguae
1385 1618 1739 1673 absconderis.
1765 1647 1835 1656 —
1858 1613 2066 1682 Flagel-

474 1714 586 1770 lum
617 1712 813 1785 linguae
842 1721 926 1766 est
952 1709 1272 1781 exprobatio
1304 1709 1503 1763 illicitae
1530 1705 1893 1761 contumeliae.
1939 1704 2065 1758 Fla-

2167 540 2297 595 ergo
2327 526 2572 581 diceret:
2605 525 2742 594 Quia
2773 526 3086 583 blandiente
3110 530 3264 585 hoste
3288 531 3448 588 modo
3470 549 3616 591 nunc
3638 535 3756 590 viu-

2167 615 2332 680 ceris,
2357 616 2502 670 hunc
2528 617 2870 687 postmodum
2910 616 3221 673 saevientem
3251 636 3362 676 non
3395 622 3631 680 timebis.
3657 623 3758 681 See

2166 705 2389 775 qunur:

2238 792 2402 850 Vens.
2434 795 2525 849 2'5.
2579 795 2684 851 Sed
2737 813 2858 851 cum
2905 795 3170 867 lapidibus
3226 801 3495 873 regionum
3545 813 3759 874 pactum

2167 893 2335 940 tuum.
2359 915 2431 927 -
2463 887 2603 954 Quid
2625 903 2755 959 ergo
2785 889 3064 957 regionum
3092 890 3318 963 lapides,
3349 895 3450 949 nisi
3482 895 3758 953 Ecclesia-

2166 995 2285 1035 rum
2308 981 2511 1035 electos
2537 981 2875 1052 accipimus?
2898 983 3103 1051 Quibus
3132 985 3330 1041 dicitur
3355 1005 3367 1041 :
3398 1004 3419 1038 ι
3450 986 3557 1044 Vos
3578 998 3761 1045 autem

2167 1079 2421 1153 tanquam
2468 1072 2674 1143 lapides
2725 1073 2833 1128 vivi
2870 1075 3375 1145 superandilleamini
3404 1077 3457 1150 (1
3509 1080 3657 1134 Pelr.
3695 1098 3757 1147 tt,

2167 1160 2243 1231 5).
2272 1179 2291 1213 ›
2311 1162 2386 1215 De
2411 1162 2607 1231 quibus
2636 1162 2890 1219 Ecclesia:
2912 1164 3196 1233 pollicetur
3226 1185 3240 1222 :
3283 1187 3302 1220 α
3339 1169 3476 1225 Ecce
3505 1185 3605 1242 ego
3631 1179 3766 1227 ster-

2167 1265 2291 1304 nam
2322 1265 2419 1319 per
2464 1251 2710 1306 ordinem
2749 1252 2953 1323 lapides
2979 1263 3098 1310 tuos
3139 1255 3277 1327 (lsa.
3306 1274 3417 1323 LIV,
3444 1259 3557 1332 11).
3607 1279 3630 1314 ι
3659 1259 3765 1327 Qui

2169 1337 2337 1409 igitur
2366 1346 2515 1393 recte
2540 1339 2690 1404 vivit,
2744 1349 2903 1411 pacto
2934 1357 2993 1397 se
3036 1343 3305 1414 lapidibus
3360 1348 3641 1417 regionum
3668 1364 3765 1404 so-

2170 1427 2308 1488 ciat,
2341 1422 2507 1481 vitam
2535 1443 2687 1483 suam
2717 1429 2909 1498 procul
2944 1431 3106 1488 dubio
3132 1435 3199 1487 ad
3222 1446 3534 1491 sanctorum
3559 1454 3769 1508 praece-

2172 1516 2415 1571 dentium
2471 1517 2833 1574 imitationem
2894 1520 3044 1591 ligat.
3115 1521 3375 1593 Sequitur
3420 1525 3534 1581 :Et
3586 1527 3767 1583 bestiae

2168 1617 2323 1661 terrae
2347 1608 2584 1678 paciﬁca:
2618 1619 2769 1663 erant
2801 1609 2913 1663 tibi.
2942 1642 3013 1651 —
3033 1609 3151 1667 Non
3194 1614 3265 1669 ait
3292 1624 3521 1685 pacatae,
3548 1617 3643 1672 sed
3669 1632 3768 1688 pa-

2168 1697 2360 1762 eilicae,
2403 1698 2527 1767 quia
2578 1714 2684 1754 non
2710 1713 2899 1768 pacem
2933 1701 3158 1767 habent,
3186 1704 3279 1759 sed
3309 1720 3500 1775 pacem
3532 1704 3764 1762 faciunt.

474 1801 614 1878 gello
640 1796 835 1873 linguae
872 1801 1042 1854 bonos
1080 1797 1281 1852 feriunt
1307 1796 1482 1867 pravi,
1510 1796 1634 1865 quia
1682 1810 1869 1850 eorum
1900 1809 2063 1863 opera
2098 1786 2140 1845 Β
2169 1785 2354 1841 Terrae
2405 1802 2537 1856 ergo
2580 1788 2767 1843 bestiae
2793 1790 2980 1846 electis
3004 1792 3243 1862 pacificae
3269 1795 3424 1862 ﬁatut,
3470 1798 3599 1867 quia
3628 1813 3755 1853 ma-

474 1892 755 1950 irrideudo
800 1898 1221 1962 persequuntur.
1255 1887 1394 1941 Hinc
1429 1886 1689 1956 scriptum
1721 1893 1805 1940 est
1839 1897 1853 1938 :
1891 1907 1909 1937 ι
1951 1884 2067 1954 Ipse

475 1986 723 2044 liberabit
760 2000 847 2040 me
873 1983 940 2038 de
966 1983 1157 2052 laqueo
1182 1980 1514 2044 venantium,
1542 1998 1560 2031 ι
1589 1988 1643 2032 et
1671 1977 1874 2047 reliqua
1892 1974 2065 2049 (Psal.

476 2093 566 2142 xc,
606 2076 685 2147 5).
723 2073 924 2129 Sancta
970 2087 1100 2142 ergo
1146 2070 1328 2124 anima
1377 2086 1405 2121 a
1446 2068 1658 2140 ﬂagello
1715 2068 1913 2138 linguae
1974 2067 2069 2122 ab—

476 2164 786 2231 sconditur;
831 2163 981 2232 quia,
1024 2164 1149 2216 dum
1182 2162 1237 2216 in
1289 2160 1391 2216 hoc
1427 2160 1628 2214 mtuulo
1673 2168 1776 2224 est,
1807 2160 2066 2213 honorem

481 2254 657 2311 laudis
680 2270 785 2310 non
809 2253 1021 2324 quaerit,
1065 2265 1167 2307 nec
1188 2249 1548 2306 contumelias
1569 2248 1924 2305 detractionis
1945 2264 2069 2304 sen-

479 2344 564 2399 tit.
628 2343 889 2413 Sequitur
938 2361 952 2398 :
1009 2341 1076 2395 Et
1136 2358 1239 2395 non
1292 2340 1495 2394 timebis
1547 2338 1902 2392 calamitatem
1950 2354 2067 2391 cum

475 2436 689 2491 venerit.
717 2465 789 2474 —
819 2433 1030 2489 [labent
1049 2432 1191 2488 enim
1221 2432 1393 2486 sancti
1420 2431 1519 2486 viri
1548 2440 1737 2487 contra
1760 2428 1957 2483 famem
1987 2429 2069 2484 di-

475 2526 587 2579 vini
614 2525 763 2581 verbi
809 2523 1099 2595 pabulum;
1128 2532 1320 2577 contra
1366 2520 1490 2576 belli
1518 2520 1755 2591 gladium
1785 2518 2069 2574 continen-

478 2617 567 2672 tiae
587 2627 819 2681 scutum,
863 2623 1052 2670 contra
1096 2612 1366 2684 ﬂagellum
1398 2611 1631 2682 linguae,
1678 2608 2068 2679 protectionem

475 2706 783 2778 patientiae;
831 2714 1023 2759 contra
1070 2703 1360 2758 exterioris
1410 2700 1738 2757 calamitatis
1787 2700 2065 2763 damnum,

476 2799 680 2855 interni
712 2798 921 2852 amoris
949 2795 1304 2866 adiutorium;
1333 2810 1441 2864 quo
1465 2794 1609 2850 enim
1632 2808 1728 2849 eos
1751 2792 1923 2848 hostis
1953 2791 2068 2847 cal-

476 2889 618 2946 lidus
649 2889 996 2944 numerosius
1020 2896 1209 2951 tentat,
1235 2901 1300 2942 eo
1324 2884 1705 2956 circumspecti
1745 2886 1837 2940 Dei
1870 2883 2070 2940 milites

478 2984 770 3040 virtutibus
803 2984 1002 3038 divinis
1040 2984 1266 3038 ditiores
1294 2983 1449 3038 fiunt.
1480 2982 1665 3037 Potest
1693 2983 1858 3038 etiam
1886 2981 2072 3056 ﬂagel-

477 3074 586 3130 lum
616 3074 810 3144 liuguae
849 3072 1119 3129 sententia
1162 3073 1366 3127 ultimae
1398 3072 1883 3128 animadversionis
1913 3071 2070 3127 intel-

479 3166 593 3238 ligi,
617 3167 743 3237 quia
776 3166 1054 3220 districtus
1075 3164 1242 3233 judex
1274 3164 1521 3234 reprobis
1537 3164 1713 3219 dicet:
1743 3183 1762 3215 ι
1797 3164 2070 3219 Discedite
2099 3146 2142 3207 (ἶ

482 3270 515 3311 a
563 3272 719 3321 me,»
781 3265 837 3311 et
891 3255 1095 3325 reliqua
1127 3254 1341 3326 (Matth.
1394 3270 1524 3321 xxv,
1577 3254 1685 3326 ιι).
1745 3253 1853 3309 Sed
1893 3252 2073 3323 justus

478 3348 711 3419 quisque
734 3348 786 3402 in
825 3356 975 3404 tanta
1011 3346 1346 3404 districtione
1387 3347 1692 3413 sententim,
1722 3347 1919 3402 blanda
1944 3358 2071 3403 tunc

473 3436 676 3508 judicis
718 3452 849 3493 voce
886 3436 1182 3503 refovetur,
1232 3452 1356 3493 eum
1413 3436 1654 3491 dicitur:
1691 3455 1710 3487 ι
1746 3436 1980 3501 Esurivi,
2019 3444 2074 3491 et

479 3512 706 3585 dedistis
733 3528 864 3583 milii
898 3529 1246 3595 manducare,
1282 3548 1302 3581 ι
1331 3538 1387 3583 et
1427 3528 1632 3599 reliqua
1676 3527 1891 3600 (Matth.
1940 3543 2069 3594 xxv,

479 3621 560 3692 5).
591 3621 658 3675 Et
686 3638 699 3674 :
740 3639 756 3674 t
799 3621 1005 3686 Venite,
1032 3618 1323 3686 benedicti,
1354 3638 1374 3673 ι
1401 3627 1506 3675 etc.
1542 3617 1757 3690 (Matth.
1788 3631 1914 3682 xxv,
1955 3617 2068 3688 ὄλ).

485 3709 746 3780 Sequitur
776 3729 792 3765 :

550 3801 714 3860 Vens.
760 3803 851 3860 22.
904 3802 973 3859 In
1021 3804 1263 3860 vastitate
1300 3813 1350 3858 et
1391 3803 1532 3874 [ante
1566 3802 1782 3859 ridebis.
1818 3832 1887 3845 ο-
1920 3802 2072 3858 Tunc

482 3891 682 3963 quippe
730 3892 994 3962 reprobos
1040 3891 1214 3947 fames
1253 3892 1561 3957 interliciet,
1610 3891 1735 3962 quia
1783 3905 1935 3946 suam
1967 3890 2072 3946 illis

484 3982 679 4040 faciem
727 3983 1060 4054 Redemptor
1108 3984 1421 4040 abscondet.
1472 3984 1590 4054 Ipse
1641 3984 1837 4055 quippe
1891 3984 1957 4040 de
2012 3995 2072 4038 se

479 4076 616 4132 dixit
649 4092 663 4130 :
700 4093 718 4128 ι
750 4076 864 4147 Ego
890 4092 1010 4131 sum
1040 4076 1194 4146 panis
1219 4075 1392 4141 vivus,
1427 4084 1519 4131 iet
1550 4075 1753 4146 reliqua
1788 4075 1966 4147 (Joan.
1992 4092 2068 4143 vt,

480 4163 594 4236 51).
621 4163 688 4218 Et
713 4165 973 4234 scriptum
1001 4173 1083 4220 est
1113 4182 1127 4221 :
1161 4184 1180 4217 ι
1214 4164 1458 4221 Tollatur
1505 4167 1724 4237 impius,
1774 4182 1843 4221 ne
1888 4164 2071 4222 videat

480 4254 709 4327 gloriam
740 4253 858 4309 Dei.
892 4272 912 4305 ι
947 4254 1185 4312 Vastitas
1213 4257 1442 4325 cruciat,
1474 4258 1599 4327 quia
1647 4259 1891 4329 gehenna
1934 4275 2069 4315 con-

481 4358 707 4404 cremat.
757 4346 895 4403 Hinc
931 4348 1217 4406 Psalmista
1264 4352 1341 4407 ait
1373 4367 1388 4407 a
1423 4372 1441 4405 ι
1480 4353 1655 4410 Pones
1697 4368 1792 4409 eos
1814 4363 1873 4408 ut
1903 4353 2067 4408 cliba-

482 4452 614 4494 num
642 4439 775 4510 igni,
810 4458 831 4492 ι
861 4448 916 4494 et
944 4440 1149 4510 reliqua
1183 4438 1354 4513 (Psal.
1386 4459 1441 4509 Σ,
1471 4444 1582 4516 10).
1603 4444 1710 4499 Sed
1737 4454 1864 4498 tunc
1888 4442 2067 4513 justus

480 4529 700 4594 ridebit,
722 4529 847 4599 quia
873 4545 997 4585 cum
1028 4530 1248 4601 iniquos
1270 4548 1458 4587 omnes
1500 4543 1743 4587 extrema
1784 4533 1915 4588 ultio
1944 4549 2066 4603 per-

481 4621 639 4685 cutit,
666 4619 780 4690 ipse
815 4622 881 4677 de
911 4621 1080 4692 gloria
1112 4622 1323 4676 Domini
1371 4622 1547 4693 dignae
1579 4624 1953 4679 retributionis
1982 4625 2065 4679 bi-

481 4707 718 4766 lareseit.
758 4711 898 4768 Hinc
941 4712 1224 4768 Psalmista
1252 4714 1326 4767 ait
1361 4730 1374 4766 :
1411 4733 1430 4766 ι
1467 4714 1738 4770 Videbunt
1758 4716 1890 4786 justi
1918 4727 1974 4773 et
2000 4718 2064 4771 ti-

483 4804 728 4868 mebunt,
764 4823 783 4857 ι
834 4812 889 4858 et
929 4804 1133 4873 reliqua
1191 4803 1364 4876 (Psal.
1416 4821 1488 4869 ιι,
1537 4805 1614 4876 8).
1662 4807 1960 4877 Sequitur:
1995 4805 2063 4861 Et

481 4895 673 4950 bestias
706 4905 860 4950 terra:
890 4911 992 4949 non
1018 4895 1355 4965 formidabis.
1384 4927 1455 4936 —
1480 4896 1718 4951 Callidus
1742 4902 1939 4968 quippe
1972 4899 2065 4953 ad-

479 4982 776 5051 versarius,
824 4983 1001 5039 bestia
1040 4994 1197 5039 terrae
1230 4985 1448 5052 dicitur,
1504 4986 1630 5056 quia
1664 4988 1730 5042 ad
1782 4989 2065 5057 rapiendas

480 5075 675 5133 mortis
698 5083 940 5145 tempore
977 5084 1322 5146 peccatorum
1367 5077 1576 5131 animas
1609 5078 1840 5132 vioenta
1870 5080 2063 5134 crude-

484 5167 638 5224 litate
678 5166 988 5223 ell'reuatur.
1034 5167 1143 5223 Sed
1198 5177 1374 5223 tamen
1421 5169 1487 5223 de
1537 5169 1776 5224 Ecclesia
1820 5170 2061 5224 dicitur:

488 5277 507 5311 ι
544 5258 681 5313 Mala
705 5259 875 5315 bestia
896 5275 1004 5315 non
1034 5261 1289 5315 transibit
1309 5277 1407 5330 per
1432 5277 1551 5316 eam
1573 5261 1708 5329 (lsa.
1744 5277 1909 5325 xxxv,
1933 5262 2009 5331 9).
2037 5281 2056 5314 ι

2169 1877 2300 1948 ligni
2323 1878 2553 1948 spiritus
2596 1895 2719 1935 cum
2763 1882 3031 1937 bonorum
3066 1884 3228 1939 corda
3274 1887 3627 1944 adversantes
3665 1890 3765 1946 de-

2168 1971 2434 2039 primunt,
2468 1971 2582 2027 haec
2635 1972 2882 2028 nolentes
2912 1975 2978 2029 ad
3017 1989 3259 2032 amorem
3284 1977 3522 2035 'Domini
3570 1980 3767 2052 impel-

2170 2062 2319 2129 lunt;
2347 2073 2401 2119 et
2440 2062 2635 2119 afﬂicta
2678 2078 2832 2120 mens
2866 2074 3016 2122 tanto
3053 2068 3228 2137 magis
3259 2070 3324 2124 ad
3362 2079 3624 2127 aeternam
3668 2089 3769 2144 pa-

2175 2154 2330 2209 triam
2381 2155 2616 2210 reditum
2664 2156 2870 2225 dirigit,
2905 2167 3167 2227 quantum
3219 2159 3271 2214 in
3299 2160 3403 2216 boc
3450 2177 3767 2220 aerumnosa

2169 2243 2364 2298 exsilio
2404 2243 2726 2300 laboriosius
2785 2245 2937 2300 vivit.
2981 2246 3214 2303 Possunt
3264 2250 3427 2305 etiam
3463 2266 3560 2321 per
3604 2261 3767 2308 terrae

2169 2331 2374 2388 bestias
2409 2343 2589 2388 motus
2644 2335 2828 2390 carnis
2879 2336 3131 2409 intelligi,
3197 2340 3290 2408 qui
3345 2341 3473 2395 dum
3521 2351 3764 2398 mentem

2171 2434 2412 2479 nostram
2444 2425 2839 2481 irrationabilia
2885 2429 3163 2485 suadendo
3212 2428 3522 2498 lacessunt,
3566 2442 3765 2488 contra

2168 2531 2270 2571 nos
2304 2516 2610 2572 bestialiter
2655 2517 2963 2589 insurgunt.
3013 2518 3120 2574 Sed
3155 2534 3251 2575 cor
3295 2521 3395 2576 sub
3425 2522 3608 2576 divina
3645 2521 3767 2594 lege

2171 2606 2515 2676 deprimitur,
2574 2607 2738 2664 etiam
2790 2624 2910 2664 cum
2965 2610 3150 2666 carnis
3196 2612 3466 2667 incentiva
3522 2614 3767 2671 detume.

2171 2707 2348 2763 scunt,
2375 2708 2431 2754 et
2470 2699 2517 2754 si
2560 2701 2628 2754 ad
2673 2702 2991 2758 tentandum
3035 2704 3272 2775 rugiunt,
3301 2719 3649 2775 nequaquam
3682 2716 3766 2763 ta-

2171 2807 2294 2847 men
2329 2810 2503 2865 usque
2535 2796 2602 2850 ad
2629 2794 2881 2851 eﬂ'ectum
2902 2812 3127 2868 Operum
3148 2800 3301 2869 quasi
3329 2800 3396 2854 ad
3421 2801 3594 2871 aperti
3620 2816 3767 2856 mor-

2172 2900 2266 2942 sus
2296 2888 2505 2942 rabiem
2545 2896 2866 2960 exsurgunt.
2924 2890 3171 2945 Paciﬁcae
3216 2890 3399 2961 itaque
3446 2900 3597 2957 sunt,
3633 2892 3766 2963 quia

2173 2986 2354 3032 motus
2386 2978 2592 3041 carnis,
2638 2979 2741 3031 etsi
2796 2993 2895 3047 per
2930 2979 3194 3034 desideria
3248 2980 3540 3051 palpitant,
3573 2991 3765 3051 aperta

2174 3080 2355 3127 tamen
2386 3087 2487 3128 nos
2512 3072 2945 3127 contradictione
2973 3087 3078 3126 non
3122 3072 3461 3143 impugnant.
3490 3071 3585 3128 Vel
3613 3084 3766 3130 certe

2173 3181 2363 3236 pacem
2414 3165 2694 3221 uobiscum
2738 3174 2898 3219 terrae
2925 3164 3113 3220 bestiae
3147 3164 3374 3232 faciunt,
3403 3166 3531 3236 quia
3580 3175 3766 3223 motus

2175 3259 2356 3314 carnis
2404 3258 2530 3313 dum
2582 3273 2681 3314 nos
2738 3257 2996 3313 tentando
3044 3257 3342 3326 lacessunt,
3394 3259 3465 3315 ad
3513 3274 3765 3316 amorem

2174 3349 2373 3420 quietis
2394 3350 2600 3405 intimae
2628 3349 2932 3419 impellunt.
2966 3348 3264 3420 Sequitur:

2249 3438 2417 3495 Vens.
2465 3438 2558 3493 ει.
2595 3439 2662 3493 Et
2699 3440 2831 3493 scies
2879 3439 3018 3503 quod
3062 3456 3243 3509 pacem
3298 3439 3486 3495 habeat
3519 3440 3765 3498 taberna-

2172 3529 2347 3585 culum
2384 3540 2553 3584 tuum.
2575 3558 2648 3571 --
2680 3529 2739 3584 In
2768 3529 3054 3601 Scriptura
3077 3544 3233 3586 sacra
3267 3529 3428 3586 aliter
3466 3546 3575 3601 pax
3601 3531 3764 3602 plena

2173 3623 2392 3691 dicitur,
2416 3633 2579 3696 atque
2600 3623 2760 3679 aliter
2786 3624 3059 3679 inchoata.
3090 3624 3165 3678 De
3187 3622 3277 3678 illa
3299 3623 3502 3696 quippe
3526 3625 3758 3680 dicitur:

2178 3733 2198 3769 ι
2234 3716 2388 3771 Nunc
2403 3716 2629 3770 dimittis
2659 3730 2874 3772 servum
2899 3725 3068 3779 tuum,
3093 3714 3342 3782 Domine,
3366 3716 3418 3770 in
3446 3730 3580 3785 pace
3604 3715 3759 3790 (Luc.

2172 3806 2362 3881 “,29).
2388 3825 2408 3860 ι
2443 3808 2518 3864 De
2548 3809 2651 3863 ista
2685 3821 2817 3862 vero
2849 3824 2864 3861 :
2896 3823 2914 3858 ι
2941 3806 3136 3861 Pacem
3164 3821 3339 3861 meam
3357 3807 3425 3861 do
3441 3807 3619 3871 Vobis,
3652 3825 3673 3860 ›
3707 3815 3762 3864 et

2171 3896 2378 3966 reliqua
2404 3895 2588 3969 (Joan.
2620 3912 2730 3959 xtv,
2761 3895 2880 3968 27).
2910 3893 3021 3951 Pax
3048 3895 3193 3951 enim
3240 3905 3429 3952 nostra
3474 3912 3506 3950 a
3549 3896 3761 3953 deside-

2180 3988 2264 4044 rio
2299 3988 2577 4045 Creatoris
2607 3990 2914 4055 inchoatur,
2947 3998 3003 4043 et
3032 3990 3317 4045 manifesta
3367 3989 3575 4045 visione
3598 3989 3762 4062 perﬁ-

2170 4078 2333 4134 citur.
2366 4078 2803 4134 Tabernaculum
2864 4079 3032 4150 igitur
3051 4078 3183 4149 justi
3225 4093 3416 4149 pacem
3447 4078 3653 4135 habere
3681 4078 3760 4134 di-

2170 4171 2334 4237 citur,
2362 4172 2491 4241 quia
2517 4171 2769 4226 videlicet
2788 4170 2904 4238 ejus
2942 4185 3137 4240 corpus
3174 4171 3319 4240 quod
3342 4180 3522 4226 mente
3547 4170 3760 4226 inhabi-

2171 4269 2340 4328 tatur,
2374 4280 2401 4315 a
2432 4263 2702 4332 perversis
2748 4262 3142 4316 desideriorum
3177 4262 3433 4327 motibus,
3470 4260 3574 4316 sub
3592 4259 3757 4330 justi-

2171 4352 2256 4407 tiae
2281 4353 2633 4422 dispositione
2695 4350 3020 4407 refrenatur.
3073 4352 3331 4421 Sequitur
3385 4352 3498 4407 :Et
3541 4354 3759 4409 otsitaas

2169 4445 2387 4511 speciem
2413 4453 2558 4496 tuam
2586 4458 2689 4497 non
2715 4442 2974 4512 peccabis.
2994 4472 3065 4483 -—
3091 4441 3311 4512 Species
3347 4443 3546 4512 quippe
3572 4453 3757 4499 nostra

2168 4531 2369 4586 dicitur
2413 4533 2692 4602 proximus
2720 4542 2925 4597 noster,
2954 4532 3082 4600 quia
3111 4532 3164 4585 in
3194 4531 3285 4587 illo
3313 4535 3591 4587 cernimus
3615 4533 3759 4602 quod

2169 4639 2356 4679 sumus
2383 4624 2502 4694 ipsi.
2534 4622 2781 4692 Speciem
2816 4636 2944 4693 ergo
2983 4636 3135 4676 suam
3167 4622 3351 4677 visitat
3373 4624 3517 4691 quis,
3542 4637 3667 4677 cum
3689 4623 3757 4678 ad

2168 4730 2291 4771 eum
2316 4732 2478 4785 quem
2509 4716 2610 4769 sibi
2642 4715 2874 4770 similem
2902 4731 3000 4784 per
3026 4724 3279 4769 naturam
3310 4715 3597 4786 conspicit,
3628 4730 3752 4785 pas-

2166 4810 2318 4864 sibus
2340 4811 2542 4864 amoris
2569 4808 2769 4863 tendit:
2799 4816 2855 4862 ut
2877 4809 2929 4860 in
2958 4807 3132 4862 altero
3160 4822 3256 4862 sua
3279 4809 3657 4872 considerans,
3686 4822 3754 4863 ex

2167 4902 2348 4971 seipse
2399 4900 2619 4970 colligat
2661 4898 2896 4968 qualiter
2936 4898 3239 4953 inﬁrmitati
3289 4898 3514 4953 alterius
3556 4898 3755 4952 conde-

2168 4995 2408 5049 scendat.
2457 4992 2596 5046 Hinc
2638 4991 2834 5045 Paulus
2879 4991 2955 5046 ait
3008 5008 3023 5045 :
3081 5009 3100 5042 ι
3158 4989 3357 5046 Factus
3401 5006 3519 5046 sum
3550 4989 3750 5046 Iudaeis

2169 5095 2425 5154 tanquam
2460 5083 2696 5146 Judaeus,
2730 5094 2792 5137 ut
2825 5082 3040 5138 Judaeos
3088 5082 3364 5149 luerarer;
3408 5083 3474 5138 iis
3510 5084 3605 5155 qui
3651 5083 3751 5138 sub

2167 5176 2284 5248 lege
2339 5188 2488 5240 sunt,
2529 5177 2683 5245 quasi
2713 5176 2814 5230 sub
2841 5176 2958 5246 lege
2984 5188 3161 5229 essem
3208 5175 3351 5247 (cum
3393 5174 3507 5245 ipse
3536 5189 3642 5229 non
3665 5190 3752 5230 es-

2168 5280 2282 5320 sem
2324 5269 2422 5319 sub
2448 5266 2610 5335 lege),
2648 5275 2705 5317 ut
2740 5280 2833 5319 eos
2855 5266 2945 5334 qui
2975 5265 3075 5318 sub
3113 5264 3229 5335 lege
3265 5273 3443 5329 erant,
3469 5264 3748 5319 lucriface-
