4004 5340
300 183 402 239 165

1046 170 1345 227 ΕΡιΤΟΜΕ
1383 166 1749 227 ιιοιιΑιιυιι
1788 164 1850 219 S.
1892 160 2103 219 GBEG.
2142 164 2212 219 IN
2252 164 2393 221 JOB.
2432 194 2499 205 -—
2538 167 2664 220 LIB.
2707 167 2814 222 VII.

3453 166 3554 223 N36

295 296 478 350 salvos
506 291 559 364 (Ι
588 290 715 347 Cor.
746 303 822 353 xx,
869 285 953 359 lC,
994 284 1110 353 22),
1147 303 1164 334 ι
1192 283 1343 339 Tunc
1380 282 1544 338 etiam
1572 279 1730 351 plene
1759 277 1876 332 vin-
1901 275 1952 337 Α
1982 275 2126 332 limae
2154 277 2531 335 retributionis
2564 278 2806 350 intelligi.
2866 278 2920 334 ln
2951 278 3281 337 abundantia
3314 296 3444 353 ergo
3471 298 3557 338 sc-

295 384 443 438 citur
483 388 788 452 peccatum,
814 392 936 434 cum
984 390 1050 430 ex
1072 390 1167 430 sua
1207 373 1562 429 similitudine
1586 370 1873 440 unusquis-

295 486 403 540 que
476 470 758 541 perpendit
828 465 1097 537 quomodo
1169 466 1223 519 in
1288 463 1577 518 dilectione
1642 459 1874 532 proximi

296 561 580 616 dilatetur.
611 550 869 632 Sequitur
904 576 917 611 :

380 655 549 710 Vens.
606 651 694 705 25.
734 649 802 704 Et
847 649 977 705 scies
1003 648 1248 718 quoniam
1279 644 1551 716 multiplex
1578 645 1678 700 erit
1706 660 1879 699 semen

299 758 471 801 trium.
493 773 568 785 —
604 742 738 797 Cum
779 753 908 793 vero
938 755 966 792 a
994 738 1142 793 vitiis
1182 751 1309 791 caro
1359 735 1726 806 restringitur,
1756 750 1878 790 cum

298 849 459 890 mens
498 828 792 887 virtutibus
824 836 1132 890 exercetur,
1157 832 1326 879 restat
1348 834 1405 877 ut
1441 822 1710 893 loquendo
1737 824 1884 892 quis-

300 942 408 998 que
467 925 657 979 doceat
707 920 872 974 vitam
901 933 1061 989 quam
1102 917 1344 972 moribus
1387 926 1586 971 servat.
1618 915 1710 970 llle
1736 915 1881 971 enim

299 1016 501 1070 uberes
526 1012 734 1066 fructus
761 1008 1159 1080 praedicationis
1187 1006 1408 1075 colligit,
1439 1006 1531 1077 qui
1558 1006 1763 1061 semina
1794 1008 1887 1061 bo-

301 1122 386 1160 na:
432 1102 765 1173 operationis
807 1098 1105 1171 praemittit.
1147 1097 1215 1153 Et
1259 1107 1407 1153 tanto
1434 1097 1553 1166 ejus
1607 1096 1887 1153 fecundius

304 1194 713 1267 prmdieationis
764 1193 1037 1252 tribuitur,
1085 1200 1286 1260 quanto
1317 1190 1493 1245 hocin
1519 1187 1636 1257 ejus
1668 1199 1887 1260 pectore

305 1285 534 1356 perfecti
593 1284 772 1356 operis
820 1282 1140 1338 exaratione
1183 1284 1529 1353 praevenitur.
1579 1282 1885 1352 Sequitur:

307 1376 375 1430 Et
424 1377 699 1448 progenies
741 1384 831 1429 tua
861 1376 992 1428 sicut
1022 1375 1178 1428 herba
1210 1385 1386 1430 terrm.
1422 1406 1493 1415 —
1520 1374 1658 1443 Quia
1687 1376 1754 1431 de
1774 1376 1890 1446 ejus

308 1467 620 1522 imitatione
665 1465 930 1527 nascitur,
980 1465 1106 1518 dum
1155 1474 1399 1519 arentem
1446 1466 1729 1536 prtesentis
1769 1467 1892 1521 vita:

306 1558 535 1629 gloriam
568 1556 786 1619 deserit,
822 1570 916 1626 spe
960 1554 1013 1609 in
1044 1564 1243 1610 aeterna
1298 1556 1591 1611 viridescit.
1626 1555 1723 1612 Vel
1747 1564 1892 1612 certe

302 1649 436 1719 justi
487 1648 771 1718 progenies
801 1646 943 1702 sicut
972 1646 1137 1701 herba
1187 1654 1345 1701 terra:
1370 1648 1567 1713 oritur,
1597 1647 1722 1719 quia
1763 1648 1891 1703 dum

308 1740 549 1795 vivendo
577 1746 847 1792 monstrat
874 1738 1019 1806 quod
1044 1737 1388 1808 praedicando
1417 1739 1630 1801 asserit,
1657 1739 1892 1794 multitu-

313 1830 383 1885 do
411 1828 757 1899 sequentium
797 1827 1207 1882 innumerabilis
1235 1830 1495 1900 exsurgit.
1527 1828 1783 1899 Sequitur
1810 1847 1822 1883 :

381 1916 554 1973 Vsus.
584 1916 678 1971 26.
719 1915 1039 1986 Ingredieris
1068 1917 1121 1968 in
1149 1917 1474 1971 abundantia
1502 1919 1898 1989 sepulcrum.—

312 2006 455 2074 Quid
487 2007 632 2062 enim
663 2006 893 2077 sepulcri
927 2007 1178 2069 nomine,
1213 2007 1313 2061 nisi
1345 2008 1760 2078 contemplativa
1790 2010 1896 2063 vita

310 2097 607 2167 signatur?
657 2097 845 2151 Activa
878 2111 1093 2166 quoque
1126 2096 1231 2151 vita
1273 2098 1579 2167 sepulcrum
1615 2108 1728 2164 est,
1771 2099 1897 2168 quia

313 2201 342 2239 a
376 2187 559 2257 pravis
589 2200 691 2241 nos
718 2187 971 2258 operibus
996 2196 1235 2241 mortuos
1263 2189 1412 2258 tegit.
1446 2188 1553 2243 Sed
1579 2189 1902 2259 contempla-

314 2277 426 2328 tiva
458 2274 699 2345 perfecte
728 2275 953 2346 sepelit,
998 2277 1121 2345 quia
1151 2292 1180 2329 a
1213 2277 1421 2333 cunctis
1458 2280 1638 2332 mundi
1671 2278 1899 2332 actioni-

313 2364 416 2420 bus
447 2364 691 2420 funditus
717 2365 926 2420 dividit.
977 2365 1113 2420 llinc
1151 2365 1347 2421 Paulus
1382 2368 1606 2437 sepultis
1646 2368 1900 2423 dicebat:

319 2472 341 2506 ι
373 2456 568 2509 Mortui
601 2455 744 2510 enim
773 2456 906 2511 estis
928 2496 943 2522 ,
975 2474 993 2506 ι
1043 2465 1098 2510 et
1138 2457 1345 2527 reliqua
1374 2456 1511 2528 (Col.
1542 2474 1624 2522 Ill,
1654 2458 1730 2529 5).
1762 2458 1903 2513 llinc

315 2555 400 2602 est
434 2546 580 2616 quod
608 2546 881 2601 Abraham
915 2546 1195 2619 conjugem
1244 2559 1510 2603 mortuam
1558 2552 1609 2605 in
1658 2551 1903 2621 sepulcro

317 2639 517 2708 duplici
550 2639 765 2709 sepelit.
821 2640 919 2694 Vir
963 2642 1160 2711 quippe
1205 2641 1476 2711 perfectus
1511 2643 1815 2713 sepulcrum
1849 2644 1901 2699 in

318 2729 653 2785 abundantia
686 2731 1013 2802 ingreditur,
1039 2734 1166 2805 quia
1198 2735 1348 2805 prius
1377 2737 1565 2792 activa:
1592 2738 1715 2793 vitae
1741 2753 1904 2808 opera

317 2829 631 2891 congregat,
655 2832 709 2875 et
734 2820 1074 2891 postmodum
1096 2824 1278 2879 carnis
1299 2839 1514 2879 sensum
1542 2840 1639 2895 per
1663 2836 1905 2881 contem-

318 2911 619 2981 plationem
651 2923 949 2979 mortuum,
979 2915 1122 2971 hunc
1155 2918 1354 2972 mundo
1382 2916 1622 2974 funditus
1644 2921 1900 2976 occultat.

320 3002 569 3057 Actionis
610 3004 845 3073 namque
886 3014 1094 3075 tempus
1137 3007 1371 3077 primum
1404 3017 1526 3065 est:
1563 3013 1900 3082 contempla-

321 3092 488 3147 tionis
525 3103 851 3150 extremum.
906 3095 1056 3154 Unde
1091 3115 1314 3155 necesse
1359 3110 1482 3167 est,
1530 3115 1591 3158 ut
1631 3103 1903 3174 perfectus

323 3185 555 3256 quisque
598 3187 751 3256 prius
798 3198 1032 3245 mentem
1074 3191 1364 3248 virtutibus
1404 3204 1697 3262 exerceat,
1742 3204 1903 3269 atque

323 3272 466 3328 banc
500 3276 842 3345 postmodum
887 3278 940 3332 in
981 3279 1235 3336 horreum
1266 3283 1463 3352 quietis
1491 3283 1711 3340 condat.
1766 3284 1904 3343 Hinc

324 3374 413 3421 est
440 3369 582 3435 quod
613 3365 787 3423 Jacob
842 3384 941 3439 pro
970 3368 1171 3427 Rachel
1202 3374 1458 3441 servivit,
1490 3384 1540 3430 et
1572 3374 1723 3431 Liam
1754 3391 1911 3434 acce-

325 3456 426 3525 pit.
484 3455 671 3514 Potest
706 3460 871 3514 etiam
915 3476 1013 3531 per
1038 3463 1344 3534 sepulcrum
1375 3482 1482 3522 non
1515 3468 1690 3523 solum
1721 3469 1776 3524 in
1805 3469 1909 3527 hac

311 3545 438 3602 'vita
481 3557 663 3605 nostra
692 3552 1104 3623 contemplatio,
1154 3555 1249 3611 sed
1277 3557 1431 3626 quies
1459 3568 1678 3615 mteruae
1723 3569 1779 3615 et
1827 3561 1910 3616 in-

1930 2957 1976 3020 C

1980 366 2225 438 pulcrum
2252 366 2572 437 ingreditur,
2594 369 2687 438 qui
2710 377 2832 438 post
2850 378 3111 441 congesta
3131 370 3254 425 vita
3278 371 3557 440 praesentis

1978 472 2143 528 opera
2190 474 2222 514 a
2264 459 2628 515 mutabilitate
2652 475 2751 515 sua
2779 460 2935 529 plene
2963 469 3209 516 mortuus
3249 462 3303 516 in
3344 470 3557 517 secreto

1978 552 2094 607 veri
2121 550 2339 607 luminis
2365 552 2692 607 occultatur.
2746 551 2896 608 Unde
2925 568 3023 622 per
3048 552 3389 609 Psalmistam
3418 554 3557 609 dici-

1983 652 2110 700 tur:
2144 663 2163 696 ι
2196 644 2510 700 Abscondes
2538 660 2634 700 eos
2660 646 2713 700 in
2746 647 3064 703 abscondito
3091 647 3270 703 vultus
3304 648 3381 703 tui
3408 689 3422 711 ,
3453 665 3473 698 ι
3501 655 3558 702 et

1983 735 2191 805 reliqua
2244 733 2415 808 (Psal.
2455 752 2585 801 xxx,
2632 737 2749 802 Ἦ).
2805 737 3099 807 Sequitur:
3145 737 3292 794 Sicut
3336 740 3561 809 a/fertur

1984 843 2198 882 ucewus
2223 828 2381 882 tritici
2407 829 2461 882 in
2491 839 2717 897 tempore
2752 845 2954 883 suo.—
2983 828 3332 883 Frumentum
3363 830 3561 900 quippe

1987 920 2040 974 in
2072 929 2252 990 segete
2280 920 2392 975 sole
2435 921 2690 990 tangitur,
2738 921 2864 990 quia
2911 921 2964 974 in
3011 920 3114 975 hac
3138 922 3247 974 vita
3290 920 3560 986 humana,

1987 1012 2164 1065 anima
2197 1018 2442 1080 respectu
2474 1011 2692 1081 superni
2730 1010 2947 1066 luminis
2975 1010 3294 1065 illustratur.
3346 1010 3562 1067 Pluvias

1987 1099 2253 1170 percipit,
2298 1098 2424 1169 quia
2462 1101 2704 1154 veritatis
2745 1100 2959 1169 eloquio
3000 1099 3324 1169 pinguescit.
3375 1098 3564 1155 Ventis

1990 1190 2320 1254 concutitur,
2351 1189 2475 1259 quia
2510 1190 2917 1259 tempestatibus
2948 1196 3266 1252 exercetur;
3292 1196 3347 1243 et
3380 1201 3564 1241 secum

1992 1293 2299 1338 crescentes
2327 1281 2508 1352 paleas
2538 1290 2748 1352 portat,
2788 1281 2912 1350 quia
2944 1280 3256 1351 nequiorem
3287 1288 3475 1334 contra
3506 1290 3566 1333 se

1992 1374 2233 1444 quotidie
2260 1374 2424 1428 vitam
2451 1374 2791 1442 peccnntium
2830 1373 3054 1436 tolerat;
3100 1380 3262 1441 atque
3287 1371 3352 1425 ad
3382 1383 3566 1425 aream

1994 1466 2280 1522 deductum
2307 1467 2670 1521 triturationis
2692 1466 2926 1536 pondere
2954 1465 3236 1535 premitur,
3262 1472 3321 1518 ut
3342 1479 3371 1517 a
3395 1463 3571 1533 palea-

1996 1575 2114 1613 rum
2145 1559 2479 1615 connexione
2508 1559 2766 1614 solvatur.
2802 1558 2937 1625 Quia
2972 1573 3124 1612 mens
3148 1566 3331 1611 nostra
3363 1552 3571 1612 cwlesti

1995 1650 2290 1720 disciplina:
2318 1651 2613 1720 supposita,
2638 1651 2763 1704 dum
2789 1648 3144 1704 correctionis
3166 1646 3371 1717 ﬂagella
3397 1643 3571 1714 perci-

1995 1742 2093 1811 pit,
2115 1756 2146 1795 a
2169 1743 2425 1797 societate
2448 1740 2748 1796 carnalium
2774 1738 3025 1793 mundior
3048 1737 3270 1800 recedit,
3295 1746 3352 1792 et
3370 1735 3570 1791 relictis

1996 1831 2181 1901 paleis,
2203 1832 2269 1886 ad
2297 1831 2552 1886 horreum
2581 1830 2826 1886 ducitur:
2856 1829 2979 1898 quia
3010 1827 3140 1883 foris
3166 1825 3571 1881 remanentibus

1997 1923 2259 1993 reprobis,
2283 1922 2452 1977 electa
2484 1922 2663 1976 anima
2691 1921 2758 1976 ad
2785 1933 3028 1987 supernae
3055 1916 3351 1972 mansionis
3378 1915 3573 1986 gaudia

1997 2021 2197 2066 aeterna
2244 2012 2574 2066 sublevatur.
2632 2011 2698 2065 Et
2742 2011 2796 2065 in
2840 2008 3022 2063 alieno
3064 2008 3285 2077 quidem
3333 2016 3575 2075 tempore

1998 2101 2374 2170 percussiones
2404 2102 2674 2162 sentiunt,
2720 2101 2813 2155 sed
2845 2101 2896 2154 in
2928 2114 3025 2155 suo
3056 2114 3085 2151 a
3115 2098 3461 2169 percussione
3491 2109 3577 2150 re-

1946 2254 1951 2260 ,
1999 2191 2305 2259 quiescunt.
2357 2191 2555 2245 Electis
2592 2192 2790 2259 quippe
2827 2198 3040 2258 tempus
3077 2197 3162 2243 est
3200 2187 3434 2242 alienum
3466 2187 3577 2240 vita

2000 2291 2265 2348 prazsens,
2304 2277 2447 2332 unde
2475 2278 2797 2347 quihusdam
2828 2278 3006 2331 adhuc
3036 2277 3342 2332 infidelibus
3370 2274 3580 2329 Veritas

2002 2370 2132 2428 dicit
2156 2384 2173 2424 :
2202 2387 2221 2421 ι
2244 2368 2483 2438 Tempus
2509 2383 2686 2424 meum
2714 2368 2948 2423 nondum
2976 2368 3139 2428 venit,
3167 2374 3375 2435 tempus
3399 2374 3580 2419 autem

2002 2471 2241 2519 vestrum
2254 2474 2469 2528 semper
2480 2467 2822 2528 estparatum
2839 2456 2895 2528 (Ι
2898 2474 3021 2512 οαη.
3040 2455 3225 2525 vn,6).
3239 2476 3258 2507 ι
3289 2455 3575 2523 Sequitur:

2074 2552 2235 2607 Vens.
2263 2551 2355 2606 27.
2396 2549 2531 2604 Ecce
2568 2550 2665 2603 hoc
2711 2559 2766 2603 ut
2810 2548 3228 2618 investigavimus
3272 2546 3348 2599 ita
3393 2553 3581 2599 est.—

1979 2642 2199 2713 -Liquet
2223 2639 2465 2712 profecto
2490 2641 2631 2711 quod
2666 2640 2718 2694 in
2748 2639 2834 2694 his
2861 2639 2934 2694 nit
2971 2640 3040 2694 ab
3072 2654 3138 2693 eo
3170 2638 3324 2708 juxta
3357 2635 3582 2707 superli.

2004 2737 2145 2793 ciem
2170 2735 2390 2799 dicitur,
2424 2733 2552 2803 quia
2583 2732 2842 2788 nimirum
2886 2737 3011 2786 ante
3054 2728 3248 2784 faciem
3291 2743 3398 2783 non
3437 2726 3583 2797 jacet

2005 2826 2150 2896 quod
2182 2824 2561 2894 investigatur.
2613 2821 2715 2889 Qui
2744 2836 2875 2892 ergo
2904 2820 3018 2876 lucc
3045 2818 3375 2889 investigare
3406 2831 3466 2871 se
3498 2816 3584 2870 in-

2006 2918 2173 2980 dicat,
2198 2916 2323 2987 quia
2354 2915 2406 2970 in
2434 2914 2613 2969 verbis
2638 2913 3000 2969 exterioribus
3026 2911 3282 2967 interiora
3310 2906 3583 2979 quaesierit

2009 3008 2364 3063 demonstrat.
2417 3004 2713 3076 Sequitur:
2747 3003 2900 3070 Quod
2935 3004 3206 3069 auditum,
3253 3011 3419 3055 mente
3464 3015 3586 3070 per-

2009 3108 2199 3155 tractu.
2219 3129 2289 3139 —
2312 3097 2661 3166 Quantalibet
2700 3098 2844 3154 enim
2887 3097 3133 3151 doctrina
3165 3109 3319 3150 meus
3347 3092 3580 3163 polleat,

2009 3191 2191 3262 gravis
2241 3190 2361 3261 ejus
2415 3188 2683 3259 imperitia
2729 3197 2814 3244 est
2855 3187 2991 3242 velle
3041 3187 3235 3241 docere
3279 3182 3582 3238 meliorem.

2011 3283 2164 3339 Unde
2212 3291 2267 3337 et
2308 3297 2372 3337 ea
2417 3296 2538 3353 qua:
2580 3279 2651 3334 ab
2694 3279 2927 3335 inimicis
2971 3286 3120 3334 recta
3165 3273 3374 3346 prolata
3418 3280 3583 3338 sunt,

2010 3374 2080 3430 ab
2100 3373 2313 3428 interno
2335 3373 2540 3428 arbitro
2571 3386 2678 3427 non
2716 3378 2858 3425 recta
2885 3367 3216 3437 judicantur.
3259 3365 3317 3420 ln
3344 3378 3409 3419 eo
3432 3378 3587 3418 nam-

2008 3480 2114 3538 que
2134 3466 2243 3520 vim
2266 3479 2377 3521 sua:
2403 3462 2741 3520 rectitudinis
2764 3462 3033 3525 amittunt,
3057 3459 3201 3529 quod
3225 3456 3456 3512 auditori
3478 3470 3586 3511 nou

2011 3565 2332 3630 congruunt.

346 3734 3584 3770 W

1495 3884 1794 3963 LIBER
1870 3884 2414 3964 SEPTIMUS.

933 4183 1163 4241 CAPUT
1219 4184 1307 4243 VI.

402 4275 568 4332 Vens.
595 4275 655 4343 2,
683 4277 738 4331 5.
783 4273 1000 4332 Utinam
1032 4282 1539 4350 apprehenderentur
1567 4294 1779 4355 peccata
1799 4300 1914 4338 mea

328 4365 513 4433 quibus
542 4365 679 4419 iram
704 4369 895 4432 merui,
923 4376 970 4421 et
999 4369 1274 4426 calamitas
1303 4390 1458 4443 quam
1485 4375 1681 4444 patior,
1717 4375 1773 4428 in
1798 4384 1911 4428 sta—

331 4452 485 4505 tera!
524 4453 678 4522 quasi
716 4470 876 4507 arena
918 4458 1078 4511 maris
1117 4460 1228 4514 ha’c
1270 4462 1479 4533 gravior
1523 4473 1813 4533 appareret.
1843 4493 1914 4505 —

334 4538 566 4595 Staterze
592 4542 811 4597 nomine
837 4543 929 4598 Dei
969 4555 1025 4600 et
1049 4546 1328 4603 hominum
1361 4548 1623 4605 Mediator
1651 4551 1914 4621 exprimi-

333 4637 441 4692 tur,
470 4630 562 4698 qui
591 4631 658 4684 ad
689 4633 1021 4700 pensandum
1052 4635 1175 4691 vitae.
1213 4648 1413 4693 nostra:
1447 4641 1695 4695 meritum
1727 4642 1913 4706 venit,

334 4733 398 4773 ac
426 4733 608 4775 secum
643 4721 913 4791 justitiam
952 4724 1111 4778 simul
1153 4735 1208 4781 et
1246 4728 1673 4785 misericordiam
1701 4728 1911 4785 detulit.

335 4804 442 4861 Sed
463 4808 851 4864 misericordize
870 4809 1019 4866 lance
1039 4816 1452 4884 prteponderans
1473 4818 1658 4889 culpas
1679 4829 1915 4883 nostras,

335 4898 603 4965 parcendo
624 4896 902 4967 levigavit.
931 4898 1221 4958 Calamitas
1245 4903 1462 4973 quidem
1492 4907 1542 4960 in
1568 4917 1770 4962 statera
1797 4921 1918 4975 gra-

332 4986 413 5041 vis
437 4988 709 5059 apparuit,
742 4986 872 5055 quia
906 4988 1101 5041 malum
1133 4995 1273 5061 quod
1305 4995 1559 5062 pertulit,
1605 4996 1816 5052 nonnisi
1863 4994 1914 5046 in

329 5079 608 5146 presentia
642 5077 1030 5146 Redemptoris
1054 5085 1288 5149 agnovit.
1336 5082 1510 5155 Magni
1539 5097 1721 5142 autem
1750 5096 1918 5138 arena

322 5175 489 5230 maris
532 5182 622 5229 est
669 5170 967 5241 ponderis,
1013 5174 1103 5226 sed
1146 5176 1429 5231 calamitas
1472 5178 1711 5233 hominis
1753 5188 1916 5231 arena

315 5270 485 5326 maris
507 5266 742 5340 gravior
772 5260 995 5327 dicitur,
1031 5266 1151 5332 quia
1182 5270 1315 5322 dura
1348 5266 1516 5323 fuisse
1547 5285 1703 5338 plena
1732 5278 1916 5320 osten-

1941 4194 1994 4255 ι)
2017 4187 2186 4244 sentia
2215 4186 2431 4255 tolerat,
2458 4188 2526 4243 ad
2554 4186 2701 4244 aliud
2729 4186 2997 4258 loquendo
3025 4189 3280 4259 suspirat.
3316 4188 3417 4258 Qui
3446 4189 3589 4247 enim

2019 4278 2506 4349 peregrinationem
2536 4293 2637 4348 pro
2666 4279 2841 4346 patria
2878 4278 3091 4351 diligit,
3139 4280 3376 4337 dolorem
3426 4280 3590 4337 etiam

2015 4366 2158 4421 inter
2182 4366 2395 4422 dolores
2423 4368 2615 4422 nescit.
2650 4367 2942 4438 Sequitur:

2085 4457 2239 4513 Vers.
2269 4458 2321 4513 4.
2374 4456 2511 4523 Quia
2558 4459 2763 4528 sagitta:
2793 4460 3006 4513 Domini
3033 4460 3085 4514 in
3115 4476 3197 4515 me
3219 4470 3360 4516 sunt.
3390 4491 3462 4503 -
3485 4462 3590 4518 Sa-

2016 4549 2272 4620 gittarum
2311 4549 2509 4620 quippe
2546 4550 2766 4605 nomine
2804 4550 3096 4620 aliquando
3147 4554 3591 4623 praedicationum

2015 4639 2181 4693 verba
2207 4638 2510 4709 signantur.
2539 4638 2616 4694 De
2646 4639 2728 4694 liis
2750 4638 3037 4694 Psalmista
3059 4641 3135 4694 ait
3159 4658 3172 4694 :
3206 4658 3225 4691 ι
3249 4638 3468 4710 Sagittae
3490 4649 3595 4692 tua:

2016 4736 2209 4789 acutae,
2235 4746 2251 4777 ι
2294 4736 2348 4781 et
2372 4725 2581 4795 reliqua
2611 4726 2728 4798 (Ps.
2754 4743 2884 4792 χιιι,
2913 4728 2990 4800 ϐ).
3015 4729 3081 4784 Et
3111 4729 3312 4784 Isaias:
3345 4748 3362 4779 ι
3387 4727 3593 4782 Mittam

2017 4833 2083 4872 ex
2118 4819 2204 4872 his
2249 4819 2340 4887 qui
2387 4817 2579 4873 salvati
2634 4818 2836 4872 fuerint
2884 4820 2953 4874 ad
3003 4831 3191 4891 gentes
3240 4819 3291 4871 in
3340 4816 3497 4881 mari,
3539 4817 3595 4870 in

2018 4905 2221 4969 Africa,
2266 4907 2319 4959 in
2364 4905 2553 4974 Lydia,
2602 4914 2847 4961 tenentes
2894 4911 3140 4979 sagittas,
3191 4907 3242 4960 in
3286 4904 3515 4969 Italiam,
3543 4910 3601 4958 et

2019 4993 2281 5050 Graeciam
2308 4992 2441 5065 (Isa.
2467 5010 2616 5059 LXVI.
2654 4996 2763 5065 l9).
2787 5014 2805 5046 ι
2840 4995 3146 5066 Aliquando
3179 4993 3601 5047 animadversio-

2021 5084 2107 5139 nis
2156 5085 2420 5138 scnteulia
2473 5084 2813 5157 designatur,
2858 5084 3006 5140 sicut
3053 5086 3178 5140 Joas
3218 5078 3327 5148 regi
3367 5094 3462 5149 per
3497 5079 3605 5133 Eli-

2024 5188 2173 5227 seum
2227 5173 2463 5228 dicitur:
2502 5173 2665 5230 «Jace
2702 5172 2949 5241 sagittam
3001 5171 3107 5241 (IV
3134 5168 3261 5236 Reg.
3294 5183 3416 5232 χιιι,
3447 5168 3553 5238 l7).
3580 5184 3602 5218 ι

2023 5262 2140 5329 Quo
2160 5263 2377 5332 jaceute
2400 5261 2476 5314 ait
2506 5280 2520 5315 :
2554 5284 2572 5314 ι
2598 5261 2873 5318 Percuties
2915 5258 3154 5328 Syriam,
3207 5255 3377 5312 donec
3416 5272 3610 5313 consu-
