4004 5340
461 326 560 383 I67

1447 316 1507 374 s.
1546 274 1800 374 epotus
1831 306 2121 369 ABBATIS
2154 307 2654 368 CLUNIACENSIS
2685 309 2731 365 ιι

3649 311 3747 371 168

460 457 575 501 tum
620 455 815 498 meum.
839 469 909 480 —
931 435 1073 505 Quid
1104 442 1189 490 est
1216 432 1440 504 spiritus
1462 431 1724 497 hominis,
1756 430 1859 486 nisi
1890 427 2052 499 spiri-
2080 432 2128 492 Α
2156 426 2361 499 sequiis
2386 427 2649 493 intentus,
2672 425 2847 497 legem
2875 423 3180 496 intelligere
3215 425 3541 498 spiritaliter
3560 426 3747 483 nolueo

468 543 559 591 tus
604 529 891 588 elationis?
917 526 1141 598 Sagitta:
1178 533 1360 581 autem
1404 522 1617 579 Domini
1659 512 1909 591 spiritum
1946 519 2045 574 ho-

465 622 632 679 minis
673 618 916 681 ebibunt,
965 629 1090 671 cum
1128 626 1381 683 supernae
1410 607 1903 666 animadversionis
1929 621 2053 663 sen-

469 716 637 772 tentia
694 709 948 767 alllictam
1007 717 1247 762 mentem
1288 705 1358 760 ab
1404 702 1640 760 elatione
1682 707 2057 771 compescunt,

466 819 593 861 cum
623 813 872 871 superna:
906 796 1192 854 sententiae
1214 795 1422 850 electos
1449 807 1588 863 quos
1622 791 1677 846 in
1706 789 1949 862 peccatis
1976 788 2060 843 in-

467 894 717 960 veniunt,
762 891 892 947 dum
941 886 1270 951 vulnerant,
1315 884 1639 948 immutant,
1690 892 1752 935 ut
1801 879 2058 935 duritiant

468 1000 626 1044 suam
660 981 922 1040 transfixa
968 993 1124 1035 mens
1168 976 1406 1041 deserat,
1453 982 1617 1044 atque
1660 988 1726 1029 ex
1776 970 2060 1027 salutifero

468 1078 692 1135 vulnere
716 1073 935 1145 sanguis
947 1068 1305 1128 confessionis
1329 1075 1537 1123 currat.
1555 1064 1844 1136 Sequitur:
1862 1063 1930 1118 Et
1956 1074 2062 1118 ter-

469 1166 616 1227 rores
665 1165 881 1222 Domini
920 1162 1150 1218 militant
1178 1170 1360 1217 contra
1382 1175 1484 1213 me.
1505 1188 1579 1198 —
1600 1156 1882 1212 Justorum
1910 1170 2065 1211 mens

472 1276 583 1316 non
621 1257 796 1314 solmn
829 1252 1117 1326 perpendit
1158 1251 1289 1322 quid
1341 1249 1552 1314 tolerat,
1591 1248 1685 1304 sed
1715 1248 1879 1301 etiam
1907 1255 2067 1316 pavet

470 1352 618 1423 quod
646 1357 835 1406 restat.
864 1347 1024 1402 Videt
1046 1345 1228 1416 qualia
1260 1344 1314 1398 in
1341 1344 1443 1399 hac
1469 1343 1583 1397 vita
1620 1341 1844 1412 patitur,
1869 1338 2066 1396 metuit

473 1461 544 1501 ne
567 1452 690 1515 post
716 1443 856 1498 hanc
892 1438 1141 1512 graviora
1165 1438 1426 1509 patiatur.
1462 1436 1600 1491 Hinc
1628 1434 1916 1490 Psalmista
1946 1434 2022 1490 ait
2047 1452 2061 1489 :

483 1558 502 1590 ι
530 1537 590 1594 In
620 1551 707 1591 me
739 1533 1076 1589 transierunt
1113 1531 1208 1586 ira:
1247 1538 1371 1595 tute,
1400 1540 1457 1583 et
1485 1537 1720 1583 terrores
1744 1526 1823 1581 tui
1848 1534 2069 1582 contur-

476 1629 743 1684 baverunt
776 1639 862 1680 me
900 1621 1074 1696 (Psal.
1105 1635 1348 1685 Lxxxvn,
1379 1619 1492 1688 l7).
1524 1638 1544 1672 ι
1577 1617 1918 1673 Monum-sn.
1947 1615 2068 1672 iam

472 1718 675 1789 quippe
694 1731 791 1787 per
811 1714 973 1771 ﬁdem
995 1711 1305 1769 Mediatoris
1329 1710 1580 1775 vivimus,
1606 1717 1662 1765 et
1686 1717 1865 1764 tamen
1894 1708 2070 1764 adhuc

2158 519 2248 584 rit,
2268 519 2398 592 quid
2412 518 2558 575 aliud
2574 533 2739 590 quam
2752 516 3014 574 insulsum
3030 518 3211 574 cibum
3226 519 3486 575 comedit?
3500 518 3609 575 Sed
3625 516 3749 589 quia

2159 613 2451 685 praeceptis
2475 610 2592 682 ejus
2613 613 2749 668 dura
2764 610 3084 683 iubentibus
3117 610 3392 684 gentilitas
3414 610 3571 668 subdi
3596 624 3749 668 recu-

2159 707 2319 773 savit,
2350 706 2618 764 insulsum
2657 706 2839 763 cibum
2881 706 3171 763 comedere
3199 706 3395 775 noluit,
3426 722 3547 779 quae
3573 708 3751 778 prius-

2161 814 2325 869 quam
2353 798 2577 871 spiritns
2604 799 3013 856 condimentum
3037 800 3362 870 perciperet,
3391 815 3614 858 servare
3639 800 3753 857 vim
3783 798 3791 805 ’

2160 892 2358 948 littera:
2380 892 2619 963 expavit.
2652 891 2762 947 Sed
2786 892 2840 947 in
2871 892 2976 949 hoc
3001 892 3123 949 cibo
3144 892 3224 948 sal
3244 891 3461 956 Veritas
3485 893 3665 961 misit,
3697 900 3758 951 et

2162 985 2332 1043 latere
2355 985 2407 1041 in
2422 985 2541 1056 lege
2560 1000 2809 1055 saporem
2831 983 3060 1040 occulta:
3077 984 3444 1056 intelligentia:
3463 985 3649 1040 docuit
3668 983 3755 1040 di-

2163 1090 2292 1132 cens
2307 1093 2320 1129 :
2334 1074 2421 1131 «Si
2443 1072 2738 1130 crederetis
2752 1072 2942 1145 Moysi,
2965 1082 3050 1131 iet
3063 1074 3270 1145 reliqua
3286 1072 3344 1145 (Ι
3349 1091 3471 1129 oan.
3487 1068 3663 1147 v,&6).
3685 1073 3759 1129 Et

2164 1180 2402 1223 rursum.
2432 1182 2451 1217 ι
2473 1164 2681 1220 Habete
2704 1163 2784 1218 sal
2816 1161 2869 1217 in
2898 1162 3073 1219 vobis.
3109 1182 3129 1216 ι
3158 1162 3256 1218 Et:
3289 1180 3309 1215 ι
3331 1162 3529 1220 Pacem
3556 1162 3761 1219 habete

2166 1258 2308 1313 inter
2333 1272 2428 1312 vos
2457 1254 2652 1328 (Marc.
2692 1270 2771 1320 ιι,
2798 1254 2911 1326 50).
2938 1273 2960 1307 ›
2986 1253 3327 1312 Mommsen.
3352 1254 3529 1311 Verba
3558 1253 3762 1325 quippe

2167 1362 2458 1418 moresque
2504 1345 2833 1413 carnalium,
2872 1346 3029 1417 quasi
3059 1345 3236 1402 cibum
3267 1360 3328 1403 se
3366 1345 3569 1403 nostris
3603 1360 3761 1403 men-

2169 1441 2314 1498 tibus
2357 1440 2631 1511 ingerunt,
2677 1439 2732 1493 in
2785 1437 3161 1494 delectationis
3204 1447 3395 1495 ventre
3449 1436 3759 1507 rapiuntur.

2170 1531 2278 1588 Sed
2305 1531 2498 1587 doctus
2535 1530 2767 1601 quisque
2794 1528 2999 1585 insulsa
3031 1543 3139 1583 non
3182 1526 3440 1594 comedit,
3471 1526 3601 1598 quia
3628 1538 3761 1596 pra-

2169 1636 2360 1678 vorum
2387 1621 2530 1677 dicta
2555 1614 2807 1690 Factaque
2828 1618 3152 1691 dijudicans,
3193 1618 3261 1673 ab
3297 1631 3394 1674 ore
3426 1613 3606 1689 [aure]
3640 1629 3766 1671 oor-

2171 1714 2256 1769 dis
2285 1711 2517 1784 repellit.
2551 1709 2689 1766 Hinc
2715 1708 3001 1765 Psalmista
3023 1707 3140 1763 ait:
3170 1726 3190 1760 ι
3230 1706 3599 1762 Narraverunt
3629 1703 3766 1760 mihi

480 1824 581 1881 per
624 1804 1071 1877 expurgalionem
1097 1803 1378 1867 Viliorum.
1408 1800 1563 1870 quasi
1601 1800 1830 1871 sagittas
1854 1798 2066 1853 Domini
2099 1789 2142 1850 Β
2172 1805 2341 1877 iniqui
2366 1802 2724 1859 fabulationes
2750 1815 2897 1867 suas,
2923 1818 2942 1854 ι
2964 1807 3019 1856 et
3044 1798 3249 1869 reliqua
3268 1795 3422 1870 (Psal
3439 1811 3629 1863 cxvm,
3649 1794 3765 1865 85).

475 1900 611 1955 dura
633 1894 1123 1952 animadversionis
1145 1894 1346 1949 intima:
1366 1890 1575 1962 ﬂagella
1595 1891 1946 1947 sustinemus.
1965 1888 2071 1945 Sed

473 2004 603 2047 ecce
620 1998 677 2045 et
696 1988 893 2044 divina:
915 1986 1641 2057 correptionispercnssione
1660 1982 2000 2054 contigimur,
2018 1989 2075 2037 et

477 2093 659 2139 tamen
686 2083 865 2137 adhuc
907 2080 1040 2135 illud
1071 2088 1156 2135 est
1193 2078 1414 2150 gravius
1436 2076 1578 2147 quod
1607 2076 1674 2132 de
1706 2085 1916 2131 terrore
1944 2088 2073 2129 ven-

481 2177 591 2231 turi
618 2174 827 2231 iudicis
852 2183 1112 2229 aeternam
1136 2170 1665 2227 animadversionem
1695 2167 2070 2226 formidamus.

478 2265 738 2335 Sequitur
767 2280 782 2319 :

550 2357 718 2413 Vens.
749 2356 804 2411 5.
845 2353 1103 2426 Nunquid
1132 2353 1298 2424 rugiet
1326 2368 1521 2424 onager
1546 2366 1664 2404 cum
1690 2350 1931 2404 habuerit
1956 2348 2075 2403 Iter-

479 2448 639 2504 bam?
671 2456 763 2502 aut
792 2447 987 2516 mugiet
1019 2445 1110 2498 bos
1140 2459 1259 2497 cum
1289 2451 1411 2496 ante
1431 2456 1663 2512 praesepe
1684 2439 1898 2510 plenum
1919 2447 2070 2493 stete-

484 2539 552 2592 rit
570 2535 795 2592 3—Per
815 2548 1105 2606 onagrum,
1122 2542 1393 2604 agrestem
1416 2530 1652 2595 asinum,
1668 2527 1887 2598 gentilis
1907 2543 2075 2598 popu-

478 2627 565 2684 lus
604 2628 936 2699 designatur.
979 2624 1084 2681 Per
1112 2625 1327 2688 bovem,
1363 2622 1518 2693 plebs
1546 2619 1774 2676 Judaica
1803 2618 2075 2689 signiﬁca-

479 2731 590 2787 tur,
638 2736 761 2792 qua:
800 2720 928 2793 iugo
966 2733 1217 2791 supernae
1246 2714 1636 2772 dominationis
1667 2712 1964 2783 supposita,
2006 2711 2075 2766 ad

386 2854 393 2865 κ
489 2825 644 2880 spem
688 2809 993 2880 proselytos
1033 2806 1296 2877 colligens
1323 2804 1486 2885 corda
1513 2816 1633 2872 qua:
1656 2800 1826 2856 valuit
1852 2814 2076 2856 vomere

483 2898 625 2971 legis
651 2897 837 2953 traxit.
866 2894 1064 2952 Multos
1098 2894 1244 2950 enim
1271 2908 1335 2949 ex
1372 2892 1560 2963 gentili
1601 2890 1823 2962 populo,
1856 2905 1952 2947 seu
1977 2888 2076 2945 Ju-

485 2994 752 3058 dzeorum,
803 2987 1197 3045 incarnationis
1245 2985 1459 3041 Domini
1511 2984 1830 3055 mysterium
1860 2982 2075 3039 deside-

2175 1896 2599 1971 SequimnAut
2625 1904 2838 1966 gustare
2881 1892 3072 1965 aliquis
3095 1901 3281 1964 potest,
3320 1889 3459 1963 quod
3494 1896 3768 1961 gustatum

2174 1989 2329 2058 aﬂ'ert
2362 1996 2583 2042 mortem
2602 1987 2632 2040 β
2650 2015 2722 2027 -
2746 1984 2858 2041 Lex
2881 1998 3116 2054 namque
3154 1980 3447 2037 carnaliter
3482 1978 3769 2051 degustat:

2173 2089 2406 2135 mortem
2436 2076 2635 2142 intulit,
2671 2072 2797 2147 quia
2824 2073 3115 2131 commissa
3167 2070 3596 2142 delinquentium
3625 2069 3764 2125 dura

2175 2168 2649 2225 animadversione
2673 2165 2972 2233 distrinxit,
3002 2175 3059 2222 et
3084 2181 3182 2237 per
3200 2174 3530 2237 prmeeptum
3549 2162 3767 2234 culpam

2174 2261 2427 2328 innotuit,
2467 2269 2525 2318 et
2578 2262 2718 2317 hanc
2746 2276 2845 2332 per
2893 2261 3125 2332 gratiam
3168 2275 3276 2316 non
3327 2260 3547 2327 delevit,
3596 2258 3769 2315 Paulo

2146 2356 2491 2422 'attestante,
2517 2354 2611 2424 qui
2653 2354 2762 2409 ait:
2803 2372 2823 2406 ι
2871 2352 3016 2409 Nihil
3060 2353 3127 2409 ad
3168 2351 3468 2425 perfectum
3510 2352 3772 2424 perduxit

2175 2444 2259 2501 lex
2301 2444 2491 2516 (Hebr.
2538 2462 2636 2514 vn,
2664 2445 2775 2518 l9).
2812 2465 2832 2499 ι
2875 2445 2958 2502 Ad
3002 2443 3279 2503 Christum
3319 2460 3451 2502 vero
3500 2460 3768 2502 conversa

2150 2533 2468 2617 gentilitas,
2491 2549 2611 2605 quae
2637 2535 2815 2591 adhuc
2851 2550 3046 2591 sonare
3091 2551 3190 2607 per
3213 2535 3370 2591 verba
3396 2535 3532 2607 legis
3568 2534 3773 2591 intellio

2175 2625 2275 2696 git,
2305 2633 2594 2697 angustata
2629 2634 2756 2682 sunt
2787 2626 3073 2683 desideriis
3092 2626 3229 2682 Suis.
3256 2625 3600 2683 Monam-run.
3627 2626 3775 2685 San-

2176 2714 2251 2770 cti
2300 2714 2466 2785 igitur
2506 2714 2609 2770 viri
2650 2730 2773 2771 cum
2811 2715 3031 2771 aeternis
3074 2714 3360 2772 desideriis
3400 2715 3679 2783 anhelant,
3710 2716 3770 2772 in

2178 2811 2330 2859 tanta
2377 2805 2504 2861 vitae
2552 2804 2839 2861 altitudine
2884 2820 2943 2862 se
2991 2796 3295 2874 sublevant,
3339 2816 3399 2862 ut
3435 2806 3626 2864 audire
3652 2807 3769 2879 jam

2177 2911 2298 2967 qua:
2342 2897 2530 2953 mundi
2575 2906 2724 2964 sunt,
2766 2912 2930 2970 grave
2955 2898 3060 2955 sibi
3110 2915 3177 2956 ac
3216 2900 3525 2972 deprimens
3555 2901 3771 2973 pondus

2177 2988 2423 3044 credant.
2457 2987 2624 3045 Valde
2650 3004 2883 3060 namque
2929 2989 3276 3046 intolerabile
3299 2991 3593 3059 aestimant,
3616 2992 3772 3064 quid-

483 3098 662 3151 rasse,
703 3083 791 3139 bis
829 3081 1014 3137 verbis
1044 3079 1445 3150 cognoscimus.
1486 3074 1560 3130 De
1594 3072 1790 3145 quibus
1816 3071 2077 3129 Dominus
2106 3139 2147 3153 Α
2178 3077 2308 3147 quid
2336 3076 2469 3134 illud
2503 3093 2610 3134 non
2646 3087 2826 3145 sonat,
2853 3080 2999 3150 quod
3029 3081 3177 3137 intus
3202 3090 3408 3137 amant.
3435 3081 3591 3153 Saepe
3615 3084 3766 3140 enim

485 3177 566 3232 ait
591 3191 607 3230 :
689 3175 821 3231 Dico
847 3171 1022 3237 vobis,
1056 3139 1213 3225 multi
1237 3168 1368 3241 justi
1392 3176 1448 3224 et
1473 3167 1751 3237 propheta:
1786 3164 2075 3221 voluerunt
2102 3139 2148 3203 Ο
2178 3139 2332 3226 mens
2357 3184 2589 3241 superna
2611 3139 2839 3243 appetit,
2869 3139 2927 3228 et
2949 3172 3114 3229 stulta
3141 3173 3195 3228 in
3224 3172 3425 3230 infimis
3445 3139 3767 3241 contemnit,

484 3269 673 3326 videre
695 3281 814 3338 quae
842 3280 940 3322 vos
961 3264 1179 3329 videtis,
1200 3282 1220 3317 ι
1248 3272 1304 3319 et
1330 3262 1538 3334 reliqua
1567 3259 1785 3333 (Matth.
1812 3274 1932 3322 xm,
1959 3258 2071 3329 17).

486 3359 597 3417 Sed
630 3369 759 3415 tunc
787 3371 990 3428 onager
1026 3355 1253 3411 herbam
1302 3354 1531 3420 invenit,
1576 3368 1699 3408 cum
1731 3349 1947 3423 gentilis
1976 3364 2075 3420 po-

486 3449 648 3521 pulus
691 3448 892 3504 divina:
935 3444 1331 3502 incarnationis
1358 3444 1602 3515 gratiam
1644 3442 1875 3513 accepit.
1924 3440 2077 3496 Tunc

486 3542 653 3598 etiam
699 3540 799 3596 bos
819 3553 1047 3595 vacuum
1098 3524 1341 3609 praesepe
1392 3550 1499 3592 non
1539 3535 1752 3601 habuit,
1784 3548 1906 3590 cum
1933 3532 2076 3603 plebi

486 3630 726 3688 Iudaica:
752 3629 968 3685 Domini
992 3643 1213 3684 carnem
1253 3627 1343 3681 lex
1377 3624 1644 3690 exhibuit,
1667 3639 1828 3694 quam
1866 3624 1956 3679 diu
1983 3638 2080 3678 cx-

488 3729 771 3794 spectante
808 3719 1171 3792 prophetavit.
1222 3717 1375 3775 Unde
1420 3725 1477 3772 et
1523 3727 1682 3772 natus
1734 3716 1992 3771 Dominus
2023 3716 2074 3770 in

487 3826 733 3886 praesepe
773 3811 1012 3882 ponitur.
1055 3808 1175 3881 ipse
1218 3808 1364 3865 enim
1416 3824 1486 3864 ex
1540 3816 1727 3864 nostra
1773 3808 2078 3863 substantia

490 3916 711 3959 carnem
757 3913 1043 3956 assumens
1081 3898 1265 3954 fenum
1304 3897 1422 3953 fieri
1446 3896 1631 3964 voluit,
1663 3897 1754 3968 qui
1783 3897 1962 3953 cibum
1996 3912 2081 3954 se-

491 3995 784 4065 metipsum
813 3991 1083 4047 mentibus
1108 3990 1418 4046 mortalium
1447 3989 1679 4061 praebuit
1699 3989 1916 4045 dicens:
1946 3989 2078 4057 «Qui

492 4084 733 4142 comedit
779 4098 1000 4140 carnem
1046 4089 1339 4147 meamret
1365 4080 1500 4135 bibit
1534 4079 1850 4151 sanguinem
1877 4092 2077 4145 meum,

494 4176 552 4232 in
598 4190 687 4232 me
726 4183 932 4240 manet,
975 4183 1033 4230 et
1076 4188 1178 4245 ego
1220 4173 1274 4228 in
1302 4187 1368 4227 eo
1391 4170 1576 4244 (Joan.
1605 4186 1713 4237 LIV,
1745 4170 1859 4242 56).
1886 4189 1906 4222 ι
1930 4169 2010 4225 Ac
2034 4172 2080 4225 si

495 4280 626 4336 ergo
675 4264 821 4320 dicat
845 4281 860 4319 :
889 4262 1096 4318 ldcirco
1134 4262 1409 4334 gentilitas
1438 4260 1623 4333 gemit,
1653 4260 1778 4332 quia
1805 4275 1928 4314 emn
1957 4274 2081 4314 uec-

496 4356 625 4412 dum
656 4354 1035 4424 Redemptoris
1055 4353 1138 4409 sui
1163 4354 1336 4424 gratia
1367 4353 1588 4419 refecit;
1632 4360 1796 4422 atque
1833 4350 1954 4406 ideo
1983 4349 2078 4406 Ju-

500 4446 617 4503 daea
657 4445 892 4516 mugitus
938 4443 1148 4510 dilatat,
1178 4444 1302 4514 quia
1342 4443 1514 4514 legem
1547 4451 1736 4498 tenens
1763 4483 1778 4509 ,
1809 4442 1902 4498 sed
1946 4442 2080 4513 legis

2175 3274 2281 3316 nec
2308 3268 2489 3316 tamen
2514 3260 2703 3344 adhuc
2719 3278 2819 3333 pro
2855 3277 3043 3319 amore
3092 3262 3342 3320 veritatis
3370 3263 3439 3319 ad
3487 3264 3772 3336 perferen-

2179 3352 2277 3409 dos
2306 3348 2607 3422 praesentis
2675 3353 2802 3408 vitae
2855 3352 3135 3409 cruciatus
3192 3353 3514 3426 accingitur.
3561 3354 3770 3412 Durum

2178 3443 2379 3516 quippe
2403 3451 2487 3499 est
2510 3452 2767 3515 appetere
2791 3446 2937 3516 quod
2964 3445 3196 3513 cruciat,
3245 3445 3399 3518 sequi
3427 3446 3575 3518 quod
3598 3446 3770 3503 vitam

2178 3532 2349 3605 fugat.
2390 3533 2685 3605 Sequitur:

2250 3625 2413 3680 Vsus.
2443 3626 2497 3680 7.
2539 3624 2671 3691 Qua:
2694 3627 2862 3697 ,prius
2901 3636 3112 3700 tangere
3153 3628 3359 3686 nolebat
3399 3629 3581 3686 anima
3626 3608 3766 3695 utea,

2180 3729 2317 3767 nunc
2348 3730 2460 3785 pra:
2487 3714 2735 3786 angustia
2777 3714 2879 3770 cibi
2920 3717 3021 3772 mei
3044 3728 3187 3774 sunt.
3218 3748 3290 3760 —
3320 3719 3478 3777 Absit
3505 3719 3654 3778 enim
3699 3734 3769 3777 ne

2177 3804 2266 3859 vir
2300 3814 2523 3861 sanctus
2571 3805 2628 3862 in
2657 3814 2831 3863 status
2874 3807 2959 3863 sui
3004 3807 3376 3867 incolumitate
3418 3811 3766 3876 constitutus,

2174 3896 2475 3971 amicorum
2505 3913 2727 3954 suorum
2760 3898 3051 3970 aliquando
3088 3900 3232 3957 dicta
3276 3902 3606 3973 despexerit.
3660 3902 3767 3959 Sed

2178 3987 2307 4057 quia
2340 3989 2533 4044 beatus
2559 3987 2660 4045 Job
2687 3990 2990 4046 membrum
3017 3998 3102 4047 est
3124 3990 3381 4048 Ecclesia:
3405 4002 3631 4061 sancta,
3653 3993 3769 4065 ejus

2179 4077 2344 4133 etiam
2368 4092 2502 4135 voce
2528 4075 2786 4150 loquitur.
2814 4082 2950 4148 Quia
2988 4082 3244 4138 nimirum
3274 4084 3477 4142 amoris
3519 4086 3603 4141 sui
3629 4085 3771 4142 esti.

2179 4168 2281 4224 bus
2309 4169 2494 4236 anxia,
2535 4171 2713 4226 cibum
2759 4169 3054 4243 Scriptura:
3108 4174 3307 4231 veteris
3350 4189 3612 4232 conversa
3641 4190 3770 4248 gen-

2181 4260 2351 4316 tilitas
2372 4261 2547 4317 esurit
2571 4276 2734 4333 quem
2762 4263 2964 4319 dudum
3001 4264 3234 4335 superba
3260 4266 3530 4337 despexit.
3550 4267 3764 4325 Aliter:

2181 4350 2317 4418 Quia
2339 4350 2656 4408 societatem
2683 4352 2965 4422 gentilium
2989 4352 3172 4411 Judzea
3195 4354 3397 4413 habere
3421 4359 3768 4431 contempsit,

2181 4440 2445 4497 insulsum
2500 4440 2680 4498 cibum
2731 4456 2948 4500 sumere
2993 4443 3273 4513 fastidivit,
3329 4456 3385 4505 et
3420 4449 3545 4519 quia
3588 4450 3765 4509 divina

503 4547 785 4596 auctorem
829 4551 936 4591 non
983 4536 1194 4601 videns,
1244 4543 1394 4590 stans
1429 4543 1557 4589 ante
1581 4548 1820 4606 praesepe
1844 4533 2073 4604 jejunat.
2106 4524 2157 4585 D
2182 4533 2451 4590 sententia
2479 4535 2753 4605 proposita
2778 4545 2952 4591 morte
2976 4545 3226 4593 vetuerat
3272 4555 3342 4596 ne
3381 4541 3534 4611 plebs
3559 4541 3770 4600 lsraeli-

502 4627 844 4685 MOMLI'I'EB.
885 4624 988 4693 Qui
1030 4625 1122 4680 alii
1168 4624 1358 4697 onagri
1391 4623 1750 4694 appellatione
1774 4624 2077 4695 signantur,

497 4724 605 4802 nisi
631 4723 724 4794 qui
752 4724 806 4779 in
834 4738 1025 4795 eampo
1053 4723 1177 4802 ﬁdei
1205 4722 1502 4787 constituti,
1533 4722 1731 4778 nullius
1755 4720 1915 4779 oﬂicii
1946 4722 2082 4779 loris

496 4798 775 4888 ligantur?
810 4812 975 4871 Bovis
1007 4798 1149 4871 vero.
1168 4813 1386 4869 nomine
1417 4813 1515 4868 hos
1536 4813 1736 4880 signat,
1774 4828 1911 4883 quos
1940 4813 2079 4868 intra

498 4912 748 4961 sanctam
770 4901 1072 4959 Ecclesiam
1094 4903 1160 4958 ad
1181 4901 1579 4973 prmdicationis
1591 4899 1823 4957 cilicium
1844 4904 2080 4974 suscepti

501 4992 710 5050 ordinis
743 4993 932 5064 jugum
974 4992 1190 5063 premit.
1238 4991 1415 5047 Herba
1453 5007 1583 5049 vero
1617 4992 1806 5062 onagri
1834 5002 1889 5048 et
1911 4994 2082 5064 pabu-

500 5084 614 5143 lum
660 5086 815 5143 bovis
858 5096 943 5142 est
992 5088 1203 5143 interna
1255 5087 1477 5142 refectio
1516 5088 1696 5152 pepuli
1739 5088 1913 5143 ﬁdelis
1942 5089 2080 5152 Quia

2181 4624 2288 4679 lica
2316 4624 2492 4681 foedus
2519 4640 2641 4680 cum
2665 4626 2983 4696 al¢enigenis
3014 4629 3289 4700 iungeret,
3332 4642 3554 4702 gustare
3599 4634 3767 4691 noluit

2182 4718 2323 4786 quod
2349 4725 2624 4788 gustatum
2644 4714 2808 4772 affert
2849 4729 3098 4776 mortem.
3131 4720 3239 4778 Sed
3282 4724 3351 4780 ad
3393 4724 3769 4797 Redemptoris

2182 4807 2409 4878 gratiam
2437 4805 2621 4863 Iudaea
2649 4808 2892 4875 veniens,
2923 4813 2992 4866 ab
3039 4811 3299 4871 israelitis
3345 4814 3654 4873 infidelibus
3682 4833 3767 4873 ne-

2184 4900 2359 4972 pulsa,
2384 4900 2510 4954 dum
2534 4915 2634 4970 per
2660 4911 2876 4957 sanctos
2903 4903 3177 4973 apostolos
3202 4907 3269 4961 ad
3297 4906 3680 4963 collectionem
3710 4924 3766 4964 se

2186 4989 2464 5061 gentilium
2499 4989 2709 5056 dilatat,
2737 4992 2890 5060 quasi
2915 4992 3093 5048 hocin
3122 4993 3243 5051 cibo
3270 4997 3521 5054 esuriens
3539 5000 3763 5069 accepit,

2187 5078 2330 5149 quod
2353 5079 2627 5149 indignum
2655 5079 2804 5148 prius
2838 5080 3114 5151 fastidiose
3139 5084 3399 5152 despexit,
3446 5096 3503 5142 et.
3528 5103 3643 5152 pra:
3665 5103 3761 5142 an-
