  <div class='ocr_page' id='page_1' title='image "/cluster/home/n/w/nwhite01/storage/ocr_20150623/133/hvd.32044010035673/090.png"; bbox 0 0 4004 5340; ppageno 0'>
   <div class='ocr_carea' id='block_1_1' title="bbox 204 166 308 224">
    <p class='ocr_par' dir='ltr' id='par_1_1' title="bbox 204 166 308 224">
     <span class='ocr_line' id='line_1_1' title="bbox 204 166 308 224; baseline 0.01 -1"><span class='ocrx_word' id='word_1_1' title='bbox 204 166 308 224; x_wconf 71' lang='grc'><strong>169</strong></span> 
     </span>
    </p>
   </div>
   <div class='ocr_carea' id='block_1_2' title="bbox 952 157 2710 221">
    <p class='ocr_par' dir='ltr' id='par_1_2' title="bbox 952 157 2710 221">
     <span class='ocr_line' id='line_1_2' title="bbox 952 157 2710 221; baseline 0.002 -3"><span class='ocrx_word' id='word_1_2' title='bbox 952 159 1254 219; x_wconf 70' lang='grc' dir='ltr'><strong>ΕΡΙΤΟΜΕ</strong></span> <span class='ocrx_word' id='word_1_3' title='bbox 1284 158 1646 219; x_wconf 73' lang='lat' dir='ltr'><strong>MORALIUM</strong></span> <span class='ocrx_word' id='word_1_4' title='bbox 1686 158 1748 215; x_wconf 86' lang='lat' dir='ltr'><strong>S.</strong></span> <span class='ocrx_word' id='word_1_5' title='bbox 1785 158 1991 218; x_wconf 79' lang='lat' dir='ltr'><strong>GREG.</strong></span> <span class='ocrx_word' id='word_1_6' title='bbox 2029 159 2094 217; x_wconf 87' lang='lat' dir='ltr'><strong>IN</strong></span> <span class='ocrx_word' id='word_1_7' title='bbox 2134 157 2274 221; x_wconf 78' lang='lat' dir='ltr'><strong>JOB.</strong></span> <span class='ocrx_word' id='word_1_8' title='bbox 2316 193 2385 205; x_wconf 89' lang='lat'><strong>--</strong></span> <span class='ocrx_word' id='word_1_9' title='bbox 2424 160 2553 221; x_wconf 84' lang='lat' dir='ltr'><strong>LIB.</strong></span> <span class='ocrx_word' id='word_1_10' title='bbox 2602 165 2710 221; x_wconf 71' lang='grc' dir='ltr'>γιι.</span> 
     </span>
    </p>
   </div>
   <div class='ocr_carea' id='block_1_3' title="bbox 3316 137 3327 155">
    <p class='ocr_par' dir='ltr' id='par_1_3' title="bbox 3316 137 3327 155">
     <span class='ocr_line' id='line_1_3' title="bbox 3316 137 3327 155; baseline 0 0"><span class='ocrx_word' id='word_1_11' title='bbox 3316 137 3327 155; x_wconf 85' lang='lat'><strong><em>\</em></strong></span> 
     </span>
    </p>
   </div>
   <div class='ocr_carea' id='block_1_4' title="bbox 3361 169 3463 225">
    <p class='ocr_par' dir='ltr' id='par_1_4' title="bbox 3361 169 3463 225">
     <span class='ocr_line' id='line_1_4' title="bbox 3361 169 3463 225; baseline 0.02 -2"><span class='ocrx_word' id='word_1_12' title='bbox 3361 169 3463 225; x_wconf 71' lang='lat'><strong>{70</strong></span> 
     </span>
    </p>
   </div>
   <div class='ocr_carea' id='block_1_5' title="bbox 202 275 3467 352">
    <p class='ocr_par' dir='ltr' id='par_1_5' title="bbox 202 275 3467 352">
     <span class='ocr_line' id='line_1_5' title="bbox 202 275 3467 352; baseline 0 -16"><span class='ocrx_word' id='word_1_13' title='bbox 202 292 304 347; x_wconf 86' lang='lat' dir='ltr'><strong>tat,</strong></span> <span class='ocrx_word' id='word_1_14' title='bbox 338 288 551 352; x_wconf 82' lang='lat' dir='ltr'><strong>quanto</strong></span> <span class='ocrx_word' id='word_1_15' title='bbox 608 284 757 350; x_wconf 79' lang='lat' dir='ltr'><strong>prius</strong></span> <span class='ocrx_word' id='word_1_16' title='bbox 809 278 1021 332; x_wconf 85' lang='lat' dir='ltr'><strong>infirma</strong></span> <span class='ocrx_word' id='word_1_17' title='bbox 1074 276 1334 348; x_wconf 76' lang='lat' dir='ltr'><strong>fugiebat,</strong></span> <span class='ocrx_word' id='word_1_18' title='bbox 1384 275 1499 332; x_wconf 67' lang='grc' dir='ltr'>ιιωο</span> <span class='ocrx_word' id='word_1_19' title='bbox 1541 290 1653 346; x_wconf 62' lang='lat' dir='ltr'><strong>pra</strong></span> <span class='ocrx_word' id='word_1_20' title='bbox 1697 290 1796 329; x_wconf 86' lang='lat' dir='ltr'><strong>an-</strong></span> <span class='ocrx_word' id='word_1_21' title='bbox 1822 276 1871 336; x_wconf 80' lang='grc' dir='ltr'>Α</span> <span class='ocrx_word' id='word_1_22' title='bbox 1898 275 2202 331; x_wconf 77' lang='lat' dir='ltr'><strong>cessatione</strong></span> <span class='ocrx_word' id='word_1_23' title='bbox 2228 276 2467 345; x_wconf 82' lang='lat' dir='ltr'><strong>diligere,</strong></span> <span class='ocrx_word' id='word_1_24' title='bbox 2497 286 2686 334; x_wconf 82' lang='lat' dir='ltr'><strong>contra</strong></span> <span class='ocrx_word' id='word_1_25' title='bbox 2713 282 2920 349; x_wconf 80' lang='lat' dir='ltr'><strong>ﬂagella</strong></span> <span class='ocrx_word' id='word_1_26' title='bbox 2942 281 3249 337; x_wconf 83' lang='lat' dir='ltr'><strong>Conditoris</strong></span> <span class='ocrx_word' id='word_1_27' title='bbox 3282 284 3467 337; x_wconf 58' lang='lat' dir='ltr'><strong>lnsen»</strong></span> 
     </span>
    </p>
   </div>
   <div class='ocr_carea' id='block_1_6' title="bbox 198 364 1792 443">
    <p class='ocr_par' dir='ltr' id='par_1_6' title="bbox 198 364 1792 443">
     <span class='ocr_line' id='line_1_6' title="bbox 198 364 1792 443; baseline -0.003 -17"><span class='ocrx_word' id='word_1_28' title='bbox 198 371 379 443; x_wconf 84' lang='lat' dir='ltr'><strong>gustia</strong></span> <span class='ocrx_word' id='word_1_29' title='bbox 409 368 667 433; x_wconf 89' lang='lat' dir='ltr'><strong>comedit,</strong></span> <span class='ocrx_word' id='word_1_30' title='bbox 713 381 831 437; x_wconf 77' lang='lat' dir='ltr'><strong>qua:</strong></span> <span class='ocrx_word' id='word_1_31' title='bbox 877 366 1028 438; x_wconf 90' lang='lat' dir='ltr'><strong>prius</strong></span> <span class='ocrx_word' id='word_1_32' title='bbox 1070 373 1293 437; x_wconf 75' lang='lat' dir='ltr'><strong>tangere</strong></span> <span class='ocrx_word' id='word_1_33' title='bbox 1329 365 1563 422; x_wconf 87' lang='lat' dir='ltr'><strong>nolebat.</strong></span> <span class='ocrx_word' id='word_1_34' title='bbox 1598 364 1792 436; x_wconf 84' lang='lat' dir='ltr'><strong>Sequi-</strong></span> 
     </span>
    </p>
   </div>
   <div class='ocr_carea' id='block_1_7' title="bbox 201 472 327 517">
    <p class='ocr_par' dir='ltr' id='par_1_7' title="bbox 201 472 327 517">
     <span class='ocr_line' id='line_1_7' title="bbox 201 472 327 517; baseline -0.008 0"><span class='ocrx_word' id='word_1_35' title='bbox 201 472 289 517; x_wconf 86' lang='lat' dir='ltr'><strong>tur</strong></span> <span class='ocrx_word' id='word_1_36' title='bbox 312 478 327 491; x_wconf 88' lang='lat'>&#39;</span> 
     </span>
    </p>
   </div>
   <div class='ocr_carea' id='block_1_8' title="bbox 268 551 1790 623">
    <p class='ocr_par' dir='ltr' id='par_1_8' title="bbox 268 551 1790 623">
     <span class='ocr_line' id='line_1_8' title="bbox 268 551 1790 623; baseline -0.001 -18"><span class='ocrx_word' id='word_1_37' title='bbox 268 552 445 609; x_wconf 74' lang='lat' dir='ltr'><strong>Vens.</strong></span> <span class='ocrx_word' id='word_1_38' title='bbox 482 554 536 610; x_wconf 91' lang='lat'><strong>8.</strong></span> <span class='ocrx_word' id='word_1_39' title='bbox 583 552 712 619; x_wconf 82' lang='lat' dir='ltr'><strong>Quis</strong></span> <span class='ocrx_word' id='word_1_40' title='bbox 751 553 836 607; x_wconf 82' lang='lat' dir='ltr'><strong>det</strong></span> <span class='ocrx_word' id='word_1_41' title='bbox 875 561 932 607; x_wconf 86' lang='lat' dir='ltr'><strong>ut</strong></span> <span class='ocrx_word' id='word_1_42' title='bbox 962 553 1131 607; x_wconf 74' lang='lat' dir='ltr'><strong>veniat</strong></span> <span class='ocrx_word' id='word_1_43' title='bbox 1179 552 1357 623; x_wconf 83' lang='lat' dir='ltr'><strong>petitio</strong></span> <span class='ocrx_word' id='word_1_44' title='bbox 1395 568 1533 617; x_wconf 84' lang='lat' dir='ltr'><strong>mea,</strong></span> <span class='ocrx_word' id='word_1_45' title='bbox 1563 558 1611 605; x_wconf 83' lang='lat' dir='ltr'><strong>et</strong></span> <span class='ocrx_word' id='word_1_46' title='bbox 1647 551 1790 620; x_wconf 80' lang='lat' dir='ltr'><strong>quod</strong></span> 
     </span>
    </p>
   </div>
   <div class='ocr_carea' id='block_1_9' title="bbox 195 642 1791 714">
    <p class='ocr_par' dir='ltr' id='par_1_9' title="bbox 195 642 1791 714">
     <span class='ocr_line' id='line_1_9' title="bbox 195 642 1791 714; baseline -0.005 -12"><span class='ocrx_word' id='word_1_47' title='bbox 195 656 383 714; x_wconf 71' lang='lat' dir='ltr'><strong>expeto</strong></span> <span class='ocrx_word' id='word_1_48' title='bbox 430 646 627 700; x_wconf 81' lang='lat' dir='ltr'><strong>tribuat</strong></span> <span class='ocrx_word' id='word_1_49' title='bbox 670 646 797 699; x_wconf 80' lang='lat' dir='ltr'><strong>mihi</strong></span> <span class='ocrx_word' id='word_1_50' title='bbox 845 643 1123 709; x_wconf 86' lang='lat' dir='ltr'><strong>Dominus,</strong></span> <span class='ocrx_word' id='word_1_51' title='bbox 1154 652 1199 697; x_wconf 84' lang='lat' dir='ltr'><strong>et</strong></span> <span class='ocrx_word' id='word_1_52' title='bbox 1246 642 1336 713; x_wconf 85' lang='lat' dir='ltr'><strong><em>qui</em></strong></span> <span class='ocrx_word' id='word_1_53' title='bbox 1379 642 1525 711; x_wconf 68' lang='lat' dir='ltr'><strong>carpit</strong></span> <span class='ocrx_word' id='word_1_54' title='bbox 1555 642 1660 711; x_wconf 83' lang='lat' dir='ltr'><strong>ipse</strong></span> <span class='ocrx_word' id='word_1_55' title='bbox 1707 657 1791 702; x_wconf 77' lang='lat' dir='ltr'><strong>me</strong></span> 
     </span>
    </p>
   </div>
   <div class='ocr_carea' id='block_1_10' title="bbox 197 733 1789 807">
    <p class='ocr_par' dir='ltr' id='par_1_10' title="bbox 197 733 1789 807">
     <span class='ocr_line' id='line_1_10' title="bbox 197 733 1789 807; baseline -0.004 -13"><span class='ocrx_word' id='word_1_56' title='bbox 197 740 482 794; x_wconf 80' lang='lat' dir='ltr'><strong>conterat?</strong></span> <span class='ocrx_word' id='word_1_57' title='bbox 510 769 582 779; x_wconf 89' lang='lat'>—</span> <span class='ocrx_word' id='word_1_58' title='bbox 601 737 716 793; x_wconf 84' lang='lat' dir='ltr'><strong>Non</strong></span> <span class='ocrx_word' id='word_1_59' title='bbox 765 738 908 792; x_wconf 90' lang='lat' dir='ltr'><strong>enim</strong></span> <span class='ocrx_word' id='word_1_60' title='bbox 949 752 1047 807; x_wconf 90' lang='lat' dir='ltr'><strong>per</strong></span> <span class='ocrx_word' id='word_1_61' title='bbox 1076 734 1464 790; x_wconf 74' lang='lat' dir='ltr'><strong>contumaciam</strong></span> <span class='ocrx_word' id='word_1_62' title='bbox 1494 733 1698 803; x_wconf 80' lang='lat' dir='ltr'><strong>expetit</strong></span> <span class='ocrx_word' id='word_1_63' title='bbox 1727 747 1789 787; x_wconf 88' lang='lat' dir='ltr'><strong>se</strong></span> 
     </span>
    </p>
   </div>
   <div class='ocr_carea' id='block_1_11' title="bbox 197 824 1787 897">
    <p class='ocr_par' dir='ltr' id='par_1_11' title="bbox 197 824 1787 897">
     <span class='ocr_line' id='line_1_11' title="bbox 197 824 1787 897; baseline -0.004 -14"><span class='ocrx_word' id='word_1_64' title='bbox 197 829 498 897; x_wconf 89' lang='lat' dir='ltr'><strong>exstingui,</strong></span> <span class='ocrx_word' id='word_1_65' title='bbox 537 838 597 882; x_wconf 91' lang='lat' dir='ltr'><strong>ut</strong></span> <span class='ocrx_word' id='word_1_66' title='bbox 618 827 933 894; x_wconf 87' lang='lat' dir='ltr'><strong>iujustitiam</strong></span> <span class='ocrx_word' id='word_1_67' title='bbox 958 824 1201 880; x_wconf 86' lang='lat' dir='ltr'><strong>ferientis</strong></span> <span class='ocrx_word' id='word_1_68' title='bbox 1226 832 1460 886; x_wconf 86' lang='lat' dir='ltr'><strong>accuset,</strong></span> <span class='ocrx_word' id='word_1_69' title='bbox 1491 825 1632 893; x_wconf 89' lang='lat' dir='ltr'><strong>quod</strong></span> <span class='ocrx_word' id='word_1_70' title='bbox 1659 837 1787 877; x_wconf 92' lang='lat' dir='ltr'><strong>ver-</strong></span> 
     </span>
    </p>
   </div>
   <div class='ocr_carea' id='block_1_12' title="bbox 200 911 1787 986">
    <p class='ocr_par' dir='ltr' id='par_1_12' title="bbox 200 911 1787 986">
     <span class='ocr_line' id='line_1_12' title="bbox 200 911 1787 986; baseline -0.006 -14"><span class='ocrx_word' id='word_1_71' title='bbox 200 918 281 972; x_wconf 84' lang='lat' dir='ltr'><strong>bis</strong></span> <span class='ocrx_word' id='word_1_72' title='bbox 307 918 669 986; x_wconf 83' lang='lat' dir='ltr'><strong>sequentibus</strong></span> <span class='ocrx_word' id='word_1_73' title='bbox 697 915 1060 977; x_wconf 86' lang='lat' dir='ltr'><strong>demonstrat,</strong></span> <span class='ocrx_word' id='word_1_74' title='bbox 1089 914 1277 969; x_wconf 89' lang='lat' dir='ltr'><strong>dicens</strong></span> <span class='ocrx_word' id='word_1_75' title='bbox 1303 931 1317 965; x_wconf 93' lang='lat'><strong>:</strong></span> <span class='ocrx_word' id='word_1_76' title='bbox 1347 931 1366 964; x_wconf 77' lang='grc' dir='ltr'><strong>ι</strong></span> <span class='ocrx_word' id='word_1_77' title='bbox 1409 911 1525 967; x_wconf 82' lang='grc' dir='ltr'>Νοιι</span> <span class='ocrx_word' id='word_1_78' title='bbox 1564 921 1787 966; x_wconf 87' lang='lat' dir='ltr'><strong>contra-</strong></span> 
     </span>
    </p>
   </div>
   <div class='ocr_carea' id='block_1_13' title="bbox 195 998 1787 1074">
    <p class='ocr_par' dir='ltr' id='par_1_13' title="bbox 195 998 1787 1074">
     <span class='ocr_line' id='line_1_13' title="bbox 195 998 1787 1074; baseline -0.006 -12"><span class='ocrx_word' id='word_1_79' title='bbox 195 1009 377 1062; x_wconf 83' lang='lat' dir='ltr'><strong>dicam</strong></span> <span class='ocrx_word' id='word_1_80' title='bbox 406 1006 750 1062; x_wconf 70' lang='lat' dir='ltr'><strong>sermonibus</strong></span> <span class='ocrx_word' id='word_1_81' title='bbox 767 1005 971 1059; x_wconf 81' lang='lat' dir='ltr'><strong>sanctis</strong></span> <span class='ocrx_word' id='word_1_82' title='bbox 1003 1002 1146 1074; x_wconf 79' lang='lat' dir='ltr'><strong>(Job.</strong></span> <span class='ocrx_word' id='word_1_83' title='bbox 1179 1017 1255 1066; x_wconf 72' lang='grc' dir='ltr'><strong>ιι,</strong></span> <span class='ocrx_word' id='word_1_84' title='bbox 1280 1000 1389 1071; x_wconf 77' lang='grc'><strong>10).</strong></span> <span class='ocrx_word' id='word_1_85' title='bbox 1438 1020 1458 1054; x_wconf 77' lang='grc' dir='ltr'><strong>ι</strong></span> <span class='ocrx_word' id='word_1_86' title='bbox 1495 998 1787 1055; x_wconf 82' lang='lat' dir='ltr'><strong>Sciendum</strong></span> 
     </span>
    </p>
   </div>
   <div class='ocr_carea' id='block_1_14' title="bbox 198 1090 1788 1166">
    <p class='ocr_par' dir='ltr' id='par_1_14' title="bbox 198 1090 1788 1166">
     <span class='ocr_line' id='line_1_14' title="bbox 198 1090 1788 1166; baseline -0.002 -19"><span class='ocrx_word' id='word_1_87' title='bbox 198 1113 326 1152; x_wconf 75' lang='lat' dir='ltr'><strong>vero</strong></span> <span class='ocrx_word' id='word_1_88' title='bbox 350 1106 441 1151; x_wconf 87' lang='lat' dir='ltr'><strong>est</strong></span> <span class='ocrx_word' id='word_1_89' title='bbox 466 1097 594 1166; x_wconf 87' lang='lat' dir='ltr'><strong>quia</strong></span> <span class='ocrx_word' id='word_1_90' title='bbox 619 1095 908 1164; x_wconf 85' lang='lat' dir='ltr'><strong>aliquando</strong></span> <span class='ocrx_word' id='word_1_91' title='bbox 950 1109 1049 1148; x_wconf 92' lang='lat' dir='ltr'><strong>nos</strong></span> <span class='ocrx_word' id='word_1_92' title='bbox 1086 1092 1449 1156; x_wconf 87' lang='lat' dir='ltr'><strong>adversarius,</strong></span> <span class='ocrx_word' id='word_1_93' title='bbox 1498 1090 1788 1161; x_wconf 79' lang='lat' dir='ltr'><strong>aliquando</strong></span> 
     </span>
    </p>
   </div>
   <div class='ocr_carea' id='block_1_15' title="bbox 197 1181 1790 1242">
    <p class='ocr_par' dir='ltr' id='par_1_15' title="bbox 197 1181 1790 1242">
     <span class='ocr_line' id='line_1_15' title="bbox 197 1181 1790 1242; baseline -0.003 -3"><span class='ocrx_word' id='word_1_94' title='bbox 197 1195 382 1242; x_wconf 85' lang='lat' dir='ltr'><strong>autem</strong></span> <span class='ocrx_word' id='word_1_95' title='bbox 408 1187 645 1241; x_wconf 88' lang='lat' dir='ltr'><strong>conterit</strong></span> <span class='ocrx_word' id='word_1_96' title='bbox 670 1185 829 1239; x_wconf 82' lang='lat' dir='ltr'><strong>Deus.</strong></span> <span class='ocrx_word' id='word_1_97' title='bbox 858 1184 935 1239; x_wconf 82' lang='lat' dir='ltr'><strong>Ex</strong></span> <span class='ocrx_word' id='word_1_98' title='bbox 970 1183 1267 1238; x_wconf 81' lang='lat' dir='ltr'><strong>adversarii</strong></span> <span class='ocrx_word' id='word_1_99' title='bbox 1294 1183 1617 1237; x_wconf 87' lang='lat' dir='ltr'><strong>contritione</strong></span> <span class='ocrx_word' id='word_1_100' title='bbox 1656 1181 1790 1236; x_wconf 77' lang='lat' dir='ltr'><strong>deii-</strong></span> 
     </span>
    </p>
   </div>
   <div class='ocr_carea' id='block_1_16' title="bbox 198 1260 1787 1330">
    <p class='ocr_par' dir='ltr' id='par_1_16' title="bbox 198 1260 1787 1330">
     <span class='ocr_line' id='line_1_16' title="bbox 198 1260 1787 1330; baseline -0.002 0"><span class='ocrx_word' id='word_1_101' title='bbox 198 1278 375 1330; x_wconf 78' lang='lat' dir='ltr'><strong>rimus</strong></span> <span class='ocrx_word' id='word_1_102' title='bbox 399 1292 430 1330; x_wconf 92' lang='lat' dir='ltr'><strong>a</strong></span> <span class='ocrx_word' id='word_1_103' title='bbox 459 1276 675 1330; x_wconf 90' lang='lat' dir='ltr'><strong>virtute.</strong></span> <span class='ocrx_word' id='word_1_104' title='bbox 702 1274 804 1329; x_wconf 89' lang='lat' dir='ltr'><strong>Per</strong></span> <span class='ocrx_word' id='word_1_105' title='bbox 827 1274 1039 1328; x_wconf 91' lang='lat' dir='ltr'><strong>Domini</strong></span> <span class='ocrx_word' id='word_1_106' title='bbox 1068 1290 1197 1329; x_wconf 91' lang='lat' dir='ltr'><strong>vero</strong></span> <span class='ocrx_word' id='word_1_107' title='bbox 1216 1260 1599 1329; x_wconf 88' lang='lat' dir='ltr'><strong>contritionem</strong></span> <span class='ocrx_word' id='word_1_108' title='bbox 1622 1271 1787 1327; x_wconf 89' lang='lat' dir='ltr'><strong>fracti</strong></span> 
     </span>
    </p>
   </div>
   <div class='ocr_carea' id='block_1_17' title="bbox 198 1363 1783 1433">
    <p class='ocr_par' dir='ltr' id='par_1_17' title="bbox 198 1363 1783 1433">
     <span class='ocr_line' id='line_1_17' title="bbox 198 1363 1783 1433; baseline -0.003 -15"><span class='ocrx_word' id='word_1_109' title='bbox 198 1368 347 1421; x_wconf 52' lang='lat' dir='ltr'><strong>\‘itiis</strong></span> <span class='ocrx_word' id='word_1_110' title='bbox 393 1367 452 1420; x_wconf 91' lang='lat' dir='ltr'><strong>in</strong></span> <span class='ocrx_word' id='word_1_111' title='bbox 498 1367 697 1420; x_wconf 89' lang='lat' dir='ltr'><strong>virtute</strong></span> <span class='ocrx_word' id='word_1_112' title='bbox 744 1366 1076 1420; x_wconf 84' lang='lat' dir='ltr'><strong>laboramus.</strong></span> <span class='ocrx_word' id='word_1_113' title='bbox 1137 1363 1277 1418; x_wconf 88' lang='lat' dir='ltr'><strong>Hinc</strong></span> <span class='ocrx_word' id='word_1_114' title='bbox 1336 1363 1599 1433; x_wconf 89' lang='lat' dir='ltr'><strong>scriptum</strong></span> <span class='ocrx_word' id='word_1_115' title='bbox 1654 1369 1783 1416; x_wconf 89' lang='lat' dir='ltr'><strong>est:</strong></span> 
     </span>
    </p>
   </div>
   <div class='ocr_carea' id='block_1_18' title="bbox 203 1451 1785 1527">
    <p class='ocr_par' dir='ltr' id='par_1_18' title="bbox 203 1451 1785 1527">
     <span class='ocr_line' id='line_1_18' title="bbox 203 1451 1785 1527; baseline -0.001 -20"><span class='ocrx_word' id='word_1_116' title='bbox 203 1477 222 1507; x_wconf 84' lang='grc' dir='ltr'><strong>ι</strong></span> <span class='ocrx_word' id='word_1_117' title='bbox 258 1456 438 1527; x_wconf 81' lang='lat' dir='ltr'><strong>Reges</strong></span> <span class='ocrx_word' id='word_1_118' title='bbox 463 1473 559 1511; x_wconf 90' lang='lat' dir='ltr'><strong>eos</strong></span> <span class='ocrx_word' id='word_1_119' title='bbox 583 1457 633 1510; x_wconf 92' lang='lat' dir='ltr'><strong>in</strong></span> <span class='ocrx_word' id='word_1_120' title='bbox 656 1456 802 1525; x_wconf 84' lang='lat' dir='ltr'><strong>virga</strong></span> <span class='ocrx_word' id='word_1_121' title='bbox 833 1456 1005 1509; x_wconf 89' lang='lat' dir='ltr'><strong>ferrea</strong></span> <span class='ocrx_word' id='word_1_122' title='bbox 1028 1452 1200 1525; x_wconf 85' lang='lat' dir='ltr'><strong>(Psal.</strong></span> <span class='ocrx_word' id='word_1_123' title='bbox 1224 1471 1288 1519; x_wconf 90' lang='grc' dir='ltr'><strong>ιι,</strong></span> <span class='ocrx_word' id='word_1_124' title='bbox 1318 1454 1397 1523; x_wconf 88' lang='grc'><strong>9).</strong></span> <span class='ocrx_word' id='word_1_125' title='bbox 1429 1473 1446 1505; x_wconf 75' lang='grc' dir='ltr'><strong>ι</strong></span> <span class='ocrx_word' id='word_1_126' title='bbox 1479 1454 1613 1509; x_wconf 87' lang='lat' dir='ltr'><strong>Cum</strong></span> <span class='ocrx_word' id='word_1_127' title='bbox 1638 1451 1785 1506; x_wconf 85' lang='lat' dir='ltr'><strong>enim</strong></span> 
     </span>
    </p>
   </div>
   <div class='ocr_carea' id='block_1_19' title="bbox 196 1542 1783 1615">
    <p class='ocr_par' dir='ltr' id='par_1_19' title="bbox 196 1542 1783 1615">
     <span class='ocr_line' id='line_1_19' title="bbox 196 1542 1783 1615; baseline -0.003 -15"><span class='ocrx_word' id='word_1_128' title='bbox 196 1561 298 1602; x_wconf 81' lang='lat' dir='ltr'><strong>nos</strong></span> <span class='ocrx_word' id='word_1_129' title='bbox 326 1547 570 1600; x_wconf 86' lang='lat' dir='ltr'><strong>exterius</strong></span> <span class='ocrx_word' id='word_1_130' title='bbox 591 1544 796 1615; x_wconf 77' lang='lat' dir='ltr'><strong>afﬂigit,</strong></span> <span class='ocrx_word' id='word_1_131' title='bbox 829 1545 1054 1600; x_wconf 89' lang='lat' dir='ltr'><strong>interius</strong></span> <span class='ocrx_word' id='word_1_132' title='bbox 1075 1543 1266 1599; x_wconf 81' lang='lat' dir='ltr'><strong>reﬁcit.</strong></span> <span class='ocrx_word' id='word_1_133' title='bbox 1294 1544 1362 1597; x_wconf 85' lang='lat' dir='ltr'><strong>Et</strong></span> <span class='ocrx_word' id='word_1_134' title='bbox 1387 1543 1512 1612; x_wconf 90' lang='lat' dir='ltr'><strong>quia</strong></span> <span class='ocrx_word' id='word_1_135' title='bbox 1542 1542 1783 1613; x_wconf 89' lang='lat' dir='ltr'><strong>plerum-</strong></span> 
     </span>
    </p>
   </div>
   <div class='ocr_carea' id='block_1_20' title="bbox 1893 360 3463 442">
    <p class='ocr_par' dir='ltr' id='par_1_20' title="bbox 1893 360 3463 442">
     <span class='ocr_line' id='line_1_20' title="bbox 1893 360 3463 442; baseline 0.008 -27"><span class='ocrx_word' id='word_1_136' title='bbox 1893 360 2123 418; x_wconf 89' lang='lat' dir='ltr'><strong>sibiliter</strong></span> <span class='ocrx_word' id='word_1_137' title='bbox 2149 366 2463 435; x_wconf 79' lang='lat' dir='ltr'><strong>perdurare.</strong></span> <span class='ocrx_word' id='word_1_138' title='bbox 2497 366 2574 422; x_wconf 93' lang='lat' dir='ltr'><strong>De</strong></span> <span class='ocrx_word' id='word_1_139' title='bbox 2624 368 2710 422; x_wconf 91' lang='lat' dir='ltr'><strong>his</strong></span> <span class='ocrx_word' id='word_1_140' title='bbox 2744 370 3005 439; x_wconf 81' lang='lat' dir='ltr'><strong>propheta</strong></span> <span class='ocrx_word' id='word_1_141' title='bbox 3051 370 3164 425; x_wconf 86' lang='lat' dir='ltr'><strong>ait:</strong></span> <span class='ocrx_word' id='word_1_142' title='bbox 3201 387 3222 422; x_wconf 78' lang='grc' dir='ltr'><strong>ι</strong></span> <span class='ocrx_word' id='word_1_143' title='bbox 3256 368 3348 427; x_wconf 69' lang='lat' dir='ltr'><strong>Va:</strong></span> <span class='ocrx_word' id='word_1_144' title='bbox 3369 373 3463 442; x_wconf 86' lang='lat' dir='ltr'><strong>qui</strong></span> 
     </span>
    </p>
   </div>
   <div class='ocr_carea' id='block_1_21' title="bbox 1889 455 3459 535">
    <p class='ocr_par' dir='ltr' id='par_1_21' title="bbox 1889 455 3459 535">
     <span class='ocr_line' id='line_1_21' title="bbox 1889 455 3459 535; baseline 0.009 -31"><span class='ocrx_word' id='word_1_145' title='bbox 1889 459 2138 519; x_wconf 87' lang='lat' dir='ltr'><strong>potentes</strong></span> <span class='ocrx_word' id='word_1_146' title='bbox 2166 456 2298 511; x_wconf 86' lang='lat' dir='ltr'><strong>estis</strong></span> <span class='ocrx_word' id='word_1_147' title='bbox 2312 455 2377 510; x_wconf 90' lang='lat' dir='ltr'><strong>ad</strong></span> <span class='ocrx_word' id='word_1_148' title='bbox 2403 457 2693 527; x_wconf 89' lang='lat' dir='ltr'><strong>potandum</strong></span> <span class='ocrx_word' id='word_1_149' title='bbox 2720 460 2924 515; x_wconf 88' lang='lat' dir='ltr'><strong>vinum.</strong></span> <span class='ocrx_word' id='word_1_150' title='bbox 2959 480 2979 514; x_wconf 75' lang='grc' dir='ltr'><strong>ι</strong></span> <span class='ocrx_word' id='word_1_151' title='bbox 3006 460 3070 516; x_wconf 84' lang='grc' dir='ltr'>Ει</span> <span class='ocrx_word' id='word_1_152' title='bbox 3092 462 3297 534; x_wconf 89' lang='lat' dir='ltr'><strong>reliqua</strong></span> <span class='ocrx_word' id='word_1_153' title='bbox 3324 462 3459 535; x_wconf 84' lang='lat' dir='ltr'><strong>(Isa.</strong></span> 
     </span>
    </p>
   </div>
   <div class='ocr_carea' id='block_1_22' title="bbox 1889 539 3460 617">
    <p class='ocr_par' dir='ltr' id='par_1_22' title="bbox 1889 539 3460 617">
     <span class='ocr_line' id='line_1_22' title="bbox 1889 539 3460 617; baseline 0.01 -25"><span class='ocrx_word' id='word_1_154' title='bbox 1889 552 1945 604; x_wconf 80' lang='grc' dir='ltr'>ν,</span> <span class='ocrx_word' id='word_1_155' title='bbox 1980 539 2093 611; x_wconf 85' lang='lat'><strong>22).</strong></span> <span class='ocrx_word' id='word_1_156' title='bbox 2128 542 2196 596; x_wconf 82' lang='lat' dir='ltr'><strong>Et</strong></span> <span class='ocrx_word' id='word_1_157' title='bbox 2238 559 2251 596; x_wconf 96' lang='lat'><strong>:</strong></span> <span class='ocrx_word' id='word_1_158' title='bbox 2295 562 2316 595; x_wconf 74' lang='grc' dir='ltr'><strong>ι</strong></span> <span class='ocrx_word' id='word_1_159' title='bbox 2368 544 2507 601; x_wconf 86' lang='lat' dir='ltr'><strong>Ecce</strong></span> <span class='ocrx_word' id='word_1_160' title='bbox 2536 560 2934 617; x_wconf 87' lang='lat' dir='ltr'><strong>occupaverunt</strong></span> <span class='ocrx_word' id='word_1_161' title='bbox 2982 551 3217 605; x_wconf 89' lang='lat' dir='ltr'><strong>animam</strong></span> <span class='ocrx_word' id='word_1_162' title='bbox 3263 568 3460 617; x_wconf 87' lang='lat' dir='ltr'><strong>meam,</strong></span> 
     </span>
    </p>
   </div>
   <div class='ocr_carea' id='block_1_23' title="bbox 1876 630 3464 717">
    <p class='ocr_par' dir='ltr' id='par_1_23' title="bbox 1876 630 3464 717">
     <span class='ocr_line' id='line_1_23' title="bbox 1876 630 3464 717; baseline 0.009 -34"><span class='ocrx_word' id='word_1_163' title='bbox 1876 637 1944 717; x_wconf 83' lang='lat' dir='ltr'><strong>et</strong></span> <span class='ocrx_word' id='word_1_164' title='bbox 1970 630 2247 687; x_wconf 87' lang='lat' dir='ltr'><strong>irruerunt</strong></span> <span class='ocrx_word' id='word_1_165' title='bbox 2271 634 2433 690; x_wconf 91' lang='lat' dir='ltr'><strong>inme</strong></span> <span class='ocrx_word' id='word_1_166' title='bbox 2489 636 2658 693; x_wconf 78' lang='lat' dir='ltr'><strong>fortes</strong></span> <span class='ocrx_word' id='word_1_167' title='bbox 2688 638 2860 709; x_wconf 86' lang='lat' dir='ltr'><strong>(Psal.</strong></span> <span class='ocrx_word' id='word_1_168' title='bbox 2911 655 3065 705; x_wconf 79' lang='lat' dir='ltr'><strong>LVIII,</strong></span> <span class='ocrx_word' id='word_1_169' title='bbox 3094 641 3171 712; x_wconf 69' lang='lat'><strong>4).</strong></span> <span class='ocrx_word' id='word_1_170' title='bbox 3220 661 3239 693; x_wconf 76' lang='grc' dir='ltr'><strong>ι</strong></span> <span class='ocrx_word' id='word_1_171' title='bbox 3275 641 3464 697; x_wconf 87' lang='lat' dir='ltr'><strong>Fortes</strong></span> 
     </span>
    </p>
   </div>
   <div class='ocr_carea' id='block_1_24' title="bbox 1888 720 3464 803">
    <p class='ocr_par' dir='ltr' id='par_1_24' title="bbox 1888 720 3464 803">
     <span class='ocr_line' id='line_1_24' title="bbox 1888 720 3464 803; baseline 0.009 -30"><span class='ocrx_word' id='word_1_172' title='bbox 1888 720 2086 790; x_wconf 85' lang='lat' dir='ltr'><strong>quippe</strong></span> <span class='ocrx_word' id='word_1_173' title='bbox 2111 724 2200 792; x_wconf 87' lang='lat' dir='ltr'><strong>qui</strong></span> <span class='ocrx_word' id='word_1_174' title='bbox 2231 724 2371 779; x_wconf 88' lang='lat' dir='ltr'><strong>mala</strong></span> <span class='ocrx_word' id='word_1_175' title='bbox 2394 727 2578 781; x_wconf 89' lang='lat' dir='ltr'><strong>tnundi</strong></span> <span class='ocrx_word' id='word_1_176' title='bbox 2612 727 2844 783; x_wconf 89' lang='lat' dir='ltr'><strong>tolerant</strong></span> <span class='ocrx_word' id='word_1_177' title='bbox 2867 744 2965 798; x_wconf 92' lang='lat' dir='ltr'><strong>pro</strong></span> <span class='ocrx_word' id='word_1_178' title='bbox 2990 732 3210 797; x_wconf 91' lang='lat' dir='ltr'><strong>mundo,</strong></span> <span class='ocrx_word' id='word_1_179' title='bbox 3241 730 3464 803; x_wconf 87' lang='lat' dir='ltr'><strong>ejusque</strong></span> 
     </span>
    </p>
   </div>
   <div class='ocr_carea' id='block_1_25' title="bbox 1888 814 3465 892">
    <p class='ocr_par' dir='ltr' id='par_1_25' title="bbox 1888 814 3465 892">
     <span class='ocr_line' id='line_1_25' title="bbox 1888 814 3465 892; baseline 0.009 -26"><span class='ocrx_word' id='word_1_180' title='bbox 1888 814 2103 883; x_wconf 88' lang='lat' dir='ltr'><strong>gaudia,</strong></span> <span class='ocrx_word' id='word_1_181' title='bbox 2133 823 2193 870; x_wconf 86' lang='lat' dir='ltr'><strong>ut</strong></span> <span class='ocrx_word' id='word_1_182' title='bbox 2221 815 2293 870; x_wconf 88' lang='lat' dir='ltr'><strong>ita</strong></span> <span class='ocrx_word' id='word_1_183' title='bbox 2330 817 2579 884; x_wconf 76' lang='lat' dir='ltr'><strong>dixerim,</strong></span> <span class='ocrx_word' id='word_1_184' title='bbox 2625 830 2928 890; x_wconf 68' lang='lat' dir='ltr'><strong>quterentes</strong></span> <span class='ocrx_word' id='word_1_185' title='bbox 2953 823 3199 892; x_wconf 88' lang='lat' dir='ltr'><strong>perdunt,</strong></span> <span class='ocrx_word' id='word_1_186' title='bbox 3235 839 3337 879; x_wconf 92' lang='lat' dir='ltr'><strong>nec</strong></span> <span class='ocrx_word' id='word_1_187' title='bbox 3384 834 3465 879; x_wconf 85' lang='lat' dir='ltr'><strong>ta-</strong></span> 
     </span>
    </p>
   </div>
   <div class='ocr_carea' id='block_1_26' title="bbox 1889 904 3463 985">
    <p class='ocr_par' dir='ltr' id='par_1_26' title="bbox 1889 904 3463 985">
     <span class='ocr_line' id='line_1_26' title="bbox 1889 904 3463 985; baseline 0.01 -29"><span class='ocrx_word' id='word_1_188' title='bbox 1889 917 2012 958; x_wconf 87' lang='lat' dir='ltr'><strong>men</strong></span> <span class='ocrx_word' id='word_1_189' title='bbox 2034 904 2147 959; x_wconf 64' lang='lat' dir='ltr'><strong>haec</strong></span> <span class='ocrx_word' id='word_1_190' title='bbox 2172 907 2443 974; x_wconf 91' lang='lat' dir='ltr'><strong>perdendo</strong></span> <span class='ocrx_word' id='word_1_191' title='bbox 2469 908 2782 980; x_wconf 85' lang='lat' dir='ltr'><strong>fatigantur.</strong></span> <span class='ocrx_word' id='word_1_192' title='bbox 2812 913 2891 967; x_wconf 83' lang='lat' dir='ltr'><strong>Ac</strong></span> <span class='ocrx_word' id='word_1_193' title='bbox 2910 914 2953 968; x_wconf 92' lang='lat' dir='ltr'><strong>si</strong></span> <span class='ocrx_word' id='word_1_194' title='bbox 2984 929 3113 985; x_wconf 89' lang='lat' dir='ltr'><strong>ergo</strong></span> <span class='ocrx_word' id='word_1_195' title='bbox 3134 915 3219 969; x_wconf 93' lang='lat' dir='ltr'><strong>vir</strong></span> <span class='ocrx_word' id='word_1_196' title='bbox 3242 924 3463 971; x_wconf 88' lang='lat' dir='ltr'><strong>sanctus</strong></span> 
     </span>
    </p>
   </div>
   <div class='ocr_carea' id='block_1_27' title="bbox 1888 991 3461 1075">
    <p class='ocr_par' dir='ltr' id='par_1_27' title="bbox 1888 991 3461 1075">
     <span class='ocr_line' id='line_1_27' title="bbox 1888 991 3461 1075; baseline 0.01 -29"><span class='ocrx_word' id='word_1_197' title='bbox 1888 991 2064 1047; x_wconf 87' lang='lat' dir='ltr'><strong>dicat:</strong></span> <span class='ocrx_word' id='word_1_198' title='bbox 2096 993 2235 1049; x_wconf 83' lang='lat' dir='ltr'><strong>Mala</strong></span> <span class='ocrx_word' id='word_1_199' title='bbox 2265 998 2450 1061; x_wconf 90' lang='lat' dir='ltr'><strong>mundi</strong></span> <span class='ocrx_word' id='word_1_200' title='bbox 2477 1014 2573 1068; x_wconf 91' lang='lat' dir='ltr'><strong>pro</strong></span> <span class='ocrx_word' id='word_1_201' title='bbox 2605 1002 2802 1056; x_wconf 90' lang='lat' dir='ltr'><strong>mundo</strong></span> <span class='ocrx_word' id='word_1_202' title='bbox 2827 1003 3055 1059; x_wconf 89' lang='lat' dir='ltr'><strong>tolerare</strong></span> <span class='ocrx_word' id='word_1_203' title='bbox 3075 1019 3305 1075; x_wconf 89' lang='lat' dir='ltr'><strong>nequeo,</strong></span> <span class='ocrx_word' id='word_1_204' title='bbox 3336 1006 3461 1075; x_wconf 89' lang='lat' dir='ltr'><strong>quia</strong></span> 
     </span>
    </p>
   </div>
   <div class='ocr_carea' id='block_1_28' title="bbox 1882 1080 3464 1154">
    <p class='ocr_par' dir='ltr' id='par_1_28' title="bbox 1882 1080 3464 1154">
     <span class='ocr_line' id='line_1_28' title="bbox 1882 1080 3464 1154; baseline 0.01 -18"><span class='ocrx_word' id='word_1_205' title='bbox 1882 1080 1997 1150; x_wconf 90' lang='lat' dir='ltr'><strong>jam</strong></span> <span class='ocrx_word' id='word_1_206' title='bbox 2041 1084 2096 1138; x_wconf 93' lang='lat' dir='ltr'><strong>in</strong></span> <span class='ocrx_word' id='word_1_207' title='bbox 2143 1085 2261 1154; x_wconf 86' lang='lat' dir='ltr'><strong>ejus</strong></span> <span class='ocrx_word' id='word_1_208' title='bbox 2304 1088 2573 1143; x_wconf 88' lang='lat' dir='ltr'><strong>desiderio</strong></span> <span class='ocrx_word' id='word_1_209' title='bbox 2612 1090 2771 1147; x_wconf 87' lang='lat' dir='ltr'><strong>fortis</strong></span> <span class='ocrx_word' id='word_1_210' title='bbox 2817 1110 2922 1149; x_wconf 91' lang='lat' dir='ltr'><strong>non</strong></span> <span class='ocrx_word' id='word_1_211' title='bbox 2968 1110 3109 1149; x_wconf 89' lang='lat' dir='ltr'><strong>sunt.</strong></span> <span class='ocrx_word' id='word_1_212' title='bbox 3156 1095 3292 1150; x_wconf 87' lang='lat' dir='ltr'><strong>Dum</strong></span> <span class='ocrx_word' id='word_1_213' title='bbox 3317 1096 3464 1152; x_wconf 90' lang='lat' dir='ltr'><strong>enim</strong></span> 
     </span>
    </p>
   </div>
   <div class='ocr_carea' id='block_1_29' title="bbox 1886 1175 3463 1260">
    <p class='ocr_par' dir='ltr' id='par_1_29' title="bbox 1886 1175 3463 1260">
     <span class='ocr_line' id='line_1_29' title="bbox 1886 1175 3463 1260; baseline 0.012 -35"><span class='ocrx_word' id='word_1_214' title='bbox 1886 1175 2167 1241; x_wconf 71' lang='lat' dir='ltr'><strong>prazsentis</strong></span> <span class='ocrx_word' id='word_1_215' title='bbox 2190 1177 2313 1232; x_wconf 71' lang='lat' dir='ltr'><strong>vita:</strong></span> <span class='ocrx_word' id='word_1_216' title='bbox 2340 1177 2500 1234; x_wconf 86' lang='lat' dir='ltr'><strong>linem</strong></span> <span class='ocrx_word' id='word_1_217' title='bbox 2548 1184 2839 1253; x_wconf 91' lang='lat' dir='ltr'><strong>conspicio,</strong></span> <span class='ocrx_word' id='word_1_218' title='bbox 2885 1202 2983 1240; x_wconf 92' lang='lat' dir='ltr'><strong>cur</strong></span> <span class='ocrx_word' id='word_1_219' title='bbox 3007 1202 3107 1257; x_wconf 90' lang='lat' dir='ltr'><strong>pro</strong></span> <span class='ocrx_word' id='word_1_220' title='bbox 3137 1188 3336 1243; x_wconf 89' lang='lat' dir='ltr'><strong>mundo</strong></span> <span class='ocrx_word' id='word_1_221' title='bbox 3363 1202 3463 1260; x_wconf 88' lang='lat' dir='ltr'><strong>pa-</strong></span> 
     </span>
    </p>
   </div>
   <div class='ocr_carea' id='block_1_30' title="bbox 1887 1262 3030 1347">
    <p class='ocr_par' dir='ltr' id='par_1_30' title="bbox 1887 1262 3030 1347">
     <span class='ocr_line' id='line_1_30' title="bbox 1887 1262 3030 1347; baseline 0.014 -31"><span class='ocrx_word' id='word_1_222' title='bbox 1887 1262 1994 1317; x_wconf 89' lang='lat' dir='ltr'><strong>tiar</strong></span> <span class='ocrx_word' id='word_1_223' title='bbox 2019 1265 2170 1334; x_wconf 88' lang='lat' dir='ltr'><strong>cujus</strong></span> <span class='ocrx_word' id='word_1_224' title='bbox 2204 1270 2497 1338; x_wconf 89' lang='lat' dir='ltr'><strong>appetitum</strong></span> <span class='ocrx_word' id='word_1_225' title='bbox 2525 1273 2714 1328; x_wconf 84' lang='lat' dir='ltr'><strong>calce?</strong></span> <span class='ocrx_word' id='word_1_226' title='bbox 2744 1275 3030 1347; x_wconf 88' lang='lat' dir='ltr'><strong>Sequitur:</strong></span> 
     </span>
    </p>
   </div>
   <div class='ocr_carea' id='block_1_31' title="bbox 1958 1352 3463 1437">
    <p class='ocr_par' dir='ltr' id='par_1_31' title="bbox 1958 1352 3463 1437">
     <span class='ocr_line' id='line_1_31' title="bbox 1958 1352 3463 1437; baseline 0.013 -30"><span class='ocrx_word' id='word_1_227' title='bbox 1958 1352 2124 1410; x_wconf 71' lang='lat' dir='ltr'><strong>Vsus.</strong></span> <span class='ocrx_word' id='word_1_228' title='bbox 2148 1357 2353 1413; x_wconf 82' lang='lat' dir='ltr'><strong>i2.Nec</strong></span> <span class='ocrx_word' id='word_1_229' title='bbox 2373 1361 2628 1430; x_wconf 76' lang='lat' dir='ltr'><strong>fortitudo</strong></span> <span class='ocrx_word' id='word_1_230' title='bbox 2658 1364 2895 1434; x_wconf 81' lang='lat' dir='ltr'><strong>lapidum</strong></span> <span class='ocrx_word' id='word_1_231' title='bbox 2932 1368 3187 1437; x_wconf 77' lang='lat' dir='ltr'><strong>fortitudo</strong></span> <span class='ocrx_word' id='word_1_232' title='bbox 3209 1386 3348 1437; x_wconf 83' lang='lat' dir='ltr'><strong>mea,</strong></span> <span class='ocrx_word' id='word_1_233' title='bbox 3370 1386 3463 1425; x_wconf 79' lang='lat' dir='ltr'><strong>nec</strong></span> 
     </span>
    </p>
   </div>
   <div class='ocr_carea' id='block_1_32' title="bbox 1887 1450 3464 1530">
    <p class='ocr_par' dir='ltr' id='par_1_32' title="bbox 1887 1450 3464 1530">
     <span class='ocr_line' id='line_1_32' title="bbox 1887 1450 3464 1530; baseline 0.011 -34"><span class='ocrx_word' id='word_1_234' title='bbox 1887 1459 2012 1498; x_wconf 87' lang='lat' dir='ltr'><strong>caro</strong></span> <span class='ocrx_word' id='word_1_235' title='bbox 2052 1461 2166 1500; x_wconf 81' lang='lat' dir='ltr'><strong>mea</strong></span> <span class='ocrx_word' id='word_1_236' title='bbox 2190 1464 2334 1503; x_wconf 73' lang='lat' dir='ltr'><strong>wnea</strong></span> <span class='ocrx_word' id='word_1_237' title='bbox 2365 1459 2462 1503; x_wconf 84' lang='lat' dir='ltr'><strong>est.</strong></span> <span class='ocrx_word' id='word_1_238' title='bbox 2485 1481 2556 1491; x_wconf 92' lang='lat'>—</span> <span class='ocrx_word' id='word_1_239' title='bbox 2584 1450 2722 1519; x_wconf 85' lang='lat' dir='ltr'><strong>Quid</strong></span> <span class='ocrx_word' id='word_1_240' title='bbox 2744 1456 2847 1511; x_wconf 89' lang='lat' dir='ltr'><strong>hoc</strong></span> <span class='ocrx_word' id='word_1_241' title='bbox 2892 1456 3009 1513; x_wconf 87' lang='lat' dir='ltr'><strong>loco</strong></span> <span class='ocrx_word' id='word_1_242' title='bbox 3030 1474 3137 1514; x_wconf 85' lang='lat' dir='ltr'><strong>aere</strong></span> <span class='ocrx_word' id='word_1_243' title='bbox 3158 1471 3250 1514; x_wconf 90' lang='lat' dir='ltr'><strong>aut</strong></span> <span class='ocrx_word' id='word_1_244' title='bbox 3275 1458 3464 1530; x_wconf 87' lang='lat' dir='ltr'><strong>lapidi-</strong></span> 
     </span>
    </p>
   </div>
   <div class='ocr_carea' id='block_1_33' title="bbox 1886 1534 3459 1622">
    <p class='ocr_par' dir='ltr' id='par_1_33' title="bbox 1886 1534 3459 1622">
     <span class='ocr_line' id='line_1_33' title="bbox 1886 1534 3459 1622; baseline 0.013 -33"><span class='ocrx_word' id='word_1_245' title='bbox 1886 1534 2010 1603; x_wconf 89' lang='lat' dir='ltr'><strong>bus,</strong></span> <span class='ocrx_word' id='word_1_246' title='bbox 2035 1537 2142 1592; x_wconf 85' lang='lat' dir='ltr'><strong>nisi</strong></span> <span class='ocrx_word' id='word_1_247' title='bbox 2189 1538 2580 1598; x_wconf 87' lang='lat' dir='ltr'><strong>insensibilium</strong></span> <span class='ocrx_word' id='word_1_248' title='bbox 2628 1546 2906 1603; x_wconf 86' lang='lat' dir='ltr'><strong>hominum</strong></span> <span class='ocrx_word' id='word_1_249' title='bbox 2949 1552 3111 1605; x_wconf 90' lang='lat' dir='ltr'><strong>corda</strong></span> <span class='ocrx_word' id='word_1_250' title='bbox 3156 1553 3459 1622; x_wconf 79' lang='lat' dir='ltr'><strong>signantur,</strong></span> 
     </span>
    </p>
   </div>
   <div class='ocr_carea' id='block_1_34' title="bbox 196 1628 3466 1707">
    <p class='ocr_par' dir='ltr' id='par_1_34' title="bbox 196 1628 3466 1707">
     <span class='ocr_line' id='line_1_34' title="bbox 196 1628 3466 1707; baseline 0.004 -21"><span class='ocrx_word' id='word_1_251' title='bbox 196 1651 306 1706; x_wconf 82' lang='lat' dir='ltr'><strong>que</strong></span> <span class='ocrx_word' id='word_1_252' title='bbox 330 1636 589 1689; x_wconf 84' lang='lat' dir='ltr'><strong>vitiorum</strong></span> <span class='ocrx_word' id='word_1_253' title='bbox 619 1634 999 1690; x_wconf 90' lang='lat' dir='ltr'><strong>contritionem</strong></span> <span class='ocrx_word' id='word_1_254' title='bbox 1029 1634 1103 1691; x_wconf 18' lang='lat' dir='ltr'><strong>in,</strong></span> <span class='ocrx_word' id='word_1_255' title='bbox 1132 1632 1289 1687; x_wconf 91' lang='lat' dir='ltr'><strong>nobis</strong></span> <span class='ocrx_word' id='word_1_256' title='bbox 1320 1632 1579 1687; x_wconf 87' lang='lat' dir='ltr'><strong>Dominus</strong></span> <span class='ocrx_word' id='word_1_257' title='bbox 1623 1644 1783 1701; x_wconf 88' lang='lat' dir='ltr'><strong>agere</strong></span> <span class='ocrx_word' id='word_1_258' title='bbox 1810 1640 1859 1701; x_wconf 80' lang='grc' dir='ltr'><strong>Β</strong></span> <span class='ocrx_word' id='word_1_259' title='bbox 1886 1628 1977 1697; x_wconf 89' lang='lat' dir='ltr'><strong>qui</strong></span> <span class='ocrx_word' id='word_1_260' title='bbox 1998 1628 2143 1683; x_wconf 88' lang='lat' dir='ltr'><strong>nulla</strong></span> <span class='ocrx_word' id='word_1_261' title='bbox 2170 1632 2515 1699; x_wconf 87' lang='lat' dir='ltr'><strong>percussione</strong></span> <span class='ocrx_word' id='word_1_262' title='bbox 2559 1636 2923 1693; x_wconf 85' lang='lat' dir='ltr'><strong>mollescunt?</strong></span> <span class='ocrx_word' id='word_1_263' title='bbox 2968 1639 3085 1707; x_wconf 90' lang='lat' dir='ltr'><strong>Quo</strong></span> <span class='ocrx_word' id='word_1_264' title='bbox 3129 1651 3319 1697; x_wconf 88' lang='lat' dir='ltr'><strong>contra</strong></span> <span class='ocrx_word' id='word_1_265' title='bbox 3354 1643 3466 1699; x_wconf 83' lang='lat' dir='ltr'><strong>ele-</strong></span> 
     </span>
    </p>
   </div>
   <div class='ocr_carea' id='block_1_35' title="bbox 196 1722 1785 1794">
    <p class='ocr_par' dir='ltr' id='par_1_35' title="bbox 196 1722 1785 1794">
     <span class='ocr_line' id='line_1_35' title="bbox 196 1722 1785 1794; baseline -0.002 -12"><span class='ocrx_word' id='word_1_266' title='bbox 196 1728 447 1791; x_wconf 84' lang='lat' dir='ltr'><strong>inchoat,</strong></span> <span class='ocrx_word' id='word_1_267' title='bbox 479 1727 577 1781; x_wconf 88' lang='lat' dir='ltr'><strong>sed</strong></span> <span class='ocrx_word' id='word_1_268' title='bbox 606 1742 730 1781; x_wconf 89' lang='lat' dir='ltr'><strong>cum</strong></span> <span class='ocrx_word' id='word_1_269' title='bbox 771 1741 925 1782; x_wconf 90' lang='lat' dir='ltr'><strong>mens</strong></span> <span class='ocrx_word' id='word_1_270' title='bbox 970 1741 1036 1780; x_wconf 83' lang='lat' dir='ltr'><strong>ex</strong></span> <span class='ocrx_word' id='word_1_271' title='bbox 1083 1726 1199 1794; x_wconf 91' lang='lat' dir='ltr'><strong>ipso</strong></span> <span class='ocrx_word' id='word_1_272' title='bbox 1247 1725 1470 1780; x_wconf 83' lang='lat' dir='ltr'><strong>exordio</strong></span> <span class='ocrx_word' id='word_1_273' title='bbox 1511 1722 1785 1793; x_wconf 82' lang='lat' dir='ltr'><strong>profectus</strong></span> 
     </span>
    </p>
   </div>
   <div class='ocr_carea' id='block_1_36' title="bbox 196 1812 1786 1884">
    <p class='ocr_par' dir='ltr' id='par_1_36' title="bbox 196 1812 1786 1884">
     <span class='ocr_line' id='line_1_36' title="bbox 196 1812 1786 1884; baseline -0.002 -12"><span class='ocrx_word' id='word_1_274' title='bbox 196 1816 499 1880; x_wconf 78' lang='lat' dir='ltr'><strong>extollitur,</strong></span> <span class='ocrx_word' id='word_1_275' title='bbox 545 1816 858 1871; x_wconf 87' lang='lat' dir='ltr'><strong>adversario</strong></span> <span class='ocrx_word' id='word_1_276' title='bbox 926 1815 1133 1869; x_wconf 89' lang='lat' dir='ltr'><strong>aditum</strong></span> <span class='ocrx_word' id='word_1_277' title='bbox 1188 1813 1398 1884; x_wconf 89' lang='lat' dir='ltr'><strong>pandit.</strong></span> <span class='ocrx_word' id='word_1_278' title='bbox 1446 1812 1786 1884; x_wconf 81' lang='lat' dir='ltr'><strong>Quapropter</strong></span> 
     </span>
    </p>
   </div>
   <div class='ocr_carea' id='block_1_37' title="bbox 194 1908 1001 1964">
    <p class='ocr_par' dir='ltr' id='par_1_37' title="bbox 194 1908 1001 1964">
     <span class='ocr_line' id='line_1_37' title="bbox 194 1908 1001 1964; baseline -0.004 0"><span class='ocrx_word' id='word_1_279' title='bbox 194 1919 425 1964; x_wconf 84' lang='lat' dir='ltr'><strong>sanctus</strong></span> <span class='ocrx_word' id='word_1_280' title='bbox 446 1909 533 1963; x_wconf 92' lang='lat' dir='ltr'><strong>vir</strong></span> <span class='ocrx_word' id='word_1_281' title='bbox 562 1917 755 1963; x_wconf 89' lang='lat' dir='ltr'><strong>exorat</strong></span> <span class='ocrx_word' id='word_1_282' title='bbox 777 1908 963 1962; x_wconf 91' lang='lat' dir='ltr'><strong>dicens</strong></span> <span class='ocrx_word' id='word_1_283' title='bbox 986 1923 1001 1960; x_wconf 90' lang='lat'><strong>:</strong></span> 
     </span>
    </p>
   </div>
   <div class='ocr_carea' id='block_1_38' title="bbox 272 1993 1786 2069">
    <p class='ocr_par' dir='ltr' id='par_1_38' title="bbox 272 1993 1786 2069">
     <span class='ocr_line' id='line_1_38' title="bbox 272 1993 1786 2069; baseline -0.004 -13"><span class='ocrx_word' id='word_1_284' title='bbox 272 2000 440 2056; x_wconf 74' lang='lat' dir='ltr'><strong>Vsus.</strong></span> <span class='ocrx_word' id='word_1_285' title='bbox 457 2001 512 2055; x_wconf 88' lang='lat'><strong>9.</strong></span> <span class='ocrx_word' id='word_1_286' title='bbox 559 1999 663 2066; x_wconf 83' lang='lat' dir='ltr'><strong>Qui</strong></span> <span class='ocrx_word' id='word_1_287' title='bbox 691 1999 859 2068; x_wconf 73' lang='lat' dir='ltr'><strong>coepit,</strong></span> <span class='ocrx_word' id='word_1_288' title='bbox 884 1999 992 2069; x_wconf 80' lang='lat' dir='ltr'><strong>ipse</strong></span> <span class='ocrx_word' id='word_1_289' title='bbox 1023 2013 1104 2052; x_wconf 86' lang='lat' dir='ltr'><strong>me</strong></span> <span class='ocrx_word' id='word_1_290' title='bbox 1134 2005 1389 2051; x_wconf 84' lang='lat' dir='ltr'><strong>conterat.</strong></span> <span class='ocrx_word' id='word_1_291' title='bbox 1409 2023 1483 2035; x_wconf 94' lang='lat'><strong><em>—</em></strong></span> <span class='ocrx_word' id='word_1_292' title='bbox 1513 1993 1590 2050; x_wconf 87' lang='lat' dir='ltr'><strong>Ac</strong></span> <span class='ocrx_word' id='word_1_293' title='bbox 1630 1995 1676 2051; x_wconf 88' lang='lat' dir='ltr'><strong>si</strong></span> <span class='ocrx_word' id='word_1_294' title='bbox 1706 1994 1786 2050; x_wconf 90' lang='lat' dir='ltr'><strong>di-</strong></span> 
     </span>
    </p>
   </div>
   <div class='ocr_carea' id='block_1_39' title="bbox 195 2085 1787 2160">
    <p class='ocr_par' dir='ltr' id='par_1_39' title="bbox 195 2085 1787 2160">
     <span class='ocr_line' id='line_1_39' title="bbox 195 2085 1787 2160; baseline -0.004 -14"><span class='ocrx_word' id='word_1_295' title='bbox 195 2099 316 2146; x_wconf 85' lang='lat' dir='ltr'><strong>cat:</strong></span> <span class='ocrx_word' id='word_1_296' title='bbox 342 2090 458 2146; x_wconf 82' lang='lat' dir='ltr'><strong>Hoc</strong></span> <span class='ocrx_word' id='word_1_297' title='bbox 484 2090 631 2160; x_wconf 89' lang='lat' dir='ltr'><strong>quod</strong></span> <span class='ocrx_word' id='word_1_298' title='bbox 663 2090 714 2143; x_wconf 90' lang='lat' dir='ltr'><strong>in</strong></span> <span class='ocrx_word' id='word_1_299' title='bbox 743 2105 827 2144; x_wconf 88' lang='lat' dir='ltr'><strong>me</strong></span> <span class='ocrx_word' id='word_1_300' title='bbox 840 2103 1092 2144; x_wconf 78' lang='lat' dir='ltr'><strong>exorsum</strong></span> <span class='ocrx_word' id='word_1_301' title='bbox 1124 2096 1228 2151; x_wconf 90' lang='lat' dir='ltr'><strong>est,</strong></span> <span class='ocrx_word' id='word_1_302' title='bbox 1256 2086 1518 2157; x_wconf 81' lang='lat' dir='ltr'><strong>perlicere</strong></span> <span class='ocrx_word' id='word_1_303' title='bbox 1542 2085 1787 2140; x_wconf 89' lang='lat' dir='ltr'><strong>feriendo</strong></span> 
     </span>
    </p>
   </div>
   <div class='ocr_carea' id='block_1_40' title="bbox 197 2175 1787 2246">
    <p class='ocr_par' dir='ltr' id='par_1_40' title="bbox 197 2175 1787 2246">
     <span class='ocr_line' id='line_1_40' title="bbox 197 2175 1787 2246; baseline -0.004 -10"><span class='ocrx_word' id='word_1_304' title='bbox 197 2198 308 2238; x_wconf 89' lang='lat' dir='ltr'><strong>non</strong></span> <span class='ocrx_word' id='word_1_305' title='bbox 348 2180 583 2246; x_wconf 87' lang='lat' dir='ltr'><strong>desinat,</strong></span> <span class='ocrx_word' id='word_1_306' title='bbox 611 2195 678 2235; x_wconf 93' lang='lat' dir='ltr'><strong>ne</strong></span> <span class='ocrx_word' id='word_1_307' title='bbox 700 2182 973 2235; x_wconf 84' lang='lat' dir='ltr'><strong>desertum</strong></span> <span class='ocrx_word' id='word_1_308' title='bbox 1018 2194 1105 2235; x_wconf 86' lang='lat' dir='ltr'><strong>me</strong></span> <span class='ocrx_word' id='word_1_309' title='bbox 1133 2176 1448 2234; x_wconf 89' lang='lat' dir='ltr'><strong>adversario</strong></span> <span class='ocrx_word' id='word_1_310' title='bbox 1493 2175 1561 2231; x_wconf 88' lang='lat' dir='ltr'><strong>ad</strong></span> <span class='ocrx_word' id='word_1_311' title='bbox 1585 2175 1787 2231; x_wconf 89' lang='lat' dir='ltr'><strong>contri-</strong></span> 
     </span>
    </p>
   </div>
   <div class='ocr_carea' id='block_1_41' title="bbox 197 2269 1786 2344">
    <p class='ocr_par' dir='ltr' id='par_1_41' title="bbox 197 2269 1786 2344">
     <span class='ocr_line' id='line_1_41' title="bbox 197 2269 1786 2344; baseline -0.004 -16"><span class='ocrx_word' id='word_1_312' title='bbox 197 2273 404 2329; x_wconf 83' lang='lat' dir='ltr'><strong>tionem</strong></span> <span class='ocrx_word' id='word_1_313' title='bbox 448 2272 645 2328; x_wconf 87' lang='lat' dir='ltr'><strong>tradat.</strong></span> <span class='ocrx_word' id='word_1_314' title='bbox 711 2271 1005 2344; x_wconf 89' lang='lat' dir='ltr'><strong>Sequitur:</strong></span> <span class='ocrx_word' id='word_1_315' title='bbox 1054 2269 1234 2327; x_wconf 80' lang='lat' dir='ltr'><strong>Solvat</strong></span> <span class='ocrx_word' id='word_1_316' title='bbox 1287 2286 1502 2324; x_wconf 88' lang='lat' dir='ltr'><strong>manum</strong></span> <span class='ocrx_word' id='word_1_317' title='bbox 1540 2285 1692 2323; x_wconf 89' lang='lat' dir='ltr'><strong>suam</strong></span> <span class='ocrx_word' id='word_1_318' title='bbox 1736 2276 1786 2323; x_wconf 82' lang='lat' dir='ltr'><strong>et</strong></span> 
     </span>
    </p>
   </div>
   <div class='ocr_carea' id='block_1_42' title="bbox 192 2357 1787 2428">
    <p class='ocr_par' dir='ltr' id='par_1_42' title="bbox 192 2357 1787 2428">
     <span class='ocr_line' id='line_1_42' title="bbox 192 2357 1787 2428; baseline -0.004 -8"><span class='ocrx_word' id='word_1_319' title='bbox 192 2367 434 2420; x_wconf 80' lang='lat' dir='ltr'><strong>succidat</strong></span> <span class='ocrx_word' id='word_1_320' title='bbox 455 2382 557 2420; x_wconf 82' lang='lat' dir='ltr'><strong>me.</strong></span> <span class='ocrx_word' id='word_1_321' title='bbox 577 2396 650 2406; x_wconf 91' lang='lat'><strong><em>—</em></strong></span> <span class='ocrx_word' id='word_1_322' title='bbox 678 2363 858 2421; x_wconf 85' lang='lat' dir='ltr'><strong>Solvat</strong></span> <span class='ocrx_word' id='word_1_323' title='bbox 890 2379 1106 2417; x_wconf 84' lang='lat' dir='ltr'><strong>manum</strong></span> <span class='ocrx_word' id='word_1_324' title='bbox 1137 2362 1354 2428; x_wconf 88' lang='lat' dir='ltr'><strong>dicitur,</strong></span> <span class='ocrx_word' id='word_1_325' title='bbox 1381 2368 1635 2416; x_wconf 83' lang='lat' dir='ltr'><strong>exerceat</strong></span> <span class='ocrx_word' id='word_1_326' title='bbox 1659 2357 1787 2414; x_wconf 66' lang='lat' dir='ltr'><strong>ell&#39;e«</strong></span> 
     </span>
    </p>
   </div>
   <div class='ocr_carea' id='block_1_43' title="bbox 194 2453 1790 2524">
    <p class='ocr_par' dir='ltr' id='par_1_43' title="bbox 194 2453 1790 2524">
     <span class='ocr_line' id='line_1_43' title="bbox 194 2453 1790 2524; baseline -0.003 -12"><span class='ocrx_word' id='word_1_327' title='bbox 194 2466 373 2512; x_wconf 88' lang='lat' dir='ltr'><strong>ctum.</strong></span> <span class='ocrx_word' id='word_1_328' title='bbox 407 2456 516 2513; x_wconf 83' lang='lat' dir='ltr'><strong>Sed</strong></span> <span class='ocrx_word' id='word_1_329' title='bbox 557 2473 681 2512; x_wconf 90' lang='lat' dir='ltr'><strong>cum</strong></span> <span class='ocrx_word' id='word_1_330' title='bbox 718 2473 818 2513; x_wconf 87' lang='lat' dir='ltr'><strong>nos</strong></span> <span class='ocrx_word' id='word_1_331' title='bbox 870 2456 1054 2513; x_wconf 86' lang='lat' dir='ltr'><strong>extolli</strong></span> <span class='ocrx_word' id='word_1_332' title='bbox 1103 2454 1362 2511; x_wconf 87' lang='lat' dir='ltr'><strong>Conditor</strong></span> <span class='ocrx_word' id='word_1_333' title='bbox 1402 2453 1689 2524; x_wconf 87' lang='lat' dir='ltr'><strong>conspicit,</strong></span> <span class='ocrx_word' id='word_1_334' title='bbox 1731 2461 1790 2508; x_wconf 91' lang='lat' dir='ltr'><strong>et</strong></span> 
     </span>
    </p>
   </div>
   <div class='ocr_carea' id='block_1_44' title="bbox 196 2547 1784 2617">
    <p class='ocr_par' dir='ltr' id='par_1_44' title="bbox 196 2547 1784 2617">
     <span class='ocr_line' id='line_1_44' title="bbox 196 2547 1784 2617; baseline -0.003 -15"><span class='ocrx_word' id='word_1_335' title='bbox 196 2562 445 2603; x_wconf 86' lang='lat' dir='ltr'><strong>amorem</strong></span> <span class='ocrx_word' id='word_1_336' title='bbox 482 2563 639 2602; x_wconf 89' lang='lat' dir='ltr'><strong>suum</strong></span> <span class='ocrx_word' id='word_1_337' title='bbox 680 2562 808 2617; x_wconf 81' lang='lat' dir='ltr'><strong>erga</strong></span> <span class='ocrx_word' id='word_1_338' title='bbox 852 2561 951 2602; x_wconf 77' lang='grc' dir='ltr'>ιιοε</span> <span class='ocrx_word' id='word_1_339' title='bbox 984 2561 1081 2617; x_wconf 91' lang='lat' dir='ltr'><strong>per</strong></span> <span class='ocrx_word' id='word_1_340' title='bbox 1112 2547 1340 2601; x_wconf 87' lang='lat' dir='ltr'><strong>verbera</strong></span> <span class='ocrx_word' id='word_1_341' title='bbox 1388 2560 1496 2600; x_wconf 92' lang='lat' dir='ltr'><strong>non</strong></span> <span class='ocrx_word' id='word_1_342' title='bbox 1544 2551 1784 2609; x_wconf 87' lang='lat' dir='ltr'><strong>exercet,</strong></span> 
     </span>
    </p>
   </div>
   <div class='ocr_carea' id='block_1_45' title="bbox 196 2626 1787 2710">
    <p class='ocr_par' dir='ltr' id='par_1_45' title="bbox 196 2626 1787 2710">
     <span class='ocr_line' id='line_1_45' title="bbox 196 2626 1787 2710; baseline -0.003 -16"><span class='ocrx_word' id='word_1_343' title='bbox 196 2626 327 2710; x_wconf 73' lang='lat' dir='ltr'><strong>quia</strong></span> <span class='ocrx_word' id='word_1_344' title='bbox 357 2639 428 2694; x_wconf 88' lang='lat' dir='ltr'><strong>ad</strong></span> <span class='ocrx_word' id='word_1_345' title='bbox 454 2638 699 2695; x_wconf 87' lang='lat' dir='ltr'><strong>ferienda</strong></span> <span class='ocrx_word' id='word_1_346' title='bbox 719 2639 774 2693; x_wconf 91' lang='lat' dir='ltr'><strong>in</strong></span> <span class='ocrx_word' id='word_1_347' title='bbox 795 2653 895 2694; x_wconf 90' lang='lat' dir='ltr'><strong>nos</strong></span> <span class='ocrx_word' id='word_1_348' title='bbox 920 2647 1108 2692; x_wconf 89' lang='lat' dir='ltr'><strong>nostra</strong></span> <span class='ocrx_word' id='word_1_349' title='bbox 1131 2637 1263 2691; x_wconf 88' lang='lat' dir='ltr'><strong>vitia</strong></span> <span class='ocrx_word' id='word_1_350' title='bbox 1295 2652 1512 2691; x_wconf 90' lang='lat' dir='ltr'><strong>manum</strong></span> <span class='ocrx_word' id='word_1_351' title='bbox 1540 2636 1687 2706; x_wconf 88' lang='lat' dir='ltr'><strong>ligat.</strong></span> <span class='ocrx_word' id='word_1_352' title='bbox 1719 2635 1787 2690; x_wconf 87' lang='lat' dir='ltr'><strong>Et</strong></span> 
     </span>
    </p>
   </div>
   <div class='ocr_carea' id='block_1_46' title="bbox 191 2725 1786 2783">
    <p class='ocr_par' dir='ltr' id='par_1_46' title="bbox 191 2725 1786 2783">
     <span class='ocr_line' id='line_1_46' title="bbox 191 2725 1786 2783; baseline -0.002 0"><span class='ocrx_word' id='word_1_353' title='bbox 191 2743 325 2783; x_wconf 91' lang='lat' dir='ltr'><strong>cum</strong></span> <span class='ocrx_word' id='word_1_354' title='bbox 377 2742 602 2783; x_wconf 88' lang='lat' dir='ltr'><strong>securos</strong></span> <span class='ocrx_word' id='word_1_355' title='bbox 650 2741 751 2782; x_wconf 89' lang='lat' dir='ltr'><strong>nos</strong></span> <span class='ocrx_word' id='word_1_356' title='bbox 786 2741 849 2781; x_wconf 86' lang='lat' dir='ltr'><strong>ac</strong></span> <span class='ocrx_word' id='word_1_357' title='bbox 889 2727 956 2782; x_wconf 91' lang='lat' dir='ltr'><strong>de</strong></span> <span class='ocrx_word' id='word_1_358' title='bbox 990 2726 1249 2781; x_wconf 89' lang='lat' dir='ltr'><strong>virtutum</strong></span> <span class='ocrx_word' id='word_1_359' title='bbox 1295 2725 1569 2780; x_wconf 73' lang='lat' dir='ltr'><strong>afﬂuentia</strong></span> <span class='ocrx_word' id='word_1_360' title='bbox 1615 2725 1786 2780; x_wconf 91' lang='lat' dir='ltr'><strong>elatos</strong></span> 
     </span>
    </p>
   </div>
   <div class='ocr_carea' id='block_1_47' title="bbox 194 2817 1786 2891">
    <p class='ocr_par' dir='ltr' id='par_1_47' title="bbox 194 2817 1786 2891">
     <span class='ocr_line' id='line_1_47' title="bbox 194 2817 1786 2891; baseline -0.004 -14"><span class='ocrx_word' id='word_1_361' title='bbox 194 2830 431 2891; x_wconf 86' lang='lat' dir='ltr'><strong>repente</strong></span> <span class='ocrx_word' id='word_1_362' title='bbox 478 2820 561 2875; x_wconf 90' lang='lat' dir='ltr'><strong>vel</strong></span> <span class='ocrx_word' id='word_1_363' title='bbox 605 2819 802 2891; x_wconf 84' lang='lat' dir='ltr'><strong>flagelli</strong></span> <span class='ocrx_word' id='word_1_364' title='bbox 843 2819 1016 2884; x_wconf 90' lang='lat' dir='ltr'><strong>dolor,</strong></span> <span class='ocrx_word' id='word_1_365' title='bbox 1065 2817 1150 2873; x_wconf 88' lang='lat' dir='ltr'><strong>vel</strong></span> <span class='ocrx_word' id='word_1_366' title='bbox 1179 2817 1511 2872; x_wconf 82' lang='lat' dir='ltr'><strong>infirmitatis</strong></span> <span class='ocrx_word' id='word_1_367' title='bbox 1560 2817 1786 2871; x_wconf 89' lang='lat' dir='ltr'><strong>tentatio</strong></span> 
     </span>
    </p>
   </div>
   <div class='ocr_carea' id='block_1_48' title="bbox 188 2906 1786 2980">
    <p class='ocr_par' dir='ltr' id='par_1_48' title="bbox 188 2906 1786 2980">
     <span class='ocr_line' id='line_1_48' title="bbox 188 2906 1786 2980; baseline -0.003 -16"><span class='ocrx_word' id='word_1_368' title='bbox 188 2910 457 2980; x_wconf 82' lang='lat' dir='ltr'><strong>percutit,</strong></span> <span class='ocrx_word' id='word_1_369' title='bbox 486 2910 732 2978; x_wconf 89' lang='lat' dir='ltr'><strong>protinus</strong></span> <span class='ocrx_word' id='word_1_370' title='bbox 756 2924 787 2964; x_wconf 92' lang='lat' dir='ltr'><strong>a</strong></span> <span class='ocrx_word' id='word_1_371' title='bbox 808 2915 981 2963; x_wconf 89' lang='lat' dir='ltr'><strong>status</strong></span> <span class='ocrx_word' id='word_1_372' title='bbox 1005 2906 1089 2962; x_wconf 91' lang='lat' dir='ltr'><strong>sui</strong></span> <span class='ocrx_word' id='word_1_373' title='bbox 1118 2907 1321 2962; x_wconf 75' lang='lat' dir='ltr'><strong>vertice</strong></span> <span class='ocrx_word' id='word_1_374' title='bbox 1364 2906 1561 2961; x_wconf 90' lang='lat' dir='ltr'><strong>mentis</strong></span> <span class='ocrx_word' id='word_1_375' title='bbox 1586 2913 1786 2960; x_wconf 57' lang='lat' dir='ltr'><strong>nostra</strong></span> 
     </span>
    </p>
   </div>
   <div class='ocr_carea' id='block_1_49' title="bbox 1883 1717 3461 1800">
    <p class='ocr_par' dir='ltr' id='par_1_49' title="bbox 1883 1717 3461 1800">
     <span class='ocr_line' id='line_1_49' title="bbox 1883 1717 3461 1800; baseline 0.01 -27"><span class='ocrx_word' id='word_1_376' title='bbox 1883 1717 1989 1773; x_wconf 91' lang='lat' dir='ltr'><strong>ctis</strong></span> <span class='ocrx_word' id='word_1_377' title='bbox 2016 1719 2248 1774; x_wconf 92' lang='lat' dir='ltr'><strong>dicitur:</strong></span> <span class='ocrx_word' id='word_1_378' title='bbox 2277 1738 2298 1773; x_wconf 79' lang='grc' dir='ltr'><strong>ι</strong></span> <span class='ocrx_word' id='word_1_379' title='bbox 2334 1721 2536 1777; x_wconf 91' lang='lat' dir='ltr'><strong>Tollam</strong></span> <span class='ocrx_word' id='word_1_380' title='bbox 2563 1726 2715 1782; x_wconf 90' lang='lat' dir='ltr'><strong>vobis</strong></span> <span class='ocrx_word' id='word_1_381' title='bbox 2749 1743 2844 1783; x_wconf 92' lang='lat' dir='ltr'><strong>cor</strong></span> <span class='ocrx_word' id='word_1_382' title='bbox 2867 1729 3157 1800; x_wconf 89' lang='lat' dir='ltr'><strong>lapideum,</strong></span> <span class='ocrx_word' id='word_1_383' title='bbox 3199 1752 3218 1785; x_wconf 82' lang='grc' dir='ltr'><strong>ι</strong></span> <span class='ocrx_word' id='word_1_384' title='bbox 3247 1743 3300 1788; x_wconf 90' lang='lat' dir='ltr'><strong>et</strong></span> <span class='ocrx_word' id='word_1_385' title='bbox 3333 1733 3461 1789; x_wconf 85' lang='lat' dir='ltr'><strong>reli-</strong></span> 
     </span>
    </p>
   </div>
   <div class='ocr_carea' id='block_1_50' title="bbox 1885 1808 3460 1892">
    <p class='ocr_par' dir='ltr' id='par_1_50' title="bbox 1885 1808 3460 1892">
     <span class='ocr_line' id='line_1_50' title="bbox 1885 1808 3460 1892; baseline 0.013 -30"><span class='ocrx_word' id='word_1_386' title='bbox 1885 1824 1991 1878; x_wconf 91' lang='lat' dir='ltr'><strong>qua</strong></span> <span class='ocrx_word' id='word_1_387' title='bbox 2018 1808 2234 1880; x_wconf 75' lang='lat' dir='ltr'><strong>(Ezech.</strong></span> <span class='ocrx_word' id='word_1_388' title='bbox 2290 1827 2477 1880; x_wconf 82' lang='lat' dir='ltr'><strong>xxxvi,</strong></span> <span class='ocrx_word' id='word_1_389' title='bbox 2506 1815 2621 1886; x_wconf 89' lang='lat'><strong>26).</strong></span> <span class='ocrx_word' id='word_1_390' title='bbox 2682 1816 2877 1874; x_wconf 89' lang='lat' dir='ltr'><strong>Paulus</strong></span> <span class='ocrx_word' id='word_1_391' title='bbox 2923 1837 3135 1892; x_wconf 87' lang='lat' dir='ltr'><strong>quoque</strong></span> <span class='ocrx_word' id='word_1_392' title='bbox 3162 1823 3240 1878; x_wconf 89' lang='lat' dir='ltr'><strong>ait</strong></span> <span class='ocrx_word' id='word_1_393' title='bbox 3286 1842 3300 1879; x_wconf 96' lang='lat'><strong>:</strong></span> <span class='ocrx_word' id='word_1_394' title='bbox 3345 1844 3363 1877; x_wconf 83' lang='grc' dir='ltr'><strong>ι</strong></span> <span class='ocrx_word' id='word_1_395' title='bbox 3398 1825 3460 1882; x_wconf 89' lang='lat' dir='ltr'><strong>Si</strong></span> 
     </span>
    </p>
   </div>
   <div class='ocr_carea' id='block_1_51' title="bbox 1885 1897 3466 1985">
    <p class='ocr_par' dir='ltr' id='par_1_51' title="bbox 1885 1897 3466 1985">
     <span class='ocr_line' id='line_1_51' title="bbox 1885 1897 3466 1985; baseline 0.012 -34"><span class='ocrx_word' id='word_1_396' title='bbox 1885 1897 2081 1968; x_wconf 88' lang='lat' dir='ltr'><strong>linguis</strong></span> <span class='ocrx_word' id='word_1_397' title='bbox 2125 1900 2401 1956; x_wconf 86' lang='lat' dir='ltr'><strong>hominum</strong></span> <span class='ocrx_word' id='word_1_398' title='bbox 2438 1903 2627 1974; x_wconf 90' lang='lat' dir='ltr'><strong>loquar</strong></span> <span class='ocrx_word' id='word_1_399' title='bbox 2668 1916 2721 1961; x_wconf 91' lang='lat' dir='ltr'><strong>et</strong></span> <span class='ocrx_word' id='word_1_400' title='bbox 2750 1908 3097 1979; x_wconf 85' lang='lat' dir='ltr'><strong>angelorum,</strong></span> <span class='ocrx_word' id='word_1_401' title='bbox 3132 1931 3149 1963; x_wconf 75' lang='grc' dir='ltr'><strong>ι</strong></span> <span class='ocrx_word' id='word_1_402' title='bbox 3176 1922 3229 1968; x_wconf 92' lang='lat' dir='ltr'><strong>et</strong></span> <span class='ocrx_word' id='word_1_403' title='bbox 3256 1913 3466 1985; x_wconf 84' lang='lat' dir='ltr'><strong>reliqua</strong></span> 
     </span>
    </p>
   </div>
   <div class='ocr_carea' id='block_1_52' title="bbox 1887 1985 3462 2076">
    <p class='ocr_par' dir='ltr' id='par_1_52' title="bbox 1887 1985 3462 2076">
     <span class='ocr_line' id='line_1_52' title="bbox 1887 1985 3462 2076; baseline 0.014 -37"><span class='ocrx_word' id='word_1_404' title='bbox 1887 1985 1940 2058; x_wconf 88' lang='grc' dir='ltr'>(ι</span> <span class='ocrx_word' id='word_1_405' title='bbox 1964 1986 2087 2042; x_wconf 87' lang='lat' dir='ltr'><strong>Cor.</strong></span> <span class='ocrx_word' id='word_1_406' title='bbox 2112 2004 2232 2056; x_wconf 66' lang='grc' dir='ltr'>χιιι,</span> <span class='ocrx_word' id='word_1_407' title='bbox 2262 1992 2336 2063; x_wconf 83' lang='grc'><strong>1).</strong></span> <span class='ocrx_word' id='word_1_408' title='bbox 2384 1992 2573 2063; x_wconf 84' lang='lat' dir='ltr'><strong>Lapidi</strong></span> <span class='ocrx_word' id='word_1_409' title='bbox 2600 1988 2815 2054; x_wconf 48' lang='lat' dir='ltr'><strong>&#39;similis</strong></span> <span class='ocrx_word' id='word_1_410' title='bbox 2858 2010 2944 2056; x_wconf 90' lang='lat' dir='ltr'><strong>est</strong></span> <span class='ocrx_word' id='word_1_411' title='bbox 2989 2002 3233 2073; x_wconf 91' lang='lat' dir='ltr'><strong>quisquis</strong></span> <span class='ocrx_word' id='word_1_412' title='bbox 3274 2020 3305 2059; x_wconf 91' lang='lat' dir='ltr'><strong>a</strong></span> <span class='ocrx_word' id='word_1_413' title='bbox 3346 2006 3462 2076; x_wconf 89' lang='lat' dir='ltr'><strong>pie-</strong></span> 
     </span>
    </p>
   </div>
   <div class='ocr_carea' id='block_1_53' title="bbox 1888 2077 3466 2158">
    <p class='ocr_par' dir='ltr' id='par_1_53' title="bbox 1888 2077 3466 2158">
     <span class='ocr_line' id='line_1_53' title="bbox 1888 2077 3466 2158; baseline 0.012 -28"><span class='ocrx_word' id='word_1_414' title='bbox 1888 2077 2015 2132; x_wconf 88' lang='lat' dir='ltr'><strong>tatis</strong></span> <span class='ocrx_word' id='word_1_415' title='bbox 2048 2090 2316 2151; x_wconf 69' lang='lat' dir='ltr'><strong>praecepto</strong></span> <span class='ocrx_word' id='word_1_416' title='bbox 2336 2083 2596 2150; x_wconf 89' lang='lat' dir='ltr'><strong>durescit,</strong></span> <span class='ocrx_word' id='word_1_417' title='bbox 2618 2095 2673 2140; x_wconf 93' lang='lat' dir='ltr'><strong>et</strong></span> <span class='ocrx_word' id='word_1_418' title='bbox 2710 2103 2999 2158; x_wconf 89' lang='lat' dir='ltr'><strong>percussus</strong></span> <span class='ocrx_word' id='word_1_419' title='bbox 3023 2093 3257 2148; x_wconf 90' lang='lat' dir='ltr'><strong>sonitum</strong></span> <span class='ocrx_word' id='word_1_420' title='bbox 3287 2094 3466 2149; x_wconf 86' lang='lat' dir='ltr'><strong>humi—</strong></span> 
     </span>
    </p>
   </div>
   <div class='ocr_carea' id='block_1_54' title="bbox 1885 2165 3463 2247">
    <p class='ocr_par' dir='ltr' id='par_1_54' title="bbox 1885 2165 3463 2247">
     <span class='ocr_line' id='line_1_54' title="bbox 1885 2165 3463 2247; baseline 0.013 -26"><span class='ocrx_word' id='word_1_421' title='bbox 1885 2165 1954 2223; x_wconf 89' lang='lat' dir='ltr'><strong>lis</strong></span> <span class='ocrx_word' id='word_1_422' title='bbox 1982 2168 2342 2227; x_wconf 83' lang='lat' dir='ltr'><strong>confessionis</strong></span> <span class='ocrx_word' id='word_1_423' title='bbox 2389 2188 2495 2229; x_wconf 90' lang='lat' dir='ltr'><strong>non</strong></span> <span class='ocrx_word' id='word_1_424' title='bbox 2546 2177 2741 2232; x_wconf 88' lang='lat' dir='ltr'><strong>reddit.</strong></span> <span class='ocrx_word' id='word_1_425' title='bbox 2794 2179 3023 2247; x_wconf 85' lang='lat' dir='ltr'><strong>Quidam</strong></span> <span class='ocrx_word' id='word_1_426' title='bbox 3064 2199 3197 2241; x_wconf 78' lang='lat' dir='ltr'><strong>vero</strong></span> <span class='ocrx_word' id='word_1_427' title='bbox 3247 2185 3463 2243; x_wconf 88' lang='lat' dir='ltr'><strong>metallo</strong></span> 
     </span>
    </p>
   </div>
   <div class='ocr_carea' id='block_1_55' title="bbox 1885 2260 3464 2348">
    <p class='ocr_par' dir='ltr' id='par_1_55' title="bbox 1885 2260 3464 2348">
     <span class='ocr_line' id='line_1_55' title="bbox 1885 2260 3464 2348; baseline 0.014 -35"><span class='ocrx_word' id='word_1_428' title='bbox 1885 2260 2013 2316; x_wconf 65' lang='lat' dir='ltr'><strong>aris</strong></span> <span class='ocrx_word' id='word_1_429' title='bbox 2060 2261 2116 2315; x_wconf 91' lang='lat' dir='ltr'><strong>in</strong></span> <span class='ocrx_word' id='word_1_430' title='bbox 2171 2263 2317 2319; x_wconf 88' lang='lat' dir='ltr'><strong>nullo</strong></span> <span class='ocrx_word' id='word_1_431' title='bbox 2361 2266 2750 2341; x_wconf 87' lang='lat' dir='ltr'><strong>discrepantes,</strong></span> <span class='ocrx_word' id='word_1_432' title='bbox 2781 2288 2903 2328; x_wconf 89' lang='lat' dir='ltr'><strong>cum</strong></span> <span class='ocrx_word' id='word_1_433' title='bbox 2954 2273 3162 2347; x_wconf 84' lang='lat' dir='ltr'><strong>flagella</strong></span> <span class='ocrx_word' id='word_1_434' title='bbox 3214 2293 3464 2348; x_wconf 69' lang='lat' dir='ltr'><strong>supernae</strong></span> 
     </span>
    </p>
   </div>
   <div class='ocr_carea' id='block_1_56' title="bbox 1884 2354 3460 2433">
    <p class='ocr_par' dir='ltr' id='par_1_56' title="bbox 1884 2354 3460 2433">
     <span class='ocr_line' id='line_1_56' title="bbox 1884 2354 3460 2433; baseline 0.014 -27"><span class='ocrx_word' id='word_1_435' title='bbox 1884 2354 2251 2427; x_wconf 89' lang='lat' dir='ltr'><strong>percussionis</strong></span> <span class='ocrx_word' id='word_1_436' title='bbox 2304 2358 2617 2429; x_wconf 89' lang='lat' dir='ltr'><strong>accipiunt,</strong></span> <span class='ocrx_word' id='word_1_437' title='bbox 2685 2363 2788 2433; x_wconf 71' lang='lat' dir='ltr'><strong>pia:</strong></span> <span class='ocrx_word' id='word_1_438' title='bbox 2837 2366 3192 2425; x_wconf 84' lang='lat' dir='ltr'><strong>confessionis</strong></span> <span class='ocrx_word' id='word_1_439' title='bbox 3250 2373 3460 2428; x_wconf 88' lang='lat' dir='ltr'><strong>sonitus</strong></span> 
     </span>
    </p>
   </div>
   <div class='ocr_carea' id='block_1_57' title="bbox 1888 2445 3461 2519">
    <p class='ocr_par' dir='ltr' id='par_1_57' title="bbox 1888 2445 3461 2519">
     <span class='ocr_line' id='line_1_57' title="bbox 1888 2445 3461 2519; baseline 0.011 -18"><span class='ocrx_word' id='word_1_440' title='bbox 1888 2445 2161 2501; x_wconf 89' lang='lat' dir='ltr'><strong>emittunt.</strong></span> <span class='ocrx_word' id='word_1_441' title='bbox 2191 2446 2297 2503; x_wconf 89' lang='lat' dir='ltr'><strong>Sed</strong></span> <span class='ocrx_word' id='word_1_442' title='bbox 2338 2449 2467 2519; x_wconf 91' lang='lat' dir='ltr'><strong>quia</strong></span> <span class='ocrx_word' id='word_1_443' title='bbox 2499 2453 2819 2510; x_wconf 86' lang='lat' dir='ltr'><strong>humilitatis</strong></span> <span class='ocrx_word' id='word_1_444' title='bbox 2848 2472 3007 2514; x_wconf 91' lang='lat' dir='ltr'><strong>voces</strong></span> <span class='ocrx_word' id='word_1_445' title='bbox 3039 2475 3106 2515; x_wconf 82' lang='lat' dir='ltr'><strong>ex</strong></span> <span class='ocrx_word' id='word_1_446' title='bbox 3157 2462 3319 2517; x_wconf 88' lang='lat' dir='ltr'><strong>corde</strong></span> <span class='ocrx_word' id='word_1_447' title='bbox 3351 2477 3461 2518; x_wconf 88' lang='lat' dir='ltr'><strong>non</strong></span> 
     </span>
    </p>
   </div>
   <div class='ocr_carea' id='block_1_58' title="bbox 1886 2538 3459 2621">
    <p class='ocr_par' dir='ltr' id='par_1_58' title="bbox 1886 2538 3459 2621">
     <span class='ocr_line' id='line_1_58' title="bbox 1886 2538 3459 2621; baseline 0.01 -30"><span class='ocrx_word' id='word_1_448' title='bbox 1886 2538 2187 2607; x_wconf 87' lang='lat' dir='ltr'><strong>proferunt,</strong></span> <span class='ocrx_word' id='word_1_449' title='bbox 2220 2540 2287 2595; x_wconf 92' lang='lat' dir='ltr'><strong>ad</strong></span> <span class='ocrx_word' id='word_1_450' title='bbox 2317 2549 2518 2596; x_wconf 89' lang='lat' dir='ltr'><strong>statum</strong></span> <span class='ocrx_word' id='word_1_451' title='bbox 2557 2542 2746 2600; x_wconf 87' lang='lat' dir='ltr'><strong>salutis</strong></span> <span class='ocrx_word' id='word_1_452' title='bbox 2791 2546 3020 2613; x_wconf 82' lang='lat' dir='ltr'><strong>reducti,</strong></span> <span class='ocrx_word' id='word_1_453' title='bbox 3049 2550 3296 2605; x_wconf 89' lang='lat' dir='ltr'><strong>nesciunt</strong></span> <span class='ocrx_word' id='word_1_454' title='bbox 3312 2552 3459 2621; x_wconf 89' lang='lat' dir='ltr'><strong>quod</strong></span> 
     </span>
    </p>
   </div>
   <div class='ocr_carea' id='block_1_59' title="bbox 1885 2628 3459 2711">
    <p class='ocr_par' dir='ltr' id='par_1_59' title="bbox 1885 2628 3459 2711">
     <span class='ocr_line' id='line_1_59' title="bbox 1885 2628 3459 2711; baseline 0.011 -32"><span class='ocrx_word' id='word_1_455' title='bbox 1885 2628 2270 2696; x_wconf 87' lang='lat' dir='ltr'><strong>promiserunt.</strong></span> <span class='ocrx_word' id='word_1_456' title='bbox 2300 2629 2380 2685; x_wconf 87' lang='lat' dir='ltr'><strong>Ac</strong></span> <span class='ocrx_word' id='word_1_457' title='bbox 2424 2631 2471 2685; x_wconf 90' lang='lat' dir='ltr'><strong>si</strong></span> <span class='ocrx_word' id='word_1_458' title='bbox 2504 2646 2634 2704; x_wconf 87' lang='lat' dir='ltr'><strong>ergo</strong></span> <span class='ocrx_word' id='word_1_459' title='bbox 2662 2634 2747 2688; x_wconf 90' lang='lat' dir='ltr'><strong>vir</strong></span> <span class='ocrx_word' id='word_1_460' title='bbox 2788 2645 3007 2691; x_wconf 90' lang='lat' dir='ltr'><strong>sanctus</strong></span> <span class='ocrx_word' id='word_1_461' title='bbox 3043 2638 3221 2694; x_wconf 89' lang='lat' dir='ltr'><strong>dicat:</strong></span> <span class='ocrx_word' id='word_1_462' title='bbox 3254 2640 3459 2711; x_wconf 78' lang='lat' dir='ltr'><strong>Repro-</strong></span> 
     </span>
    </p>
   </div>
   <div class='ocr_carea' id='block_1_60' title="bbox 1886 2717 3462 2797">
    <p class='ocr_par' dir='ltr' id='par_1_60' title="bbox 1886 2717 3462 2797">
     <span class='ocr_line' id='line_1_60' title="bbox 1886 2717 3462 2797; baseline 0.011 -26"><span class='ocrx_word' id='word_1_463' title='bbox 1886 2717 2077 2773; x_wconf 87' lang='lat' dir='ltr'><strong>horum</strong></span> <span class='ocrx_word' id='word_1_464' title='bbox 2105 2719 2458 2778; x_wconf 88' lang='lat' dir='ltr'><strong>similitudine</strong></span> <span class='ocrx_word' id='word_1_465' title='bbox 2484 2724 2584 2781; x_wconf 87' lang='lat' dir='ltr'><strong>sub</strong></span> <span class='ocrx_word' id='word_1_466' title='bbox 2606 2724 2902 2797; x_wconf 63' lang='lat' dir='ltr'><strong>disciplina</strong></span> <span class='ocrx_word' id='word_1_467' title='bbox 2926 2729 3165 2796; x_wconf 84' lang='lat' dir='ltr'><strong>verbere,</strong></span> <span class='ocrx_word' id='word_1_468' title='bbox 3186 2745 3285 2787; x_wconf 90' lang='lat' dir='ltr'><strong>nec</strong></span> <span class='ocrx_word' id='word_1_469' title='bbox 3308 2746 3462 2788; x_wconf 85' lang='lat' dir='ltr'><strong>more</strong></span> 
     </span>
    </p>
   </div>
   <div class='ocr_carea' id='block_1_61' title="bbox 1885 2808 3460 2881">
    <p class='ocr_par' dir='ltr' id='par_1_61' title="bbox 1885 2808 3460 2881">
     <span class='ocr_line' id='line_1_61' title="bbox 1885 2808 3460 2881; baseline 0.011 -19"><span class='ocrx_word' id='word_1_470' title='bbox 1885 2808 2124 2879; x_wconf 89' lang='lat' dir='ltr'><strong>lapidum</strong></span> <span class='ocrx_word' id='word_1_471' title='bbox 2156 2812 2233 2866; x_wconf 86' lang='lat' dir='ltr'><strong>ita</strong></span> <span class='ocrx_word' id='word_1_472' title='bbox 2284 2813 2568 2881; x_wconf 87' lang='lat' dir='ltr'><strong>obduravi,</strong></span> <span class='ocrx_word' id='word_1_473' title='bbox 2595 2828 2711 2872; x_wconf 91' lang='lat' dir='ltr'><strong>uta</strong></span> <span class='ocrx_word' id='word_1_474' title='bbox 2753 2820 3052 2876; x_wconf 89' lang='lat' dir='ltr'><strong>ministerio</strong></span> <span class='ocrx_word' id='word_1_475' title='bbox 3103 2822 3460 2879; x_wconf 80' lang='lat' dir='ltr'><strong>confessionis</strong></span> 
     </span>
    </p>
   </div>
   <div class='ocr_carea' id='block_1_62' title="bbox 1885 2899 3463 2977">
    <p class='ocr_par' dir='ltr' id='par_1_62' title="bbox 1885 2899 3463 2977">
     <span class='ocr_line' id='line_1_62' title="bbox 1885 2899 3463 2977; baseline 0.011 -25"><span class='ocrx_word' id='word_1_476' title='bbox 1885 2899 2278 2969; x_wconf 87' lang='lat' dir='ltr'><strong>obmutescam,</strong></span> <span class='ocrx_word' id='word_1_477' title='bbox 2302 2918 2405 2960; x_wconf 89' lang='lat' dir='ltr'><strong>nec</strong></span> <span class='ocrx_word' id='word_1_478' title='bbox 2430 2921 2646 2961; x_wconf 89' lang='lat' dir='ltr'><strong>rursum</strong></span> <span class='ocrx_word' id='word_1_479' title='bbox 2669 2910 2822 2977; x_wconf 90' lang='lat' dir='ltr'><strong>quasi</strong></span> <span class='ocrx_word' id='word_1_480' title='bbox 2854 2925 2928 2964; x_wconf 78' lang='lat' dir='ltr'><strong>:es</strong></span> <span class='ocrx_word' id='word_1_481' title='bbox 2956 2925 3140 2965; x_wconf 88' lang='lat' dir='ltr'><strong>vocem</strong></span> <span class='ocrx_word' id='word_1_482' title='bbox 3170 2911 3463 2969; x_wconf 82' lang='lat' dir='ltr'><strong>confessio-</strong></span> 
     </span>
    </p>
   </div>
   <div class='ocr_carea' id='block_1_63' title="bbox 188 2986 3262 3071">
    <p class='ocr_par' dir='ltr' id='par_1_63' title="bbox 188 2986 3262 3071">
     <span class='ocr_line' id='line_1_63' title="bbox 188 2986 3262 3071; baseline 0.001 -18"><span class='ocrx_word' id='word_1_483' title='bbox 188 2998 365 3053; x_wconf 86' lang='lat' dir='ltr'><strong>elatio</strong></span> <span class='ocrx_word' id='word_1_484' title='bbox 406 2999 618 3059; x_wconf 88' lang='lat' dir='ltr'><strong>succisa</strong></span> <span class='ocrx_word' id='word_1_485' title='bbox 644 2997 810 3063; x_wconf 84' lang='lat' dir='ltr'><strong>cadit,</strong></span> <span class='ocrx_word' id='word_1_486' title='bbox 852 3004 913 3053; x_wconf 91' lang='lat' dir='ltr'><strong>ut</strong></span> <span class='ocrx_word' id='word_1_487' title='bbox 953 2997 1022 3052; x_wconf 85' lang='lat' dir='ltr'><strong>de</strong></span> <span class='ocrx_word' id='word_1_488' title='bbox 1062 2996 1352 3068; x_wconf 87' lang='lat' dir='ltr'><strong>semetipsa</strong></span> <span class='ocrx_word' id='word_1_489' title='bbox 1404 2995 1537 3051; x_wconf 89' lang='lat' dir='ltr'><strong>nihil</strong></span> <span class='ocrx_word' id='word_1_490' title='bbox 1565 2997 1778 3061; x_wconf 88' lang='lat' dir='ltr'><strong>audeat,</strong></span> <span class='ocrx_word' id='word_1_491' title='bbox 1811 2986 1856 3051; x_wconf 89' lang='lat' dir='ltr'>C</span> <span class='ocrx_word' id='word_1_492' title='bbox 1886 2988 1972 3043; x_wconf 74' lang='lat' dir='ltr'><strong>nis</strong></span> <span class='ocrx_word' id='word_1_493' title='bbox 1998 3002 2210 3056; x_wconf 80' lang='lat' dir='ltr'><strong>reson0,</strong></span> <span class='ocrx_word' id='word_1_494' title='bbox 2241 2999 2296 3046; x_wconf 84' lang='lat' dir='ltr'><strong>et</strong></span> <span class='ocrx_word' id='word_1_495' title='bbox 2322 3007 2542 3051; x_wconf 84' lang='lat' dir='ltr'><strong>sensum</strong></span> <span class='ocrx_word' id='word_1_496' title='bbox 2570 2996 2955 3068; x_wconf 84' lang='lat' dir='ltr'><strong>vocis&#39;ignoro.</strong></span> <span class='ocrx_word' id='word_1_497' title='bbox 2978 2998 3262 3071; x_wconf 89' lang='lat' dir='ltr'><strong>Sequitur:</strong></span> 
     </span>
    </p>
   </div>
   <div class='ocr_carea' id='block_1_64' title="bbox 187 3087 1781 3161">
    <p class='ocr_par' dir='ltr' id='par_1_64' title="bbox 187 3087 1781 3161">
     <span class='ocr_line' id='line_1_64' title="bbox 187 3087 1781 3161; baseline -0.001 -16"><span class='ocrx_word' id='word_1_498' title='bbox 187 3090 290 3145; x_wconf 86' lang='lat' dir='ltr'><strong>sed</strong></span> <span class='ocrx_word' id='word_1_499' title='bbox 325 3087 664 3144; x_wconf 84' lang='lat' dir='ltr'><strong>infirmitatis</strong></span> <span class='ocrx_word' id='word_1_500' title='bbox 710 3104 821 3145; x_wconf 73' lang='lat' dir='ltr'><strong>sua:</strong></span> <span class='ocrx_word' id='word_1_501' title='bbox 858 3090 967 3145; x_wconf 93' lang='lat' dir='ltr'><strong>ictu</strong></span> <span class='ocrx_word' id='word_1_502' title='bbox 1003 3098 1280 3161; x_wconf 89' lang='lat' dir='ltr'><strong>prostrata</strong></span> <span class='ocrx_word' id='word_1_503' title='bbox 1308 3104 1528 3144; x_wconf 90' lang='lat' dir='ltr'><strong>manum</strong></span> <span class='ocrx_word' id='word_1_504' title='bbox 1553 3088 1781 3144; x_wconf 84' lang='lat' dir='ltr'><strong>levantis</strong></span> 
     </span>
    </p>
   </div>
   <div class='ocr_carea' id='block_1_65' title="bbox 186 3178 1779 3250">
    <p class='ocr_par' dir='ltr' id='par_1_65' title="bbox 186 3178 1779 3250">
     <span class='ocr_line' id='line_1_65' title="bbox 186 3178 1779 3250; baseline -0.001 -16"><span class='ocrx_word' id='word_1_505' title='bbox 186 3188 426 3250; x_wconf 61' lang='lat' dir='ltr'><strong>quarat.</strong></span> <span class='ocrx_word' id='word_1_506' title='bbox 458 3178 596 3234; x_wconf 80' lang='lat' dir='ltr'><strong>Hinc</strong></span> <span class='ocrx_word' id='word_1_507' title='bbox 622 3188 708 3235; x_wconf 87' lang='lat' dir='ltr'><strong>est</strong></span> <span class='ocrx_word' id='word_1_508' title='bbox 736 3181 883 3249; x_wconf 87' lang='lat' dir='ltr'><strong>quod</strong></span> <span class='ocrx_word' id='word_1_509' title='bbox 920 3179 1096 3236; x_wconf 89' lang='lat' dir='ltr'><strong>sancti</strong></span> <span class='ocrx_word' id='word_1_510' title='bbox 1139 3180 1244 3234; x_wconf 91' lang='lat' dir='ltr'><strong>viri</strong></span> <span class='ocrx_word' id='word_1_511' title='bbox 1272 3180 1467 3235; x_wconf 91' lang='lat' dir='ltr'><strong>tentari</strong></span> <span class='ocrx_word' id='word_1_512' title='bbox 1498 3187 1779 3249; x_wconf 90' lang='lat' dir='ltr'><strong>appetunt,</strong></span> 
     </span>
    </p>
   </div>
   <div class='ocr_carea' id='block_1_66' title="bbox 182 3269 1781 3342">
    <p class='ocr_par' dir='ltr' id='par_1_66' title="bbox 182 3269 1781 3342">
     <span class='ocr_line' id='line_1_66' title="bbox 182 3269 1781 3342; baseline 0 -17"><span class='ocrx_word' id='word_1_513' title='bbox 182 3270 459 3342; x_wconf 82' lang='lat' dir='ltr'><strong>ﬂagellari</strong></span> <span class='ocrx_word' id='word_1_514' title='bbox 506 3271 914 3340; x_wconf 86' lang='lat' dir='ltr'><strong>concupiscunt,</strong></span> <span class='ocrx_word' id='word_1_515' title='bbox 948 3271 1228 3326; x_wconf 88' lang='lat' dir='ltr'><strong>dicentes:</strong></span> <span class='ocrx_word' id='word_1_516' title='bbox 1261 3287 1282 3322; x_wconf 76' lang='grc' dir='ltr'><strong>ι</strong></span> <span class='ocrx_word' id='word_1_517' title='bbox 1325 3269 1501 3326; x_wconf 88' lang='lat' dir='ltr'><strong>Proba</strong></span> <span class='ocrx_word' id='word_1_518' title='bbox 1539 3285 1652 3337; x_wconf 88' lang='lat' dir='ltr'><strong>me,</strong></span> <span class='ocrx_word' id='word_1_519' title='bbox 1678 3270 1781 3326; x_wconf 60' lang='lat' dir='ltr'><strong>Do.</strong></span> 
     </span>
    </p>
   </div>
   <div class='ocr_carea' id='block_1_67' title="bbox 183 3359 1782 3433">
    <p class='ocr_par' dir='ltr' id='par_1_67' title="bbox 183 3359 1782 3433">
     <span class='ocr_line' id='line_1_67' title="bbox 183 3359 1782 3433; baseline -0.001 -15"><span class='ocrx_word' id='word_1_520' title='bbox 183 3362 361 3427; x_wconf 80' lang='lat' dir='ltr'><strong>mine,</strong></span> <span class='ocrx_word' id='word_1_521' title='bbox 392 3371 448 3417; x_wconf 89' lang='lat' dir='ltr'><strong>et</strong></span> <span class='ocrx_word' id='word_1_522' title='bbox 476 3370 619 3416; x_wconf 88' lang='lat' dir='ltr'><strong>tenta</strong></span> <span class='ocrx_word' id='word_1_523' title='bbox 645 3377 735 3416; x_wconf 89' lang='lat' dir='ltr'><strong>me</strong></span> <span class='ocrx_word' id='word_1_524' title='bbox 757 3359 930 3432; x_wconf 83' lang='lat' dir='ltr'><strong>(Psal.</strong></span> <span class='ocrx_word' id='word_1_525' title='bbox 961 3376 1090 3427; x_wconf 87' lang='lat' dir='ltr'><strong>xxv,</strong></span> <span class='ocrx_word' id='word_1_526' title='bbox 1110 3361 1190 3433; x_wconf 87' lang='lat'><strong>2).</strong></span> <span class='ocrx_word' id='word_1_527' title='bbox 1235 3381 1255 3416; x_wconf 74' lang='grc' dir='ltr'><strong>ι</strong></span> <span class='ocrx_word' id='word_1_528' title='bbox 1287 3361 1384 3417; x_wconf 86' lang='lat' dir='ltr'><strong>Et:</strong></span> <span class='ocrx_word' id='word_1_529' title='bbox 1413 3387 1431 3414; x_wconf 81' lang='grc' dir='ltr'><strong>ι</strong></span> <span class='ocrx_word' id='word_1_530' title='bbox 1458 3361 1570 3433; x_wconf 85' lang='lat' dir='ltr'><strong>Ego</strong></span> <span class='ocrx_word' id='word_1_531' title='bbox 1595 3362 1663 3417; x_wconf 88' lang='lat' dir='ltr'><strong>ad</strong></span> <span class='ocrx_word' id='word_1_532' title='bbox 1688 3360 1782 3417; x_wconf 84' lang='lat' dir='ltr'><strong>lla-</strong></span> 
     </span>
    </p>
   </div>
   <div class='ocr_carea' id='block_1_68' title="bbox 183 3451 1705 3526">
    <p class='ocr_par' dir='ltr' id='par_1_68' title="bbox 183 3451 1705 3526">
     <span class='ocr_line' id='line_1_68' title="bbox 183 3451 1705 3526; baseline 0 -18"><span class='ocrx_word' id='word_1_533' title='bbox 183 3453 331 3526; x_wconf 81' lang='lat' dir='ltr'><strong>gella</strong></span> <span class='ocrx_word' id='word_1_534' title='bbox 364 3463 589 3523; x_wconf 86' lang='lat' dir='ltr'><strong>paratus</strong></span> <span class='ocrx_word' id='word_1_535' title='bbox 623 3469 741 3509; x_wconf 91' lang='lat' dir='ltr'><strong>sum</strong></span> <span class='ocrx_word' id='word_1_536' title='bbox 772 3451 946 3523; x_wconf 84' lang='lat' dir='ltr'><strong>(Psal.</strong></span> <span class='ocrx_word' id='word_1_537' title='bbox 969 3470 1183 3520; x_wconf 75' lang='lat' dir='ltr'><strong>xxxv&quot;,</strong></span> <span class='ocrx_word' id='word_1_538' title='bbox 1212 3452 1322 3526; x_wconf 85' lang='grc'><strong>18).</strong></span> <span class='ocrx_word' id='word_1_539' title='bbox 1355 3472 1374 3506; x_wconf 73' lang='grc' dir='ltr'><strong>ι</strong></span> <span class='ocrx_word' id='word_1_540' title='bbox 1408 3454 1664 3524; x_wconf 89' lang='lat' dir='ltr'><strong>Sequitur</strong></span> <span class='ocrx_word' id='word_1_541' title='bbox 1692 3471 1705 3508; x_wconf 97' lang='lat'><strong>:</strong></span> 
     </span>
    </p>
   </div>
   <div class='ocr_carea' id='block_1_69' title="bbox 259 3545 1781 3615">
    <p class='ocr_par' dir='ltr' id='par_1_69' title="bbox 259 3545 1781 3615">
     <span class='ocr_line' id='line_1_69' title="bbox 259 3545 1781 3615; baseline -0.002 -13"><span class='ocrx_word' id='word_1_542' title='bbox 259 3547 438 3602; x_wconf 73' lang='lat' dir='ltr'><strong>Vsus.</strong></span> <span class='ocrx_word' id='word_1_543' title='bbox 465 3545 554 3600; x_wconf 85' lang='grc'><strong>10.</strong></span> <span class='ocrx_word' id='word_1_544' title='bbox 582 3545 651 3599; x_wconf 83' lang='grc' dir='ltr'>Ει</span> <span class='ocrx_word' id='word_1_545' title='bbox 688 3546 800 3599; x_wconf 68' lang='lat' dir='ltr'><strong>haec</strong></span> <span class='ocrx_word' id='word_1_546' title='bbox 827 3545 955 3599; x_wconf 83' lang='lat' dir='ltr'><strong>mihi</strong></span> <span class='ocrx_word' id='word_1_547' title='bbox 994 3547 1060 3600; x_wconf 89' lang='lat' dir='ltr'><strong>sit</strong></span> <span class='ocrx_word' id='word_1_548' title='bbox 1105 3545 1412 3610; x_wconf 80' lang='lat' dir='ltr'><strong>consolatio,</strong></span> <span class='ocrx_word' id='word_1_549' title='bbox 1450 3556 1516 3599; x_wconf 80' lang='grc' dir='ltr'>,ιιι</span> <span class='ocrx_word' id='word_1_550' title='bbox 1552 3546 1781 3615; x_wconf 70' lang='lat' dir='ltr'><strong>affligens</strong></span> 
     </span>
    </p>
   </div>
   <div class='ocr_carea' id='block_1_70' title="bbox 181 3634 1783 3705">
    <p class='ocr_par' dir='ltr' id='par_1_70' title="bbox 181 3634 1783 3705">
     <span class='ocr_line' id='line_1_70' title="bbox 181 3634 1783 3705; baseline -0.002 -11"><span class='ocrx_word' id='word_1_551' title='bbox 181 3655 269 3694; x_wconf 81' lang='lat' dir='ltr'><strong>me</strong></span> <span class='ocrx_word' id='word_1_552' title='bbox 292 3637 481 3691; x_wconf 79' lang='lat' dir='ltr'><strong>dolore</strong></span> <span class='ocrx_word' id='word_1_553' title='bbox 499 3652 604 3691; x_wconf 86' lang='lat' dir='ltr'><strong>non</strong></span> <span class='ocrx_word' id='word_1_554' title='bbox 631 3644 922 3705; x_wconf 82' lang='lat' dir='ltr'><strong>parcat.-—</strong></span> <span class='ocrx_word' id='word_1_555' title='bbox 952 3636 1033 3691; x_wconf 77' lang='lat' dir='ltr'><strong>Ac</strong></span> <span class='ocrx_word' id='word_1_556' title='bbox 1071 3636 1118 3691; x_wconf 91' lang='lat' dir='ltr'><strong>si</strong></span> <span class='ocrx_word' id='word_1_557' title='bbox 1140 3636 1285 3691; x_wconf 91' lang='lat' dir='ltr'><strong>dicat</strong></span> <span class='ocrx_word' id='word_1_558' title='bbox 1322 3653 1336 3689; x_wconf 93' lang='lat'><strong>:</strong></span> <span class='ocrx_word' id='word_1_559' title='bbox 1376 3635 1512 3701; x_wconf 85' lang='lat' dir='ltr'><strong>Quia</strong></span> <span class='ocrx_word' id='word_1_560' title='bbox 1543 3634 1632 3690; x_wconf 90' lang='lat' dir='ltr'><strong>hic</strong></span> <span class='ocrx_word' id='word_1_561' title='bbox 1662 3635 1783 3690; x_wconf 89' lang='lat' dir='ltr'><strong>ideo</strong></span> 
     </span>
    </p>
   </div>
   <div class='ocr_carea' id='block_1_71' title="bbox 182 3727 1784 3802">
    <p class='ocr_par' dir='ltr' id='par_1_71' title="bbox 182 3727 1784 3802">
     <span class='ocr_line' id='line_1_71' title="bbox 182 3727 1784 3802; baseline -0.004 -14"><span class='ocrx_word' id='word_1_562' title='bbox 182 3749 297 3788; x_wconf 85' lang='lat' dir='ltr'><strong>non</strong></span> <span class='ocrx_word' id='word_1_563' title='bbox 342 3730 545 3802; x_wconf 88' lang='lat' dir='ltr'><strong>parcit,</strong></span> <span class='ocrx_word' id='word_1_564' title='bbox 590 3729 730 3784; x_wconf 89' lang='lat' dir='ltr'><strong>utin</strong></span> <span class='ocrx_word' id='word_1_565' title='bbox 777 3738 1093 3799; x_wconf 87' lang='lat' dir='ltr'><strong>perpetuum</strong></span> <span class='ocrx_word' id='word_1_566' title='bbox 1143 3736 1351 3798; x_wconf 89' lang='lat' dir='ltr'><strong>parcat.</strong></span> <span class='ocrx_word' id='word_1_567' title='bbox 1391 3727 1470 3782; x_wconf 81' lang='lat' dir='ltr'><strong>Ex</strong></span> <span class='ocrx_word' id='word_1_568' title='bbox 1497 3727 1784 3783; x_wconf 74' lang='lat' dir='ltr'><strong>afﬂictione</strong></span> 
     </span>
    </p>
   </div>
   <div class='ocr_carea' id='block_1_72' title="bbox 182 3817 1783 3891">
    <p class='ocr_par' dir='ltr' id='par_1_72' title="bbox 182 3817 1783 3891">
     <span class='ocr_line' id='line_1_72' title="bbox 182 3817 1783 3891; baseline -0.004 -13"><span class='ocrx_word' id='word_1_569' title='bbox 182 3824 336 3879; x_wconf 88' lang='lat' dir='ltr'><strong>enim</strong></span> <span class='ocrx_word' id='word_1_570' title='bbox 383 3820 658 3886; x_wconf 89' lang='lat' dir='ltr'><strong>consolor,</strong></span> <span class='ocrx_word' id='word_1_571' title='bbox 694 3820 842 3891; x_wconf 86' lang='lat' dir='ltr'><strong>quia,</strong></span> <span class='ocrx_word' id='word_1_572' title='bbox 869 3819 1230 3888; x_wconf 90' lang='lat' dir='ltr'><strong>corruptionis</strong></span> <span class='ocrx_word' id='word_1_573' title='bbox 1265 3820 1513 3873; x_wconf 73' lang='lat' dir='ltr'><strong>humana:</strong></span> <span class='ocrx_word' id='word_1_574' title='bbox 1544 3817 1783 3888; x_wconf 83' lang='lat' dir='ltr'><strong>putredi-</strong></span> 
     </span>
    </p>
   </div>
   <div class='ocr_carea' id='block_1_73' title="bbox 180 3907 1778 3981">
    <p class='ocr_par' dir='ltr' id='par_1_73' title="bbox 180 3907 1778 3981">
     <span class='ocr_line' id='line_1_73' title="bbox 180 3907 1778 3981; baseline -0.005 -12"><span class='ocrx_word' id='word_1_575' title='bbox 180 3929 317 3969; x_wconf 84' lang='lat' dir='ltr'><strong>nem</strong></span> <span class='ocrx_word' id='word_1_576' title='bbox 331 3913 535 3979; x_wconf 88' lang='lat' dir='ltr'><strong>sciens,</strong></span> <span class='ocrx_word' id='word_1_577' title='bbox 560 3912 629 3966; x_wconf 89' lang='lat' dir='ltr'><strong>ad</strong></span> <span class='ocrx_word' id='word_1_578' title='bbox 647 3926 801 3981; x_wconf 87' lang='lat' dir='ltr'><strong>spem</strong></span> <span class='ocrx_word' id='word_1_579' title='bbox 821 3909 1011 3965; x_wconf 89' lang='lat' dir='ltr'><strong>salutis</strong></span> <span class='ocrx_word' id='word_1_580' title='bbox 1023 3924 1090 3963; x_wconf 79' lang='lat' dir='ltr'><strong>ex</strong></span> <span class='ocrx_word' id='word_1_581' title='bbox 1114 3907 1335 3963; x_wconf 91' lang='lat' dir='ltr'><strong>vulnere</strong></span> <span class='ocrx_word' id='word_1_582' title='bbox 1355 3916 1539 3962; x_wconf 91' lang='lat' dir='ltr'><strong>certus</strong></span> <span class='ocrx_word' id='word_1_583' title='bbox 1562 3907 1778 3962; x_wconf 89' lang='lat' dir='ltr'><strong>reddor.</strong></span> 
     </span>
    </p>
   </div>
   <div class='ocr_carea' id='block_1_74' title="bbox 183 3998 1783 4074">
    <p class='ocr_par' dir='ltr' id='par_1_74' title="bbox 183 3998 1783 4074">
     <span class='ocr_line' id='line_1_74' title="bbox 183 3998 1783 4074; baseline -0.006 -13"><span class='ocrx_word' id='word_1_584' title='bbox 183 4006 364 4061; x_wconf 83' lang='lat' dir='ltr'><strong>Valde</strong></span> <span class='ocrx_word' id='word_1_585' title='bbox 395 4004 597 4074; x_wconf 89' lang='lat' dir='ltr'><strong>quippe</strong></span> <span class='ocrx_word' id='word_1_586' title='bbox 624 4001 784 4058; x_wconf 89' lang='lat' dir='ltr'><strong>electi</strong></span> <span class='ocrx_word' id='word_1_587' title='bbox 831 4000 1119 4056; x_wconf 85' lang='lat' dir='ltr'><strong>formidine</strong></span> <span class='ocrx_word' id='word_1_588' title='bbox 1165 3998 1462 4063; x_wconf 90' lang='lat' dir='ltr'><strong>tabescunt,</strong></span> <span class='ocrx_word' id='word_1_589' title='bbox 1494 4014 1620 4053; x_wconf 90' lang='lat' dir='ltr'><strong>cum</strong></span> <span class='ocrx_word' id='word_1_590' title='bbox 1656 4014 1783 4069; x_wconf 87' lang='lat' dir='ltr'><strong>per-</strong></span> 
     </span>
    </p>
   </div>
   <div class='ocr_carea' id='block_1_75' title="bbox 181 4090 1783 4169">
    <p class='ocr_par' dir='ltr' id='par_1_75' title="bbox 181 4090 1783 4169">
     <span class='ocr_line' id='line_1_75' title="bbox 181 4090 1783 4169; baseline -0.003 -19"><span class='ocrx_word' id='word_1_591' title='bbox 181 4108 441 4169; x_wconf 86' lang='lat' dir='ltr'><strong>petrasse</strong></span> <span class='ocrx_word' id='word_1_592' title='bbox 468 4109 528 4149; x_wconf 91' lang='lat' dir='ltr'><strong>se</strong></span> <span class='ocrx_word' id='word_1_593' title='bbox 574 4093 761 4149; x_wconf 88' lang='lat' dir='ltr'><strong>illicita</strong></span> <span class='ocrx_word' id='word_1_594' title='bbox 807 4106 1029 4156; x_wconf 88' lang='lat' dir='ltr'><strong>novere,</strong></span> <span class='ocrx_word' id='word_1_595' title='bbox 1064 4091 1158 4147; x_wconf 85' lang='lat' dir='ltr'><strong>sed</strong></span> <span class='ocrx_word' id='word_1_596' title='bbox 1202 4099 1610 4160; x_wconf 87' lang='lat' dir='ltr'><strong>perscrutantes</strong></span> <span class='ocrx_word' id='word_1_597' title='bbox 1632 4090 1783 4145; x_wconf 81' lang='lat' dir='ltr'><strong>inve—</strong></span> 
     </span>
    </p>
   </div>
   <div class='ocr_carea' id='block_1_76' title="bbox 181 4180 1777 4252">
    <p class='ocr_par' dir='ltr' id='par_1_76' title="bbox 181 4180 1777 4252">
     <span class='ocr_line' id='line_1_76' title="bbox 181 4180 1777 4252; baseline -0.006 -11"><span class='ocrx_word' id='word_1_598' title='bbox 181 4186 373 4250; x_wconf 81' lang='lat' dir='ltr'><strong>aiunt,</strong></span> <span class='ocrx_word' id='word_1_599' title='bbox 406 4183 532 4252; x_wconf 83' lang='lat' dir='ltr'><strong>quia</strong></span> <span class='ocrx_word' id='word_1_600' title='bbox 560 4182 704 4237; x_wconf 90' lang='lat' dir='ltr'><strong>nulla</strong></span> <span class='ocrx_word' id='word_1_601' title='bbox 727 4197 824 4250; x_wconf 84' lang='lat' dir='ltr'><strong>pro</strong></span> <span class='ocrx_word' id='word_1_602' title='bbox 863 4180 1069 4236; x_wconf 89' lang='lat' dir='ltr'><strong>illicitis</strong></span> <span class='ocrx_word' id='word_1_603' title='bbox 1110 4180 1335 4235; x_wconf 87' lang='lat' dir='ltr'><strong>adversa</strong></span> <span class='ocrx_word' id='word_1_604' title='bbox 1360 4180 1603 4250; x_wconf 90' lang='lat' dir='ltr'><strong>perpessi</strong></span> <span class='ocrx_word' id='word_1_605' title='bbox 1631 4188 1777 4235; x_wconf 88' lang='lat' dir='ltr'><strong>sunt.</strong></span> 
     </span>
    </p>
   </div>
   <div class='ocr_carea' id='block_1_77' title="bbox 182 4272 1778 4345">
    <p class='ocr_par' dir='ltr' id='par_1_77' title="bbox 182 4272 1778 4345">
     <span class='ocr_line' id='line_1_77' title="bbox 182 4272 1778 4345; baseline -0.003 -17"><span class='ocrx_word' id='word_1_606' title='bbox 182 4275 485 4345; x_wconf 86' lang='lat' dir='ltr'><strong>Sequitur:</strong></span> <span class='ocrx_word' id='word_1_607' title='bbox 520 4272 634 4327; x_wconf 86' lang='lat' dir='ltr'><strong>Nec</strong></span> <span class='ocrx_word' id='word_1_608' title='bbox 677 4272 1034 4327; x_wconf 81' lang='lat' dir='ltr'><strong>contradicam</strong></span> <span class='ocrx_word' id='word_1_609' title='bbox 1081 4272 1407 4325; x_wconf 82' lang='lat' dir='ltr'><strong>sermonibus</strong></span> <span class='ocrx_word' id='word_1_610' title='bbox 1453 4272 1670 4324; x_wconf 82' lang='lat' dir='ltr'><strong>sanctis.</strong></span> <span class='ocrx_word' id='word_1_611' title='bbox 1705 4301 1778 4313; x_wconf 73' lang='grc' dir='ltr'><strong>-ο</strong></span> 
     </span>
    </p>
   </div>
   <div class='ocr_carea' id='block_1_78' title="bbox 1958 3080 3458 3149">
    <p class='ocr_par' dir='ltr' id='par_1_78' title="bbox 1958 3080 3458 3149">
     <span class='ocr_line' id='line_1_78' title="bbox 1958 3080 3458 3149; baseline 0.009 -14"><span class='ocrx_word' id='word_1_612' title='bbox 1958 3080 2122 3135; x_wconf 73' lang='lat' dir='ltr'><strong>Vsus.</strong></span> <span class='ocrx_word' id='word_1_613' title='bbox 2164 3082 2250 3136; x_wconf 78' lang='lat' dir='ltr'><strong>i3.</strong></span> <span class='ocrx_word' id='word_1_614' title='bbox 2290 3082 2446 3149; x_wconf 82' lang='lat' dir='ltr'><strong>Ecce,</strong></span> <span class='ocrx_word' id='word_1_615' title='bbox 2485 3102 2589 3140; x_wconf 84' lang='lat' dir='ltr'><strong>non</strong></span> <span class='ocrx_word' id='word_1_616' title='bbox 2615 3096 2688 3141; x_wconf 83' lang='lat' dir='ltr'><strong>est</strong></span> <span class='ocrx_word' id='word_1_617' title='bbox 2737 3088 2996 3143; x_wconf 74' lang='lat' dir='ltr'><strong>auxilium</strong></span> <span class='ocrx_word' id='word_1_618' title='bbox 3024 3091 3152 3144; x_wconf 79' lang='lat' dir='ltr'><strong>mihi</strong></span> <span class='ocrx_word' id='word_1_619' title='bbox 3182 3092 3235 3145; x_wconf 85' lang='lat' dir='ltr'><strong>in</strong></span> <span class='ocrx_word' id='word_1_620' title='bbox 3262 3108 3361 3147; x_wconf 83' lang='lat' dir='ltr'><strong>me.</strong></span> <span class='ocrx_word' id='word_1_621' title='bbox 3387 3122 3458 3133; x_wconf 90' lang='lat'><strong><em>—-</em></strong></span> 
     </span>
    </p>
   </div>
   <div class='ocr_carea' id='block_1_79' title="bbox 1882 3166 3455 3251">
    <p class='ocr_par' dir='ltr' id='par_1_79' title="bbox 1882 3166 3455 3251">
     <span class='ocr_line' id='line_1_79' title="bbox 1882 3166 3455 3251; baseline 0.008 -28"><span class='ocrx_word' id='word_1_622' title='bbox 1882 3166 2039 3224; x_wconf 89' lang='lat' dir='ltr'><strong>Patet</strong></span> <span class='ocrx_word' id='word_1_623' title='bbox 2057 3170 2170 3240; x_wconf 86' lang='lat' dir='ltr'><strong>jam</strong></span> <span class='ocrx_word' id='word_1_624' title='bbox 2217 3172 2283 3227; x_wconf 92' lang='lat' dir='ltr'><strong>ad</strong></span> <span class='ocrx_word' id='word_1_625' title='bbox 2331 3173 2484 3243; x_wconf 88' lang='lat' dir='ltr'><strong>cujus</strong></span> <span class='ocrx_word' id='word_1_626' title='bbox 2527 3177 2763 3244; x_wconf 87' lang='lat' dir='ltr'><strong>speciem</strong></span> <span class='ocrx_word' id='word_1_627' title='bbox 2802 3179 3044 3247; x_wconf 89' lang='lat' dir='ltr'><strong>percussi</strong></span> <span class='ocrx_word' id='word_1_628' title='bbox 3086 3181 3296 3236; x_wconf 91' lang='lat' dir='ltr'><strong>animus</strong></span> <span class='ocrx_word' id='word_1_629' title='bbox 3332 3195 3455 3251; x_wconf 83' lang='lat' dir='ltr'><strong>per-</strong></span> 
     </span>
    </p>
   </div>
   <div class='ocr_carea' id='block_1_80' title="bbox 1883 3254 3456 3342">
    <p class='ocr_par' dir='ltr' id='par_1_80' title="bbox 1883 3254 3456 3342">
     <span class='ocr_line' id='line_1_80' title="bbox 1883 3254 3456 3342; baseline 0.011 -29"><span class='ocrx_word' id='word_1_630' title='bbox 1883 3268 2092 3327; x_wconf 88' lang='lat' dir='ltr'><strong>currat,</strong></span> <span class='ocrx_word' id='word_1_631' title='bbox 2136 3276 2258 3316; x_wconf 90' lang='lat' dir='ltr'><strong>cum</strong></span> <span class='ocrx_word' id='word_1_632' title='bbox 2312 3263 2368 3317; x_wconf 92' lang='lat' dir='ltr'><strong>in</strong></span> <span class='ocrx_word' id='word_1_633' title='bbox 2409 3279 2469 3319; x_wconf 89' lang='lat' dir='ltr'><strong>se</strong></span> <span class='ocrx_word' id='word_1_634' title='bbox 2512 3264 2614 3320; x_wconf 90' lang='lat' dir='ltr'><strong>sibi</strong></span> <span class='ocrx_word' id='word_1_635' title='bbox 2642 3280 2763 3321; x_wconf 88' lang='lat' dir='ltr'><strong>esse</strong></span> <span class='ocrx_word' id='word_1_636' title='bbox 2809 3268 3063 3323; x_wconf 82' lang='lat' dir='ltr'><strong>auxilium</strong></span> <span class='ocrx_word' id='word_1_637' title='bbox 3113 3254 3456 3342; x_wconf 10' lang='lat' dir='ltr'><strong>degat.7Pla-</strong></span> 
     </span>
    </p>
   </div>
   <div class='ocr_carea' id='block_1_81' title="bbox 1883 3352 3458 3432">
    <p class='ocr_par' dir='ltr' id='par_1_81' title="bbox 1883 3352 3458 3432">
     <span class='ocr_line' id='line_1_81' title="bbox 1883 3352 3458 3432; baseline 0.012 -30"><span class='ocrx_word' id='word_1_638' title='bbox 1883 3363 2111 3418; x_wconf 91' lang='lat' dir='ltr'><strong>rumque</strong></span> <span class='ocrx_word' id='word_1_639' title='bbox 2135 3352 2278 3405; x_wconf 89' lang='lat' dir='ltr'><strong>enim</strong></span> <span class='ocrx_word' id='word_1_640' title='bbox 2307 3353 2477 3409; x_wconf 92' lang='lat' dir='ltr'><strong>virtus</strong></span> <span class='ocrx_word' id='word_1_641' title='bbox 2512 3356 2656 3410; x_wconf 88' lang='lat' dir='ltr'><strong>avita</strong></span> <span class='ocrx_word' id='word_1_642' title='bbox 2684 3357 2919 3412; x_wconf 89' lang='lat' dir='ltr'><strong>deterius</strong></span> <span class='ocrx_word' id='word_1_643' title='bbox 2947 3374 3109 3429; x_wconf 89' lang='lat' dir='ltr'><strong>quam</strong></span> <span class='ocrx_word' id='word_1_644' title='bbox 3155 3363 3200 3417; x_wconf 91' lang='lat' dir='ltr'><strong>si</strong></span> <span class='ocrx_word' id='word_1_645' title='bbox 3228 3364 3458 3432; x_wconf 71' lang='lat' dir='ltr'><strong>deesset,</strong></span> 
     </span>
    </p>
   </div>
   <div class='ocr_carea' id='block_1_82' title="bbox 1883 3437 3457 3519">
    <p class='ocr_par' dir='ltr' id='par_1_82' title="bbox 1883 3437 3457 3519">
     <span class='ocr_line' id='line_1_82' title="bbox 1883 3437 3457 3519; baseline 0.011 -27"><span class='ocrx_word' id='word_1_646' title='bbox 1883 3437 2170 3506; x_wconf 86' lang='lat' dir='ltr'><strong>interficit;</strong></span> <span class='ocrx_word' id='word_1_647' title='bbox 2214 3442 2341 3511; x_wconf 90' lang='lat' dir='ltr'><strong>quia</strong></span> <span class='ocrx_word' id='word_1_648' title='bbox 2387 3443 2515 3499; x_wconf 90' lang='lat' dir='ltr'><strong>dum</strong></span> <span class='ocrx_word' id='word_1_649' title='bbox 2563 3446 2747 3519; x_wconf 87' lang='lat' dir='ltr'><strong>adsui</strong></span> <span class='ocrx_word' id='word_1_650' title='bbox 2802 3448 3180 3504; x_wconf 85' lang='lat' dir='ltr'><strong>conﬁdentiam</strong></span> <span class='ocrx_word' id='word_1_651' title='bbox 3221 3462 3457 3508; x_wconf 87' lang='lat' dir='ltr'><strong>mentem</strong></span> 
     </span>
    </p>
   </div>
   <div class='ocr_carea' id='block_1_83' title="bbox 1883 3530 3460 3614">
    <p class='ocr_par' dir='ltr' id='par_1_83' title="bbox 1883 3530 3460 3614">
     <span class='ocr_line' id='line_1_83' title="bbox 1883 3530 3460 3614; baseline 0.01 -31"><span class='ocrx_word' id='word_1_652' title='bbox 1883 3530 2064 3602; x_wconf 85' lang='lat' dir='ltr'><strong>erigit,</strong></span> <span class='ocrx_word' id='word_1_653' title='bbox 2093 3532 2234 3588; x_wconf 90' lang='lat' dir='ltr'><strong>hanc</strong></span> <span class='ocrx_word' id='word_1_654' title='bbox 2254 3534 2502 3591; x_wconf 90' lang='lat' dir='ltr'><strong>elationis</strong></span> <span class='ocrx_word' id='word_1_655' title='bbox 2524 3537 2702 3607; x_wconf 90' lang='lat' dir='ltr'><strong>gladlo</strong></span> <span class='ocrx_word' id='word_1_656' title='bbox 2751 3543 3034 3613; x_wconf 81' lang='lat' dir='ltr'><strong>transfigit.</strong></span> <span class='ocrx_word' id='word_1_657' title='bbox 3065 3542 3357 3614; x_wconf 88' lang='lat' dir='ltr'><strong>Sequitur:</strong></span> <span class='ocrx_word' id='word_1_658' title='bbox 3388 3545 3460 3599; x_wconf 84' lang='lat' dir='ltr'><strong>Et</strong></span> 
     </span>
    </p>
   </div>
   <div class='ocr_carea' id='block_1_84' title="bbox 1884 3620 3460 3703">
    <p class='ocr_par' dir='ltr' id='par_1_84' title="bbox 1884 3620 3460 3703">
     <span class='ocr_line' id='line_1_84' title="bbox 1884 3620 3460 3703; baseline 0.012 -30"><span class='ocrx_word' id='word_1_659' title='bbox 1884 3622 2164 3676; x_wconf 82' lang='lat' dir='ltr'><strong>necessarii</strong></span> <span class='ocrx_word' id='word_1_660' title='bbox 2190 3639 2393 3694; x_wconf 85' lang='lat' dir='ltr'><strong>quoque</strong></span> <span class='ocrx_word' id='word_1_661' title='bbox 2416 3628 2516 3679; x_wconf 82' lang='lat' dir='ltr'><strong>mei</strong></span> <span class='ocrx_word' id='word_1_662' title='bbox 2540 3620 2856 3684; x_wconf 73' lang='lat' dir='ltr'><strong>recesserunt</strong></span> <span class='ocrx_word' id='word_1_663' title='bbox 2882 3648 2916 3684; x_wconf 89' lang='lat' dir='ltr'><strong>a</strong></span> <span class='ocrx_word' id='word_1_664' title='bbox 2950 3648 3048 3686; x_wconf 86' lang='lat' dir='ltr'><strong>me.</strong></span> <span class='ocrx_word' id='word_1_665' title='bbox 3089 3663 3161 3675; x_wconf 89' lang='lat'>—</span> <span class='ocrx_word' id='word_1_666' title='bbox 3187 3636 3288 3703; x_wconf 91' lang='lat' dir='ltr'><strong>Qui</strong></span> <span class='ocrx_word' id='word_1_667' title='bbox 3313 3638 3460 3692; x_wconf 90' lang='lat' dir='ltr'><strong>enim</strong></span> 
     </span>
    </p>
   </div>
   <div class='ocr_carea' id='block_1_85' title="bbox 1885 3711 3461 3799">
    <p class='ocr_par' dir='ltr' id='par_1_85' title="bbox 1885 3711 3461 3799">
     <span class='ocr_line' id='line_1_85' title="bbox 1885 3711 3461 3799; baseline 0.01 -33"><span class='ocrx_word' id='word_1_668' title='bbox 1885 3711 2161 3769; x_wconf 85' lang='lat' dir='ltr'><strong>infirmum</strong></span> <span class='ocrx_word' id='word_1_669' title='bbox 2210 3730 2269 3771; x_wconf 88' lang='lat' dir='ltr'><strong>se</strong></span> <span class='ocrx_word' id='word_1_670' title='bbox 2316 3716 2372 3772; x_wconf 90' lang='lat' dir='ltr'><strong>in</strong></span> <span class='ocrx_word' id='word_1_671' title='bbox 2423 3719 2772 3789; x_wconf 87' lang='lat' dir='ltr'><strong>semetipsum</strong></span> <span class='ocrx_word' id='word_1_672' title='bbox 2817 3721 3077 3789; x_wconf 91' lang='lat' dir='ltr'><strong>insinuat,</strong></span> <span class='ocrx_word' id='word_1_673' title='bbox 3120 3726 3190 3781; x_wconf 90' lang='lat' dir='ltr'><strong>ad</strong></span> <span class='ocrx_word' id='word_1_674' title='bbox 3238 3729 3461 3799; x_wconf 76' lang='lat' dir='ltr'><strong>majoris</strong></span> 
     </span>
    </p>
   </div>
   <div class='ocr_carea' id='block_1_86' title="bbox 1883 3806 3457 3884">
    <p class='ocr_par' dir='ltr' id='par_1_86' title="bbox 1883 3806 3457 3884">
     <span class='ocr_line' id='line_1_86' title="bbox 1883 3806 3457 3884; baseline 0.006 -24"><span class='ocrx_word' id='word_1_675' title='bbox 1883 3806 2061 3862; x_wconf 89' lang='lat' dir='ltr'><strong>adhuc</strong></span> <span class='ocrx_word' id='word_1_676' title='bbox 2105 3811 2358 3865; x_wconf 90' lang='lat' dir='ltr'><strong>meritum</strong></span> <span class='ocrx_word' id='word_1_677' title='bbox 2399 3811 2730 3867; x_wconf 87' lang='lat' dir='ltr'><strong>fortitudinis</strong></span> <span class='ocrx_word' id='word_1_678' title='bbox 2779 3813 2943 3867; x_wconf 86' lang='lat' dir='ltr'><strong>etiam</strong></span> <span class='ocrx_word' id='word_1_679' title='bbox 2985 3815 3244 3884; x_wconf 87' lang='lat' dir='ltr'><strong>proximis</strong></span> <span class='ocrx_word' id='word_1_680' title='bbox 3291 3816 3457 3876; x_wconf 86' lang='lat' dir='ltr'><strong>desti-</strong></span> 
     </span>
    </p>
   </div>
   <div class='ocr_carea' id='block_1_87' title="bbox 1886 3897 2399 3972">
    <p class='ocr_par' dir='ltr' id='par_1_87' title="bbox 1886 3897 2399 3972">
     <span class='ocr_line' id='line_1_87' title="bbox 1886 3897 2399 3972; baseline 0.006 -18"><span class='ocrx_word' id='word_1_681' title='bbox 1886 3900 2071 3954; x_wconf 92' lang='lat' dir='ltr'><strong>tuitur.</strong></span> <span class='ocrx_word' id='word_1_682' title='bbox 2106 3897 2361 3972; x_wconf 88' lang='lat' dir='ltr'><strong>Sequitur</strong></span> <span class='ocrx_word' id='word_1_683' title='bbox 2384 3919 2399 3957; x_wconf 97' lang='lat'><strong>:</strong></span> 
     </span>
    </p>
   </div>
   <div class='ocr_carea' id='block_1_88' title="bbox 1955 3988 3459 4066">
    <p class='ocr_par' dir='ltr' id='par_1_88' title="bbox 1955 3988 3459 4066">
     <span class='ocr_line' id='line_1_88' title="bbox 1955 3988 3459 4066; baseline 0.008 -24"><span class='ocrx_word' id='word_1_684' title='bbox 1955 3988 2119 4045; x_wconf 69' lang='lat' dir='ltr'><strong>Vens.</strong></span> <span class='ocrx_word' id='word_1_685' title='bbox 2148 3991 2235 4045; x_wconf 77' lang='grc'><strong>14.</strong></span> <span class='ocrx_word' id='word_1_686' title='bbox 2260 3991 2364 4057; x_wconf 84' lang='lat' dir='ltr'><strong>Qui</strong></span> <span class='ocrx_word' id='word_1_687' title='bbox 2395 3991 2529 4046; x_wconf 90' lang='lat' dir='ltr'><strong>tollit</strong></span> <span class='ocrx_word' id='word_1_688' title='bbox 2568 3995 2633 4047; x_wconf 89' lang='lat' dir='ltr'><strong>ab</strong></span> <span class='ocrx_word' id='word_1_689' title='bbox 2677 3996 2847 4051; x_wconf 85' lang='lat' dir='ltr'><strong>amico</strong></span> <span class='ocrx_word' id='word_1_690' title='bbox 2882 4013 2977 4051; x_wconf 86' lang='lat' dir='ltr'><strong>suo</strong></span> <span class='ocrx_word' id='word_1_691' title='bbox 3022 3999 3459 4066; x_wconf 78' lang='lat' dir='ltr'><strong>misericordiam,</strong></span> 
     </span>
    </p>
   </div>
   <div class='ocr_carea' id='block_1_89' title="bbox 1883 4077 3461 4154">
    <p class='ocr_par' dir='ltr' id='par_1_89' title="bbox 1883 4077 3461 4154">
     <span class='ocr_line' id='line_1_89' title="bbox 1883 4077 3461 4154; baseline 0.011 -25"><span class='ocrx_word' id='word_1_692' title='bbox 1883 4077 2121 4133; x_wconf 90' lang='lat' dir='ltr'><strong>timorem</strong></span> <span class='ocrx_word' id='word_1_693' title='bbox 2142 4080 2349 4137; x_wconf 85' lang='lat' dir='ltr'><strong>Domini</strong></span> <span class='ocrx_word' id='word_1_694' title='bbox 2370 4082 2707 4154; x_wconf 73' lang='lat' dir='ltr'><strong>derelinquat.</strong></span> <span class='ocrx_word' id='word_1_695' title='bbox 2726 4117 2795 4127; x_wconf 93' lang='lat'>—</span> <span class='ocrx_word' id='word_1_696' title='bbox 2807 4088 2983 4143; x_wconf 81' lang='lat' dir='ltr'><strong>Amici</strong></span> <span class='ocrx_word' id='word_1_697' title='bbox 2997 4093 3211 4146; x_wconf 90' lang='lat' dir='ltr'><strong>nomine</strong></span> <span class='ocrx_word' id='word_1_698' title='bbox 3225 4090 3325 4147; x_wconf 90' lang='lat' dir='ltr'><strong>hoc</strong></span> <span class='ocrx_word' id='word_1_699' title='bbox 3340 4092 3461 4147; x_wconf 88' lang='lat' dir='ltr'><strong>loco</strong></span> 
     </span>
    </p>
   </div>
   <div class='ocr_carea' id='block_1_90' title="bbox 1880 4169 3455 4252">
    <p class='ocr_par' dir='ltr' id='par_1_90' title="bbox 1880 4169 3455 4252">
     <span class='ocr_line' id='line_1_90' title="bbox 1880 4169 3455 4252; baseline 0.01 -32"><span class='ocrx_word' id='word_1_700' title='bbox 1880 4169 2161 4237; x_wconf 85' lang='lat' dir='ltr'><strong>proximus</strong></span> <span class='ocrx_word' id='word_1_701' title='bbox 2208 4171 2433 4241; x_wconf 89' lang='lat' dir='ltr'><strong>quilibet</strong></span> <span class='ocrx_word' id='word_1_702' title='bbox 2477 4173 2810 4247; x_wconf 88' lang='lat' dir='ltr'><strong>designatur.</strong></span> <span class='ocrx_word' id='word_1_703' title='bbox 2854 4179 2970 4234; x_wconf 90' lang='lat' dir='ltr'><strong>Duo</strong></span> <span class='ocrx_word' id='word_1_704' title='bbox 3019 4188 3147 4235; x_wconf 88' lang='lat' dir='ltr'><strong>sunt</strong></span> <span class='ocrx_word' id='word_1_705' title='bbox 3185 4189 3455 4252; x_wconf 70' lang='lat' dir='ltr'><strong>prmeepta</strong></span> 
     </span>
    </p>
   </div>
   <div class='ocr_carea' id='block_1_91' title="bbox 1884 4260 3455 4336">
    <p class='ocr_par' dir='ltr' id='par_1_91' title="bbox 1884 4260 3455 4336">
     <span class='ocr_line' id='line_1_91' title="bbox 1884 4260 3455 4336; baseline 0.007 -23"><span class='ocrx_word' id='word_1_706' title='bbox 1884 4260 2187 4326; x_wconf 84' lang='lat' dir='ltr'><strong>cbaritatis,</strong></span> <span class='ocrx_word' id='word_1_707' title='bbox 2215 4275 2366 4316; x_wconf 82' lang='lat' dir='ltr'><strong>amor</strong></span> <span class='ocrx_word' id='word_1_708' title='bbox 2387 4263 2638 4320; x_wconf 89' lang='lat' dir='ltr'><strong>videlicet</strong></span> <span class='ocrx_word' id='word_1_709' title='bbox 2666 4266 2761 4320; x_wconf 90' lang='lat' dir='ltr'><strong>Dei</strong></span> <span class='ocrx_word' id='word_1_710' title='bbox 2799 4276 2855 4322; x_wconf 90' lang='lat' dir='ltr'><strong>et</strong></span> <span class='ocrx_word' id='word_1_711' title='bbox 2880 4268 3132 4336; x_wconf 87' lang='lat' dir='ltr'><strong>proximi.</strong></span> <span class='ocrx_word' id='word_1_712' title='bbox 3161 4269 3264 4324; x_wconf 90' lang='lat' dir='ltr'><strong>Per</strong></span> <span class='ocrx_word' id='word_1_713' title='bbox 3303 4285 3455 4324; x_wconf 90' lang='lat' dir='ltr'><strong>amo-</strong></span> 
     </span>
    </p>
   </div>
   <div class='ocr_carea' id='block_1_92' title="bbox 182 4334 3456 4434">
    <p class='ocr_par' dir='ltr' id='par_1_92' title="bbox 182 4334 3456 4434">
     <span class='ocr_line' id='line_1_92' title="bbox 182 4334 3456 4434; baseline -0 -14"><span class='ocrx_word' id='word_1_714' title='bbox 182 4334 376 4423; x_wconf 71' lang='lat' dir='ltr'><strong>Verba</strong></span> <span class='ocrx_word' id='word_1_715' title='bbox 406 4365 503 4419; x_wconf 90' lang='lat' dir='ltr'><strong>Det</strong></span> <span class='ocrx_word' id='word_1_716' title='bbox 532 4364 599 4417; x_wconf 90' lang='lat' dir='ltr'><strong>ad</strong></span> <span class='ocrx_word' id='word_1_717' title='bbox 644 4378 742 4418; x_wconf 93' lang='lat' dir='ltr'><strong>nos</strong></span> <span class='ocrx_word' id='word_1_718' title='bbox 766 4370 896 4419; x_wconf 90' lang='lat' dir='ltr'><strong>sunt</strong></span> <span class='ocrx_word' id='word_1_719' title='bbox 927 4364 1154 4417; x_wconf 82' lang='lat' dir='ltr'><strong>ellectus</strong></span> <span class='ocrx_word' id='word_1_720' title='bbox 1181 4363 1579 4431; x_wconf 87' lang='lat' dir='ltr'><strong>operationum.</strong></span> <span class='ocrx_word' id='word_1_721' title='bbox 1630 4360 1689 4415; x_wconf 87' lang='lat' dir='ltr'><strong>In</strong></span> <span class='ocrx_word' id='word_1_722' title='bbox 1711 4376 1776 4418; x_wconf 92' lang='lat' dir='ltr'><strong>eo</strong></span> <span class='ocrx_word' id='word_1_723' title='bbox 1808 4334 1862 4396; x_wconf 79' lang='grc' dir='ltr'><strong>Ῑ)</strong></span> <span class='ocrx_word' id='word_1_724' title='bbox 1887 4366 2002 4406; x_wconf 69' lang='lat' dir='ltr'><strong>rem</strong></span> <span class='ocrx_word' id='word_1_725' title='bbox 2034 4351 2153 4417; x_wconf 71' lang='lat' dir='ltr'><strong>Dei.</strong></span> <span class='ocrx_word' id='word_1_726' title='bbox 2203 4368 2355 4409; x_wconf 74' lang='lat' dir='ltr'><strong>amor</strong></span> <span class='ocrx_word' id='word_1_727' title='bbox 2399 4357 2630 4425; x_wconf 80' lang='lat' dir='ltr'><strong>proximi</strong></span> <span class='ocrx_word' id='word_1_728' title='bbox 2676 4360 2941 4430; x_wconf 85' lang='lat' dir='ltr'><strong>gignitur;</strong></span> <span class='ocrx_word' id='word_1_729' title='bbox 2993 4373 3047 4419; x_wconf 88' lang='lat' dir='ltr'><strong>et</strong></span> <span class='ocrx_word' id='word_1_730' title='bbox 3088 4378 3186 4434; x_wconf 88' lang='lat' dir='ltr'><strong>per</strong></span> <span class='ocrx_word' id='word_1_731' title='bbox 3214 4379 3456 4419; x_wconf 88' lang='lat' dir='ltr'><strong>amorem</strong></span> 
     </span>
    </p>
   </div>
   <div class='ocr_carea' id='block_1_93' title="bbox 182 4452 1773 4527">
    <p class='ocr_par' dir='ltr' id='par_1_93' title="bbox 182 4452 1773 4527">
     <span class='ocr_line' id='line_1_93' title="bbox 182 4452 1773 4527; baseline -0.005 -14"><span class='ocrx_word' id='word_1_732' title='bbox 182 4471 324 4527; x_wconf 84' lang='lat' dir='ltr'><strong>ergo</strong></span> <span class='ocrx_word' id='word_1_733' title='bbox 346 4454 508 4509; x_wconf 86' lang='lat' dir='ltr'><strong>nobis</strong></span> <span class='ocrx_word' id='word_1_734' title='bbox 527 4452 784 4524; x_wconf 89' lang='lat' dir='ltr'><strong>loquitur,</strong></span> <span class='ocrx_word' id='word_1_735' title='bbox 811 4452 953 4523; x_wconf 92' lang='lat' dir='ltr'><strong>quod</strong></span> <span class='ocrx_word' id='word_1_736' title='bbox 975 4468 1103 4522; x_wconf 89' lang='lat' dir='ltr'><strong>erga</strong></span> <span class='ocrx_word' id='word_1_737' title='bbox 1144 4467 1244 4507; x_wconf 90' lang='lat' dir='ltr'><strong>nos</strong></span> <span class='ocrx_word' id='word_1_738' title='bbox 1280 4452 1473 4506; x_wconf 90' lang='lat' dir='ltr'><strong>tacitus</strong></span> <span class='ocrx_word' id='word_1_739' title='bbox 1496 4461 1773 4520; x_wconf 89' lang='lat' dir='ltr'><strong>operatur.</strong></span> 
     </span>
    </p>
   </div>
   <div class='ocr_carea' id='block_1_94' title="bbox 182 4542 1777 4617">
    <p class='ocr_par' dir='ltr' id='par_1_94' title="bbox 182 4542 1777 4617">
     <span class='ocr_line' id='line_1_94' title="bbox 182 4542 1777 4617; baseline -0.003 -14"><span class='ocrx_word' id='word_1_740' title='bbox 182 4549 397 4604; x_wconf 83' lang='lat' dir='ltr'><strong>Beatus</strong></span> <span class='ocrx_word' id='word_1_741' title='bbox 428 4546 591 4617; x_wconf 91' lang='lat' dir='ltr'><strong>igitur</strong></span> <span class='ocrx_word' id='word_1_742' title='bbox 619 4545 720 4600; x_wconf 85' lang='lat' dir='ltr'><strong>Job</strong></span> <span class='ocrx_word' id='word_1_743' title='bbox 762 4544 1102 4599; x_wconf 86' lang='lat' dir='ltr'><strong>sermonibus</strong></span> <span class='ocrx_word' id='word_1_744' title='bbox 1127 4542 1221 4598; x_wconf 88' lang='lat' dir='ltr'><strong>Dei</strong></span> <span class='ocrx_word' id='word_1_745' title='bbox 1272 4543 1688 4610; x_wconf 89' lang='lat' dir='ltr'><strong>contradiceret,</strong></span> <span class='ocrx_word' id='word_1_746' title='bbox 1730 4542 1777 4599; x_wconf 90' lang='lat' dir='ltr'><strong>si</strong></span> 
     </span>
    </p>
   </div>
   <div class='ocr_carea' id='block_1_95' title="bbox 186 4634 1777 4710">
    <p class='ocr_par' dir='ltr' id='par_1_95' title="bbox 186 4634 1777 4710">
     <span class='ocr_line' id='line_1_95' title="bbox 186 4634 1777 4710; baseline -0.004 -12"><span class='ocrx_word' id='word_1_747' title='bbox 186 4642 253 4698; x_wconf 87' lang='lat' dir='ltr'><strong>de</strong></span> <span class='ocrx_word' id='word_1_748' title='bbox 304 4641 430 4709; x_wconf 82' lang='lat' dir='ltr'><strong>ejus</strong></span> <span class='ocrx_word' id='word_1_749' title='bbox 474 4636 914 4710; x_wconf 88' lang='lat' dir='ltr'><strong>percussionibus</strong></span> <span class='ocrx_word' id='word_1_750' title='bbox 954 4643 1337 4691; x_wconf 88' lang='lat' dir='ltr'><strong>murmuraret.</strong></span> <span class='ocrx_word' id='word_1_751' title='bbox 1392 4634 1498 4691; x_wconf 89' lang='lat' dir='ltr'><strong>Sed</strong></span> <span class='ocrx_word' id='word_1_752' title='bbox 1535 4636 1665 4707; x_wconf 90' lang='lat' dir='ltr'><strong>quid</strong></span> <span class='ocrx_word' id='word_1_753' title='bbox 1708 4635 1777 4690; x_wconf 91' lang='lat' dir='ltr'><strong>de</strong></span> 
     </span>
    </p>
   </div>
   <div class='ocr_carea' id='block_1_96' title="bbox 187 4726 1774 4804">
    <p class='ocr_par' dir='ltr' id='par_1_96' title="bbox 187 4726 1774 4804">
     <span class='ocr_line' id='line_1_96' title="bbox 187 4726 1774 4804; baseline -0.003 -18"><span class='ocrx_word' id='word_1_754' title='bbox 187 4745 518 4804; x_wconf 87' lang='lat' dir='ltr'><strong>percussore</strong></span> <span class='ocrx_word' id='word_1_755' title='bbox 538 4744 634 4785; x_wconf 87' lang='lat' dir='ltr'><strong>suo</strong></span> <span class='ocrx_word' id='word_1_756' title='bbox 663 4729 871 4784; x_wconf 88' lang='lat' dir='ltr'><strong>sentiat</strong></span> <span class='ocrx_word' id='word_1_757' title='bbox 893 4727 1294 4797; x_wconf 74' lang='lat' dir='ltr'><strong>indicat,quem</strong></span> <span class='ocrx_word' id='word_1_758' title='bbox 1317 4726 1462 4782; x_wconf 92' lang='lat' dir='ltr'><strong>enim</strong></span> <span class='ocrx_word' id='word_1_759' title='bbox 1488 4727 1774 4785; x_wconf 86' lang='lat' dir='ltr'><strong>ferientem</strong></span> 
     </span>
    </p>
   </div>
   <div class='ocr_carea' id='block_1_97' title="bbox 191 4818 1215 4889">
    <p class='ocr_par' dir='ltr' id='par_1_97' title="bbox 191 4818 1215 4889">
     <span class='ocr_line' id='line_1_97' title="bbox 191 4818 1215 4889; baseline -0.006 -9"><span class='ocrx_word' id='word_1_760' title='bbox 191 4824 420 4889; x_wconf 87' lang='lat' dir='ltr'><strong>tolerat,</strong></span> <span class='ocrx_word' id='word_1_761' title='bbox 444 4832 687 4879; x_wconf 89' lang='lat' dir='ltr'><strong>sanctum</strong></span> <span class='ocrx_word' id='word_1_762' title='bbox 712 4826 894 4876; x_wconf 89' lang='lat' dir='ltr'><strong>vocat.</strong></span> <span class='ocrx_word' id='word_1_763' title='bbox 928 4818 1215 4888; x_wconf 86' lang='lat' dir='ltr'><strong>Sequitur:</strong></span> 
     </span>
    </p>
   </div>
   <div class='ocr_carea' id='block_1_98' title="bbox 263 4910 1777 4982">
    <p class='ocr_par' dir='ltr' id='par_1_98' title="bbox 263 4910 1777 4982">
     <span class='ocr_line' id='line_1_98' title="bbox 263 4910 1777 4982; baseline -0.003 -10"><span class='ocrx_word' id='word_1_764' title='bbox 263 4916 436 4972; x_wconf 73' lang='lat' dir='ltr'><strong>Vsus.</strong></span> <span class='ocrx_word' id='word_1_765' title='bbox 453 4916 535 4969; x_wconf 78' lang='lat' dir='ltr'><strong>il.</strong></span> <span class='ocrx_word' id='word_1_766' title='bbox 559 4915 691 4982; x_wconf 73' lang='lat' dir='ltr'><strong>Qua:</strong></span> <span class='ocrx_word' id='word_1_767' title='bbox 711 4922 799 4968; x_wconf 74' lang='lat' dir='ltr'><strong>est</strong></span> <span class='ocrx_word' id='word_1_768' title='bbox 813 4912 954 4965; x_wconf 81' lang='lat' dir='ltr'><strong>enim</strong></span> <span class='ocrx_word' id='word_1_769' title='bbox 974 4910 1226 4980; x_wconf 78' lang='lat' dir='ltr'><strong>fortitudo</strong></span> <span class='ocrx_word' id='word_1_770' title='bbox 1248 4929 1362 4968; x_wconf 83' lang='lat' dir='ltr'><strong>mea</strong></span> <span class='ocrx_word' id='word_1_771' title='bbox 1385 4922 1441 4968; x_wconf 83' lang='lat' dir='ltr'><strong>ut</strong></span> <span class='ocrx_word' id='word_1_772' title='bbox 1467 4916 1777 4981; x_wconf 78' lang='lat' dir='ltr'><strong>sustineam,</strong></span> 
     </span>
    </p>
   </div>
   <div class='ocr_carea' id='block_1_99' title="bbox 196 5001 1779 5076">
    <p class='ocr_par' dir='ltr' id='par_1_99' title="bbox 196 5001 1779 5076">
     <span class='ocr_line' id='line_1_99' title="bbox 196 5001 1779 5076; baseline -0.002 -16"><span class='ocrx_word' id='word_1_773' title='bbox 196 5016 287 5060; x_wconf 76' lang='lat' dir='ltr'><strong>aut</strong></span> <span class='ocrx_word' id='word_1_774' title='bbox 315 5005 434 5076; x_wconf 82' lang='lat' dir='ltr'><strong>quis</strong></span> <span class='ocrx_word' id='word_1_775' title='bbox 447 5005 564 5075; x_wconf 78' lang='lat' dir='ltr'><strong>ﬁnis</strong></span> <span class='ocrx_word' id='word_1_776' title='bbox 588 5020 755 5067; x_wconf 79' lang='lat' dir='ltr'><strong>meus,</strong></span> <span class='ocrx_word' id='word_1_777' title='bbox 784 5008 847 5054; x_wconf 82' lang='lat' dir='ltr'><strong>ut</strong></span> <span class='ocrx_word' id='word_1_778' title='bbox 874 5001 1128 5067; x_wconf 82' lang='lat' dir='ltr'><strong>patienter</strong></span> <span class='ocrx_word' id='word_1_779' title='bbox 1153 5020 1305 5075; x_wconf 89' lang='lat' dir='ltr'><strong>agam</strong></span> <span class='ocrx_word' id='word_1_780' title='bbox 1328 5004 1354 5058; x_wconf 80' lang='lat'><strong><em>?</em></strong></span> <span class='ocrx_word' id='word_1_781' title='bbox 1392 5032 1462 5044; x_wconf 78' lang='grc' dir='ltr'><strong>-ο</strong></span> <span class='ocrx_word' id='word_1_782' title='bbox 1487 5003 1779 5062; x_wconf 87' lang='lat' dir='ltr'><strong>Sciendum</strong></span> 
     </span>
    </p>
   </div>
   <div class='ocr_carea' id='block_1_100' title="bbox 197 5092 1782 5168">
    <p class='ocr_par' dir='ltr' id='par_1_100' title="bbox 197 5092 1782 5168">
     <span class='ocr_line' id='line_1_100' title="bbox 197 5092 1782 5168; baseline -0.001 -17"><span class='ocrx_word' id='word_1_783' title='bbox 197 5098 342 5167; x_wconf 86' lang='lat' dir='ltr'><strong>quod</strong></span> <span class='ocrx_word' id='word_1_784' title='bbox 364 5098 464 5153; x_wconf 90' lang='lat' dir='ltr'><strong>alia</strong></span> <span class='ocrx_word' id='word_1_785' title='bbox 484 5098 783 5167; x_wconf 89' lang='lat' dir='ltr'><strong>justorum,</strong></span> <span class='ocrx_word' id='word_1_786' title='bbox 839 5098 1000 5158; x_wconf 84' lang='lat' dir='ltr'><strong>atque</strong></span> <span class='ocrx_word' id='word_1_787' title='bbox 1043 5092 1148 5148; x_wconf 87' lang='lat' dir='ltr'><strong>alia</strong></span> <span class='ocrx_word' id='word_1_788' title='bbox 1171 5104 1252 5151; x_wconf 90' lang='lat' dir='ltr'><strong>est</strong></span> <span class='ocrx_word' id='word_1_789' title='bbox 1294 5094 1551 5152; x_wconf 85' lang='lat' dir='ltr'><strong>fortitudo</strong></span> <span class='ocrx_word' id='word_1_790' title='bbox 1592 5110 1782 5168; x_wconf 88' lang='lat' dir='ltr'><strong>repro-</strong></span> 
     </span>
    </p>
   </div>
   <div class='ocr_carea' id='block_1_101' title="bbox 195 5183 1777 5257">
    <p class='ocr_par' dir='ltr' id='par_1_101' title="bbox 195 5183 1777 5257">
     <span class='ocr_line' id='line_1_101' title="bbox 195 5183 1777 5257; baseline -0.002 -11"><span class='ocrx_word' id='word_1_791' title='bbox 195 5190 403 5246; x_wconf 82' lang='lat' dir='ltr'><strong>borum.</strong></span> <span class='ocrx_word' id='word_1_792' title='bbox 424 5190 699 5248; x_wconf 81' lang='lat' dir='ltr'><strong>Justorum</strong></span> <span class='ocrx_word' id='word_1_793' title='bbox 729 5184 944 5257; x_wconf 79' lang='lat' dir='ltr'><strong>quippe</strong></span> <span class='ocrx_word' id='word_1_794' title='bbox 969 5183 1224 5244; x_wconf 90' lang='lat' dir='ltr'><strong>fortitudo</strong></span> <span class='ocrx_word' id='word_1_795' title='bbox 1266 5196 1372 5255; x_wconf 90' lang='lat' dir='ltr'><strong>est,</strong></span> <span class='ocrx_word' id='word_1_796' title='bbox 1403 5205 1622 5246; x_wconf 88' lang='lat' dir='ltr'><strong>carnem</strong></span> <span class='ocrx_word' id='word_1_797' title='bbox 1653 5191 1777 5244; x_wconf 90' lang='lat' dir='ltr'><strong>vin-</strong></span> 
     </span>
    </p>
   </div>
   <div class='ocr_carea' id='block_1_102' title="bbox 197 5272 1777 5340">
    <p class='ocr_par' dir='ltr' id='par_1_102' title="bbox 197 5272 1777 5340">
     <span class='ocr_line' id='line_1_102' title="bbox 197 5272 1777 5340; baseline 0.005 -12"><span class='ocrx_word' id='word_1_798' title='bbox 197 5293 339 5340; x_wconf 76' lang='lat' dir='ltr'><strong>cere,</strong></span> <span class='ocrx_word' id='word_1_799' title='bbox 365 5285 587 5340; x_wconf 69' lang='lat' dir='ltr'><strong>nronriis</strong></span> <span class='ocrx_word' id='word_1_800' title='bbox 626 5272 1014 5340; x_wconf 79' lang='lat' dir='ltr'><strong>voluptatibus</strong></span> <span class='ocrx_word' id='word_1_801' title='bbox 1033 5281 1326 5340; x_wconf 88' lang='lat' dir='ltr'><strong>contraire,</strong></span> <span class='ocrx_word' id='word_1_802' title='bbox 1362 5280 1777 5340; x_wconf 89' lang='lat' dir='ltr'><strong>delectationem</strong></span> 
     </span>
    </p>
   </div>
   <div class='ocr_carea' id='block_1_103' title="bbox 1882 4446 3461 4526">
    <p class='ocr_par' dir='ltr' id='par_1_103' title="bbox 1882 4446 3461 4526">
     <span class='ocr_line' id='line_1_103' title="bbox 1882 4446 3461 4526; baseline 0.009 -27"><span class='ocrx_word' id='word_1_803' title='bbox 1882 4446 2135 4518; x_wconf 89' lang='lat' dir='ltr'><strong>proximi,</strong></span> <span class='ocrx_word' id='word_1_804' title='bbox 2163 4447 2261 4503; x_wconf 91' lang='lat' dir='ltr'><strong>Dei</strong></span> <span class='ocrx_word' id='word_1_805' title='bbox 2277 4465 2431 4504; x_wconf 89' lang='lat' dir='ltr'><strong>amor</strong></span> <span class='ocrx_word' id='word_1_806' title='bbox 2445 4453 2699 4507; x_wconf 91' lang='lat' dir='ltr'><strong>nutritur.</strong></span> <span class='ocrx_word' id='word_1_807' title='bbox 2728 4452 2866 4510; x_wconf 83' lang='lat' dir='ltr'><strong>Hinc</strong></span> <span class='ocrx_word' id='word_1_808' title='bbox 2885 4457 3143 4526; x_wconf 92' lang='lat' dir='ltr'><strong>scriptum</strong></span> <span class='ocrx_word' id='word_1_809' title='bbox 3165 4466 3277 4514; x_wconf 90' lang='lat' dir='ltr'><strong>est:</strong></span> <span class='ocrx_word' id='word_1_810' title='bbox 3308 4478 3325 4510; x_wconf 86' lang='grc' dir='ltr'><strong>ι</strong></span> <span class='ocrx_word' id='word_1_811' title='bbox 3355 4458 3461 4524; x_wconf 88' lang='lat' dir='ltr'><strong>Qui</strong></span> 
     </span>
    </p>
   </div>
   <div class='ocr_carea' id='block_1_104' title="bbox 1884 4540 3458 4620">
    <p class='ocr_par' dir='ltr' id='par_1_104' title="bbox 1884 4540 3458 4620">
     <span class='ocr_line' id='line_1_104' title="bbox 1884 4540 3458 4620; baseline 0.008 -27"><span class='ocrx_word' id='word_1_812' title='bbox 1884 4554 1992 4593; x_wconf 91' lang='lat' dir='ltr'><strong>non</strong></span> <span class='ocrx_word' id='word_1_813' title='bbox 2042 4540 2215 4613; x_wconf 84' lang='lat' dir='ltr'><strong>diligit</strong></span> <span class='ocrx_word' id='word_1_814' title='bbox 2263 4540 2488 4597; x_wconf 89' lang='lat' dir='ltr'><strong>fratrem</strong></span> <span class='ocrx_word' id='word_1_815' title='bbox 2532 4558 2689 4599; x_wconf 88' lang='lat' dir='ltr'><strong>suum</strong></span> <span class='ocrx_word' id='word_1_816' title='bbox 2720 4559 2881 4615; x_wconf 88' lang='lat' dir='ltr'><strong>quem</strong></span> <span class='ocrx_word' id='word_1_817' title='bbox 2906 4549 3072 4614; x_wconf 90' lang='lat' dir='ltr'><strong>videt,</strong></span> <span class='ocrx_word' id='word_1_818' title='bbox 3115 4568 3134 4601; x_wconf 74' lang='grc' dir='ltr'><strong>ι</strong></span> <span class='ocrx_word' id='word_1_819' title='bbox 3167 4563 3223 4605; x_wconf 86' lang='lat' dir='ltr'><strong>et</strong></span> <span class='ocrx_word' id='word_1_820' title='bbox 3249 4552 3458 4620; x_wconf 86' lang='lat' dir='ltr'><strong>reliqua</strong></span> 
     </span>
    </p>
   </div>
   <div class='ocr_carea' id='block_1_105' title="bbox 1884 4630 3459 4710">
    <p class='ocr_par' dir='ltr' id='par_1_105' title="bbox 1884 4630 3459 4710">
     <span class='ocr_line' id='line_1_105' title="bbox 1884 4630 3459 4710; baseline 0.006 -26"><span class='ocrx_word' id='word_1_821' title='bbox 1884 4630 2066 4701; x_wconf 65' lang='lat' dir='ltr'><strong>(John.</strong></span> <span class='ocrx_word' id='word_1_822' title='bbox 2102 4632 2326 4703; x_wconf 58' lang='lat' dir='ltr'><strong>tv,,20).</strong></span> <span class='ocrx_word' id='word_1_823' title='bbox 2369 4632 2499 4698; x_wconf 84' lang='lat' dir='ltr'><strong>Quae</strong></span> <span class='ocrx_word' id='word_1_824' title='bbox 2546 4642 2729 4691; x_wconf 87' lang='lat' dir='ltr'><strong>tamen</strong></span> <span class='ocrx_word' id='word_1_825' title='bbox 2784 4636 2965 4693; x_wconf 74' lang='lat' dir='ltr'><strong>divina</strong></span> <span class='ocrx_word' id='word_1_826' title='bbox 3009 4640 3225 4695; x_wconf 89' lang='lat' dir='ltr'><strong>dilectio</strong></span> <span class='ocrx_word' id='word_1_827' title='bbox 3266 4656 3363 4710; x_wconf 90' lang='lat' dir='ltr'><strong>per</strong></span> <span class='ocrx_word' id='word_1_828' title='bbox 3392 4641 3459 4694; x_wconf 88' lang='lat' dir='ltr'><strong>ti-</strong></span> 
     </span>
    </p>
   </div>
   <div class='ocr_carea' id='block_1_106' title="bbox 1885 4729 3461 4804">
    <p class='ocr_par' dir='ltr' id='par_1_106' title="bbox 1885 4729 3461 4804">
     <span class='ocr_line' id='line_1_106' title="bbox 1885 4729 3461 4804; baseline 0.003 -23"><span class='ocrx_word' id='word_1_829' title='bbox 1885 4741 2095 4782; x_wconf 91' lang='lat' dir='ltr'><strong>morem</strong></span> <span class='ocrx_word' id='word_1_830' title='bbox 2124 4729 2387 4792; x_wconf 90' lang='lat' dir='ltr'><strong>nascitur,</strong></span> <span class='ocrx_word' id='word_1_831' title='bbox 2410 4729 2505 4783; x_wconf 90' lang='lat' dir='ltr'><strong>sed</strong></span> <span class='ocrx_word' id='word_1_832' title='bbox 2544 4729 2599 4785; x_wconf 92' lang='lat' dir='ltr'><strong>in</strong></span> <span class='ocrx_word' id='word_1_833' title='bbox 2625 4729 2875 4785; x_wconf 77' lang='lat' dir='ltr'><strong>affectum</strong></span> <span class='ocrx_word' id='word_1_834' title='bbox 2905 4736 3200 4790; x_wconf 89' lang='lat' dir='ltr'><strong>crescendo</strong></span> <span class='ocrx_word' id='word_1_835' title='bbox 3242 4748 3461 4804; x_wconf 87' lang='lat' dir='ltr'><strong>permu-</strong></span> 
     </span>
    </p>
   </div>
   <div class='ocr_carea' id='block_1_107' title="bbox 1886 4819 3465 4896">
    <p class='ocr_par' dir='ltr' id='par_1_107' title="bbox 1886 4819 3465 4896">
     <span class='ocr_line' id='line_1_107' title="bbox 1886 4819 3465 4896; baseline 0.003 -22"><span class='ocrx_word' id='word_1_836' title='bbox 1886 4827 2049 4875; x_wconf 89' lang='lat' dir='ltr'><strong>tatur.</strong></span> <span class='ocrx_word' id='word_1_837' title='bbox 2086 4819 2356 4891; x_wconf 88' lang='lat' dir='ltr'><strong>Scriptum</strong></span> <span class='ocrx_word' id='word_1_838' title='bbox 2384 4828 2467 4876; x_wconf 86' lang='lat' dir='ltr'><strong>est</strong></span> <span class='ocrx_word' id='word_1_839' title='bbox 2492 4823 2667 4881; x_wconf 91' lang='lat' dir='ltr'><strong>enim:</strong></span> <span class='ocrx_word' id='word_1_840' title='bbox 2707 4840 2727 4874; x_wconf 72' lang='grc' dir='ltr'><strong>ι</strong></span> <span class='ocrx_word' id='word_1_841' title='bbox 2782 4823 2901 4878; x_wconf 87' lang='lat' dir='ltr'><strong>Non</strong></span> <span class='ocrx_word' id='word_1_842' title='bbox 2927 4837 3248 4896; x_wconf 86' lang='lat' dir='ltr'><strong>agnoscetur</strong></span> <span class='ocrx_word' id='word_1_843' title='bbox 3292 4824 3465 4880; x_wconf 88' lang='lat' dir='ltr'><strong>inbo-</strong></span> 
     </span>
    </p>
   </div>
   <div class='ocr_carea' id='block_1_108' title="bbox 1885 4909 3459 4982">
    <p class='ocr_par' dir='ltr' id='par_1_108' title="bbox 1885 4909 3459 4982">
     <span class='ocr_line' id='line_1_108' title="bbox 1885 4909 3459 4982; baseline 0.001 -18"><span class='ocrx_word' id='word_1_844' title='bbox 1885 4909 1972 4965; x_wconf 89' lang='lat' dir='ltr'><strong>nis</strong></span> <span class='ocrx_word' id='word_1_845' title='bbox 1998 4913 2222 4977; x_wconf 86' lang='lat' dir='ltr'><strong>amicus,</strong></span> <span class='ocrx_word' id='word_1_846' title='bbox 2254 4921 2309 4966; x_wconf 92' lang='lat' dir='ltr'><strong>et</strong></span> <span class='ocrx_word' id='word_1_847' title='bbox 2351 4926 2459 4965; x_wconf 89' lang='lat' dir='ltr'><strong>non</strong></span> <span class='ocrx_word' id='word_1_848' title='bbox 2483 4914 2691 4969; x_wconf 90' lang='lat' dir='ltr'><strong>celatur</strong></span> <span class='ocrx_word' id='word_1_849' title='bbox 2721 4914 2778 4968; x_wconf 90' lang='lat' dir='ltr'><strong>in</strong></span> <span class='ocrx_word' id='word_1_850' title='bbox 2806 4913 2963 4968; x_wconf 89' lang='lat' dir='ltr'><strong>malis</strong></span> <span class='ocrx_word' id='word_1_851' title='bbox 2994 4917 3240 4971; x_wconf 87' lang='lat' dir='ltr'><strong>inimicus</strong></span> <span class='ocrx_word' id='word_1_852' title='bbox 3267 4912 3459 4982; x_wconf 86' lang='lat' dir='ltr'><strong>(Eccli.</strong></span> 
     </span>
    </p>
   </div>
   <div class='ocr_carea' id='block_1_109' title="bbox 1886 5000 3463 5074">
    <p class='ocr_par' dir='ltr' id='par_1_109' title="bbox 1886 5000 3463 5074">
     <span class='ocr_line' id='line_1_109' title="bbox 1886 5000 3463 5074; baseline -0.001 -20"><span class='ocrx_word' id='word_1_853' title='bbox 1886 5015 1986 5066; x_wconf 72' lang='grc' dir='ltr'>ιιι,</span> <span class='ocrx_word' id='word_1_854' title='bbox 2015 5002 2091 5073; x_wconf 88' lang='lat'><strong>8).</strong></span> <span class='ocrx_word' id='word_1_855' title='bbox 2129 5023 2148 5055; x_wconf 72' lang='grc' dir='ltr'><strong>ι</strong></span> <span class='ocrx_word' id='word_1_856' title='bbox 2178 5002 2314 5069; x_wconf 88' lang='lat' dir='ltr'><strong>Quia</strong></span> <span class='ocrx_word' id='word_1_857' title='bbox 2334 5001 2590 5059; x_wconf 89' lang='lat' dir='ltr'><strong>nimirum</strong></span> <span class='ocrx_word' id='word_1_858' title='bbox 2615 5003 2708 5074; x_wconf 86' lang='lat' dir='ltr'><strong>qui</strong></span> <span class='ocrx_word' id='word_1_859' title='bbox 2730 5017 2797 5057; x_wconf 83' lang='lat' dir='ltr'><strong>ex</strong></span> <span class='ocrx_word' id='word_1_860' title='bbox 2813 5000 3141 5059; x_wconf 81' lang='lat' dir='ltr'><strong>udversitate</strong></span> <span class='ocrx_word' id='word_1_861' title='bbox 3161 5001 3463 5073; x_wconf 82' lang='lat' dir='ltr'><strong>proximum</strong></span> 
     </span>
    </p>
   </div>
   <div class='ocr_carea' id='block_1_110' title="bbox 1886 5090 3460 5162">
    <p class='ocr_par' dir='ltr' id='par_1_110' title="bbox 1886 5090 3460 5162">
     <span class='ocr_line' id='line_1_110' title="bbox 1886 5090 3460 5162; baseline -0.003 -18"><span class='ocrx_word' id='word_1_862' title='bbox 1886 5090 2139 5159; x_wconf 87' lang='lat' dir='ltr'><strong>despicit,</strong></span> <span class='ocrx_word' id='word_1_863' title='bbox 2193 5099 2379 5162; x_wconf 89' lang='lat' dir='ltr'><strong>aperte</strong></span> <span class='ocrx_word' id='word_1_864' title='bbox 2409 5092 2751 5148; x_wconf 83' lang='lat' dir='ltr'><strong>convincitur</strong></span> <span class='ocrx_word' id='word_1_865' title='bbox 2789 5090 2931 5157; x_wconf 89' lang='lat' dir='ltr'><strong>quod</strong></span> <span class='ocrx_word' id='word_1_866' title='bbox 2951 5091 3108 5148; x_wconf 77' lang='lat' dir='ltr'><strong>,hunc</strong></span> <span class='ocrx_word' id='word_1_867' title='bbox 3154 5090 3206 5143; x_wconf 90' lang='lat' dir='ltr'><strong>in</strong></span> <span class='ocrx_word' id='word_1_868' title='bbox 3235 5100 3460 5157; x_wconf 86' lang='lat' dir='ltr'><strong>prospe-</strong></span> 
     </span>
    </p>
   </div>
   <div class='ocr_carea' id='block_1_111' title="bbox 1885 5176 3476 5246">
    <p class='ocr_par' dir='ltr' id='par_1_111' title="bbox 1885 5176 3476 5246">
     <span class='ocr_line' id='line_1_111' title="bbox 1885 5176 3476 5246; baseline -0.003 -10"><span class='ocrx_word' id='word_1_869' title='bbox 1885 5180 1963 5236; x_wconf 90' lang='lat' dir='ltr'><strong>ris</strong></span> <span class='ocrx_word' id='word_1_870' title='bbox 2013 5196 2123 5237; x_wconf 92' lang='lat' dir='ltr'><strong>non</strong></span> <span class='ocrx_word' id='word_1_871' title='bbox 2164 5183 2386 5239; x_wconf 86' lang='lat' dir='ltr'><strong>amavit.</strong></span> <span class='ocrx_word' id='word_1_872' title='bbox 2440 5181 2510 5237; x_wconf 86' lang='lat' dir='ltr'><strong>Et</strong></span> <span class='ocrx_word' id='word_1_873' title='bbox 2559 5200 2685 5241; x_wconf 89' lang='lat' dir='ltr'><strong>cum</strong></span> <span class='ocrx_word' id='word_1_874' title='bbox 2748 5178 3091 5246; x_wconf 89' lang='lat' dir='ltr'><strong>omnipotens</strong></span> <span class='ocrx_word' id='word_1_875' title='bbox 3139 5181 3296 5241; x_wconf 88' lang='lat' dir='ltr'><strong>Deus,</strong></span> <span class='ocrx_word' id='word_1_876' title='bbox 3346 5176 3476 5233; x_wconf 85' lang='lat' dir='ltr'><strong>ideo</strong></span> 
     </span>
    </p>
   </div>
   <div class='ocr_carea' id='block_1_112' title="bbox 1889 5270 3472 5340">
    <p class='ocr_par' dir='ltr' id='par_1_112' title="bbox 1889 5270 3472 5340">
     <span class='ocr_line' id='line_1_112' title="bbox 1889 5270 3472 5340; baseline -0.001 -17"><span class='ocrx_word' id='word_1_877' title='bbox 1889 5272 2148 5340; x_wconf 88' lang='lat' dir='ltr'><strong>quosdam</strong></span> <span class='ocrx_word' id='word_1_878' title='bbox 2169 5272 2424 5340; x_wconf 89' lang='lat' dir='ltr'><strong>percutit,</strong></span> <span class='ocrx_word' id='word_1_879' title='bbox 2453 5282 2512 5326; x_wconf 92' lang='lat' dir='ltr'><strong>ut</strong></span> <span class='ocrx_word' id='word_1_880' title='bbox 2542 5282 2828 5340; x_wconf 86' lang='lat' dir='ltr'><strong>percussos</strong></span> <span class='ocrx_word' id='word_1_881' title='bbox 2855 5270 3093 5335; x_wconf 83' lang='lat' dir='ltr'><strong>erudiat,</strong></span> <span class='ocrx_word' id='word_1_882' title='bbox 3136 5280 3313 5325; x_wconf 90' lang='lat' dir='ltr'><strong>etnon</strong></span> <span class='ocrx_word' id='word_1_883' title='bbox 3344 5284 3472 5338; x_wconf 87' lang='lat' dir='ltr'><strong>per-</strong></span> 
     </span>
    </p>
   </div>
  </div>
