4004 5340
596 350 694 406 471

1568 343 1623 398 S.
1664 339 1915 400 ODONIS
1954 332 2239 390 ABBATlS
2277 332 2775 393 CLUNMCENSIS
2815 334 2853 390 ll
3716 345 3793 404 ΠΕ

598 485 802 551 quanto
820 472 1255 545 hunc'necpium
1285 472 1337 529 in
1368 473 1542 529 salute
1570 473 1811 544 propria,
1845 485 1946 527 nec
1967 469 2173 540 justum
2204 472 2251 533 Λ
2280 474 2332 520 et
2360 467 2515 536 quasi
2555 475 2710 522 extra
2744 480 2802 521 se
2847 464 2984 520 tensi
3012 463 3080 519 ad
3106 465 3422 537 semetipsos
3444 482 3535 539 per
3557 470 3793 530 circuitum

600 573 655 626 in
680 569 859 624 alieno
883 565 1104 623 vulnere
1132 564 1399 635 agnoscit.
1433 563 1727 635 Sequitur:

669 657 834 713 Vens.
861 656 949 710 15.
990 652 1368 711 Prwterierunt
1395 670 1475 708 me
1497 654 1630 707 sicut
1650 663 1854 707 torrens
1870 651 1961 721 qui
1987 651 2175 720 raptim

597 748 790 802 transit
837 746 892 799 in
933 743 1255 799 convallibus
1305 742 1496 812 fratres
1535 744 1657 798 mei.
1685 768 1757 784 --
1783 743 1938 812 Saepe
1962 740 2175 812 reprobi

595 852 716 892 eam
770 834 930 889 tidem
974 840 1137 904 quam
1181 842 1445 899 tenemus,
1476 834 1741 889 retinent:
1771 832 1960 886 eadem
1988 846 2176 886 saera-

595 934 781 980 tncnta
827 921 1157 994 percipiunt,
1187 921 1426 991 ejusdem
1456 922 1735 992 religionis
1759 920 1985 976 veritate
2010 919 2179 976 conti-

595 1025 818 1081 nentur,
867 1014 961 1070 sed
1006 1024 1182 1068 tamen
1225 1029 1345 1068 cum
1380 1012 1647 1085 passionis
1676 1013 1883 1067 viscera
1910 1011 2175 1075 nesciunt,

597 1109 706 1163 vim
736 1107 1039 1171 charitatis,
1071 1121 1173 1175 qua
1198 1106 1249 1160 in
1275 1106 1499 1161 Domino
1520 1104 1808 1174 ﬂagramus
1832 1112 1887 1158 et
1910 1103 2174 1174 proximo,

601 1214 708 1255 non
734 1206 1050 1269 agnoscunt.
1074 1197 1240 1252 Recte
1263 1212 1392 1267 ergo
1413 1206 1466 1250 et
1485 1203 1874 1265 praatereuntes
1896 1201 2178 1257 vocantur,

598 1291 729 1357 quia
758 1305 827 1344 ex
850 1305 959 1343 uno
988 1289 1178 1343 matris
1201 1289 1481 1343 nobiscum
1507 1286 1716 1357 gremio
1745 1301 1841 1355 per
1863 1284 2023 1340 ﬁdem
2058 1298 2180 1355 pro-

602 1379 791 1442 dcunt,
823 1380 915 1433 sed
949 1378 1002 1432 in
1033 1393 1140 1432 uno
1182 1378 1463 1432 cbaritatis
1504 1376 1687 1431 studio
1730 1390 1859 1444 erga
1912 1373 2081 1428 Deum
2127 1379 2181 1427 et

602 1468 907 1538 proximum
952 1482 1057 1521 non
1102 1466 1355 1538 ﬁguntur.
1381 1466 1482 1533 Qui
1511 1467 1656 1520 enim
1684 1474 1901 1520 terrena
1931 1464 2180 1532 diligunt,

600 1573 753 1629 spem
794 1573 1042 1627 superna:
1084 1559 1272 1627 patriae
1314 1557 1594 1623 deserunt,
1632 1556 1785 1627 quasi
1821 1571 1886 1610 ex
1913 1553 2184 1609 montibus

601 1664 754 1706 more
804 1648 1061 1702 torrentis
1110 1647 1276 1702 valles
1330 1655 1541 1715 petunt.
1594 1647 1741 1713 Quos
1788 1653 1965 1699 tamen
2009 1643 2183 1697 hiems

598 1738 881 1810 praesentis
909 1737 1031 1791 vita:
1061 1735 1400 1806 multiplicat,
1432 1735 1527 1790 sed
1564 1744 1726 1790 aestas
1757 1735 1967 1789 venturi
1993 1733 2181 1804 judieii

2281 559 2527 615 redeunt.
2583 558 2684 626 Qui
2737 559 2877 614 bona
2928 557 3144 628 quidem
3189 558 3431 628 cupiunt,
3479 561 3569 616 sed
3605 576 3635 616 a
3672 565 3797 622 malis

2278 666 2555 719 nunquam
2583 649 2859 705 recedunt;
2908 648 3041 704 Esse
3082 650 3278 719 quippe
3322 650 3567 718 humiles,
3604 656 3685 710 sed
3707 657 3796 713 sine

2282 740 2558 811 despectu,
2603 756 2724 797 esse
2770 741 3007 796 contenti
3059 743 3311 812 propriis,
3348 743 3441 797 sed
3472 745 3581 801 sine
3609 750 3799 803 necessi-

2285 839 2416 897 tate,
2458 845 2578 886 csse
2603 831 2758 896 casti,
2789 830 2882 885 sed
2910 831 3025 885 sine
3053 832 3413 887 maceratione
3442 835 3681 903 corporis,
3706 846 3798 892 esSe

2279 922 2565 991 patientes,
2591 922 2687 975 sed
2711 921 2830 976 sine
2857 921 3217 987 contumeliis,
3248 922 3450 977 volunt.
3479 923 3654 979 Aliter.
3681 925 3800 996 Saepe

2281 1028 2513 1083 namque
2535 1012 2780 1066 nonnulli
2812 1021 3001 1067 contra
3030 1015 3275 1081 quaedam
3310 1014 3437 1068 vitia
3474 1028 3530 1069 se
3560 1018 3800 1071 vehemen~

2283 1110 2364 1156 ter
2385 1102 2691 1171 accingunt,
2715 1101 2807 1155 sed
2837 1101 3080 1171 quaedam
3113 1102 3358 1171 subigere
3385 1103 3663 1174 ncgligunt.
3682 1106 3804 1162 Cum-

2280 1206 2468 1260 quese
2496 1199 2682 1246 contra
2727 1192 2827 1246 ista
2874 1207 2980 1246 non
3028 1192 3262 1263 erigunt,
3322 1202 3378 1247 et
3426 1194 3513 1247 illa
3565 1205 3727 1250 contra
3761 1211 3804 1251 se

2284 1293 2535 1351 reparant
2577 1296 2698 1351 qua:
2742 1284 3087 1352 subcgerant.
3142 1281 3294 1337 Alius
3335 1298 3549 1339 carnem
3575 1300 3602 1339 a
3632 1285 3800 1340 luxuria

2281 1371 2525 1436 dotauit,
2579 1372 2673 1426 sed
2722 1381 2957 1426 mentem
3001 1372 3070 1426 ab
3117 1373 3340 1427 avaritia
3396 1389 3500 1428 non
3542 1374 3804 1443 refrenavit,

2284 1484 2514 1539 cumque
2546 1483 2604 1523 se
2631 1469 2685 1523 in
2712 1468 2911 1523 mundo
2936 1485 3032 1540 pro
3057 1472 3358 1524 exercenda
3385 1471 3605 1525 avaritia
3629 1472 3805 1538 retinet,

2281 1569 2595 1630 erumpente
2635 1562 2937 1617 occasionis
2986 1561 3235 1627 articulo,
3277 1562 3441 1617 etiam
3484 1564 3536 1618 in
3588 1564 3805 1619 luxuriam

2283 1650 2502 1713 labitur,
2552 1649 2846 1721 quamjam
2896 1651 3174 1724 subegisse
3217 1652 3519 1707 videbatur.
3560 1652 3808 1723 Aliquando

2283 1758 2413 1797 vero
2454 1741 2706 1798 involutis
2757 1758 3039 1814 gressuum
3086 1745 3315 1810 semitis,
3345 1754 3403 1799 et
3431 1744 3668 1799 nonnulla
3691 1745 3807 1815 culpa

600 1829 860 1892 exsiccat,
902 1837 958 1883 et
992 1827 1609 1898 reproborumlmtitiam
1642 1827 1696 1881 in
1731 1827 2037 1880 ariditatem
2064 1840 2183 1879 ver-
2214 1829 2257 1889 Β
2286 1834 2628 1900 devincitur,
2683 1842 2740 1889 ει
2793 1834 2896 1889 alia
2947 1850 3043 1905 ρει-
3098 1835 3257 1890 aliam
3312 1845 3661 1907 perpetrat”.
3709 1836 3807 1890 Nam

600 1921 685 1974 tit.
719 1919 1041 1989 Torrentem
1072 1918 1272 1987 quippe
1297 1917 1363 1971 ad
1391 1916 1687 1971 convallem
1716 1916 1912 1987 raptim
1951 1915 2183 1971 transire

599 2018 707 2075 est,
750 2023 1046 2079 pravorum
1089 2015 1300 2062 mentes
1329 2007 1396 2061 ad
1422 2007 1529 2063 ima
1556 2008 1822 2063 desideria
1854 2007 1971 2062 sine
2000 2008 2186 2063 obsta-

601 2100 724 2154 culo
760 2114 821 2154 ac
862 2096 1177 2153 dillicultate
1218 2097 1565 2153 descendere.
1601 2096 1790 2152 Omnis
1820 2098 1966 2152 enim
1993 2111 2183 2152 ascen-

602 2206 698 2247 sus
734 2191 785 2244 in
820 2190 1003 2245 labore
1026 2196 1127 2254 est,
1170 2188 1459 2244 descensus
1486 2189 1536 2242 in
1569 2188 1863 2243 voluntate.
1898 2189 2089 2244 Aliter.
2127 2186 2184 2243 Si

599 2280 875 2336 convalles
922 2281 1030 2335 ima
1080 2293 1363 2350 pcenarum
1413 2278 1531 2333 loca
1574 2277 1949 2347 intelligimus,
1994 2276 2183 2346 iniusti

603 2372 806 2442 quique
860 2371 1000 2426 sicut
1044 2380 1259 2426 terrena
1309 2370 1505 2440 raptim
1546 2370 1612 2423 ad
1658 2367 1954 2423 convallem
2007 2376 2186 2423 trans-

584 2473 756 2528 eunt,
801 2463 926 2533 quia
976 2462 1030 2517 in
1073 2463 1174 2518 hac
1216 2461 1323 2516 vita
1350 2476 1513 2530 quam
1552 2459 1677 2516 totis
1707 2459 1989 2515 desideriis
2027 2474 2188 2529 appe-

610 2563 749 2620 tunt,
779 2554 868 2608 diu
890 2567 1236 2624 nequaquam
1273 2550 1524 2624 (Videtur
1560 2552 1643 2605 hic
1682 2551 1894 2605 verbum
1920 2549 2185 2621 quoddam

603 2648 799 2715 deesse)
850 2653 1099 2714 possunt.
1149 2641 1282 2697 Nam
1335 2649 1466 2711 quot
1511 2640 1626 2696 dies
1670 2640 1847 2696 (etatis
1894 2641 2187 2711 accipiunt,

600 2735 757 2805 quasi
806 2741 883 2789 tot
919 2733 1157 2804 quotidie
1184 2732 1461 2803 gressibus
1502 2732 1570 2787 ad
1624 2730 1784 2785 linem
1829 2730 2076 2784 tendunt.
2129 2729 2187 2784 lu

618 2841 820 2897 ongum
875 2826 1093 2895 quidem
1138 2823 1477 2893 voluptatum
1522 2823 1787 2879 desideria
1830 2822 2187 2892 pertrahunt,

598 2916 716 2973 lsed
763 2917 832 2972 ad
878 2915 1073 2971 inferni
1115 2914 1352 2972 claustra
1394 2923 1616 2986 repente
1665 2915 2057 2986 producuntur.
2094 2914 2193 2970 Se-

649 3008 796 3062 uitnr
824 3026 838 3061 :

608 3026 796 3079 quitur
824 3026 838 3061 :

676 3098 842 3155 Vsus.
895 3097 985 3153 16.
1029 3098 1134 3165 Qui
1182 3100 1327 3154 timet
1385 3100 1652 3171 pruinam,
1688 3099 1856 3153 irruet
1890 3115 2046 3169 super
2071 3113 2190 3153 eum

2288 1940 2427 1996 smpe
2478 1924 2625 1979 furto
2669 1927 2971 1995 negationis
3015 1926 3297 1997 jungitur,
3348 1936 3405 1982 et
3441 1927 3647 1997 perjurii
3692 1927 3806 1982 deiu-

2286 2032 2412 2086 ceps
2451 2028 2605 2072 reatu
2661 2017 3005 2082 cumulatur,
3069 2025 3123 2072 et
3182 2017 3337 2087 culpa
3399 2017 3566 2086 culpa:
3610 2016 3808 2087 adjungi-

2292 2117 2399 2160 tur.
2453 2106 2590 2173 Quid
2632 2106 2778 2161 aliud
2833 2122 2995 2177 quam
3052 2106 3304 2162 involutis
3343 2109 3549 2163 semitis
3584 2117 3723 2178 atque
3755 2108 3811 2161 in-

2287 2195 2503 2250 nodatis
2557 2196 2787 2251 vinculis
2825 2212 3112 2267 pravorum
3165 2212 3384 2267 gressus
3434 2199 3636 2269 ligant?
3694 2196 3811 2252 Unde

2284 2299 2383 2355 per
2437 2284 2633 2339 Isaiam
2672 2284 2872 2339 dicitur
2918 2299 2933 2339 :
2990 2303 3009 2336 ι
3039 2285 3106 2340 Ει
3160 2286 3266 2340 erit
3321 2287 3500 2341 cubile
3549 2287 3809 2348 draconum,

2286 2384 2341 2431 et
2365 2391 2562 2445 pascua
2597 2375 2980 2441 struthionum,
3021 2385 3075 2433 et
3096 2388 3392 2434 occurrent
3428 2379 3693 2441 daemonia,
3716 2392 3812 2431 ouo-

2290 2476 2586 2522 centaurus
2616 2474 2669 2520 et
2696 2467 2902 2537 pilosus
2937 2465 3189 2523 clamavit
3217 2467 3352 2522 alter
3384 2469 3452 2523 ad
3481 2468 3690 2522 alterum
3711 2464 3809 2535 (Ini.

2290 2572 2475 2623 xxxiv,
2509 2558 2618 2627 15).
2659 2576 2678 2609 ι
2711 2556 2849 2624 Quid
2882 2573 2981 2628 per
3008 2557 3292 2623 dracones,
3335 2559 3443 2612 nisi
3485 2558 3698 2622 malitia;
3720 2554 3813 2624 quid

2290 2665 2388 2719 per
2410 2648 2793 2715 struthionem,
2816 2649 2913 2703 nisi
2939 2650 3241 2720 hypocrisis
3267 2650 3613 2721 designatur?
3636 2649 3693 2703 Et
3716 2645 3811 2716 quia

2290 2739 2474 2795 Graece
2493 2754 2621 2793 auos
2636 2738 2820 2793 asinus
2833 2738 3049 2803 dicitur,
3067 2752 3164 2807 per
3176 2738 3388 2793 asinum
3408 2738 3610 2793 luxuria
3623 2738 3815 2806 designa-
3914 2738 3915 2807 ᾗ

2294 2838 2407 2893 tur;
2436 2844 2532 2898 per
2558 2844 2749 2883 aurum
2780 2843 2908 2882 vero
2930 2829 3113 2882 cervix
3140 2830 3409 2899 superbia:
3439 2830 3813 2902 demonstratur.

2293 2930 2352 2975 ut
2379 2921 2509 2976 illud
2553 2937 2566 2975 :
2612 2939 2631 2971 ε
2666 2919 2827 2975 Tauri
2856 2921 3083 2992 pingues
3106 2922 3440 2976 obsederunt
3469 2938 3552 2977 me
3592 2919 3696 2991 (Ps.
3722 2934 3814 2978 ut,

2294 3011 2404 3082 15).
2460 3030 2478 3064 ι
2514 3011 2880 3066 Onocentauri
2943 3027 3072 3082 ergo
3115 3022 3261 3079 sunt,
3308 3013 3400 3083 qui
3455 3011 3667 3079 subjecti
3708 3008 3818 3062 vitiis

2294 3100 2538 3165 luxurirc,
2556 3101 2679 3155 inde
2693 3101 2958 3156 cervicem
2981 3102 3211 3172 erigunt,
3228 3103 3370 3158 unde
3384 3101 3648 3157 humiliari
3666 3100 3818 3154 debue-

519 3263 524 3268 _
608 3189 720 3243 nix.
752 3218 825 3229 —
851 3188 1053 3243 Pruiua
1092 3189 1289 3260 quippe
1333 3188 1558 3244 inferius
1601 3187 1841 3259 gelescit,
1887 3189 1980 3242 nix
2011 3195 2188 3241 autem
2219 3185 2262 3248 C
2295 3201 2433 3246 rant.
2460 3192 2689 3257 Pilosus,
2727 3192 2915 3249 Graece
2948 3193 3147 3248 dicitur
3184 3196 3366 3257 πάνας,
3395 3193 3604 3257 Latine,
3634 3187 3816 3245 incubes.

606 3282 673 3337 de
702 3282 1077 3355 superioribus
1109 3282 1237 3336 ruit.
1278 3282 1345 3336 Et
1388 3297 1529 3352 sche
1555 3280 1798 3335 nonnulli
1830 3280 1956 3335 dum
1988 3288 2193 3348 tempo-
2293 3283 2533 3349 Quorum
2565 3283 2818 3338 nimirum
2844 3283 3017 3337 forma
3040 3285 3107 3339 ab
3134 3284 3368 3338 humana
3408 3283 3578 3354 efﬁgie
3598 3280 3818 3351 incipitur,

606 3373 745 3427 ralia
791 3373 1021 3429 adversa
1066 3372 1485 3443 pertimescunt,
1540 3370 1931 3425 districtionem
1976 3377 2193 3423 aeternae

611 3465 949 3520 adversionis
1000 3463 1284 3533 abjiciunt,
1328 3464 1394 3519 de
1423 3464 1620 3533 quibus
1645 3462 1861 3517 dicitur.
1898 3461 2049 3516 (Illic
2081 3470 2193 3515 tre-

614 3554 938 3627 pidaverunt
977 3556 1193 3620 timore,
1225 3575 1243 3608 ι
1282 3563 1338 3610 et
1364 3554 1572 3624 reliqua
1599 3553 1771 3627 (Paul.
1803 3568 1919 3617 xm,
1950 3553 2028 3622 5).
2057 3550 2196 3607 Con-

616 3654 704 3702 tra
738 3646 828 3700 alii
875 3647 929 3701 in
974 3654 1118 3700 terra
1165 3645 1411 3701 homines
1449 3653 1637 3700 contra
1663 3645 1946 3698 veritatem
1975 3648 2193 3711 pavent,

616 3743 733 3815 ejus
774 3742 1021 3798 veritatis
1073 3743 1209 3797 iram
1255 3740 1469 3797 coalitus
1513 3739 1803 3803 sustinent,
1847 3746 1905 3791 et
1947 3736 2037 3790 alii
2073 3750 2196 3790 cum

617 3834 733 3905 pati
789 3834 843 3888 in
897 3843 1042 3888 terra
1093 3833 1328 3901 inopiam
1383 3837 1647 3894 metuunt,
1689 3829 1742 3883 in
1785 3835 2046 3884 aeternum
2094 3826 2197 3881 sibi

618 3926 1008 3981 abundantiam
1061 3938 1308 3993 supernae
1360 3920 1666 3978 refectionis
1714 3918 2063 3975 abscindunt.
2101 3918 2198 3974 Se.

662 4019 808 4072 uitur
835 4035 850 4071 :

662 4033 850 4072 Ullllt':

619 4033 657 4089 ᾳ
699 4106 863 4163 Vens.
910 4107 993 4161 l7.
1036 4105 1285 4177 Tempore
1315 4122 1416 4178 quo
1447 4104 1640 4176 fuerint
1664 4105 1904 4176 dissipati
1931 4105 2193 4175 peribunt.

623 4200 861 4267 —-Quos
903 4199 1048 4255 enim
1096 4198 1377 4268 praesentis
1430 4198 1555 4253 vita:
1599 4196 1906 4252 sollicitudo
1961 4195 2195 4260 ordinat,

626 4290 848 4345 amissio
871 4289 1116 4359 dissipat,
1145 4297 1201 4344 et
1226 4297 1351 4344 tunc
1378 4289 1540 4345 etiam
1565 4288 1804 4343 exterius
1829 4295 2076 4359 pereunt,
2106 4285 2198 4356 qui

585 4427 602 4443 .,
629 4390 757 4436 ntus
780 4380 981 4436 dudum
1002 4388 1202 4434 aeterna
1228 4374 1543 4450 negligendo
1568 4379 1869 4449 perierunt.
1899 4379 2192 4448 Sequitur:

581 4466 606 4488 ’³
619 4470 689 4525 Et
711 4487 830 4525 cum
857 4468 1192 4535 incaluerint,
1222 4468 1486 4523 solventur
1504 4469 1568 4522 de
1594 4468 1708 4524 loco
1734 4486 1850 4524 suo.
1879 4490 1951 4512 -δ-
1975 4469 2193 4538 Iniquus

2295 3375 2388 3428 sed
2419 3373 2629 3430 bestiali
2651 3375 2996 3431 extremitate
3023 3377 3364 3430 terminatur.
3380 3375 3516 3430 Nam
3532 3366 3819 3444 saepeedendi
3914 3370 3915 3421 ἒ

2296 3462 2586 3516 delectatio
2616 3464 2784 3517 servit
2811 3463 2970 3533 gulm,
2993 3473 3048 3518 et
3068 3464 3287 3519 simulat
3317 3465 3526 3519 servire
3547 3458 3819 3533 indigentiae.
3914 3456 3915 3521 ἦ

2297 3552 2539 3623 Cumque
2576 3562 2819 3608 ventrem
2863 3555 2914 3608 in
2940 3554 3227 3624 ingluviem
3251 3556 3518 3621 extendit,
3550 3552 3758 3609 membra
3783 3548 3821 3601 in

2299 3642 2570 3697 luxuriam
2615 3643 2792 3714 erigit.
2847 3643 3058 3699 Pilosus
3101 3655 3282 3700 autem
3335 3646 3478 3701 alter
3521 3646 3585 3699 ad
3641 3643 3821 3697 alterum
3914 3642 3915 3719 l

2301 3733 2521 3796 clamat,
2568 3750 2689 3788 cum
2721 3744 3027 3804 perpetrata
3064 3737 3303 3805 nequitia
3346 3737 3418 3791 ad
3462 3731 3822 3806 perpetrandum
3914 3742 3915 3801 ξ

2302 3824 2463 3881 aliam
2488 3833 2767 3893 provocat.
2808 3823 3066 3894 Sequitur
3094 3843 3107 3880 ε
3138 3826 3494 3881 Ambulabunt
3515 3827 3569 3880 in
3591 3822 3824 3880 ναι-απικά
3914 3822 3915 3894 l

2300 3917 2558 3987 peribunt.
2598 3916 2747 3971 —ln
2773 3932 3001 3974 vacuum
3051 3920 3249 3990 quippe
3288 3920 3565 3976 ambulant
3603 3920 3685 3990 qui
3726 3908 3825 3969 nihil

2303 4020 2484 4060 secum
2515 4007 2581 4062 de
2608 4006 2783 4062 l‘ruetu
2813 4009 2893 4063 sui
2947 4009 3147 4066 laboris
3194 4020 3437 4080 portant.
3492 4011 3681 4067 Cuncta
3715 4004 3824 4061 enim

2305 4096 2419 4150 haec
2460 4097 2696 4152 moriens
2723 4098 2944 4164 deserit,
2969 4115 3086 4169 quae
3116 4099 3313 4169 injuste
3332 4104 3522 4158 vivens
3551 4093 3822 4167 concupivit-

2303 4182 2375 4237 At
2402 4193 2589 4239 contra
2630 4186 2683 4241 in
2713 4185 2832 4257 lege
2870 4187 3087 4243 dicitur.
3121 4207 3139 4241 ‹
3167 4188 3284 4245 Νοιι
3324 4190 3604 4262 apparebis
3647 4187 3696 4242 in
3734 4197 3827 4238 con-

2305 4284 2492 4348 spectu
2522 4291 2642 4331 meo
2671 4293 2869 4335 vacuus
2902 4279 3097 4351 (Exod.
3130 4296 3285 4348 χχιιι,
3312 4282 3421 4351 14).
3462 4302 3484 4334 )
3525 4281 3591 4336 Et
3615 4279 3675 4332 de
3703 4268 3828 4345 justi!

2306 4371 2546 4425 dicitur:
2600 4389 2619 4422 ι
2650 4368 2943 4427 Venientes
2981 4381 3162 4428 autem
3207 4372 3429 4427 venient
3476 4385 3598 4426 eum
3639 4362 3827 4423 exsulta-

2306 4459 2473 4526 tione,
2504 4478 2523 4512 ι
2552 4466 2610 4515 ct
2637 4459 2841 4529 reliqua
2868 4459 2984 4532 (Ps.
3010 4477 3169 4529 cxxv,
3195 4463 3270 4534 6).
3314 4461 3421 4517 Sed
3466 4461 3600 4531 quia
3646 4453 3826 4523 injusws

612 4561 765 4619 enim
789 4561 1018 4633 quisque
1045 4575 1168 4615 cum
1213 4558 1608 4623 incaluerlt,de
1651 4559 1773 4615 loco
1815 4572 1912 4615 su'o
1942 4537 2201 4624 solvitur,
2232 4537 2285 4598 Ῑ)
2310 4554 2537 4624 quisque
2582 4556 2953 4624 promerendae
2999 4555 3125 4611 vita:
3180 4555 3430 4610 meritum
3475 4554 3609 4608 bene
3664 4542 3827 4617 agendo

619 4652 747 4723 quia
790 4652 845 4704 in
871 4649 1075 4718 judicio
1117 4649 1322 4705 intima:
1366 4647 1719 4704 districtionis
1761 4649 2201 4720 appmpinquans

616 4755 740 4794 cum
757 4739 869 4810 jam
897 4753 991 4808 per
1020 4737 1379 4810 cognitionem
1408 4751 1581 4808 paenae
1605 4736 1816 4793 fervere
1841 4738 2093 4808 casperit,
2124 4738 2201 4793 ab‘

614 4845 678 4887 ea
726 4844 846 4899 quae
895 4828 1093 4883 dudum
1136 4829 1424 4884 inhaeserat
1476 4827 1654 4883 carnis
1696 4842 1808 4885 suae
1839 4827 2196 4883 delectatione

614 4930 923 4994 separatur.
963 4921 1099 4976 Hinc
1135 4930 1324 4977 contra
1373 4919 1633 4990 reprobos
1680 4918 1882 4973 dicitur
1925 4934 2024 4990 per
2072 4934 2196 4990 pro-

620 5014 843 5054 nhptmn
885 5028 899 5041 ο
956 5029 973 5054 ι
1010 5012 1075 5054 Et
1120 5011 1493 5054 lantummmln
1547 5008 1658 5054 snla
1716 5009 1932 5054 vexatin
1985 5010 2196 5056 intelle-

2309 4657 2416 4697 non
2473 4644 2738 4713 providet,
2786 4643 2839 4697 in
2903 4652 3196 4713 conspectu
3245 4644 3341 4699 Dei
3381 4656 3583 4697 vacuus
3633 4636 3825 4707 appar“-

2310 4736 2566 4806 Sequitnr
2599 4753 2612 4789 :

2384 4822 2547 4878 Vens.
2614 4824 2700 4879 l9.
2749 4823 3088 4879 Considerate
3137 4824 3347 4878 semitas
3406 4821 3629 4883 Thema,
3679 4813 3828 4867 itinera

2311 4913 2471 4969 Saba.
2506 4942 2575 4952 —
2602 4912 2823 4979 Thema,
2849 4924 3046 4979 auster,
3087 4912 3229 4970 Saba
3266 4922 3442 4968 autem
3472 4921 3575 4965 rete
3609 4908 3828 4970 interpre‘

2308 5012 2470 5056 tatur.
2503 5002 2641 5056 Ouid
2673 5004 2759 5056 hic
2783 5017 2880 5056 ner
2908 5014 3171 5056 austrum.
3204 5006 3294 5056 aui
3321 5006 3448 5056 ﬂatu
3486 4998 3677 5056 tenoris
3697 4999 3829 5047 mem‘

3912 2529 3915 2689 ι
