4004 5340
187 187 286 246 1⁸73

938 175 1236 235 ΕΡΙΤΟΜΕ
1272 172 1636 232 MORALIUM
1675 169 1733 228 S.
1776 168 1984 229 GREG.
2024 170 2091 226 IN
2126 170 2269 229 JOB.
2309 198 2378 212 —-
2416 169 2543 225 LIB.
2583 168 2692 225 \‘ll.

3332 172 3434 230 176

187 309 354 358 screto
382 298 717 365 deserviunt,
744 297 810 353 ad
839 309 901 352 ea
923 310 1067 365 saepe
1084 310 1181 364 per
1200 292 1449 347 atiectum
1477 298 1753 362 cognatto-
1784 300 1832 359 Α
1858 288 2080 353 timetis,
2131 301 2197 341 ex
2256 286 2369 344 sola
2416 302 2540 344 eum
2589 284 2932 356 percussione
2977 283 3300 343 foﬁnidatis.
3338 288 3443 346 Se-

186 394 265 448 nis
294 392 527 447 redeunt
553 404 673 460 qus:
694 388 1036 443 damnarunt.
1075 386 1192 451 Quo
1218 383 1401 451 itaque
1426 381 1533 445 isti,
1564 380 1667 435 nisi
1700 380 1753 433 in

184 492 297 537 rete
321 480 632 544 ambulant,
657 492 791 548 quos
847 476 905 530 in
944 472 1197 545 praesenti
1257 470 1455 525 smculo
1494 468 1758 524 inchoatae

182 574 288 643 iam
319 572 450 625 vita:
475 569 735 640 perfectio
776 567 1031 629 solverat,
1076 564 1171 620 sed
1220 562 1561 619 inordinatus
1605 574 1759 641 amor

191 672 415 715 terrena:
448 658 782 727 cognationis
817 656 981 725 ligat?
1011 653 1149 708 Hine
1186 651 1401 706 Veritas
1427 650 1562 705 dicit
1593 666 1607 702 :
1650 666 1668 699 ‹
1700 646 1757 703 Si

188 750 303 820 quis
333 750 486 803 venit
520 750 587 803 ad
619 762 726 812 me,
745 756 800 800 et
829 762 936 802 non
967 747 1081 801 odit
1107 752 1314 814 patrem
1345 758 1525 807 suum,
1551 754 1606 796 et
1640 755 1758 795 ma-

190 850 342 901 trem,
369 848 425 893 et
452 845 769 902 uxorem,et
795 836 961 901 illius,
987 844 1042 890 et
1066 835 1265 889 fratres
1286 874 1301 899 ,
1327 841 1383 889 et
1404 846 1643 896 sorores,
1670 831 1763 886 ad-

188 931 286 984 buc
310 938 367 984 et
403 929 641 982 animam
674 943 850 992 suam,
873 943 979 981 non
1004 935 1179 997 potest
1206 940 1356 979 meus
1381 938 1502 979 esse
1528 923 1760 992 discipu-

188 1021 267 1077 lus
301 1020 456 1092 (Luc.
484 1034 598 1084 xxv,
622 1017 731 1089 l6).
769 1037 788 1069 ι
831 1016 996 1072 Recte
1029 1017 1190 1088 igitur
1218 1024 1340 1086 past
1369 1015 1574 1069 Thema
1600 1012 1759 1069 semi-

188 1118 285 1174 tas,
321 1108 468 1163 Saba
494 1108 693 1162 itinera
730 1116 1017 1171 memorat,
1039 1106 1165 1174 quia
1184 1120 1320 1176 quos
1342 1110 1524 1160 auster
1545 1102 1758 1173 reprobi

189 1200 444 1269 temporis
487 1199 728 1264 solverit,
779 1198 877 1253 bos
917 1197 1171 1252 nimirum
1226 1205 1341 1252 rete
1378 1195 1760 1266 implicationis

188 1299 349 1344 tenet.
379 1291 527 1343 Bene
550 1298 731 1344 autem
767 1302 1055 1358 pravorum
1085 1302 1247 1356 opera
1269 1286 1581 1342 describens
1626 1301 1758 1341 con-

182 1379 431 1441 siderare
473 1379 746 1442 admonet,
788 1376 912 1446 quia
951 1389 1205 1447 perversa
1258 1388 1419 1446 agere
1469 1374 1757 1445 diligimus,

184 1471 276 1526 sed
297 1472 418 1526 haec
443 1470 558 1525 visa
581 1469 634 1524 in
660 1469 782 1527 aliis
806 1467 1179 1536 dijudicamus,
1202 1474 1257 1524 et
1284 1482 1347 1522 ea
1369 1481 1489 1536 qua:
1524 1467 1579 1521 in
1608 1467 1760 1523 nobis

187 1562 361 1618 minus
390 1559 733 1629 dijudicanda
764 1561 1058 1625 credimus,
1109 1575 1271 1630 quam
1319 1559 1430 1615 sint
1460 1558 1656 1628 turpia
1705 1557 1759 1611 in

1859 378 2045 449 quitur
2085 394 2100 431 :
2878 400 2881 405 λ

1931 465 2089 522 Vens.
2114 465 2210 531 Ἡ,
2234 465 2327 520 25.
2375 463 2629 536 Nunquid
2672 466 2785 521 dixi
2810 478 2829 521 :
2854 464 3050 538 Aﬁ‘erte
3068 469 3196 524 mihi
3229 469 3292 526 de
3316 472 3439 527 sub-

1856 558 2054 611 stantia
2099 565 2289 623 vestra,
2333 565 2384 611 et
2421 558 2613 611 donate
2657 558 2805 624 mihi,
2854 558 2951 625 sel,
2986 559 3200 617 liberale
3242 579 3322 617 me
3374 564 3440 617 de

1859 664 2016 701 manu
2042 647 2227 714 hostis,
2257 658 2303 704 et
2333 649 2398 703 de
2438 664 2598 703 manu
2642 652 2971 705 robustorum
3006 653 3171 707 eruite
3208 654 3337 709 me?
3370 675 3443 695 —

1859 736 2246 793 Hmreticorum
2276 739 2473 809 quippe
2510 740 2824 810 praedicatio
2870 743 3169 800 substantia
3210 746 3442 801 carnalis

1859 842 1965 884 non
2014 829 2457 887 inconvenienter
2505 832 2808 902 accipitur,
2859 849 2963 905 qua
3010 837 3136 891 dum
3188 852 3444 907 perversa

1859 919 2173 987 fulciuntur,
2199 922 2356 991 quasi
2383 923 2640 979 in‘verbis
2680 924 2872 981 divites
2910 928 3218 983 ostendunt.
3270 928 3445 997 Quam

1858 1024 1924 1065 eo
1949 1022 2136 1066 sancta
2167 1013 2407 1067 Ecclesia
2436 1028 2541 1068 non
2568 1016 2779 1085 quaerit,
2810 1032 2917 1086 quo
2949 1018 3089 1073 banc
3110 1019 3335 1090 spiritali
3368 1022 3448 1076 in~

1862 1098 2074 1155 tellectu
2102 1103 2451 1157 transcendit.
2499 1102 2714 1158 Manum
2757 1106 2951 1175 quippe
2991 1108 3185 1175 hostis,
3224 1111 3440 1164 Satanas

1860 1187 2231 1247 fortitudinem
2277 1202 2467 1260 vocat;
2511 1201 2567 1249 et
2611 1210 2830 1250 manum
2879 1198 3251 1267 robustorum,
3299 1200 3444 1255 vires

1860 1281 2215 1352 malignorum
2244 1284 2529 1353 spirituum
2559 1285 2809 1354 appellat.
2860 1285 3004 1354 Quos
3042 1288 3243 1344 idcirco
3287 1291 3451 1345 robu-

1862 1380 1976 1428 stos
2028 1373 2285 1444 appellat,
2331 1376 2459 1446 quia
2498 1375 2627 1430 dum
2669 1378 2870 1447 absque
2913 1380 3093 1434 carnis
3134 1379 3450 1437 inﬁmitate

1861 1471 1987 1516 sunt
2032 1463 2269 1530 conditi,
2314 1464 2496 1534 pravis
2546 1477 2732 1520 eorum
2778 1467 3167 1524 assertionibus
3207 1469 3453 1525 imbecil-

1865 1548 1993 1606 litas
2031 1552 2286 1623 adjuncta
2326 1567 2433 1608 non
2481 1552 2683 1610 obviat.
2727 1556 2839 1613 lloc
2886 1571 3014 1613 vero
3068 1559 3216 1630 quod
3257 1559 3448 1617 subse-

184 1653 415 1709 aliorurn
468 1652 688 1708 actione
741 1652 1134 1725 cognoscimus.
1187 1650 1389 1722 Sicque
1443 1649 1532 1715 lit,
1582 1657 1642 1703 ut
1695 1648 1764 1703 ad
1794 1652 1841 1713 Β
1870 1644 2092 1713 quitur:

188 1744 532 1813 semetipsam
564 1756 718 1796 mens
745 1743 951 1806 redeat,
977 1751 1033 1796 et
1063 1755 1225 1813 agere
1250 1741 1394 1810 quod
1422 1738 1767 1810 reprehendit

185 1834 492 1890 erubescat.
518 1831 803 1902 Sequitur:
825 1830 893 1885 Et
920 1838 1212 1902 exspectate
1234 1830 1595 1901 paulisper.—
1613 1829 1767 1900 Sa‘pe

182 1926 306 1981 dum
349 1926 638 1997 praesentis
692 1926 817 1980 vita:
858 1925 1098 1981 brevitas
1150 1925 1309 1994 quasi
1355 1932 1766 1993 perseveratum

187 2018 444 2088 diligitur,
484 2017 556 2071 ab
583 2025 788 2073 mterna
822 2030 918 2085 spe
945 2016 1159 2070 animus
1194 2013 1489 2085 frangitur,
1537 2014 1633 2069 sed
1674 2027 1765 2067 re-

182 2116 344 2177 pente
364 2108 536 2163 vitam
572 2106 789 2173 ﬁniens,
820 2115 1020 2161 aeterna
1070 2106 1276 2160 invenit
1319 2104 1601 2175 supplicia,
1646 2119 1767 2174 quia

182 2198 289 2267 jam
316 2199 495 2253 vitare
522 2205 777 2268 nequeat.
802 2196 941 2253 Hinc
964 2197 1110 2252 enim
1139 2196 1356 2251 dicitur.
1393 2214 1412 2249 ι
1444 2194 1538 2250 Va:
1562 2196 1649 2250 bis
1675 2195 1766 2264 qui

184 2290 537 2359 perdiderunt
579 2288 959 2344 sustinentiam
996 2286 1187 2359 (Eecli.
1212 2302 1273 2352 ιι,
1302 2285 1414 2356 16).
1471 2304 1491 2338 ι
1525 2283 1768 2355 Cumque

186 2379 328 2432 enim
356 2393 513 2434 mens
539 2379 597 2432 in
620 2377 976 2449 praesentibus
1028 2377 1231 2448 ﬁgitur,
1263 2376 1373 2430 vita
1421 2374 1763 2439 terminatur,

185 2477 240 2524 et
262 2478 485 2539 repente
520 2468 591 2524 ad
639 2469 901 2539 supplicia
956 2468 1254 2537 improvisa
1301 2466 1567 2537 pervenit.
1630 2464 1768 2520 Hinc

185 2552 466 2614 Psalmista
496 2559 574 2612 ait
605 2577 620 2613 :
657 2575 677 2609 ι
713 2557 974 2613 Pusillum
1002 2557 1200 2622 adhuc,
1229 2565 1285 2611 et
1309 2572 1415 2611 non
1437 2556 1542 2611 erit
1570 2569 1767 2626 pecca-

186 2647 466 2717 tor(Psal.
490 2647 738 2716 XXXVI,
766 2648 880 2719 10).
918 2666 937 2700 ι
970 2647 1267 2717 Sequitur:

259 2736 420 2793 Vens.
439 2739 533 2797 20.
570 2737 792 2806 Confusi
821 2747 942 2791 sunt
961 2737 1086 2807 quia
1111 2737 1333 2807 speravi.
1357 2766 1427 2777 —
1450 2735 1585 2793 Cum
1610 2737 1767 2793 bonis

183 2826 327 2883 mala
343 2829 560 2899 reprobi
581 2830 852 2901 ingerunt.
871 2827 929 2883 Si
949 2828 1048 2883 hos
1069 2841 1102 2881 a
1129 2841 1224 2898 spe
1246 2828 1434 2882 intima
1455 2827 1768 2883 labefactari

178 2921 549 2991 conspiciunt,
596 2920 796 2977 etl‘ectu
849 2920 1184 2989 deceptionis
1229 2919 1576 2975 hilarescunt.
1630 2918 1765 2975 Cum

1938 1736 2100 1791 Vsus.
2122 1735 2216 1791 24.
2243 1736 2433 1794 Docete
2461 1754 2562 1806 me,
2594 1749 2641 1795 et
2671 1756 2762 1812 ego
2791 1742 2991 1809 tacebo,
3021 1750 3069 1797 et
3096 1743 3287 1815 siquid
3316 1744 3453 1815 forte

1865 1827 2101 1897 ignoravi
2145 1828 2387 1885 iustruite
2433 1846 2535 1885 me.
2564 1859 2635 1870 —
2661 1830 2772 1887 Sub
2810 1832 2966 1902 cujus
3002 1833 3346 1890 discretionis
3385 1834 3454 1889 li-

1864 1917 2111 1973 bramine
2151 1919 2403 1988 pendeat,
2436 1920 2701 1976 incertum
2733 1923 2968 1990 videtur,
3006 1932 3187 1979 utrum
3214 1924 3285 1980 sit
3308 1925 3455 1995 quod

1866 2007 2143 2063 intulerat.
2196 2007 2449 2080 Nunquid
2501 2012 2635 2077 dixi,
2690 2029 2761 2068 an
2805 2024 2951 2069 certe
3000 2030 3033 2069 a
3084 2015 3454 2087 superioribus

1866 2097 2131 2167 disjuncta
2156 2101 2423 2156 sententia
2448 2102 2736 2170 promitur,
2778 2113 2838 2158 ut
2872 2120 3025 2174 quam
3062 2121 3161 2176 per
3199 2107 3451 2178 increpa-

1865 2190 2065 2246 tionem
2090 2191 2350 2246 dicatur?
2392 2191 2585 2247 Docete
2612 2210 2712 2260 me,
2739 2203 2795 2249 et
2821 2196 3045 2265 reliqua.
3091 2196 3243 2264 Quod
3270 2207 3451 2254 tamen

1865 2283 2078 2351 utrique
2097 2282 2430 2338 distinctioni
2457 2284 2731 2352 convenit,
2757 2287 2882 2355 quia
2901 2289 2968 2342 ab
2987 2288 3291 2344 intellectus
3315 2304 3452 2345 sano

1866 2372 2084 2428 tramite
2117 2384 2476 2443 neutrumque
2502 2375 2728 2431 recedit.
2784 2376 2983 2432 Beatus
3005 2378 3171 2449 igitur
3191 2375 3294 2433 Job
3322 2393 3454 2433 con-

1866 2473 1949 2520 tra
1970 2465 2155 2520 mundi
2175 2466 2386 2534 divites,
2412 2481 2636 2537 pauper,
2658 2475 2847 2522 contra
2871 2477 3115 2538 potentes
3137 2483 3451 2541 oppressus,

1865 2569 2056 2614 contra
2089 2559 2357 2628 sapientes
2403 2558 2625 2625 stultus,
2668 2559 2966 2617 doctrinam
3006 2561 3293 2631 respondit,
3326 2560 3454 2631 quia

1865 2663 1967 2706 nec
1996 2663 2203 2720 pauper
2229 2664 2415 2705 eorum
2432 2650 2926 2723 substantiam,nec
2943 2664 3230 2720 oppressus
3242 2650 3455 2721 adjuto-e

1865 2740 2004 2795 rium
2032 2748 2219 2795 contra
2248 2741 2519 2807 robustos,
2548 2756 2648 2797 nec
2677 2742 2872 2797 stultus
2905 2743 3203 2799 doctrinam
3238 2743 3453 2814 sapien-

1868 2829 1953 2885 tia:
1985 2829 2221 2884 carnalis
2248 2829 2461 2899 quaerit.
2503 2829 2739 2885 Sanetus
2760 2830 2959 2885 etenim
2990 2830 3088 2896 vir,
3117 2831 3242 2901 quia
3269 2837 3451 2886 mento

1863 2920 2088 2991 pulchre
2126 2934 2289 2990 super
2331 2920 2680 2989 semetipsum
2707 2919 2932 2988 rapitur,
2953 2926 3010 2974 et
3038 2934 3240 2990 pauper
3268 2919 3450 2989 inopia

183 3025 317 3065 vero
346 3012 615 3067 bonorum
643 3024 867 3080 operum
900 3024 1027 3080 spes
1069 3008 1294 3064 interior
1333 3010 1537 3079 ligitur,
1566 3016 1620 3063 et
1665 3023 1765 3064 ne-
1795 3011 1838 3074 C
1869 3027 1978 3068 non
2007 3021 2343 3083 angustatur,
2371 3020 2426 3067 et
2449 3026 2737 3081 oppressus
2764 3011 2839 3065 nil
2861 3012 3066 3082 patitur
3089 3052 3104 3079 ,
3128 3022 3183 3067 et
3207 3012 3454 3067 volunta-

179 3117 459 3175 quaquam
489 3102 645 3157 malis
681 3102 1040 3157 exterioribus
1074 3101 1142 3156 ad
1170 3101 1277 3154 ima
1302 3100 1615 3166 reclinatur,
1648 3115 1770 3169 pra-

181 3210 380 3251 vorum
406 3203 616 3250 mentes
633 3193 880 3250 confusio
892 3201 1143 3263 occupat,
1165 3193 1314 3262 quia,
1337 3194 1462 3249 dum
1484 3192 1771 3264 pervenire

180 3286 256 3342 ad
291 3284 618 3341 alllictorum
647 3285 840 3339 intima
865 3292 1159 3353 nequeunt,
1216 3283 1489 3339 incassum
1535 3284 1773 3338 existere

183 3377 445 3435 crudeles
475 3377 823 3432 erubescunt.
877 3374 1135 3446 Sequitur
1181 3392 1195 3430 :
1268 3374 1527 3430 Venerunt
1572 3392 1774 3446 quoque

180 3485 352 3538 usque
382 3467 452 3522 ad
481 3484 585 3534 me,
600 3478 649 3524 et
678 3468 874 3538 pudore
894 3466 1120 3536 cooperti
1165 3473 1307 3520 sunt.
1357 3495 1430 3506 —
1475 3463 1658 3535 Usque
1707 3467 1775 3521 ad

180 3572 437 3619 sanctam
498 3562 697 3633 quippe
750 3559 1047 3615 Ecclesium
1093 3558 1150 3613 in
1194 3558 1281 3613 die
1319 3559 1507 3630 judicii
1560 3557 1774 3629 reprobi

181 3656 437 3720 veniunt,
464 3653 589 3723 quia
612 3666 786 3722 usque
825 3652 893 3706 ad
919 3650 1034 3719 ejus
1070 3648 1772 3723 conspiciendam'gloriam

182 3744 581 3816 penducuntur,
599 3750 660 3799 ut
685 3742 752 3798 ad
785 3742 989 3812 majora
1020 3751 1202 3799 reatus
1249 3743 1335 3798 sui
1380 3744 1645 3814 supplicia
1691 3754 1774 3797 re;

181 3835 351 3906 pulsi,
383 3835 602 3890 videant
629 3834 776 3904 quod
805 3835 1176 3904 perdiderunt.
1208 3835 1361 3891 Tunc
1387 3850 1516 3890 vero
1562 3834 1775 3905 iniquos

182 3930 367 4000 pudor
395 3928 655 3997 cooperit,
688 3942 814 3982 cum
842 3941 937 3982 eos
958 3927 1016 3982 in
1047 3939 1343 3998 conspectu
1377 3928 1576 4000 judicis
1625 3929 1777 3984 testis

180 4019 527 4076 conscientia
553 4018 797 4074 adducit.
825 4016 975 4074 Tunc
1004 4019 1182 4075 omnis
1212 4020 1367 4089 culpa
1416 4029 1542 4076 ante
1592 4021 1778 4078 oculos

183 4111 490 4175 reducitur,
519 4121 575 4165 et
605 4125 760 4166 mens
781 4124 942 4179 super
964 4112 1227 4181 gehennae
1248 4112 1518 4178 incendio,
1534 4128 1630 4169 suo
1655 4129 1779 4182 gra-

183 4203 314 4258 vius
344 4205 470 4271 igne
491 4203 786 4256 cruciatur.
824 4199 901 4254 De
927 4200 1122 4269 quibus
1146 4210 1291 4257 recte
1322 4215 1422 4270 per
1459 4203 1777 4272 prepbetam

182 4294 440 4351 dicitur:
486 4314 505 4348 ι
542 4295 789 4359 Domine,
844 4293 1114 4349 exaltetur
1160 4309 1353 4349 manus
1402 4303 1514 4360 tua,
1559 4304 1618 4349 ut
1661 4309 1778 4363 quae

1872 3105 1952 3159 rie
1992 3104 2205 3170 stultus,
2237 3103 2508 3171 carnalem
2538 3104 2859 3175 sapientiam
2895 3118 3004 3161 nou
3049 3103 3295 3159 miratur.
3352 3103 3454 3159 Se-

1873 3195 2058 3264 quitur
2095 3212 2110 3248 :
3250 3245 3254 3250 .
3300 3185 3305 3189 ’

1946 3283 2105 3341 Vens.
2139 3284 2230 3340 25.
2278 3285 2455 3351 Quare
2493 3286 2793 3343 detraxistis
2835 3288 3154 3344 sermonibus
3187 3289 3460 3355 ueritatis.

1875 3394 1992 3433 cum
2025 3394 2052 3432 e
2079 3376 2219 3432 vobis
2259 3377 2434 3432 nullus
2462 3379 2529 3433 sit
2556 3379 2645 3450 qui
2673 3396 2753 3434 me
2791 3395 3006 3451 arguere
3044 3382 3204 3451 possit
3234 3381 3259 3434 2
3284 3409 3355 3421 --
3375 3380 3459 3437 Ae

1874 3471 1919 3526 si
1954 3478 2139 3541 aperte
2166 3470 2434 3525 diceretur
2459 3488 2473 3525 :
2504 3470 2620 3537 Qua
2644 3471 2942 3527 temeritate
2964 3472 3144 3525 audita
3166 3471 3459 3540 reprehen-

1875 3561 2023 3627 ditis,
2050 3561 2144 3631 qui
2181 3561 2544 3630 percussionis
2581 3577 2715 3615 mea:
2739 3574 2930 3616 causas
2958 3562 3218 3630 ignoratis
3246 3562 3269 3615 ?
3295 3560 3455 3617 Mun-

1874 3655 1974 3710 dus
2001 3656 2199 3725 quippe
2238 3655 2354 3725 ipse
2398 3668 2520 3709 esse
2557 3653 2733 3719 debet,
2764 3653 2858 3724 qui
2895 3662 3050 3709 curat
3087 3652 3259 3708 aliena
3290 3654 3460 3708 corri-

1875 3760 2020 3815 gere.
2056 3742 2205 3799 Unde
2230 3744 2300 3799 ad
2323 3743 2491 3799 David
2518 3744 2745 3799 dicitur:
2764 3762 2782 3795 ι
2809 3742 2924 3798 Non
2948 3753 3001 3798 tu
3014 3744 3305 3799 aediﬁcatus
3327 3743 3461 3798 milii

1877 3837 2155 3906 templum,
2182 3836 2311 3906 quia
2349 3838 2430 3890 vir
2451 3835 2770 3907 sanguinum
2798 3850 2859 3891 es
2882 3834 2997 3904 (Ill
3030 3833 3155 3906 Reg.
3188 3849 3310 3901 vtu,
3333 3833 3411 3905 9).
3435 3852 3456 3887 ι

1878 3925 2139 3995 Sequitur
2168 3942 2182 3978 :

1948 4016 2114 4071 Vens.
2154 4015 2243 4070 26.
2304 4016 2385 4070 Ad
2422 4016 2797 4086 increpandum
2844 4025 3046 4071 tantum
3089 4004 3313 4087 eloquia'
3339 4033 3464 4072 eon-

1877 4109 2350 4164 cinnatis.——Duo
2402 4118 2529 4164 sunt
2574 4108 2737 4163 verba
2781 4108 2939 4163 noxia
2977 4108 3229 4165 humano
3255 4109 3462 4181 generi.

1880 4199 2057 4256 Utinm
2085 4199 2229 4269 quod
2258 4208 2415 4253 curat
2437 4199 2602 4254 etiam
2633 4199 2859 4255 adversa
2885 4198 3127 4267 laudare,
3150 4199 3292 4254 aliud
3318 4200 3464 4269 quod

1882 4293 2064 4347 studet
2114 4294 2281 4347 etiam
2338 4305 2554 4362 semper
2609 4307 2756 4348 recta
2810 4294 3101 4364 corripere.
3162 4294 3245 4349 Ex
3305 4294 3467 4366 hujus

182 4387 379 4443 vident
393 4354 1091 4443 videantetoonl'undantur
1114 4387 1248 4459 (Isa.
1282 4402 1431 4453 sxw,
1458 4354 1567 4459 ll).
1600 4408 1617 4440 ι
1645 4354 1777 4442 Pbs-
1812 4354 1858 4413 θ
1882 4398 2012 4453 ergo
2053 4382 2314 4454 qualitate
2352 4354 2542 4438 beaius
2587 4383 2687 4440 Job
2732 4355 2936 4442 amicos
2954 4354 3139 4443 luisse
3166 4354 3465 4459 redarguit.

182 4486 325 4534 sunt
357 4480 523 4533 etiam
561 4478 675 4533 lucc
703 4477 886 4532 omnia
923 4478 1115 4532 amicis
1139 4477 1283 4533 beati
1312 4475 1416 4531 Job
1457 4492 1776 4548 congruere.

187 4565 277 4624 Ac
306 4570 353 4624 si
380 4569 449 4624 de
475 4568 557 4624 eis
576 4569 768 4622 dicat:
799 4568 934 4622 Dum
984 4584 1069 4623 me
1109 4568 1287 4623 stultis
1319 4567 1782 4637 increpationibus

184 4658 262 4713 ad
294 4659 729 4728 desperationem
768 4655 985 4712 ﬂectere
1015 4666 1310 4727 nequeunt,
1336 4656 1435 4726 ipsi
1459 4656 1779 4713 temeritatis

184 4763 309 4806 sua
336 4749 971 4813 insania._confundantnr
984 4751 1248 4815 ,videntes
1267 4752 1511 4821 corporis
1534 4753 1776 4817 vulnera,

185 4849 249 4897 et
277 4842 474 4897 ruentis
498 4839 897 4897 conscientiam
927 4842 1243 4899 nescientes.
1279 4841 1420 4896 Dum
1451 4858 1537 4899 me
1585 4845 1654 4900 de
1694 4843 1779 4896 in-

183 4929 401 4999 iustitia
427 4930 713 5004 increpare
737 4929 859 4984 ausi
888 4939 1029 4997 sunt,
1077 4948 1250 5004 usque
1295 4934 1361 4987 ad
1413 4949 1499 4988 me
1548 4933 1780 4992 necdum

188 5032 481 5087 venerunt,
505 5024 599 5078 sed
645 5021 792 5076 dura
841 5033 925 5073 me
978 5019 1278 5079 invectione
1328 5021 1623 5095 pulsantes,
1654 5025 1780 5078 dum

189 5109 452 5168 victorem
477 5115 722 5169 animum
754 5110 899 5163 inter
919 5110 1140 5169 adversa
1171 5112 1600 5185 deprehendunt,
1622 5115 1781 5187 quasi

191 5198 265 5255 ad
285 5218 370 5258 me
393 5205 667 5260 venientes
687 5197 1044 5255 erubescunt.
1087 5205 1381 5277 Sequitur:

265 5291 422 5340 Vnum-
448 5296 534 5340 9L
584 5294 755 5340 Nunc
786 5289 1021 5340 venistis.
1053 5306 1102 5340 et
1136 5297 1292 5340 mndn
1325 5294 1552 5340 nidpnue
1573 5300 1782 5340 nlnnnm

1883 4471 2142 4543 Sequitur
2167 4472 2282 4527 :‘Et
2325 4474 2381 4525 in
2425 4484 2629 4529 rentum
2660 4477 2809 4530 verba
2841 4477 3105 4547 profertis,
3132 4473 3203 4519 4-—
3229 4478 3284 4533 in
3337 4493 3468 4533 ven-

1884 4573 1997 4619 tum
2042 4565 2190 4620 enim
2236 4564 2481 4632 proferre
2525 4575 2609 4621 est
2658 4566 2817 4620 verba
2861 4568 3034 4624 otiosa
3077 4570 3275 4627 dicere.
3334 4569 3468 4624 Nam

1884 4671 2024 4727 saepe
2051 4658 2176 4713 dum
2205 4658 2274 4713 ab
2295 4657 2486 4713 otiosis
2508 4658 2687 4715 verbis
2725 4673 3061 4729 nequaquam
3104 4660 3285 4731 lingua
3320 4674 3470 4714 com-

1882 4749 2139 4816 pescitur,
2170 4749 2239 4803 ad
2268 4745 2623 4804 temeritatem
2648 4762 2859 4817 quoque
2881 4750 3059 4806 stultae
3087 4747 3471 4816 increpationis

1883 4837 2197 4895 ellrenatur.
2246 4840 2407 4895 Prius
2425 4839 2570 4892 enim
2595 4840 2737 4909 loqui
2762 4840 2936 4896 aliena
2964 4842 3113 4906 libet,
3138 4850 3192 4894 et
3221 4846 3467 4906 postmo-

1886 4929 2013 4985 dum
2036 4931 2464 4989 detractionibus
2485 4944 2675 4989 eorum
2694 4932 2880 4999 vitam,
2904 4935 2972 4988 de
2999 4935 3189 5004 quibus
3217 4929 3470 4997 loquitur,

1886 5021 2070 5095 lingua
2099 5029 2376 5091 mordeat;
2407 5029 2731 5099 quandoque
2761 5035 2939 5083 autem
2968 5041 3136 5098 usque
3163 5026 3229 5080 ad
3256 5034 3475 5094 apertas

1886 5113 2244 5171 contumelias
2269 5122 2543 5182 erumpat.
2608 5118 2742 5174 llinc
2771 5115 3022 5171 Salomon
3051 5118 3124 5171 ait
3152 5132 3169 5169 :
3197 5133 3215 5166 ε
3244 5112 3346 5179 Qui
3392 5113 3476 5171 di-

1890 5205 2060 5261 mittit
2086 5222 2300 5277 aquam,
2324 5215 2489 5274 caput
2509 5207 2910 5282 estjurgiorum
2939 5207 3121 5277 (Prov.
3149 5218 3287 5269 xvn,
3308 5204 3417 5276 14).
3450 5224 3473 5259 s

1890 5293 1959 5340 Et
1990 5300 2115 5340 ilpm
2142 5318 2156 5330 ο
2203 5318 2222 5340 ι
2251 5299 2353 5340 nni
2406 5298 2633 5340 imnnnit
2663 5298 2825 5340 clulm
2860 5296 3145 5340 silantium.
3184 5297 3294 5340 ira:
3335 5296 3480 5340 mili-
