4004 5340
574 306 686 368 H3

1564 313 1624 372 Β.
1661 314 1910 373 UDONIS
1946 314 2164 372 ABBAT

2270 315 2355 372 CL
2364 316 2764 380 UMACENSIS
2799 325 2846 381 ιι
3702 340 3777 395 ηδ

575 426 680 498 piae
724 422 972 480 utilitatis
1014 432 1180 518 caret.
1240 422 1564 496 Plerumque
1600 426 1763 483 nimis
1808 427 1978 489 taciti,
2031 427 2157 509 dum
2185 437 2234 495 Α
2261 432 2445 490 Justus
2483 444 2662 491 autem
2687 451 2811 492 cum
2853 445 3214 508 opportunum
3254 439 3567 511 consident,
3605 452 3778 518 postpo-

575 518 932 590 quorumdam
956 517 1095 571 mala
1129 518 1447 587 respiciunt,
1477 526 1532 572 et
1562 527 1742 573 tamen
1789 519 1846 572 in
1888 517 2161 573 silentium

573 606 810 677 linguam
837 614 1107 676 premunt,
1137 622 1203 663 eo
1226 616 1474 662 auctores
1506 608 1693 663 mortis
1734 607 1888 672 ﬁunt,
1931 622 2038 678 quo
2076 607 2158 661 vi-

549 690 552 694 “
575 711 693 765 rus,
721 700 864 769 quod
886 708 1155 769 poterant,
1182 698 1379 770 ejicere
1399 700 1667 771 loquendo
1691 700 1993 755 noluerunt.
2023 700 2160 756 Hinc

579 789 844 860 propheta
872 790 983 847 ait:
1019 807 1037 842 ι
1071 789 1161 848 Vas
1198 791 1332 847 mihi
1379 791 1508 862 quia
1549 791 1690 846 tacui
1735 789 1873 862 (Isa.
1919 804 1994 857 vr,
2031 790 2107 861 5).
2137 806 2157 842 ι

769 1019 906 1040 Qa.

1040 1022 1230 1034 ...ι-..ο
1270 1030 1274 1033 ,
1348 1025 1436 1034 -ν

1534 1025 1912 1038 M

1920 1028 2035 1038 ..σ-ην
2045 1028 2121 1035 -μαη-
2136 1030 2183 1036 ...μ

2271 528 2376 585 sita
2422 543 2649 584 censura
2686 529 2905 596 silentii,
2953 530 3222 601 loquendo
3265 546 3384 602 qua:
3417 547 3705 604 congruunt,
3737 539 3780 595 in

2270 633 2428 675 usum
2460 633 2520 674 se
2564 619 2809 675 utilitatis
2841 619 3122 690 impendit.
3170 620 3307 677 Hinc
3345 637 3565 693 namque
3588 624 3781 684 dicitur:

2273 725 2295 760 ι
2324 707 2550 779 Sapiens
2583 709 2783 767 tacebit
2809 725 2978 782 usque
3016 712 3085 768 ad
3116 719 3329 785 tempus
3370 711 3550 782 (Eccli.
3579 729 3660 781 xx,
3682 715 3780 787 ⁷)..

1792 1193 2093 1272 LIBER
2122 1186 2632 1271 OCTAVUS.

646 1542 811 1598 Vsus.
850 1537 938 1593 27.
981 1534 1165 1606 Super‘
1192 1534 1447 1607 pupillum
1486 1535 1713 1592 irruistis
1739 1575 1753 1601 ,
1786 1544 1832 1589 et
1866 1535 2158 1590 subvertere
2188 1541 2232 1599 Β
2262 1537 2374 1605 ipse
2415 1530 2577 1588 debet
2617 1530 2769 1601 prius
2800 1529 3109 1586 examinare
3129 1529 3274 1601 quod
3297 1529 3443 1594 dicit,
3469 1537 3707 1601 quatenus
3728 1529 3790 1586 in-

578 1632 809 1689 nitimiui
850 1630 1075 1685 amicum
1120 1637 1366 1682 vestrum.
1397 1656 1465 1667 ——
1492 1625 1715 1693 Quantae
1746 1641 1979 1696 namque
2016 1626 2165 1680 inlir-

573 1726 781 1781 mitatis
804 1720 1183 1791 superpendat,
1216 1717 1453 1772 insinuat
1494 1732 1651 1786 quem
1691 1717 1948 1786 pupillum
1984 1722 2161 1780 vocat,

573 1816 701 1887 quia
729 1829 853 1869 vero
880 1815 946 1868 ab
973 1825 1157 1866 amore
1179 1809 1431 1864 recedere
1461 1808 1624 1862 etiam
1660 1808 1783 1862 laesa
1807 1808 2042 1862 charitas
2072 1822 2166 1861 ne-

569 1909 699 1974 scit,
730 1917 791 1963 et-
812 1905 1049 1962 subverti
1076 1903 1213 1958 velle
1242 1916 1299 1957 se
1322 1900 1599 1970 queritur,
1631 1908 1683 1954 et
1710 1909 1890 1954 tamen
1924 1898 2158 1952 amicum

576 2022 635 2061 se
679 2018 798 2060 esse
842 2010 1089 2057 testatur.
1146 1999 1363 2054 TYPICE.
1415 1995 1629 2051 Sancta:
1674 1994 1871 2064 quippe
1911 1991 2165 2047 Ecclesiae

573 2095 805 2167 populus
835 2093 924 2164 qui
958 2090 1154 2146 mortui
1197 2089 1369 2159 patria
1415 2095 1515 2150 est,
1562 2086 1725 2149 ﬁlius,
1762 2085 2011 2155 pupillus,
2055 2099 2161 2138 non

573 2188 870 2256 incongrue
893 2181 1111 2246 dicitur,
1143 2179 1294 2249 cujus
1325 2177 1658 2246 resurgentis
1700 2176 1864 2230 vitam
1894 2176 2008 2245 jam
2044 2173 2164 2243 qui-

575 2278 698 2332 dem
728 2290 840 2344 -per
880 2273 1036 2326 ﬁdem
1082 2270 1344 2339 sequitur,
1386 2268 1479 2322 sed
1522 2267 1750 2321 necdum
1788 2282 1883 2335 per
1926 2264 2162 2335 speciem

574 2361 985 2431 contemplatur.
1032 2357 1203 2429 Super
1228 2355 1485 2428 pupillum
1513 2368 1641 2409 vero
1664 2355 1899 2409 haeretici
1924 2355 2160 2420 irruunt,

573 2471 701 2510 cum
731 2452 1087 2509 humilitatem
1136 2448 1308 2503 ﬁdelis
1339 2437 1518 2517 populi
1560 2447 1880 2515 importunis
1905 2445 2162 2515 falsisque

572 2542 984 2617 allegationibus
1005 2539 1266 2612 allligunt.
1312 2538 1517 2592 Tamen
1552 2538 1758 2591 amicus
1790 2545 1872 2591 est
1896 2551 2057 2605 quem
2082 2537 2162 2591 ui-

571 2646 760 2694 tuntur
787 2643 1048 2697 evertere,
1080 2631 1206 2701 quia
1238 2628 1410 2683 ﬁdelis
1448 2627 1544 2682 Dei
1575 2625 1821 2697 populus,
1857 2625 2001 2694 ipsos
2031 2639 2164 2695 quo-

573 2744 679 2799 que
706 2740 841 2797 quos
882 2725 1077 2779 tolerat
1115 2728 1515 2791 persequentes,
1560 2717 1789 2773 amando
1832 2731 1940 2772 non
1967 2716 2161 2773 desinit

575 2820 642 2875 ad
672 2816 954 2871 veritatem
990 2827 1204 2868 vocare.
1259 2809 1555 2879 Sequitur:

2266 1635 2349 1680 ter
2392 1639 2489 1679 cor
2538 1632 2593 1678 et
2639 1622 2899 1691 linguam,
2933 1636 3120 1692 aequus
3150 1621 3518 1692 discretusque
3539 1622 3792 1676 arbiterse-

2264 1712 2411 1777 deat,
2441 1711 2710 1767 subtiliter
2748 1724 2979 1779 pensans
3004 1711 3051 1764 si
3077 1722 3224 1765 recta
3260 1712 3425 1766 verba
3470 1709 3663 1775 oﬂ‘erat,
3701 1725 3791 1779 qua

2264 1802 2470 1856 utiliter
2494 1801 2792 1871 suscipiens
2820 1800 2888 1854 ad
2916 1801 3219 1857 auditorum
3235 1800 3497 1871 judicium
3525 1800 3685 1871 lingua
3702 1813 3793 1870 per-

2266 1891 2449 1945 ducat.
2510 1889 2765 1958 Sequitur
2792 1903 2808 1942 :

2337 1978 2502 2033 Vsus.
2530 1978 2618 2033 30.
2665 1979 2731 2032 Et
2759 1995 2862 2033 non
2896 1978 3163 2033 invenietis
3190 1979 3245 2033 in
3282 1977 3465 2049 liitgua
3510 1994 3616 2033 mea
3650 1976 3793 2047 iniqui-

2263 2078 2443 2136 tatem,
2469 2081 2516 2124 et
2547 2072 2600 2124 in
2626 2070 2869 2139 faucibus
2899 2071 3025 2123 meis
3053 2071 3276 2123 stultitia
3304 2087 3410 2123 non
3444 2069 3794 2124 personatum—

2262 2163 2342 2217 Ac
2370 2162 2413 2216 si
2441 2172 2626 2230 aperte
2652 2162 2852 2216 diceret
2877 2180 2889 2214 :
2925 2160 2983 2216 Si
3005 2160 3255 2216 subtilius
3284 2172 3465 2217 vestra
3492 2156 3790 2231 perpenditis.

2262 2251 2446 2307 verius
2487 2251 2661 2306 aliena
2702 2251 2960 2320 pensatis.
3006 2251 3074 2304 Et
3100 2266 3220 2305 cum
3252 2263 3462 2306 rectum
3487 2265 3601 2306 esse
3619 2248 3796 2318 coeperit

2263 2343 2404 2411 quod
2441 2341 2637 2407 dicitis,
2668 2341 2876 2409 justum
2920 2342 3244 2412 cognoscitis
3287 2343 3436 2413 quod
3465 2341 3689 2396 audistis.
3730 2337 3798 2393 Sic

2263 2432 2409 2487 enim
2451 2440 2636 2485 sancta
2682 2431 2947 2490 Ecclesia.
2969 2433 3148 2486 studet
3187 2434 3337 2501 prius
3390 2433 3693 2487 assertiones
3728 2428 3798 2481 ho-

2263 2522 2422 2578 stium
2453 2519 2615 2577 falsas
2638 2523 2939 2586 ostendere,
2979 2530 3035 2576 et
3075 2530 3201 2578 tunc
3226 2524 3639 2591 pnedicamenta
3671 2518 3799 2574 virtu.

2263 2611 2334 2665 tis
2368 2611 2596 2681 aperire.
2656 2611 2760 2666 Per
2786 2612 3022 2682 linguam
3052 2612 3253 2682 quippe
3280 2626 3470 2683 aperta
3496 2612 3705 2674 locutio,
3727 2622 3799 2678 per

2262 2698 2446 2756 fauces
2473 2717 2602 2757 vero
2635 2702 2844 2756 occulta
2875 2704 3126 2757 tractatio
3155 2703 3491 2773 designatur.
3542 2702 3605 2757 Et
3626 2699 3732 2771 quia
3751 2711 3798 2751 ea

2264 2805 2383 2860 qua:
2423 2805 2520 2861 per
2566 2790 2835 2860 publicam
2875 2790 3201 2845 locutionem
3233 2802 3425 2846 sancta
3469 2786 3799 2861 prmdicatEc-

591 2924 594 2927 ·
646 2906 810 2960 Vsus.
836 2904 935 2960 -28.
1004 2902 1373 2957 Verumtamen
1411 2899 1550 2969 quod
1582 2897 1807 2969 capiatis
1845 2897 2063 2969 explete.
2092 2928 2164 2939 —
2189 2890 2236 2953 C
2266 2883 2454 2948 elesia,
2488 2892 2544 2938 et
2571 2883 2686 2952 jam
2714 2898 2812 2953 per
2839 2882 3083 2938 intimam
3129 2883 3291 2938 ﬁdem
3332 2893 3539 2950 servat,
3579 2884 3628 2937 in
3658 2882 3799 2949 lingua

573 2999 653 3054 Ac
677 2997 721 3052 si
746 3004 930 3066 aperte
952 2993 1154 3048 diceret
1181 3009 1196 3044 :
1230 2989 1338 3045 Nec
1364 2997 1491 3044 ante
1519 2988 1697 3044 illatas
1738 2987 2013 3044 molestias
2053 2997 2164 3043 tre-

573 3093 721 3165 pido,
764 3106 863 3146 nec
901 3088 1124 3160 ingratis
1154 3085 1489 3142 auditoribus
1517 3083 1872 3152 correptionis
1898 3082 2161 3152 adjutoria

576 3185 870 3248 abscondo,
899 3182 1025 3252 quia
1064 3188 1119 3235 et
1149 3178 1308 3234 malis
1350 3191 1571 3247 pressus
1611 3190 1888 3240 exerceor,
1935 3183 1990 3231 et
2034 3173 2166 3244 ipsis

576 3272 1007 3329 misericordiam
1057 3267 1495 3340 persecutoribus
1558 3264 1794 3336 benigne
1848 3265 2164 3334 impendens
2250 3296 2251 3299 η

576 3379 787 3420 cresco.
841 3362 977 3430 Quia
1021 3361 1166 3415 enim
1207 3378 1224 3410 ι
1257 3358 1499 3413 charitas
1535 3356 1748 3426 patiens
1785 3363 1887 3421 est,
1929 3355 2163 3425 benigna

577 3468 663 3513 est
689 3455 741 3529 (Ι
766 3454 890 3511 Cor.
917 3469 991 3520 tv,
1014 3453 1094 3523 ι),
1125 3471 1144 3504 ι
1171 3461 1225 3507 et
1245 3466 1366 3507 cum
1393 3466 1554 3505 unum
1579 3463 1641 3504 ex
1661 3458 1888 3520 utroque
1911 3446 2161 3515 defuerit,

577 3550 819 3608 eharitas
843 3564 947 3603 non
974 3555 1058 3603 est
1082 3560 1096 3599 :
1124 3554 1180 3599 ut
1206 3561 1235 3599 a
1261 3545 1415 3601 nobis
1441 3543 1677 3599 charitas
1722 3556 1850 3597 vere
1885 3549 2160 3605 teneatur,

578 3655 805 3698 necesse
842 3648 926 3695 est
966 3645 1232 3707 quatenus
1276 3644 1332 3690 et
1360 3635 1749 3704 benignitatem
1789 3631 2066 3701 patientia,
2112 3637 2166 3684 et

576 3732 893 3802 patientiam
916 3728 1218 3798 benignitas
1246 3722 1583 3800 suffragetur.
1636 3722 1833 3775 Beatus
1864 3719 2024 3790 igitur
2041 3716 2161 3783 Job,

580 3826 706 3893 quia
734 3823 950 3893 patiens
984 3829 1089 3886 est,
1122 3819 1306 3874 dicat:
1350 3815 1713 3870 Verumtamen
1761 3812 1899 3884 quod
1946 3810 2165 3881 coepistis

578 3913 795 3984 explete.
830 3913 895 3966 Et
915 3912 1041 3981 quia
1063 3908 1394 3978 benignitate
1416 3905 1691 3975 prasditus,
1715 3903 1860 3957 dicat
1889 3919 1902 3954 :
1934 3899 2167 3954 Prwbete

579 4021 779 4061 aurem.
806 4035 877 4044 —
896 4002 1153 4073 Sequitur
1182 4018 1195 4054 :
1222 3999 1289 4053 Et
1330 3997 1494 4052 videte
1537 4012 1605 4049 an
1646 3994 1890 4049 mentiar.
1917 4023 1988 4033 —
2009 3992 2087 4047 Ac
2120 3991 2166 4047 si

579 4104 767 4164 aperte
805 4092 987 4147 dicat:
1033 4090 1107 4144 Ea
1150 4103 1270 4158 quae
1302 4101 1486 4141 assero
1524 4098 1864 4154 nequaquam
1915 4080 2045 4136 mihi
2098 4096 2166 4136 ex

584 4185 908 4240 auctoritate
965 4181 1189 4245 credite,
1262 4179 1355 4233 sed
1398 4193 1465 4231 an
1514 4191 1638 4231 vera
1680 4176 1788 4231 sint
1840 4189 1907 4229 ex
1960 4173 2167 4227 ratione

2265 2974 2521 3045 iniquitas
2549 2990 2655 3029 non
2694 2984 2932 3041 resonat,
2973 2974 3067 3029 sed
3100 2990 3202 3030 nec
3229 2976 3280 3029 in
3317 2974 3562 3032 faucibus
3598 2971 3797 3031 stultitia,

2266 3066 2523 3136 quidquid
2550 3081 2646 3135 per
2668 3065 2902 3135 linguam
2927 3066 3326 3137 praedicationis
3351 3075 3586 3130 emanat,
3616 3066 3703 3118 hoc
3725 3072 3798 3131 per

2264 3155 2447 3213 fauces
2473 3157 2647 3212 tacita:
2673 3159 3091 3229 exspectationis
3112 3159 3384 3229 degustat.
3437 3158 3694 3229 Sequitur.

2856 3248 3091 3307 CAPUT
3139 3250 3250 3305 Vll.

2336 3339 2501 3397 Vens.
2531 3341 2583 3395 i.
2637 3340 2834 3394 Militia
2861 3351 2937 3396 est
2968 3342 3073 3396 vita
3100 3342 3326 3397 hominis
3353 3359 3509 3413 super
3547 3351 3801 3396 terrast.—

2263 3429 2381 3487 Alia
2417 3430 2699 3486 translatio
2748 3432 2909 3486 habet
2940 3432 3155 3485 tentatio
3176 3471 3191 3497 ,
3230 3432 3325 3486 sed
3378 3433 3650 3500 utriusque
3683 3424 3798 3481 verbi

2264 3537 2456 3578 sensus
2511 3522 2788 3592 aspicitur.
2850 3519 2990 3588 Quid
3039 3521 3182 3576 enim
3229 3523 3545 3579 tentationis
3597 3519 3799 3577 nomine.

2265 3613 2369 3665 nisi
2395 3626 2572 3681 pugna
2605 3620 2791 3666 contra
2826 3611 3086 3682 malignos
3110 3612 3335 3682 spiritus
3373 3607 3714 3682 exprimitur?
3754 3604 3802 3659 Et
3902 3604 3903 3675 Ῑ

2265 3704 2393 3774 quid
2430 3702 2787 3772 appellatione
2814 3702 3037 3765 militiae,
3080 3703 3184 3757 nisi
3215 3712 3405 3757 contra
3436 3703 3615 3757 hostes
3635 3693 3802 3753 exerci-
3902 3744 3903 3757 χ

2268 3804 2354 3851 tus
2374 3795 2723 3865 designatur?
2757 3794 3212 3865 Tentatioitaque
3235 3797 3348 3866 ipsa
3379 3796 3569 3851 militia
3591 3800 3684 3854 est,
3708 3787 3804 3859 quia
3902 3786 3903 3853 ξ

2267 3888 2393 3942 dum
2444 3897 2632 3945 contra
2684 3887 3043 3959 malignorum
3102 3889 3392 3962 spirituum
3453 3888 3667 3945 insidias
3708 3879 3807 3951 visi:

2265 3977 2386 4043 lat,
2435 3978 2489 4033 in
2538 3977 2797 4032 bellorum
2864 3981 3142 4049 procinctu
3198 3981 3554 4052 proculdubio
3598 3972 3804 4035 exsudat.

2267 4071 2391 4127 Vita
2435 4086 2564 4127 vero
2617 4071 2852 4128 hominis
2893 4074 3117 4129 tentatio
3156 4076 3475 4144 perhibetur
3523 4086 3666 4133 esse,
3707 4063 3807 4136 quia
3902 4102 3903 4109 η

2267 4163 2336 4219 ab
2360 4170 2504 4220 statu
2542 4163 2868 4219 conditionis
2895 4164 3065 4234 lapsa,
3106 4174 3161 4219 et
3182 4166 3548 4235 corruptionis
3594 4176 3695 4218 snze
3732 4170 3808 4225 νυ·
3902 4230 3903 4233 η

579 4282 825 4346 pensate.
877 4270 1059 4341 Neque
1087 4271 1227 4324 enim
1262 4276 1446 4323 sancta
1473 4265 1711 4323 Ecclesia
1752 4281 1817 4320 ex
1858 4264 2167 4334 magisterio
2194 4230 2243 4293 θ
2273 4252 2479 4306 tredine
2504 4252 2749 4317 subdita,
2782 4254 2906 4307 dum
2954 4253 3057 4307 sibi
3113 4268 3180 4308 ex
3236 4255 3532 4324 semetipsa
3575 4245 3808 4305 molestias
3902 4292 3903 4299 η

579 4362 900 4422 humilitatis
920 4361 1163 4416 inStituta
1192 4368 1337 4413 recta
1367 4373 1486 4426 qua:
1510 4356 1819 4411 errantibus
1838 4354 1991 4419 dicit,
2012 4355 2167 4424 quasi

582 4471 653 4512 ex
691 4452 1011 4510 auctoritate
1046 4448 1307 4520 praecipit,
1345 4447 1440 4502 sed
1484 4461 1551 4501 ex
1596 4444 1805 4500 ratione
1856 4445 2164 4515 persuadet.

582 4546 840 4615 Sequitur
868 4560 883 4599 :
1774 4558 1780 4562 ·

653 4632 820 4688 Vsus.
865 4628 952 4684 29.
1026 4626 1344 4698 Respondete
1376 4664 1392 4691 ,
1448 4639 1627 4695 quaeso
1656 4663 1671 4690 ,
1722 4623 1912 4693 absque
1958 4632 2168 4677 conten-

583 4726 835 4781 tione.—
863 4719 1048 4789 Neque
1094 4720 1241 4774 enim
1288 4716 1527 4772 haeretici
1569 4713 2013 4786 inquisitionibus
2057 4714 2169 4770 suis

580 4812 866 4870 veritatem
919 4818 1185 4866 conantur
1234 4807 1494 4878 assequi,
1552 4807 1647 4861 sed
1698 4807 1930 4861 victores
1978 4804 2165 4859 videri.

584 4906 739 4966 Unde
762 4905 842 4969 ﬁt,
871 4915 933 4960 ut
958 4903 1316 4960 contentionis
1341 4901 1638 4957 certamina
1672 4901 1977 4971 exquirant,
2012 4907 2067 4955 et
2104 4898 2170 4953 de

584 5000 714 5065 Deo,
743 4997 835 5067 qui
863 5016 881 5050 ι
907 5012 1011 5069 pax
1035 5005 1219 5052 nostra
1255 5003 1338 5053 est
1366 4993 1523 5066 (Eph.
1547 5009 1607 5058 ll,
1638 4993 1746 5066 14),
1775 5012 1795 5046 ι
1839 4991 1983 5063 loqui
2025 4991 2171 5062 paci-

583 5089 687 5145 ﬂce
700 5088 965 5153 nesciant,
995 5097 1156 5158 atque
1184 5102 1253 5143 ex
1274 5087 1424 5157 pacis
1448 5085 1682 5156 negotio,
1710 5085 1841 5139 rixa:
1861 5083 2170 5138 inventores

586 5180 738 5236 ﬁant.
793 5178 998 5246 Quibus
1044 5179 1180 5234 bene
1230 5192 1329 5248 per
1372 5176 1594 5231 Paulum
1635 5176 1832 5231 dicitur
1864 5194 1876 5228 :
1911 5194 1929 5225 ί
1961 5173 2015 5228 Si
2051 5176 2171 5244 quis

586 5279 769 5324 autem
811 5268 1025 5323 videtur
1066 5266 1434 5323 contentiosus
1456 5280 1574 5321 esse
1591 5304 1606 5332 ,
1632 5280 1731 5319 nos
1759 5263 1919 5318 talem
1941 5277 2170 5318 consue-

2271 4342 2460 4412 gignit,
2491 4342 2598 4396 hoc
2622 4351 2707 4397 est
2723 4340 2835 4410 jam
2872 4339 3015 4396 facta
3064 4342 3209 4411 quod
3259 4344 3476 4398 tolerat.
3529 4342 3617 4397 Sic
3663 4340 3809 4404 itaque

2274 4432 2507 4486 humana
2526 4432 2634 4487 vita
2654 4431 2873 4486 tentatio
2887 4438 2989 4494 est,
3010 4439 3072 4484 ut
3087 4430 3189 4486 etsi
3204 4429 3316 4499 jam
3332 4432 3402 4486 ab
3415 4428 3706 4502 iniquitatis
3716 4436 3812 4495 per-

2271 4523 2576 4592 petratione
2604 4521 3016 4590 compescimus,
3041 4521 3094 4574 in
3124 4520 3257 4591 ipsis
3297 4533 3476 4576 tamen
3498 4520 3649 4575 bonis
3670 4509 3811 4584 operi-

2270 4613 2393 4682 bus,
2421 4615 2580 4670 modo
2610 4613 2871 4669 malorum
2904 4611 3187 4677 memoria,
3210 4613 3366 4668 modo
3389 4607 3711 4667 seductionis
3744 4613 3812 4655 ca.

2270 4703 2455 4775 ligine,
2485 4702 2644 4758 modo
2675 4701 2989 4757 intentionis
3016 4716 3128 4756 suae
3150 4701 3546 4770 interruptione
3568 4698 3807 4775 fuscetur:

2271 4774 2520 4851 Tentatio
2561 4809 2690 4862 ergo
2734 4801 2846 4859 est,
2896 4808 3018 4862 quae
3070 4800 3165 4847 aut
3209 4791 3388 4847 aliena
3435 4789 3715 4846 virtutibus
3757 4774 3810 4833 ad

2273 4885 2490 4942 caeleste
2519 4883 2800 4953 praemium
2838 4897 2943 4936 non
2993 4882 3137 4936 valet
3181 4896 3490 4952 assurgere,
3535 4886 3628 4932 aut
3673 4874 3811 4929 ditata

2273 4977 2426 5033 donis
2448 4973 2817 5044 spiritualibus
2841 4972 3130 5042 aliquando
3175 4973 3416 5028 deterius
3454 4985 3523 5026 ex
3567 4964 3813 5024 occasione

2272 5071 2532 5126 virtutum
2560 5067 2687 5121 ruit.
2725 5066 2910 5120 Militia
2960 5080 3089 5121 vero
3133 5074 3217 5121 est
3262 5066 3375 5121 vita
3426 5060 3675 5125 hominis,
3712 5050 3813 5123 quia

2270 5161 2659 5231 unusquisque,
2686 5157 2813 5212 dum
2851 5156 3092 5226 quotidie
3139 5156 3207 5211 ad
3249 5155 3373 5210 vita;
3420 5152 3700 5208 terminum
3737 5151 3814 5212 per

2273 5264 2575 5326 temporum
2597 5255 2885 5320 augmenta
2917 5246 3109 5311 tendit,
3157 5244 3406 5316 augendo
3455 5241 3619 5317 vitam
3662 5233 3814 5340 virete
