4004 5340
184 392 285 451 ΓΠ

889 392 1190 454 EPITOME
1227 393 1590 453 MOBALIUM
1632 391 1691 449 S.
1734 389 1941 448 GREG.
1981 388 2048 443 ΓΝ
2088 388 2229 446 .IOB.
2268 418 2338 430 --
2376 387 2504 444 LIB.
2552 389 2680 444 \‘lll.

3364 394 3466 451 l78

184 504 477 577 premium
516 503 676 561 cuius
696 508 981 576 pervenire
1008 517 1249 580 εποριει,
1278 509 1402 564 θῆρε
1449 508 1632 578 itaque
1679 508 1776 563 ιιο.
1806 503 1850 564 Α
1879 515 1999 571 quae
2026 500 2257 557 inﬁrmis
2282 502 2396 557 suis
2424 510 2668 558 terrenas
2694 502 2939 559 actiones
2968 503 3172 576 absque
3194 507 3315 563 vita:
3338 524 3470 578 prte-

184 594 355 650 minis
406 603 611 650 aeterna
661 596 966 666 sapientis,
1011 609 1163 655 recte
1210 599 1401 656 diebus
1457 599 1783 655 mercenarii

186 695 605 755 comparantur,
627 688 753 756 quia
774 698 1096 758 praesentem
1136 690 1324 754 vitam,
1357 690 1500 744 viam
1532 704 1637 744 non
1684 704 1782 759 pa-

190 778 350 832 triam
384 778 670 849 deputant,
694 788 748 834 et
780 782 1149 838 mercenarius
1188 784 1242 837 in
1283 783 1475 837 alienis
1512 782 1785 838 laboribus

189 868 446 933 exsudat,
477 870 570 926 sed
598 879 776 926 tamen
804 872 907 927 sibi
935 874 1214 943 preprium
1257 875 1539 944 praemium
1577 888 1785 944 prmpa-

188 967 294 1012 rat.
336 957 487 1015 Voce
510 969 691 1016 autem
730 963 1107 1033 Redemptoris
1150 965 1349 1020 dicitur
1393 984 1407 1019 :
1465 984 1484 1016 r
1539 965 1783 1036 Regnum

190 1064 374 1104 meum
406 1065 515 1104 non
540 1059 624 1105 est
648 1052 713 1107 de
739 1053 843 1108 hoc
864 1055 1064 1110 mundo
1090 1054 1272 1123 (Joaa.
1297 1071 1454 1121 xvm,
1476 1056 1587 1127 36}.
1615 1076 1633 1108 ι
1661 1055 1787 1111 0m-

186 1153 288 1193 nes
313 1154 451 1211 ergo
478 1141 572 1209 qui
611 1156 707 1211 spe
748 1143 1051 1199 caelestium
1097 1146 1304 1215 praediti
1354 1147 1616 1202 exercitio
1659 1147 1786 1201 vitae

190 1229 479 1297 praesentis
507 1231 817 1297 atterimur,
849 1233 904 1286 in
951 1233 1130 1288 alieno
1164 1234 1497 1301 laboramus,
1526 1245 1581 1291 et
1609 1235 1786 1290 alieno

193 1318 415 1389 quidem
448 1320 634 1377 labore
653 1323 967 1394 fatigamur,
995 1327 1088 1381 sed
1115 1335 1295 1383 tamen
1330 1329 1551 1399 prtcmia
1599 1337 1783 1383 nostra

192 1409 548 1480 percipimus,
580 1419 636 1466 et
659 1428 758 1481 per
783 1414 884 1468 hoc
907 1417 1347 1484 pervenimus‘ad
1376 1418 1618 1488 propria,
1641 1417 1787 1488 quod

193 1513 328 1568 pure
355 1500 805 1559 administramus
832 1504 1028 1559 aliena.
1059 1504 1178 1573 Quo
1222 1514 1413 1562 contra
1462 1506 1784 1575 quibusdam

195 1580 414 1648 Veritas
437 1593 572 1647 dicit
596 1606 611 1646 :
649 1613 668 1645 ‹
704 1594 760 1649 Si
789 1595 843 1649 in
870 1596 1048 1651 alieno
1075 1597 1259 1653 ﬁdeles
1286 1614 1391 1653 non
1418 1597 1787 1668 fuistis,quod

193 1692 436 1740 vestrum
456 1696 544 1741 est
563 1688 684 1755 quis
706 1688 856 1743 dabit
879 1688 1066 1745 vobis?
1087 1710 1108 1744 ι
1137 1690 1289 1761 (Luc.
1319 1708 1431 1757 xvr,
1449 1692 1562 1762 12.)
1586 1690 1781 1746 Scien-

194 1775 319 1830 dum
346 1791 570 1848 quoque
610 1788 697 1833 est
741 1780 887 1850 quod
934 1782 1303 1837 mercenarius
1351 1782 1581 1838 sollicite
1631 1788 1786 1837 curat

1884 595 1994 651 mio
2023 595 2322 651 deﬁuentes
2365 596 2617 652 sustinet.
2657 596 2776 666 Ipsa
2808 604 2994 654 noctes
3021 597 3325 656 laboriosas
3349 617 3471 672 quae

1884 685 1939 740 in
1969 685 2229 740 membris
2258 684 2489 740 fortibus
2518 686 2842 756 multiplices
2868 688 3244 745 tribulationes
3266 698 3469 760 portat.

1884 776 2147 831 Mensium
2174 778 2373 847 quippe
2395 778 2634 843 nomine,
2658 778 2867 833 dierum
2907 778 3164 835 collectio
3177 789 3234 836 et
3260 797 3472 836 summa

1884 868 2151 939 signatur.
2192 867 2296 923 Per
2322 867 2467 923 diem
2495 883 2625 940 ergo
2653 884 2993 940 unaquaeque
3041 872 3185 927 actio
3233 873 3470 941 exprimi

1884 967 2099 1028 potest,
2158 974 2257 1029 per
2323 972 2538 1015 menses
2610 969 2791 1015 autem
2853 969 3070 1016 actuum
3145 961 3270 1018 ﬁnis
3318 963 3480 1019 intel-

1884 1049 2088 1121 ligitur.
2144 1049 2263 1106 Non
2318 1050 2493 1106 solum
2547 1052 2714 1122 igitur
2758 1053 2915 1119 dies,
2968 1054 3067 1109 sed
3120 1069 3336 1110 menses
3387 1072 3482 1110 va-

1885 1155 2017 1196 cuos
2067 1141 2320 1209 dicimus,
2372 1158 2496 1197 cum
2551 1159 2652 1200 nos
2700 1144 2752 1198 in
2811 1145 3043 1199 terrenis
3086 1145 3298 1202 actibus
3360 1147 3485 1202 sine

1884 1228 2066 1286 fructu
2138 1231 2455 1298 laborasse,
2524 1249 2632 1288 non
2694 1248 2762 1289 ex
2827 1236 3040 1289 actione
3106 1236 3484 1306 principium.

1887 1324 1982 1377 sed
2006 1322 2113 1378 ﬁne
2141 1339 2453 1394 pensamus.
2485 1324 2621 1381 Cum
2674 1327 2821 1381 enim
2871 1327 3088 1383 labores
3131 1337 3344 1383 nostros
3384 1330 3479 1383 ad-

1885 1411 2118 1466 versitas
2162 1412 2429 1483 sequitur,
2479 1415 2635 1484 quasi
2674 1414 2799 1468 vita:
2831 1423 3030 1470 nostrae
3052 1416 3208 1471 vacui
3265 1431 3485 1471 menses

1887 1510 2209 1572 arguuntur,
2244 1503 2372 1571 quia
2401 1501 2482 1573 ζει
2507 1505 2740 1560 actionis
2774 1505 3137 1575 completione
3160 1507 3477 1576 agnoscitur

1888 1605 2052 1661 quam
2088 1591 2288 1648 frustra
2320 1594 2371 1647 in
2396 1595 2706 1651 actionibus
2741 1596 3099 1652 subdebatur.
3127 1597 3235 1653 Sed
3265 1600 3392 1670 quia
3421 1597 3478 1653 in

1887 1695 2047 1736 sacro
2071 1681 2286 1752 eloquio
2326 1698 2711 1754 nonnunquam
2763 1701 2872 1741 nox
2920 1702 3019 1757 pro
3050 1688 3352 1759 ignorantia
3384 1703 3481 1759 po-

1889 1767 2057 1831 nitur,
2080 1767 2248 1823 Paulo
2299 1777 2611 1840 attestante,
2657 1773 2748 1841 qui
2781 1784 3064 1828 venturam
3094 1776 3262 1829 vitam
3300 1776 3477 1831 scien—

196 1864 488 1935 inspicere,
514 1883 581 1923 ne
601 1883 839 1939 unquam
864 1870 980 1925 dies
1003 1886 1208 1928 vacuus
1232 1872 1494 1928 habeatur
1513 1873 1582 1928 ab
1603 1885 1783 1944 opere.

1894 1856 2040 1912 tibus
2058 1856 2192 1913 dicit
2217 1875 2231 1912 :
2261 1877 2281 1911 ι
2320 1858 2523 1915 Omnes
2558 1876 2656 1917 vos
2683 1861 2774 1917 ﬁlii
2809 1863 2969 1929 lucis,
2994 1873 3050 1918 et
3078 1864 3174 1918 lilii
3195 1865 3300 1920 diei
3320 1864 3479 1928 estis,

199 1954 356 2012 Unde
388 1967 445 2013 et
471 1958 681 2015 electus
704 1969 857 2017 tanto
880 1961 1134 2020 ﬁdentius
1173 1980 1269 2036 spe
1307 1965 1480 2021 tendit
1529 1966 1597 2021 ad
1648 1979 1786 2034 pra:-

194 2048 324 2114 mia,
349 2059 556 2119 quanto
584 2068 728 2108 nunc
755 2054 1032 2112 robustius
1058 2057 1319 2128 perdurat
1359 2059 1427 2113 ad
1468 2058 1670 2113 laboris
1705 2058 1787 2112 iu-

189 2151 494 2197 crementa.
523 2144 651 2200 Dies
671 2161 793 2201 cum
822 2149 1077 2218 operibus
1101 2157 1371 2212 numerat,
1404 2164 1474 2205 ne
1520 2165 1551 2204 a
1599 2149 1786 2205 labore

195 2248 365 2290 vacua
394 2244 675 2293 transeant
701 2240 823 2295 vitae
847 2251 1117 2297 momenta
1150 2242 1428 2298 formidat.
1467 2242 1605 2299 Hinc
1634 2258 1786 2298 nam-

195 2344 303 2399 que
332 2330 573 2385 dicunt:
637 2351 656 2383 ε
715 2332 946 2405 Pr0pter
1003 2345 1056 2391 te
1095 2335 1490 2391 mortiﬁcamur
1534 2344 1643 2390 tuta
1699 2335 1787 2391 die

191 2420 378 2491 (Rom.
403 2437 523 2486 vttt,
553 2423 666 2496 15).
698 2444 717 2477 ι
749 2425 817 2481 Et
849 2445 862 2481 :
898 2445 918 2479 ι
962 2427 1087 2484 Scio
1114 2429 1201 2485 cui
1231 2429 1469 2497 credidi,
1504 2436 1558 2485 et
1605 2437 1787 2487 certus

194 2529 314 2569 sum
344 2513 428 2583 (ll
463 2514 601 2569 Tim.
636 2519 811 2587 1,12).
856 2540 875 2571 ι
916 2519 1219 2591 Sequitur:

268 2607 431 2663 Vens.
459 2609 515 2663 2.
556 2609 707 2666 Sicut
738 2629 920 2667 cervus
946 2615 1209 2670 desiderat
1242 2617 1501 2673 umbram.
1544 2649 1616 2661 —
1654 2618 1783 2675 Um-

196 2696 350 2751 bram
381 2700 580 2770 quippe
609 2701 920 2759 desiderare
965 2721 1127 2762 cervo
1173 2717 1278 2774 est,
1327 2725 1427 2779 pro
1474 2710 1792 2768 tentationis‘

196 2798 333 2844 astu
373 2792 683 2862 sudoreque
736 2796 937 2865 aperis,
993 2799 1180 2853 aeterni
1234 2798 1497 2871 refrigerii
1546 2803 1785 2872 requiem

196 2896 466 2951 quaerere.
500 2882 637 2940 Hinc
664 2887 923 2957 scriptum
950 2898 1035 2944 est
1065 2907 1078 2944 :
1122 2908 1140 2941 ι
1175 2889 1356 2946 Sitivit
1377 2892 1555 2947 anima
1581 2908 1698 2949 mea
1720 2895 1788 2950 ad

194 2975 368 3030 Deum
398 2977 600 3044 vivum,
639 2997 658 3030 ι
683 2988 739 3034 et
766 2981 972 3050 reliqua
1017 2980 1191 3053 (Psal.
1217 2999 1327 3043 xu.
1349 2982 1426 3049 3).
1466 2984 1533 3040 Et
1561 3003 1573 3039 :
1612 3005 1632 3038 ε
1671 2986 1786 3042 Heu

196 3080 305 3129 me,
333 3065 602 3124 incolatus
636 3085 790 3126 meus
814 3072 1166 3144 prolongatus
1192 3084 1274 3129 est
1307 3074 1462 3147 (Psal
1482 3092 1633 3141 cxtx,
1661 3077 1737 3149 5).
1762 3098 1782 3132 ι

197 3156 267 3210 Et
294 3174 310 3211 :
342 3176 361 3209 ε
391 3158 670 3229 Ingrediar
699 3162 753 3217 in
780 3162 957 3219 locum
987 3166 1320 3223 tabernaculi
1351 3169 1721 3235 Admirabilis,
1762 3190 1782 3223 ι

1888 1963 2228 2006 nonsumus
2282 1953 2497 2019 noctis,
2545 1969 2721 2024 neque
2770 1958 3143 2012 tenebrarum
3166 1957 3219 2027 (1
3262 1956 3469 2025 Thess.,

1886 2056 1940 2108 v,
1956 2040 2034 2112 5).
2068 2060 2088 2093 ι
2120 2041 2309 2098 Potest
2358 2045 2461 2100 hoc
2493 2045 2547 2099 in
2588 2046 2708 2102 loco
2737 2061 2806 2102 ex
2851 2061 3043 2103 eorum
3091 2064 3322 2119 persona
3375 2064 3482 2105 vox

1887 2140 2088 2187 sanctae
2111 2132 2370 2189 Ecclesia
2415 2136 2612 2207 accipi,
2641 2138 2733 2207 qui
2764 2148 2886 2209 post
2911 2139 3229 2211 ignorantia:
3256 2154 3366 2195 sua:
3392 2155 3484 2195 ea-

1887 2222 2134 2294 ligiuem,
2158 2225 2226 2279 ad
2258 2240 2501 2282 amorem
2542 2228 2885 2284 rectitudinis
2916 2231 3162 2295 redeunt,
3185 2239 3242 2285 et
3275 2230 3478 2286 verita-

1889 2315 1959 2369 tis
1982 2315 2151 2371 radiis
2192 2316 2472 2384 illustrati,
2522 2317 2741 2376 fletibus
2784 2320 2940 2376 luunt
2966 2323 3110 2392 quod
3135 2332 3482 2379 erraverunt.

1886 2403 1945 2460 lu
1974 2406 2055 2461 eis
2083 2421 2215 2479 ergo
2248 2416 2438 2464 sancta
2486 2408 2758 2477 Ecclesia,
2784 2411 2838 2465 in
2866 2413 3064 2483 quibus
3101 2414 3170 2470 ad
3198 2415 3367 2469 vitam
3395 2429 3485 2469 re-

1888 2497 2134 2561 vertitur,
2190 2496 2428 2553 laborem
2480 2514 2636 2554 suum
2688 2503 2936 2556 mstuanti
2962 2517 3140 2568 servo,
3174 2513 3231 2559 et
3272 2505 3486 2560 deside-
3534 2564 3541 2575 ,

1887 2586 2029 2641 ranti
2079 2586 2244 2643 ﬁnem
2291 2591 2632 2647 mercenaria
2679 2604 2980 2663 comparat,
3030 2595 3219 2650 dicens
3258 2611 3274 2648 :
3330 2595 3485 2652 Sicut

1888 2694 2069 2733 cervus
2098 2679 2360 2736 desiderat
2389 2682 2652 2749 umbram,
2679 2692 2736 2738 et
2766 2684 3000 2754 reliqua.
3030 2685 3113 2740 Ad
3137 2694 3483 2753 mstuantem,

1889 2785 2101 2827 menses
2128 2788 2327 2829 vacuos
2368 2774 2566 2840 reddit,
2597 2776 2725 2845 quia
2764 2790 2872 2846 quo
2894 2777 3068 2844 magis
3096 2785 3359 2833 aeternum
3390 2792 3483 2832 rc-

1890 2857 2170 2929 frigerium
2197 2862 2478 2932 quaeritur,
2509 2879 2575 2919 eo
2620 2865 2795 2936 magis
2842 2881 3007 2935 quam
3045 2880 3217 2921 vacne
3256 2867 3484 2944 praista

1888 2947 2188 3005 laboratur.
2235 2953 2318 3007 Ad
2355 2954 2761 3023 praestolantem
2792 2971 2945 3024 vero,
2970 2957 3270 3014 laboriosas
3296 2966 3486 3014 noctes

1888 3039 2198 3108 subintulit,
2229 3043 2357 3113 quia
2404 3058 2515 3114 quo
2552 3046 2726 3117 magis
2774 3063 2842 3102 ex
2872 3049 3106 3104 termino
3134 3050 3315 3121 operis
3346 3065 3487 3120 prae-

1890 3133 2059 3188 mium
2089 3134 2234 3206 quod
2278 3151 2633 3207 assequamur
2664 3140 3002 3210 inspicimus,
3033 3156 3100 3198 eo
3140 3143 3317 3213 magis
3340 3142 3487 3214 inge-

394 3211 427 3212 ρ
454 3211 501 3229 η,
781 3211 957 3219 _--_...
989 3211 1320 3223 --.,.......-....
1351 3211 1721 3235 .-..........,...ο,
1762 3211 1781 3223 .

196 3256 252 3303 et
295 3250 505 3320 reliqua
540 3251 659 3324 (Ps.
693 3271 802 3319 xu,
842 3256 919 3328 5).
971 3256 1273 3328 Sequitur:
1304 3259 1373 3315 Et
1418 3261 1553 3316 sicut
1592 3280 1787 3318 merce-

1894 3226 2174 3282 miscimus
2201 3228 2292 3283 diu
2336 3245 2439 3285 nos
2472 3231 2713 3287 nesc’sse
2737 3233 2883 3303 quod
2922 3234 3238 3304 quaerimus.
3271 3233 3486 3301 Quanto

198 3342 382 3394 uarius
416 3344 756 3412 prrrstolatur
782 3347 939 3415 ﬁnem
969 3350 1139 3423 operis
1160 3351 1295 3420 ejus.
1328 3382 1398 3392 ——
1428 3350 1791 3411 Mercenarius

196 3430 342 3485 enim
375 3434 518 3503 quod
546 3451 710 3505 grave
739 3440 1025 3509 perpendit
1048 3457 1114 3496 ex
1146 3458 1341 3513 opere,
1371 3443 1488 3500 leve
1515 3435 1791 3503 existimat

195 3536 261 3576 ex
291 3527 747 3582 remuneratione.
773 3528 864 3585 Sic
896 3531 1096 3602 quippe
1117 3535 1262 3604 quod
1285 3535 1473 3592 electis
1495 3537 1649 3592 valde
1669 3552 1790 3594 esse

196 3614 544 3690 importabile
591 3634 659 3675 ex
717 3620 903 3678 dolore
967 3627 1307 3693 ostenditur,
1353 3630 1789 3686 consideratione

196 3704 422 3773 provida
446 3721 512 3761 ex
543 3713 986 3768 remuneratione
1021 3714 1302 3785 levigatur.
1338 3717 1476 3774 Hinc
1515 3727 1599 3775 est
1644 3720 1789 3791 quod

196 3791 400 3849 Paulus
428 3811 592 3866 quam
617 3799 687 3854 sit
710 3817 873 3871 grave
894 3805 1038 3872 quod
1062 3806 1267 3875 patitur
1290 3807 1521 3875 indicat;
1566 3827 1585 3860 α
1616 3811 1705 3880 qui
1734 3809 1788 3864 in

196 3889 510 3944 carceribus
541 3892 927 3959 abundantius,
966 3896 1018 3951 in
1061 3897 1234 3968 plagis
1265 3915 1427 3970 supra
1457 3902 1699 3967 modum,
1734 3902 1787 3957 in

196 3976 466 4031 mortibus
497 3978 810 4051 frequenter
837 3986 858 4051 (
867 3983 925 4037 11
950 3984 1073 4041 Cor.
1108 4003 1182 4049 ιι,
1212 3988 1302 4058 52)
1337 4009 1356 4040 ι
1402 3988 1568 4046 fuisse
1620 4000 1789 4046 testa-

197 4072 307 4118 tur.
338 4065 440 4133 Qui
472 4068 611 4125 ultra
668 4074 814 4128 vires
856 4083 1139 4144 gravatum
1185 4094 1243 4133 se
1289 4081 1487 4139 asserit
1535 4080 1721 4138 dicens
1771 4098 1786 4138 :

202 4170 223 4205 σ
263 4155 440 4224 Supra
467 4161 686 4215 modum
716 4165 921 4233 gravztti
949 4181 1159 4232 sumus,
1191 4184 1353 4238 supra
1385 4170 1689 4236 virtutem,-
1715 4172 1789 4228 ita

196 4255 258 4303 ut
283 4250 506 4305 taederet
532 4268 631 4307 nos
666 4255 830 4309 etiam
858 4257 1037 4312 vivere
1068 4257 1153 4328 (ΙΙ
1175 4258 1298 4314 Cor.
1328 4277 1363 4325 ι,
1399 4261 1493 4332 8)‘;
1530 4282 1549 4315 ι
1581 4263 1673 4318 sed
1704 4278 1790 4318 re-

195 4341 637 4398 munerationem
665 4345 1019 4402 considerans
1047 4349 1123 4403 ait
1156 4366 1172 4404 :
1209 4369 1228 4402 ι
1266 4350 1384 4406 Νοη
1428 4360 1557 4409 sunt
1604 4355 1821 4409 condi-’

193 4447 317 4501 gnte
338 4435 621 4502 passiones
659 4435 819 4507 hujus
850 4440 1108 4510 temporis
1156 4442 1223 4497 ad
1275 4442 1511 4498 futuram
1562 4444 1789 4515 gloriam

1893 3318 2036 3373 enim
2083 3320 2267 3375 verius
2315 3321 2383 3375 ad
2430 3319 2598 3377 Deum
2644 3324 2991 3389 revertimur,
3042 3334 3194 3381 tanto
3235 3324 3487 3380 subtilius

1891 3408 2106 3467 labores
2133 3425 2271 3481 quos
2305 3427 2405 3483 per
2430 3414 2793 3484 ignorantiam
2820 3415 2875 3469 in
2905 3416 3007 3472 hoc
3037 3416 3239 3472 mundo
3261 3416 3499 3489 pertulL.

1892 3517 2030 3565 mus,
2064 3503 2293 3559 dolendo
2318 3520 2628 3575 pensamus.
2658 3507 2916 3578 Sequitur
2945 3527 2959 3564 :

1965 3592 2123 3650 Vsus.
2155 3595 2212 3649 4.
2268 3596 2331 3652 Si
2358 3596 2643 3665 dormiero,
2681 3601 2858 3655 dicam
2886 3618 2911 3655 ε
2948 3600 3176 3668 Quando
3225 3606 3490 3675 surgam?

1893 3683 1960 3738 Et
1984 3701 2194 3741 rursum
2223 3689 2528 3758 exspectabo
2562 3707 2852 3761 vesperum.
2879 3723 2936 3733 —
2980 3692 3038 3749 Si
3066 3709 3196 3749 vero
3215 3695 3283 3750 ad
3309 3696 3487 3751 solam

1893 3775 2175 3831 historiam
2237 3778 2354 3834 haec
2405 3780 2568 3834 verba
2605 3789 2928 3851 pensantur.
2961 3798 3059 3853 per
3107 3784 3222 3839 haec
3253 3785 3474 3855 proculvL

1893 3866 2055 3923 dubio
2101 3869 2316 3924 animus
2351 3870 2587 3925 dolentis
2622 3871 2981 3941 exprimitur,
3013 3875 3246 3944 qualiter
3278 3890 3378 3946 per
3403 3875 3480 3931 di-

1891 3972 2079 4014 versos
2104 3968 2283 4014 motus
2305 3960 2558 4016 desiderii
2589 3963 2849 4018 maestitia
2890 3964 3201 4035 impellente
3220 3967 3495 4022 varietur:

1890 4051 1948 4105 lu
1976 4060 2134 4107 nocte
2161 4053 2278 4108 dies
2299 4055 2578 4124 quaeritur,
2610 4055 2663 4109 in
2685 4055 2773 4112 die
2800 4070 3091 4126 vesperum
3120 4058 3484 4124 desideratur,

1892 4151 2016 4220 quia
2072 4149 2326 4204 nimirum
2390 4150 2543 4205 dolor
2595 4166 2703 4206 non
2771 4152 3040 4222 permittit
3086 4153 3304 4224 placere
3363 4170 3486 4227 qua:

1894 4240 2107 4295 adsunt.
2157 4239 2349 4294 Aliter.
2399 4239 2599 4296 Sancta
2647 4256 2862 4312 quoque
2912 4242 3155 4299 Ecclesia
3201 4260 3487 4318 quousque

1893 4330 2059 4385 vitam
2106 4331 2466 4399 corruptionis
2516 4331 2704 4397 ducit,
2758 4333 2890 4389 ﬁere
2943 4336 3320 4393 mutabilitatis
3372 4353 3485 4394 suae

1894 4422 2087 4476 damna
2129 4435 2235 4476 non
2264 4421 2480 4477 desinit.
2529 4422 2610 4478 Ac
2640 4424 2685 4479 si
2714 4438 2843 4495 ergo
2875 4426 3018 4481 dicat
3045 4445 3057 4481 :
3087 4427 3145 4482 In
3187 4443 3378 4484 somno
3403 4443 3484 4485 re-

193 4535 321 4591 qua!
343 4523 672 4579 revelabitur
700 4525 753 4579 in
785 4527 940 4583 nobis
970 4528 1148 4600 (Rom.
1187 4546 1237 4597 ι,
1261 4532 1372 4600 18).
1421 4552 1439 4585 ι
1483 4511 1740 4603 Seqttitur
1771 4551 1785 4589 :

1896 4511 2286 4567 surrectionem
2312 4511 2583 4579 desidero,
2625 4514 2679 4568 in
2707 4517 3106 4572 resurrectione
3139 4534 3268 4574 vero
3296 4533 3487 4591 vespe—

270 4611 439 4668 Vcrts.
452 4614 505 4670 '5.
524 4615 616 4671 Sic
630 4625 678 4671 et
695 4631 787 4686 ego
803 4619 962 4672 habui
974 4637 1173 4674 menses
1185 4637 1393 4687 vacuos,
1408 4632 1640 4679 et‘noctes
1654 4624 1794 4680 labo-

195 4703 369 4758 riosas
381 4708 683 4761 enumeravi
698 4707 825 4761 mihi
831 4709 1089 4765 .—Electi
1105 4711 1299 4781 quippe
1312 4711 1478 4767 Contli
1487 4714 1587 4769 tori
1612 4730 1792 4771 rerum

196 4795 461 4859 serviunt,
479 4804 534 4851 et
547 4812 692 4866 saepe
708 4812 886 4853 rerum
913 4800 1089 4871 inopia
1105 4811 1548 4872 coangustantur.
1568 4805 1668 4871 Qui
1693 4806 1792 4877 igi-

196 4889 654 4956 turperactiones
673 4905 802 4945 snas
824 4894 1106 4960 praesentia
1132 4910 1239 4949 non
1267 4904 1538 4965 quaerunt,
1555 4912 1585 4951 a
1607 4897 1791 4952 mundi

196 4981 543 5047 compendiis
573 4996 795 5037 menses
835 4998 1035 5038 vacuos
1081 4986 1303 5041 ducunt.
1349 4986 1544 5044 Noctes
1578 5004 1792 5059 quoque

196 5065 504 5124 laboriosas
546 5070 814 5138 tolerant,
838 5071 926 5139 qui
963 5074 1352 5130 adversitatum
1386 5078 1641 5132 tenebras
1681 5094 1787 5134 non

197 5156 374 5198 anitum
413 5174 581 5198 "enim
613 5158 857 5198 innnimn
918 5161 1009 5198 carl
1040 5177 1180 5198 emno
1208 5162 1275 5198 nr]
1303 5165 1546 5198 nnmnnio
1571 5166 1785 5198 nnnnin,

1897 4618 2017 4658 rum
2091 4611 2385 4673 exspecto,
2445 4604 2570 4674 quia
2625 4606 2807 4676 quieta
2869 4608 3193 4664 exercitium
3253 4610 3519 4666 actionis.

1896 4703 2110 4766 appeto,
2150 4704 2205 4751 et
2219 4695 2518 4751 exercitata
2548 4696 2718 4753 otium
2745 4698 2944 4768 quietis
2982 4715 3188 4770 quaero.
3222 4700 3487 4758 Conditus
3519 4753 3522 4756 .

1894 4788 2095 4858 quippe
2146 4787 2309 4843 homo
2361 4787 2561 4855 fuerat,
2614 4797 2674 4842 ut
2721 4789 2790 4844 ab
2840 4805 3025 4846 amore
3055 4791 3367 4848 Conditoris
3400 4794 3486 4848 sui

1896 4895 2173 4951 nunquam
2201 4879 2519 4936 declinaret.
2549 4879 2659 4935 Sed
2694 4879 2748 4933 in
2779 4894 2848 4935 eo
2887 4882 3030 4951 quod
3063 4885 3254 4952 pedem
3281 4882 3348 4935 ad
3378 4882 3490 4936 cul-

1896 4990 2019 5045 pam
2068 4974 2255 5037 movit,
2303 4987 2334 5027 a
2383 4971 2670 5027 dilectione
2699 4970 3007 5028 Conditoris
3047 4973 3099 5027 in
3136 4971 3486 5040 semetipsum

1894 5064 2146 5132 protinus
2173 5062 2388 5123 cecidit,
2422 5068 2480 5116 et
2520 5061 2711 5118 salutis
2740 5077 2855 5117 suae
2899 5063 3269 5117 fortitudinem
3307 5059 3490 5129 perdi-

1894 5154 1991 5198 rlit,
2055 5155 2238 5198 Alitnr-
2298 5154 2545 5198 Dormire
2601 5169 2837 5198 nammm
2887 5155 2940 5198 in
2992 5155 3229 5198 narratis
3282 5150 3483 5198 iacere-
