4004 5340
572 367 669 423 ΗΘ

1562 367 1620 423 S.
1661 366 1909 423 ODOMS
1945 364 2233 422 ABBATlS
2269 364 2763 423 CLUNIACENSIS
2796 366 2839 421 ll

3687 367 3779 425 τω

568 481 714 532 tilttts
748 485 868 546 post
914 476 1139 530 virtutes
1178 475 1470 539 desiderat,
1516 493 1582 531 ne
1615 476 1766 547 pejus
1788 492 1853 531 ex
1882 477 2145 532 conliden-
2174 481 2219 540 Α
2249 484 2590 546 augmentum
2621 476 2850 547 prolicit,
2874 475 2940 530 ad
2978 473 3291 530 incisionem
3323 475 3507 539 tendit,
3534 453 3648 545 quia
3668 494 3768 534 cum

573 570 647 622 tia
675 569 931 623 virtutum
961 568 1138 623 cadat.
1169 567 1305 624 Hinc
1330 570 1591 639 scriptum
1626 578 1746 625 est:
1776 590 1794 621 ι
1836 571 2007 625 Proba
2035 585 2140 637 me,

574 659 819 723 Domine,
872 666 929 714 et
975 667 1117 714 tenta
1152 675 1239 715 me
1281 657 1455 730 (Psal.
1486 676 1613 723 xxv,
1660 660 1739 730 2).
1779 679 1797 712 ι
1859 659 1916 714 lu
1957 649 2146 718 somno

571 748 767 819 quippe
795 751 1024 819 peccati,
1055 749 1232 805 lumen
1256 751 1479 820 iustitia:
1505 751 1785 820 quaeritur,
1814 760 1867 807 et
1895 769 2017 808 cum
2038 754 2148 807 vir-

569 849 746 895 tutum
776 855 1037 911 prospera
1068 850 1302 896 mentem
1334 841 1534 907 levant,
1574 841 1806 910 adjutrix
1848 843 2147 899 adversitas

572 928 933 985 desideratur.
991 930 1377 999 Exspectamus
1441 944 1731 1001 prospera,
1795 928 2148 987 formidamus

572 1019 818 1075 adversa.
868 1019 964 1074 Vir
993 1021 1154 1090 igitur
1177 1021 1358 1091 justus
1384 1037 1667 1091 vesperum
1697 1029 1991 1092 exspectat,
2021 1022 2146 1092 quia

573 1123 714 1183 eum
743 1110 983 1164 exerceri
1031 1110 1175 1165 hunc
1225 1110 1570 1165 tribulatione
1625 1125 1845 1167 necesse
1893 1119 1994 1176 eet,
2032 1111 2149 1180 ipsa

574 1199 636 1254 ﬁt
682 1201 732 1254 ei
784 1202 1407 1272 adversitasrprospera.
1455 1202 1639 1257 Potest
1682 1203 1889 1274 vesperi
1933 1202 2149 1258 nomine

574 1290 738 1345 etiam
783 1291 991 1361 peccati
1041 1293 1263 1348 tentatio
1311 1292 1601 1363 designari.
1633 1291 1769 1348 lliue
1799 1292 2008 1364 Moyses
2032 1293 2147 1347 ait:

580 1381 834 1437 oFactum
855 1392 935 1438 est
953 1399 1133 1449 mane,
1156 1392 1210 1438 et
1234 1384 1435 1439 factum
1456 1394 1540 1440 est
1560 1399 1783 1454 vespere
1806 1384 1956 1456 (Gen.
1976 1383 2109 1456 1,5).
2126 1403 2145 1436 ι

559 1472 732 1529 Mane
765 1473 961 1545 quippe
1005 1479 1072 1530 ad
1117 1491 1398 1545 vesperum
1446 1477 1686 1543 ducitur,
1725 1477 1849 1547 quia
1893 1477 2149 1533 nimirum

572 1564 748 1620 lucem
772 1565 1324 1621 rectitudinis-umbra
1352 1567 1593 1636 sequitur
1621 1566 1953 1621 teutatiouis.
1983 1564 2151 1623 Eleeti

574 1670 704 1726 ergo
734 1664 855 1726 post
880 1672 1129 1713 somnum
1156 1658 1609 1713 resurrectionem
1641 1663 1918 1727 appetunt,
1946 1656 2069 1725 quia
2096 1663 2151 1711 et

558 1748 640 1802 -de
684 1756 907 1815 peccato
947 1747 1013 1803 ad
1050 1748 1275 1818 justitiaa
1317 1748 1498 1803 lumen
1538 1747 1825 1818 evigilant,
1854 1756 1910 1802 et
1949 1746 2005 1801 in
2033 1746 2149 1816 ipso

2246 574 2488 636 tempora
2532 576 2781 637 percepta
2825 574 3171 637 praetereunt,
3214 575 3439 622 ventura
3478 568 3769 627 breviantur.

2245 658 2493 715 Velocius
2530 674 2658 728 ergo
2701 660 2816 716 dies
2860 667 3158 725 transeunt,
3191 660 3318 728 quia
3358 658 3463 715 tela
3505 661 3773 719 tarditatem

2244 748 2514 819 profectus
2540 751 2721 817 habet,
2744 751 2851 806 vita
2878 759 3055 817 autem
3081 766 3315 822 prtesens
3342 767 3546 806 moram
3572 752 3777 812 delectus

2246 854 2352 894 non
2401 840 2580 896 habet.
2631 840 2713 895 Ad
2762 840 2921 896 tinem
2973 841 3170 911 quippe
3208 842 3380 911 nostri
3419 842 3617 897 itineris
3640 842 3773 898 etiam

2246 928 2569 999 quiescendo
2591 931 2963 1001 pervenimus,
2988 939 3044 986 et
3068 946 3165 1002 per
3198 947 3415 987 cursum
3442 933 3606 988 nostri
3635 940 3781 992 trans-

2246 1021 2353 1076 itus
2374 1022 2538 1077 etiam
2563 1022 3065 1079 dormientesimus.
3096 1023 3353 1094 Sequitur
3382 1043 3396 1078 :
3430 1024 3496 1078 Et
3522 1026 3783 1095 consumpti

2246 1122 2368 1165 sunt
2421 1111 2612 1182 absque
2655 1111 2765 1166 ulla
2812 1128 2919 1183 spe.
2958 1142 3030 1153 —-
3064 1112 3144 1167 Ac
3188 1113 3233 1167 si
3284 1121 3470 1182 aperte
3503 1113 3773 1169 diceretur:

2248 1201 2439 1258 Mentis
2473 1204 2723 1260 ﬁduciam
2781 1205 2836 1260 in
2884 1205 3135 1275 prxcsenti
3184 1206 3292 1259 vita
3341 1220 3447 1260 non
3480 1205 3643 1276 posui,
3678 1207 3777 1275 quia

2246 1308 2405 1348 omne
2433 1294 2574 1365 quod
2603 1295 2867 1364 praeterit,
2910 1294 3172 1351 calcando
3206 1296 3404 1365 sprevi.
3448 1296 3777 1365 Reproborum

2250 1385 2448 1441 etenim
2488 1400 2642 1441 mens
2683 1385 2798 1441 dies
2843 1393 3133 1456 praesentes
3176 1401 3363 1441 amore
3393 1386 3709 1457 constringit,
3732 1397 3785 1442 ut

2249 1474 2328 1530 sic
2355 1489 2567 1545 semper
2589 1474 2679 1531 hic
2700 1483 2954 1545 appetant
2977 1475 3190 1540 vivere,
3214 1485 3482 1546 quatenus
3505 1476 3549 1531 si
3576 1476 3785 1541 valeant,

2248 1565 2461 1620 vivendi
2491 1581 2709 1622 cursum
2747 1566 3054 1622 desiderant
3093 1583 3369 1637 nunquam
3396 1568 3566 1631 ﬁnire,
3592 1567 3656 1622 At
3676 1583 3781 1623 con-

2251 1664 2332 1709 tra
2357 1665 2623 1711 rectorum
2653 1671 2805 1715 meus
2830 1656 2894 1711 ad
2922 1654 3245 1713 arternitatis
3271 1657 3615 1712 intentionem
3637 1657 3780 1713 tendi-

2252 1753 2361 1811 tur,
2384 1746 2545 1801 etiam
2572 1761 2695 1801 cum
2721 1761 2958 1816 prtesens
2986 1762 3105 1803 eam
3128 1746 3358 1802 feliciter
3379 1748 3489 1802 vita
3510 1747 3779 1803 comitatur.

558 1835 790 1903 justitite
832 1837 1036 1892 lumine
1064 1837 1249 1908 positi,
1292 1851 1503 1906 semper
1539 1851 1598 1891 se
1642 1844 1830 1893 contra
1872 1836 2151 1892 illecebras
2181 1829 2224 1889 Β
2253 1834 2549 1904 Sequitur:

569 1926 927 1995 'teutatiouum
978 1935 1191 1995 parant.
1220 1925 1367 1993 Quas
1403 1926 1655 1983 nimirum
1681 1941 1786 1981 non
1817 1925 2024 1991 timent,
2051 1925 2148 1980 sed

562 2026 911 2085 exspectant,
937 2018 1062 2086 quia
1092 2018 1313 2074 utilitati
1344 2026 1452 2075 s‘uae
1478 2020 1817 2076 rectitudinis
1845 2021 2011 2075 etiam
2035 2028 2150 2075 ten-

573 2114 812 2161 tameuta
837 2108 1100 2176 proiicere
1126 2126 1230 2164 nou
1259 2111 1523 2180 ignorant.
1562 2111 1817 2181 Sequitur
1842 2131 1854 2169 :
1886 2110 1955 2165 Et
1987 2112 2150 2184 reple-

572 2202 668 2256 bor
694 2202 965 2259 doloribus
1000 2222 1161 2275 usque
1202 2207 1271 2260 ad
1312 2208 1569 2262 tenebras.
1594 2238 1666 2250 —
1702 2209 1771 2263 Et
1812 2210 1938 2281 quia
1989 2210 2148 2266 modo

572 2297 849 2367 surgentia
889 2299 1019 2354 vitia
1056 2299 1251 2354 bellum
1283 2302 1465 2357 carnis
1490 2302 1764 2367 excitant,
1798 2304 1955 2358 modo
2002 2302 2149 2359 devi-

572 2399 658 2444 cta
714 2390 955 2446 animum
1013 2391 1080 2447 ad
1130 2392 1414 2449 elationem
1460 2402 1675 2448 vocant.
1728 2395 1996 2450 Bonorum
2037 2396 2147 2449 vita

570 2497 743 2552 usque
767 2483 832 2537 ad
855 2483 1108 2537 tenebras
1127 2483 1399 2540 doloribus
1429 2484 1686 2554 repletur,
1718 2486 1844 2555 quia
1870 2500 2150 2555 quousque

574 2582 783 2643 tempus
829 2572 1187 2643 corruptionis
1234 2575 1362 2645 agit,
1412 2574 1624 2629 interna
1661 2584 1991 2646 externaque
2014 2575 2150 2630 ami-

571 2662 751 2719 ctione
784 2663 1108 2727 concutitur,
1154 2671 1208 2719 et
1247 2664 1437 2719 salutis
1470 2664 1813 2720 securitatem
1841 2679 1947 2719 non
1998 2665 2149 2720 inve-

562 2757 670 2821 .uit,
729 2757 833 2813 nisi
872 2772 993 2813 cum
1034 2757 1175 2812 diem
1222 2755 1462 2812 funditus
1516 2758 1827 2814 t'entatiouis
1872 2752 2126 2828 relinquit

568 2848 830 2917 Sequitur
852 2866 865 2902 :
1313 2904 1317 2908 ,

640 2940 807 2994 Vens.
837 2939 890 2993 5.
925 2938 1123 2992 Induta
1143 2947 1219 2993 est
1241 2953 1364 2992 caro
1387 2954 1502 2992 mea
1529 2937 1804 3009 putredine
1827 2947 1876 2992 et
1908 2938 2149 2992 sordibus

568 3028 815 3100 pulveris.
845 3059 915 3069 —-
948 3028 1027 3083 Ac
1074 3028 1120 3084 si
1159 3037 1344 3097 aper:e
1382 3028 1626 3083 diceret:
1674 3026 1955 3083 Carnalem
1978 3027 2146 3081 vitam

570 3135 733 3190 quam
761 3120 972 3189 patior,
1005 3129 1099 3172 aut
1139 3117 1286 3185 labes
1321 3118 1539 3173 lubricae
1572 3118 1902 3188 operationis
1934 3118 2144 3188 polluit,

562 3218 757 3266 .autex
780 3210 1035 3265 vitiorum
1063 3208 1347 3275 memoria,
1378 3208 1551 3280 caligo
1582 3209 1793 3264 misera:
1811 3208 2150 3278 cogitationis

564 3303 788 3372 premit.
835 3300 1234 3358 Couseutiendo
1262 3300 1459 3370 quippe
1497 3299 1642 3355 vitiis
1686 3298 1969 3369 putredine
2018 3307 2153 3353 atte-

571 3394 763 3458 rimur,
809 3393 1061 3449 vitiorum
1087 3407 1217 3447 vero
1262 3392 1526 3462 imagines
1566 3391 1620 3444 in
1669 3390 1831 3445 corde
1878 3389 2155 3445 tolerando

572 3484 823 3539 sordibus
865 3482 1103 3555 pulveris
1138 3482 1423 3541 fmdamur.
1463 3482 1653 3537 Aliter.
1692 3479 1841 3536 Multi
1867 3481 2062 3552 quippe
2100 3481 2153 3536 in

571 3584 759 3630 sancta
800 3583 924 3629 sunt
954 3572 1215 3638 Ecclesia,
1263 3571 1354 3643 qui
1394 3572 1518 3627 dum
1552 3570 1722 3625 amori
1766 3570 1947 3625 carnis
1985 3572 2155 3624 inser-

571 3663 749 3729 viunt,
778 3662 973 3718 faetore
1011 3661 1237 3716 luxuriae
1277 3666 1734 3731 computrescunt,
1765 3665 1821 3713 et
1864 3666 1990 3713 sunt
2023 3664 2155 3713 rion-

572 3752 725 3818 nulli,
756 3751 847 3821 qui
892 3767 921 3805 a
965 3751 1239 3807 voluntate
1280 3750 1497 3819 quidem
1537 3748 1717 3805 carnis
1745 3747 2037 3814 abstinent,
2061 3748 2155 3803 sed

575 3854 753 3899 tamen
777 3852 886 3899 tota
927 3851 1107 3899 mente
1142 3843 1194 3898 in
1234 3844 1466 3899 terrenis
1510 3843 1721 3899 actibus
1758 3840 1962 3913 jacent.
2001 3841 2078 3896 Ac
2108 3841 2152 3895 si

572 3950 700 4006 ergo
726 3935 871 3995 dicat
896 3953 909 3989 :
959 3934 1017 3989 In
1051 3935 1156 3990 illis
1182 3951 1315 4005 quos
1353 3935 1588 3990 lubricos
1614 3936 1802 3999 tolero,
1833 3947 2051 3989 carnem
2076 3932 2153 3986 vi-

576 4028 770 4084 delicet
807 4035 1208 4098 putrescentem
1235 4042 1410 4096 gemo.
1448 4026 1504 4080 lu
1531 4026 1650 4082 istis
1680 4034 1859 4081 autem
1884 4039 2022 4094 quos
2049 4034 2154 4077 ter-

573 4133 692 4173 ram
739 4128 1042 4188 quaerentes
1074 4118 1269 4188 patior,
1309 4116 1437 4186 quid
1478 4116 1618 4170 aliud
1648 4128 1806 4185 quam
1857 4114 2151 4175 l‘tnditatem

572 4211 810 4281 pulveris
835 4214 1029 4281 porto?
1053 4212 1350 4283 Sequitur:
1404 4212 1551 4267 Cutis
1592 4227 1707 4265 mea
1746 4211 1919 4276 aruit,
1956 4218 2006 4266 et
2032 4226 2153 4264 con-

575 4311 743 4355 tracta
772 4288 869 4355 est.
894 4332 964 4342 -—
1010 4303 1064 4356 ln
1097 4312 1297 4359 sanetae
1319 4303 1514 4373 quippe
1539 4302 1795 4358 Ecclesia:
1828 4316 2052 4373 corpore
2097 4300 2150 4356 hi

576 4390 667 4459 qui
699 4390 829 4445 solis
854 4390 1216 4446 exterioribus
1243 4392 1388 4447 curis
1416 4393 1733 4459 inserviunt,
1763 4407 1998 4462 congrue
2016 4392 2153 4448 cutis

574 4487 856 4535 vocantur.
882 4470 1012 4545 Qua:
1060 4479 1314 4534 nimirum
1341 4480 1477 4535 cutis
1518 4481 1810 4537 arescendo
1839 4481 2146 4548 attrahitur,
2178 4516 2228 4576 Β

498 4598 507 4605 -
575 4570 701 4640 quia
726 4577 932 4625 mentes
965 4569 1285 4635 carnalium,
1312 4570 1435 4624 dum
1478 4571 1759 4638 praesentia
1807 4570 2053 4641 diligunt,
2096 4579 2151 4626 et

575 4660 731 4731 quasi
764 4669 916 4731 Juxta
944 4660 1117 4729 posita
1156 4660 1561 4728 concupiscunt,
1608 4660 1673 4714 ad
1704 4659 1884 4714 futura
1933 4659 2151 4715 tendere

574 4766 673 4820 per
710 4750 1168 4820 louganimitatcm
1206 4748 1413 4827 nqluut.
1438 4747 1536 4816 Qui
1592 4749 1718 4803 dum
1770 4748 1995 4804 internas
2037 4748 2151 4819 spei

574 4840 955 4911 pinguedinem
1022 4838 1329 4911 negligunt,
1378 4846 1440 4892 ut
1498 4838 1843 4893 attrahantur
1899 4837 2148 4905 areﬁunt,

574 4932 701 5003 quia
732 4933 778 4988 si
819 4948 1005 4989 eorum
1045 4932 1205 4988 corda
1255 4930 1553 5001 desperatio
1594 4944 1698 4986 non
1741 4916 2015 4995 siccaret,
2057 4944 2151 4984 ne-

576 5039 844 5095 quaquam
909 5032 1072 5079 :rstus
1112 5023 1227 5078 haec
1303 5020 1757 5091 pusillanimitatis
1828 5021 2144 5076 attraheret.

578 5113 729 5168 lianc
778 5127 1014 5183 namque
1061 5111 1438 5167 attractionem
1490 5108 1773 5166 Psalmista
1820 5108 2143 5165 formidave-

580 5212 680 5267 rat,
708 5218 830 5259 cum
862 5204 1159 5261 siccitatem
1189 5211 1431 5258 metuens
1452 5199 1664 5269 diccbat
1692 5217 1705 5253 :
1763 5215 1782 5250 ι
1817 5197 1967 5252 Sicut
1993 5197 2147 5266 adipe

1679 5287 1713 5298 Ἀ

2324 1926 2488 1981 Vnus.
2530 1927 2581 1980 7.
2620 1926 2878 1981 Memento
2912 1928 3038 1997 quia
3074 1936 3254 1982 uentus
3301 1935 3378 1982 est
3427 1928 3531 1982 vita
3572 1942 3694 1981 mea.
3724 1954 3782 1970 --

2248 2016 2327 2072 Ac
2356 2016 2400 2072 si
2428 2024 2613 2086 aperte
2633 2017 2906 2072 diceretur
2936 2035 2950 2072 :
2983 2017 3374 2073 Transeuntem
3394 2016 3641 2073 velociter
3655 2015 3779 2072 beni-

2248 2122 2384 2177 gnus
2412 2107 2640 2177 respice,
2672 2107 2764 2176 qui
2795 2116 2851 2164 et
2882 2116 3032 2163 tanto
3072 2108 3480 2164 misericordius
3507 2124 3536 2162 a
3571 2117 3620 2163 te
3643 2107 3779 2162 videri

2244 2196 2438 2263 debeo,
2466 2205 2669 2268 quanto
2714 2197 2827 2268 ipse
2854 2212 2884 2252 a
2913 2198 3347 2255 consideratione
3381 2199 3652 2255 brevitatis
3675 2212 3781 2253 metu

2248 2288 2429 2344 oculos
2466 2304 2570 2344 non
2610 2298 2836 2344 averto:
2866 2289 2932 2345 lli
2977 2290 3177 2346 etenim
3226 2291 3395 2346 vitam
3441 2290 3617 2346 carnis
3657 2289 3789 2359 quasi

2247 2388 2648 2469 permanentem
2680 2379 2931 2453 diligunt,
2955 2380 3080 2450 quia
3109 2388 3307 2451 quanta
3333 2382 3408 2436 sit
3442 2381 3565 2436 vitae
3593 2395 3781 2449 sequen-

2253 2471 2323 2525 tis
2350 2468 2759 2526 aeternitasnou
2791 2472 3092 2528 intendunt.
3123 2471 3305 2527 Sancti
3326 2481 3507 2527 autem
3534 2472 3650 2534 viri,
3669 2468 3782 2539 quod

2251 2564 2318 2616 ad
2351 2571 2551 2617 mterna
2601 2577 2698 2633 cor
2740 2562 2970 2629 elevant,
3010 2578 3171 2633 quam
3216 2563 3384 2619 breve
3410 2563 3481 2617 sit
3529 2562 3659 2631 quod
3703 2560 3783 2614 line

2249 2652 2521 2708 clauditur
2570 2661 2820 2722 pensant,
2867 2660 2924 2708 et
2979 2668 3165 2709 eorum
3214 2653 3399 2708 sensui
3442 2653 3638 2708 vilescit
3670 2649 3781 2721 quod

2250 2744 2507 2816 praeterit,
2542 2746 2649 2816 qna
2679 2744 2970 2799 intellectui
3015 2745 3208 2810 radiat,
3253 2752 3307 2799 et
3352 2744 3630 2801 interlucet
3670 2741 3783 2813 quod

2251 2844 2528 2904 acceptum
2569 2849 2840 2906 nunquam
2855 2834 3077 2891 recedit.
3101 2834 3353 2905 Sequitur
3372 2853 3390 2889 :
3414 2833 3524 2889 Nec
3544 2839 3785 2888 reuertatur

2251 2926 2432 2983 oculus
2481 2943 2647 2993 meus,
2690 2936 2747 2981 ut
2792 2927 2959 2981 uideat
2997 2926 3151 2981 bona.
3188 2956 3260 2967 -—
3294 2926 3379 2981 Ad
3427 2925 3643 2981 videnda
3672 2923 3784 2977 bona

2252 3021 2550 3077 exstinctus
2574 3020 2760 3077 oculus
2793 3035 2899 3075 non
2920 3019 3074 3084 redit,
3104 3018 3229 3089 quia
3253 3019 3322 3072 ad
3352 3016 3644 3072 exhibenda
3668 3020 3787 3067 recta

2254 3126 2419 3182 opera
2455 3119 2614 3166 exuta
2645 3124 2809 3166 carne
2832 3151 2846 3175 ,
2877 3109 3054 3164 anima
3090 3122 3197 3163 non
3223 3108 3479 3163 recurrit.
3508 3105 3635 3161 lliuc
3658 3101 3787 3157 Salo-

2254 3216 2378 3257 mon
2422 3201 2540 3256 ait:
2579 3218 2598 3253 (
2632 3199 2994 3269 Quodcunque
3042 3207 3220 3269 potest
3260 3214 3457 3254 manus
3498 3207 3585 3252 tua
3618 3194 3792 3253 facere,

2254 3292 2514 3361 instanter
2560 3306 2804 3363 operare,
2850 3291 2977 3361 quia
3025 3304 3126 3346 nec
3175 3305 3331 3360 opus,
3388 3304 3494 3345 nec
3526 3286 3677 3349 ratio,
3708 3296 3784 3336 nec

2253 3383 2496 3448 scientia,
2540 3398 2639 3439 nec
2660 3382 2922 3451 sapientia
2949 3381 3053 3436 erit
3080 3380 3222 3450 apud
3258 3379 3464 3437 inferos
3484 3394 3586 3450 quo
3607 3384 3667 3432 tu
3681 3387 3782 3446 pro?

2256 3488 2416 3545 peras
2446 3469 2640 3543 (Eccle.
2679 3488 2754 3538 ιχ,
2780 3471 2889 3542 10).
2935 3491 2954 3523 υ
2993 3470 3249 3540 Sequitur
3286 3486 3302 3525 :

2323 3565 2484 3620 Vsus.
2524 3563 2576 3619 8.
2621 3562 2733 3617 Nec
2779 3563 2961 3633 aspicit
2989 3578 3069 3616 me
3111 3563 3252 3615 visus
3298 3562 3542 3616 hominis.
3568 3589 3630 3600 --
3654 3556 3783 3612 Visus

2253 3654 2447 3726 quippe
2473 3653 2707 3708 hominis
2736 3660 2818 3708 est
2838 3652 3204 3707 misericordia
3247 3650 3644 3722 Redemptoris,
3667 3659 3779 3715 quia

2254 3742 2684 3798 insensibilitatis
2711 3751 2911 3797 nostrae
2939 3740 3190 3796 duritiam
3228 3755 3351 3795 cum
3384 3740 3617 3810 respicit,
3648 3732 3779 3790 emol-

2253 3831 2331 3887 lit:
2358 3831 2511 3887 Unde
2533 3839 2667 3886 teste
2710 3828 3000 3900 Evangelia
3040 3828 3238 3884 dicitur
3273 3847 3285 3883 :
3323 3848 3341 3881 ‹
3376 3826 3625 3899 Respexit
3658 3822 3782 3877 Jesus

2253 3921 2493 3976 Petrum.
2530 3939 2549 3971 ι
2586 3920 2653 3974 Et
2690 3934 2704 3973 :
2743 3939 2761 3971 ί
2794 3918 3130 3975 Rccordatus
3157 3918 3305 3974 verbi
3330 3920 3472 3988 quod
3497 3918 3689 3972 dixerat
3715 3908 3781 3964 le-

2254 4023 2364 4063 sus.
2389 4028 2407 4061 ›
2426 4009 2522 4063 Et:
2545 4027 2562 4059 ι
2581 4007 2843 4077 Egressus
2858 4006 3000 4062 foras
3026 4007 3171 4063 ﬂevit
3189 4023 3373 4063 amare
3395 4006 3545 4078 (Luc.
3570 4019 3690 4068 xxn,
3710 4000 3781 4063 6i,

2253 4098 2363 4171 05).
2394 4118 2414 4151 ι
2444 4097 2671 4155 Exutam
2698 4113 2826 4154 vero
2856 4112 3020 4153 carne
3048 4098 3283 4153 animam
3312 4111 3645 4169 nequaquam
3662 4093 3784 4147 visus

2253 4190 2487 4246 hominis
2507 4189 2720 4260 aspicit,
2748 4190 2872 4259 quia
2898 4199 3021 4259 post
3046 4198 3274 4245 mortem
3298 4205 3402 4245 nou
3431 4190 3633 4251 liberat,
3652 4195 3781 4255 quem

2254 4287 2377 4334 ante
2405 4287 2634 4334 mortem
2667 4280 2837 4349 gratia
2876 4280 2942 4334 ad
2969 4266 3197 4335 'veniam
3250 4295 3353 4335 non
3382 4278 3646 4334 reformat.
3675 4272 3784 4326 Hinc

2252 4370 2452 4426 etenim
2496 4370 2692 4426 Paulus
2735 4372 2810 4425 ait
2857 4393 2869 4425 ;
2913 4391 2930 4423 ι
2969 4370 3107 4427 Ecce
3153 4388 3293 4428 nunc
3324 4382 3531 4441 tempus
3568 4372 3781 4434 accepta-

2252 4461 2359 4517 bile
2387 4462 2474 4535 (II
2500 4462 2623 4518 Cor.
2653 4479 2726 4525 vt,
2758 4462 2836 4532 2).
2878 4482 2895 4513 ι
2925 4463 2993 4517 Ει
3020 4463 3245 4532 reliqua.
3269 4463 3406 4519 Hinc
3433 4462 3673 4517 Salomon
3691 4454 3780 4508 ait:

2258 4574 2275 4605 ι
2323 4553 2545 4624 Lignum
2572 4553 2660 4609 ubi
2688 4553 2907 4617 cecidit,
2930 4553 3042 4609 sive
3067 4554 3132 4608 ad
3156 4565 3415 4620 austrum,
3448 4555 3558 4610 sive
3578 4550 3638 4605 ad
3658 4542 3782 4615 aqui-

2252 4645 2453 4711 lonem,
2496 4644 2568 4700 ibi
2614 4644 2717 4699 erit
2759 4643 2951 4714 (Eccli.
2985 4660 3049 4709 ιι,
3097 4645 3174 4711 5).
3212 4662 3231 4697 ι
3260 4645 3354 4700 Vir
3398 4645 3557 4715 igitur
3598 4644 3782 4697 sant'llls

2252 4741 2447 4796 damna
2478 4742 2696 4796 humani
2733 4740 2946 4811 generis
2975 4740 3301 4806 considerat,
3341 4736 3481 4807 quod
3511 4750 3539 4789 a
3565 4722 3780 4803 prtesenli

2253 4832 2467 4897 saeculo,
2503 4832 2617 4886 sine
2645 4831 3025 4902 Redemptoris
3053 4832 3324 4903 agnitione
3352 4825 3690 4885 subtrahitur,
3716 4824 3781 4870 al-

2253 4937 2357 4991 que
2406 4921 2621 4975 aeternis
2657 4922 2869 4993 ignibus
2909 4920 3329 4991 irreparabiliter
3359 4917 3624 4987 sepelitur.
3660 4916 3781 4964 ei“

2253 5018 2369 5087 ejus
2414 5030 2546 5071 voce
2575 5015 2704 5071 dicit
2739 5033 2751 5070 :
2787 5013 2898 5070 Nec
2941 5016 3160 5084 aspiciat
3200 5031 3279 5068 me
3313 5013 3451 5068 uisus
3479 5004 3704 5063 hominis.
3725 5023 3782 5038 --

2257 5086 2509 5177 Sequitur
2540 5123 2554 5160 :
2588 5105 2739 5161 Oculi
2776 5107 2853 5160 tui
2881 5106 2936 5161 in
2964 5121 3067 5170 me,
3095 5113 3144 5159 et
3172 5120 3272 5158 non
3302 5101 3592 5157 subsistant.
3626 5120 3690 5133 ——
3717 5086 3780 5177 At:

2255 5199 2301 5253 si
2330 5172 2512 5269 aperte
2534 5197 2757 5261 diceret,
2784 5195 3064 5251 districtus
3088 5194 3155 5249 ad
3174 5192 3432 5265 judicium
3468 5184 3698 5243 veniens,
3725 5172 3778 5228 ad

3502 5278 3594 5298 nu:
3603 5290 3622 5298 Α
3648 5278 3776 5298 nillil“
