4004 5340
210 302 315 359 νει

898 292 1200 350 EPITOME
1239 288 1606 348 MORALIUM
1638 286 1700 344 Β.
1740 287 1950 346 GREG.
1991 288 2062 345 ΙΝ
2096 287 2238 348 «ΙΟΒ.
2275 323 2345 335 -
2383 291 2512 348 LIB.
2556 292 2687 349 Vlll.

3389 293 3502 350 182

208 413 327 470 voci
356 416 651 479 congruat,
680 421 910 479 quorum
946 422 1101 463 mens
1143 420 1356 477 semper
1404 404 1635 460 sollicita
1671 418 1800 457 cxa-
1831 409 1874 467 Α
1905 405 2118 461 niamus
2147 405 2343 462 faciem
2374 406 2493 476 ejus
2525 407 2576 462 in
2605 406 2945 463 confessione
2978 406 3151 478 (l’sal.
3183 423 3330 476 xcrv,
3356 408 3436 481 2).
3470 430 3493 462 ι

208 506 358 561 ruina
410 501 663 567 intendit,
711 499 1056 555 considerant
1099 511 1263 567 quam
1302 495 1548 551 districto
1597 494 1805 563 iudicet

208 596 351 652 bona
382 607 568 663 opera,
604 604 764 660 quam
789 589 1060 644 subtiliter
1086 595 1297 658 penset,
1342 598 1397 640 et
1435 586 1708 656 perituros
1745 598 1804 641 se

213 687 421 755 absque
452 683 808 753 ambiguitate
843 678 1156 751 praescium,
1186 678 1231 731 si
1258 686 1462 732 remota
1493 676 1693 745 pietate
1711 673 1801 743 ju-

212 774 483 830 dicentur.
506 772 648 832 Bene
673 779 855 827 autem
881 769 1164 824 electionis
1185 783 1403 823 cursum
1426 766 1806 836 delectumque

206 863 437 924 humani
476 862 691 933 generis
713 860 1022 930 exprimens
1054 858 1182 914 dicit
1212 876 1225 911 :

282 954 453 1010 Vens.
495 954 547 1010 9.
591 952 742 1008 Sicut
763 952 1092 1007 consumitur
1116 950 1275 1005 nubes
1309 959 1357 1005 et
1392 950 1697 1020 pertransit,
1732 949 1809 1003 sic

212 1046 305 1117 qui
318 1043 587 1098 descendit
604 1043 672 1096 ad
687 1040 905 1112 inferos,
923 1056 1023 1096 non
1038 1041 1292 1094 ascendit.
1316 1070 1386 1080 —
1406 1038 1587 1094 Nubes
1612 1039 1810 1109 quippe

215 1136 281 1191 ad
307 1135 505 1189 altiora
530 1132 911 1201 suspenditur,
949 1131 1043 1186 sed
1074 1130 1301 1185 densata
1333 1138 1495 1184 vento
1518 1128 1812 1199 impellitur

214 1235 273 1280 ut
301 1234 512 1290 currat,
543 1224 726 1279 calore
765 1230 944 1277 autem
980 1222 1112 1277 solis
1152 1222 1473 1291 dissipatur,
1518 1230 1578 1276 ut
1614 1235 1814 1275 evane-

216 1326 353 1375 scat.
404 1317 498 1373 Sic
543 1316 801 1372 nimirum
830 1323 959 1370 sunt
992 1315 1159 1370 corda
1206 1315 1508 1379 hominum,
1551 1329 1671 1384 quze
1717 1330 1814 1385 per

218 1419 459 1481 acccptm
482 1410 712 1465 rationis
745 1409 1018 1479 ingenium
1048 1408 1118 1463 ad
1146 1407 1255 1463 alta
1294 1407 1550 1472 emicant,
1583 1407 1812 1476 impulsa

217 1517 398 1562 autem
452 1506 671 1578 maligni
727 1492 950 1576 spiritus
997 1504 1155 1570 flatu,
1212 1505 1398 1576 pravis
1424 1503 1813 1558 desideriorum

218 1614 443 1656 suorum
475 1597 713 1653 motibus
747 1599 852 1653 huc
899 1597 1134 1668 illucque
1164 1598 1569 1668 pertrahuntur.
1600 1594 1707 1650 Sed
1736 1594 1817 1649 di-

217 1691 408 1747 stricto
456 1698 704 1760 respectu
748 1691 964 1760 superni
1004 1689 1233 1755 Judicis,
1275 1688 1430 1758 quasi
1473 1688 1603 1742 solis
1638 1684 1817 1741 calore

220 1783 526 1854 liquefiunt,
558 1791 614 1837 et
642 1783 809 1838 semel
856 1783 988 1838 locis
1013 1782 1320 1851 parualibus
1353 1780 1567 1855 traditi,
1590 1780 1655 1834 ad
1681 1793 1813 1849 ope—
1844 1765 1887 1825 Β

220 1876 451 1931 rationis
473 1889 633 1928 usum
658 1873 797 1927 ultra
824 1888 929 1927 non
954 1872 1199 1927 redeunt.
1225 1872 1407 1926 Potest
1427 1870 1592 1925 etiam
1619 1868 1815 1925 inferni

220 1968 442 2025 nomine
481 1967 788 2038 peccatoris
828 1967 1136 2037 desperatio
1164 1966 1459 2036 designari,
1489 1964 1556 2019 de
1584 1980 1688 2035 qua
1721 1980 1820 2036 per

218 2059 570 2115 Psalmistam
609 2059 811 2114 dicitur
844 2076 856 2111 :
895 2076 914 2109 ι
950 2058 1008 2113 In
1038 2056 1252 2111 inferno
1294 2065 1473 2111 autem
1502 2056 1626 2125 quis
1652 2055 1820 2110 confl-

221 2151 426 2206 tebitur
454 2150 590 2204 tibi?
619 2168 640 2201 ι
699 2147 874 2214 (Psal.
905 2163 983 2213 vr,
1010 2148 1088 2219 6.)
1118 2147 1183 2201 Et
1208 2146 1336 2202 illud
1363 2164 1376 2200 :
1414 2165 1431 2197 ι
1471 2146 1672 2215 Impius
1698 2160 1819 2199 cum

220 2241 434 2296 venerit
481 2240 541 2294 in
592 2238 925 2310 profundum
969 2238 1259 2303 malorum,
1307 2239 1605 2293 contemnit
1636 2234 1818 2307 (Prov.

222 2348 376 2397 xvru,
404 2332 484 2403 5).
531 2351 553 2385 ι
597 2332 698 2399 Qui
736 2330 917 2387 autem
963 2332 1230 2402 impietati
1278 2332 1601 2395 succumbit,
1655 2332 1820 2385 vitam

222 2422 471 2494 profecto
508 2420 739 2490 iustitia:
793 2422 1073 2476 moriendo
1126 2421 1472 2490 dcrelinquit.
1532 2421 1633 2488 Qui
1692 2436 1824 2474 vero

226 2523 351 2586 post
402 2522 692 2584 peccatum
746 2512 889 2568 mole
939 2513 1333 2582 desperationis
1378 2513 1647 2577 obruitur,
1697 2512 1825 2581 quid

227 2604 371 2659 aliud
407 2618 577 2672 quam
628 2610 751 2673 post
797 2610 1028 2657 mortem
1090 2603 1287 2658 inferni
1324 2602 1587 2674 sup;:licio
1633 2602 1827 2672 sepeli-

228 2696 357 2753 tur?
395 2695 443 2750 Α
490 2710 600 2765 quo
639 2695 727 2749 via
751 2693 864 2763 jam
906 2694 1235 2751 reversionis
1266 2695 1620 2749 abscinditur.
1656 2693 1825 2748 Recte

226 2796 410 2841 autem
456 2785 624 2841 corda
676 2785 1084 2856 desperantium
1130 2794 1518 2855 comparantur
1564 2784 1823 2850 nubibus,

227 2880 357 2951 quia
380 2888 435 2934 et
454 2878 691 2950 caligine
721 2880 926 2933 erroris
955 2879 1187 2934 obscura
1216 2887 1361 2943 sunt,
1389 2886 1445 2932 et
1478 2885 1826 2948 peccatorum

227 2970 512 3042 multiplici
522 2980 632 3026 tate
645 2971 942 3026 condensa.
961 2970 1068 3026 Sed
1082 2979 1398 3041 consumpta
1420 2978 1824 3041 pertranseunt,

227 3065 354 3133 quia
403 3062 658 3119 claritate
687 3063 918 3119 extremi
965 3062 1158 3133 iudicii
1186 3064 1444 3119 irradiata
1468 3064 1822 3134 dissipantur.

227 3154 495 3225 Sequitur
528 3172 543 3209 :

297 3246 473 3303 Vens.
512 3246 602 3301 l0.
648 3246 761 3301 Nec
790 3255 1079 3301 revertatur
1102 3246 1243 3301 ultra
1263 3247 1319 3301 in
1340 3247 1552 3301 domum
1580 3264 1830 3302 suam.—

228 3337 385 3392 Sicut
407 3336 603 3391 domus
634 3337 883 3407 corporis
906 3336 1271 3391 habitaculum
1302 3337 1587 3406 corporale
1610 3346 1716 3402 est,
1752 3338 1827 3392 ita

227 3428 526 3498 unicuique
554 3437 739 3482 mente
788 3428 891 3483 hoc
929 3428 1123 3483 domus
1168 3427 1248 3493 fit,
1278 3429 1422 3497 quod
1447 3443 1516 3484 ex
1552 3428 1828 3483 desiderio

227 3520 541 3575 inhabitare
574 3519 877 3579 consuevit.
903 3518 986 3573 Ad
1029 3519 1250 3573 domum
1280 3519 1448 3589 igitur
1492 3533 1645 3575 suam
1687 3518 1829 3573 ultra

226 3631 337 3670 non
370 3615 687 3678 revertitur,
713 3614 837 3683 quia
869 3613 1038 3668 semel
1062 3612 1290 3681 quisque
1313 3612 1533 3668 aeternis
1554 3611 1831 3682 suppliciis

230 3704 473 3759 traditus
497 3704 566 3757 ad
599 3704 706 3758 hoc
732 3703 822 3757 ubi
850 3718 1034 3757 amore
1056 3703 1366 3767 inhaeserat,
1399 3701 1704 3757 nullatenus
1746 3716 1833 3756 re-

229 3806 487 3850 vocatur.
523 3796 710 3851 Potest
750 3794 915 3850 etiam
940 3794 1131 3850 domus
1156 3794 1420 3850 habitatio
1445 3794 1629 3850 cordis
1674 3793 1833 3849 intel-

227 3886 344 3956 ligi.
375 3886 533 3942 Unde
558 3895 750 3943 sanato
776 3886 991 3942 cuidam
1032 3886 1271 3942 dicitur:
1305 3905 1324 3938 ι
1360 3883 1509 3942 Vade
1535 3886 1588 3940 in
1612 3885 1832 3941 domum

228 3985 384 4031 tuam
420 3976 639 4048 (ﬂatur.
676 3993 756 4044 ix,
793 3978 869 4048 6).
917 3996 936 4030 ι
980 3976 1115 4033 Cum
1147 3990 1277 4048 ergo
1324 3992 1484 4047 quem
1528 3976 1833 4047 desperatio

228 4071 439 4135 obruit,
473 4085 503 4124 a
534 4071 718 4127 cordis
768 4072 851 4127 sui
900 4071 1211 4127 habitacqu
1255 4070 1402 4126 foras
1432 4071 1619 4137 mittit,
1649 4080 1705 4125 et
1748 4084 1835 4125 re-

230 4163 351 4219 dire
380 4163 654 4220 introrsus
680 4179 788 4219 non
813 4162 975 4228 valet,
1001 4162 1129 4234 quia
1155 4178 1344 4218 rursus
1368 4162 1609 4217 exterius
1635 4161 1703 4215 ad
1736 4161 1834 4215 de-

230 4257 439 4311 teriora
466 4256 711 4326 quotidie
725 4256 913 4327 pulsus
933 4257 1094 4311 cadit.
1124 4254 1382 4324 Sequitur
1407 4272 1419 4307 :
1452 4253 1636 4324 Neque
1650 4268 1840 4322 cogno-

229 4357 335 4401 scet
362 4364 486 4400 eum
515 4347 743 4418 amplius
782 4347 925 4400 locus
948 4347 1081 4417 ejus.
1122 4376 1193 4388 —
1231 4346 1406 4400 Locus
1439 4346 1637 4415 quippe
1664 4340 1838 4397 liomia

231 4439 339 4501 nis,
374 4438 472 4492 sed
500 4454 604 4492 non
639 4437 848 4503 loculis,
895 4438 1008 4508 ipse
1056 4437 1262 4493 scilicet
1308 4436 1569 4491 Conditor
1607 4434 1834 4499 exstitit,

231 4530 325 4599 qui
368 4529 515 4585 hunc
559 4538 619 4583 ut
670 4530 725 4583 in
764 4530 1113 4599 semetipsum
1146 4530 1471 4584 consisteret
1500 4526 1723 4582 creavit.
1763 4527 1839 4582 De

1903 500 2041 557 llinc
2080 518 2271 558 rursus
2295 502 2555 573 scriptum
2585 512 2669 557 est
2707 521 2719 558 :
2757 521 2773 554 ι
2809 501 2910 571 Qui
2960 503 3243 559 abscondit
3286 504 3498 560 scelera

1904 608 2019 658 sua,
2061 610 2167 648 non
2218 595 2483 665 dirigetur
2529 592 2710 665 (Prov.
2745 612 2915 650 xxvm
2943 637 2958 662 ,
3000 596 3111 666 15).
3152 615 3170 650 ι
3215 596 3495 667 Sequitur.

1904 685 2114 757 Loquar
2142 688 2196 740 in
2218 687 2556 741 tribulatione
2583 690 2798 758 spiritus
2827 690 2945 743 mei.
2978 719 3047 730 —
3070 688 3496 745 Tribulationeiu

1905 776 2102 846 quippe
2130 775 2354 844 spiritus
2394 776 2574 847 lingua
2626 787 2952 843 commovet,
3003 787 3064 832 ιιι
3106 788 3311 833 reatum
3347 779 3499 848 pravi

1906 867 2085 936 Operis
2116 882 2216 921 vox
2248 866 2603 923 confessionis
2632 869 2923 939 impugnet.
2960 868 3249 924 Sciendum
3282 884 3500 939 quoque

1908 965 2012 1023 est,
2059 957 2184 1027 quia
2230 967 2285 1013 et
2329 973 2471 1027 saepe
2496 959 2708 1029 reprobi
2750 972 2970 1030 peccata
3012 961 3359 1025 confitentur,
3407 962 3504 1016 sed
3582 970 3597 986 '

1910 1049 2106 1106 deflere
2136 1060 2508 1106 contemnunt.
2549 1052 2713 1107 Electi
2757 1062 2935 1107 autem
2964 1053 3150 1121 culpas
3188 1069 3334 1118 suas,
3368 1068 3505 1123 quas

1909 1144 2131 1200 vocibus
2160 1144 2518 1201 confessionis
2559 1146 2829 1215 aperiunt,
2872 1147 3132 1201 districta:
3164 1147 3508 1201 animadver-

1912 1237 2081 1292 sionis
2132 1235 2345 1292 fletibus
2402 1238 2779 1306 insequuntur.
2852 1238 2989 1292 Hinc
3041 1238 3326 1293 Psalmista
3385 1238 3504 1290 ait:

1918 1345 1938 1378 ι
1982 1326 2322 1397 lniquitatem
2381 1344 2558 1383 meam
2604 1344 2704 1399 ego
2749 1330 3129 1398 pronuntiabo,
3164 1348 3181 1381 ι
3218 1338 3270 1383 et
3305 1329 3397 1383 reli
3424 1345 3509 1397 ,ua

1916 1414 2087 1488 (Psal.
2123 1434 2173 1481 L,
2213 1417 2291 1486 5).
2328 1418 2428 1485 Qui
2482 1419 2625 1474 enim
2660 1419 2797 1472 mala
2837 1435 2957 1488 quae
3007 1420 3340 1489 perpetravit
3371 1418 3502 1471 insi-

1914 1517 2070 1575 nuat,
2102 1512 2195 1566 sed
2217 1510 2345 1566 ﬂere
2370 1521 2606 1578 recusat,
2647 1513 2805 1582 quasi
2839 1512 3102 1567 subducta
3137 1522 3287 1568 veste
3314 1512 3509 1568 vulnus

1916 1600 2138 1671 detegit,
2173 1598 2269 1656 sed
2300 1610 2548 1671 torpente
2577 1612 2780 1667 mente,
2808 1603 3263 1656 medicamentum
3296 1600 3513 1656 vulneri

1916 1706 2023 1745 non
2051 1694 2290 1764 apponit.
2320 1694 2580 1765 Sequitur
2616 1714 2628 1748 :
2670 1693 2737 1748 Et
2762 1694 3144 1765 confubnfubor
3168 1710 3285 1748 cum
3318 1694 3513 1747 amari-

1918 1785 2098 1838 tudine
2120 1786 2310 1839 aninm:
2329 1800 2476 1838 metu.
2515 1816 2587 1825 —
2623 1785 2829 1839 Pavore
2854 1782 3088 1854 namque
3115 1784 3346 1838 districti
3372 1783 3514 1853 judi-

1921 1878 2001 1931 cis
2030 1874 2234 1941 alliicri,
2269 1878 2394 1932 dum
2423 1878 2671 1947 quaedam
2699 1877 2837 1931 male
2859 1886 3008 1948 gesta
3040 1876 3364 1948 plangimus,
3395 1877 3529 1947 ipsa

1921 1967 2029 2022 vim
2056 1976 2256 2022 nostra:
2283 1968 2661 2021 amaritudinis
2708 1968 2776 2021 ad
2822 1967 3220 2022 discutiendum
3255 1983 3352 2022 nos
3377 1967 3513 2037 vigi-

1920 2058 2120 2114 lantius
2142 2060 2404 2125 excitant,
2430 2060 2531 2113 alia
2563 2060 2725 2113 etiam
2756 2060 2809 2114 in
2834 2060 2991 2113 nobis
3012 2074 3130 2128 qure
3158 2058 3389 2127 amplius
3418 2058 3514 2112 de-

1924 2147 2165 2211 fleamus,
2200 2150 2524 2203 invenimus.
2554 2149 2688 2203 Nam
2730 2165 2872 2218 saepe
2897 2164 3017 2217 qum
3064 2147 3405 2217 torpentibus
3433 2145 3514 2200 la-

1908 2232 2048 2305 ltuit,
2079 2240 2330 2295 flentibus
2357 2242 2610 2297 subtilius
2652 2241 2805 2311 culpa
2832 2241 3142 2296 innotescil.
3176 2239 3348 2294 liabet
3374 2241 3516 2295 enim

1926 2332 1978 2384 in
2003 2332 2166 2385 corde
2200 2330 2471 2399 iustorum
2502 2332 2808 2385 amaritudo
2836 2333 3030 2385 anima:
3060 2331 3300 2401 linguam
3338 2344 3517 2396 suam,

1925 2436 2048 2475 cum
2078 2436 2183 2489 qua
2217 2420 2469 2475 afflictam
2500 2430 2735 2475 mentem
2756 2462 2769 2486 ,
2801 2421 2960 2474 modo
2985 2436 3080 2490 per
3108 2420 3517 2490 replicationeni

1926 2512 2192 2567 donorum
2223 2512 2337 2576 Dei,
2367 2513 2527 2566 modo
2554 2528 2647 2582 per
2673 2512 2891 2582 propria
2925 2512 3158 2566 actionis
3188 2527 3298 2566 suae
3319 2511 3541 2566 severi-7.

1930 2612 2013 2659 ter
2042 2605 2304 2673 increpat.
2341 2603 2493 2659 Unde
2520 2614 2573 2658 et
2593 2619 2935 2673 nequaquam
2968 2603 3187 2668 dicitur,
3215 2602 3543 2669 fabulabor,

1927 2698 2022 2753 sed
2053 2697 2434 2767 confabulabor
2453 2739 2465 2761 ,
2499 2697 2623 2766 quia
2646 2697 2729 2751 vis
2755 2696 2979 2763 doloris,
3004 2711 3122 2766 qua:
3158 2704 3381 2765 peccata
3411 2694 3525 2750 sin-

1930 2787 2051 2857 gula
2083 2795 2358 2855 reputans,
2391 2794 2692 2855 tOrpenlem
2735 2785 2975 2839 animum
3013 2785 3078 2838 ad
3116 2784 3349 2838 lamenta
3376 2783 3524 2839 exci-

1932 2886 2027 2940 tat,
2055 2878 2209 2946 quasi
2237 2877 2303 2931 ad
2326 2891 2449 2932 eum
2475 2877 2640 2930 verba
2669 2874 3121 2939 confabulationis
3147 2875 3371 2931 format.
3423 2874 3559 2931 50--

1930 2968 2117 3039 quitur
2147 2985 2161 3021 :

2008 3058 2171 3115 Vsus.
2203 3060 2289 3114 l2.
2322 3057 2580 3131 Nunquid
2616 3074 2760 3113 mare
2797 3075 2913 3113 sum
2939 3075 3055 3130 ego,
3094 3068 3186 3113 aut
3213 3069 3378 3124 cetus,
3400 3058 3525 3130 quia

1857 3140 1903 3205 C
1935 3152 2323 3208 circumdedisti
2357 3169 2438 3206 me
2460 3151 2713 3206 carcere?
2742 3180 2813 3192 —-
2845 3150 2925 3205 Ac
2968 3152 3011 3206 si
3047 3160 3236 3222 aperte
3280 3152 3521 3207 diceret:
3600 3190 3613 3211 ι

1936 3240 2084 3295 Mare
2112 3240 2194 3296 vel
2239 3250 2412 3307 cetus,
2463 3240 2635 3310 iniqui
2677 3239 2948 3305 videlicet,
2997 3255 3294 3309 eorumque
3337 3248 3529 3295 auctor

1936 3332 2203 3403 malignus
2241 3331 2485 3402 spiritus,
2530 3330 2657 3400 quia
2705 3328 2955 3385 effrenari
3004 3329 3071 3384 ad
3116 3329 3284 3385 solam
3330 3345 3525 3400 perpe-

1937 3422 2146 3476 trandae
2192 3419 2495 3490 iniquitatis
2545 3419 2820 3475 licentiam
2852 3428 3142 3490 appetunt,
3182 3429 3327 3474 recte
3354 3435 3529 3489 poma:

1936 3528 2049 3569 suae
2100 3526 2324 3567 carcere
2371 3510 2837 3580 constringuntur.
2910 3510 3020 3580 Ego
3061 3518 3241 3564 autem
3292 3509 3383 3580 qui
3414 3508 3528 3579 jam

1937 3602 2260 3659 aeternitatis
2299 3610 2400 3656 tua:
2428 3599 2735 3655 libertatem
2768 3600 3040 3666 desidero,
3071 3615 3170 3654 cur
3192 3599 3369 3653 adhuc
3395 3613 3530 3652 mea:

1939 3695 2303 3765 corruptionis
2332 3707 2553 3749 carcere
2605 3692 2857 3762 premor?
2900 3692 3132 3746 Carcere
3177 3691 3319 3746 enim
3366 3691 3529 3744 homo

1940 3786 2340 3850 circumdatur,
2370 3784 2495 3854 quia
2530 3790 2585 3838 et
2618 3782 2938 3852 plerumque
2973 3784 3229 3836 virtutum
3270 3781 3529 3850 profecti-

1940 3878 2042 3934 bus
2087 3878 2153 3932 ad
2205 3876 2313 3929 alta
2341 3888 2634 3944 exsurgere
2678 3873 2890 3938 nititur,
2920 3880 2977 3926 et
3005 3879 3181 3926 tamen
3208 3871 3389 3927 carnis
3418 3886 3530 3926 sua:

1941 3971 2288 4041 corruptione
2314 3967 2660 4038 prmpeditur.
2694 3965 2965 4034 Scriptum
2989 3965 3186 4034 quippe
3212 3975 3332 4020 eSt:
3370 3963 3548 4019 tCOP-~

1941 4083 2043 4139 pus
2116 4065 2259 4137 quod
2336 4062 2703 4131 corrumpitur
2760 4048 3018 4129 aggravat
3085 4058 3320 4113 animam
3370 4058 3528 4130 (Sap.

1942 4175 2018 4224 ix,
2054 4157 2159 4227 15).
2196 4174 2214 4206 ι
2252 4154 2414 4208 Maris
2471 4152 2689 4206 nomine
2751 4150 2914 4205 corda
2959 4149 3259 4204 carnalium
3308 4150 3535 4205 tumidis

1943 4247 2361 4320 cogitationibus
2390 4243 2650 4299 fluctuosa
2694 4242 2995 4313 signantur.
3023 4242 3140 4298 Ceti
3160 4256 3291 4297 vero
3314 4242 3563 4297 nomine

1943 4342 2199 4408 antiquus
2266 4336 2437 4392 hostis
2513 4334 2873 4405 exprimitur,
2951 4332 3043 4404 qui
3116 4332 3244 4387 dum
3322 4342 3532 4389 mentes

1946 4428 2284 4485 sazcularium
2341 4425 2665 4497 possidendo
2727 4432 2994 4496 penetrat,
3027 4425 3181 4495 quasi
3239 4424 3293 4480 in
3340 4440 3531 4481 eorum

1942 4518 2180 4577 lubricas
2276 4516 2633 4589 cogitationes
2729 4525 2900 4572 natat.

230 4635 343 4692 quo
372 4620 665 4676 Psalmisla
704 4622 782 4675 ait
812 4640 825 4675 ε
860 4641 879 4673 ι
915 4620 1036 4676 Filii
1065 4636 1350 4676 servorum
1381 4629 1595 4675 tuorum
1626 4618 1849 4675 habita-
1944 4612 2095 4668 ribus
2138 4608 2412 4678 dejectus,
2462 4623 2533 4663 ne
2581 4606 2648 4661 ad
2693 4605 2936 4661 coelestia
2982 4605 3167 4663 volare
3219 4606 3532 4676 praevaleat,

230 4713 371 4768 bunt
398 4713 575 4785 (Psal.
618 4730 695 4778 cr,
739 4713 832 4784 29)
902 4731 922 4766 ›
969 4713 1140 4781 Quem
1184 4712 1440 4767 nimirum
1483 4711 1659 4767 locum
1710 4719 1840 4768 tunc

231 4804 400 4860 homo
443 4804 710 4868 deseruit,
768 4818 913 4866 cum,
957 4803 1262 4858 seductoris
1306 4802 1470 4857 verba
1518 4802 1760 4866 audiens,
1807 4815 1839 4855 a

230 4896 536 4952 conditoris
594 4908 784 4949 amore
833 4893 1102 4949 discessit.
1144 4896 1189 4948 A
1221 4893 1511 4949 Conditore
1566 4908 1696 4965 ergo
1738 4907 1839 4948 suo

234 4994 390 5041 tanto
412 4986 648 5056 quisque
681 4984 986 5039 districtius
1017 4985 1069 5039 in
1111 4983 1317 5053 judicio
1359 5000 1464 5038 non
1501 4984 1832 5054 agnoscitur,

234 5086 438 5147 quanto
468 5094 612 5134 nunc
643 5078 712 5131 ad
745 5077 1108 5145 reparationis
1142 5079 1367 5149 gratiam
1411 5092 1513 5132 nec
1556 5092 1652 5146 per
1698 5075 1836 5131 dona

234 5180 535 5226 revocatur.
584 5168 695 5235 Qui
722 5164 897 5220 Judex
929 5166 1206 5224 districtus
1235 5168 1301 5222 ad
1335 5182 1563 5222 examen
1592 5167 1837 5221 ultimum

233 5263 451 5288 ..ιη-2--..
496 5264 548 5288 ε..
601 5257 900 5288 ςηζηηῖιηιη
928 5257 1246 5288 (lu-munt“...
1304 5257 1436 5288 Αενῖο
1470 5272 1484 5287 ο
1518 5275 1535 5288 ι
1570 5256 1840 5288 ῐὶςοηιυιῖια

1940 4722 2116 4778 poena:
2161 4704 2289 4758 suai'
2320 4702 2557 4774 pondere
2617 4707 2949 4756 coarctatur.
3002 4698 3140 4755 illnc
3181 4700 3376 4755 Petrus
3436 4699 3532 4752 ait:

1947 4817 1967 4850 ι
2003 4798 2146 4854 Deus
2172 4795 2377 4865 angelis
2400 4791 2753 4864 peccantibus
2798 4805 2904 4845 non
2928 4790 3188 4861 pepercit,
3209 4790 3302 4844 sed
3325 4789 3539 4841 irruen-

1946 4889 2090 4944 tibus
2123 4888 2177 4943 in
2222 4885 2491 4940 infernum
2542 4884 2816 4939 detractos
2866 4881 2919 4934 in
2969 4888 3170 4935 tartara
3218 4876 3437 4932 tradidit
3480 4875 3535 4929 in

1940 4977 2147 5048 judicio
2179 4987 2457 5030 reservare
2484 4968 2810 5027 cruciandos
2838 4968 2919 5038 (ιι
2946 4967 3093 5023 Petr.
3126 4983 3190 5033 ιι,
3212 4964 3290 5034 4).
3321 4982 3340 5015 ›
3371 4962 3539 5017 Cetus

1946 5084 2078 5137 ergo
2144 5081 2209 5120 ac
2252 5078 2401 5119 mare
2458 5058 2891 5118 circumdatioue
2957 5049 3537 5122 carceris_premitur,

1946 5163 2073 5230 quia
2116 5158 2202 5212 vel
2234 5156 2504 5226 malignus
2551 5153 2798 5225 spiritus,
2833 5150 2920 5205 vel
2950 5162 3209 5218 sequaces
3246 5144 3406 5205 illius,
3436 5142 3543 5199 ini-

1948 5265 2178 5288 nllnrnm
2230 5263 2289 5288 co
2340 5247 2614 5288 mnnlilmc
2663 5241 2889 5288 cnllinil.
2937 5250 3098 5288 atnue
3142 5238 3194 5288 in
3219 5237 3298 5288 eis
3338 5235 3539 5288 undam

2991 4515 3091 4584 Qui
3160 4517 3214 4572 in
3310 4515 3536 4571 inferio-
3632 4590 3637 4593 Α
