4004 5340
572 307 678 366 185

1544 307 1602 364 S.
1644 303 1894 365 ODONIS
1931 302 2224 361 ABBATIS
2258 302 2757 365 CLUNIACENSIS
2789 306 2832 365 Il
3715 316 3796 375 l8!

568 422 704 477 τεῦξε
732 437 813 476 me
836 436 928 493 per
954 420 1158 476 somnia
1182 460 1197 487 ,
1235 428 1283 475 et
1324 436 1416 492 per
1462 420 1683 476 visiones
1712 422 1932 475 horrore
1959 436 2154 475 concu-
2177 419 2226 480 Α
2254 419 2439 488 quitur
2463 437 2479 474 :
2508 418 2679 476 Parce
2719 422 2878 486 mihi,
2930 420 3182 490 Domine,
3225 424 3354 479 nihil
3401 426 3537 481 enim
3571 439 3680 485 sunt
3703 433 3796 489 dies

565 514 776 569 ties.—
821 511 877 566 ln
914 526 1071 567 sacro
1119 510 1332 583 eloquio
1387 511 1590 576 lectus.
1645 512 1852 577 cubile,
1898 521 2149 577 stratum,

566 614 836 663 secretum
867 605 1005 661 solet
1039 606 1220 661 cordis
1261 604 1507 677 intelligi.
1544 604 1681 660 Hinc
1721 607 1979 675 scriptum
2026 612 2148 659 est:

575 717 595 748 ι
636 696 692 750 ln
742 695 939 750 lectulo
970 711 1091 750 meo
1134 711 1232 766 per
1278 705 1466 751 noctes
1511 696 1732 766 qua-sivi
1771 712 1931 766 quem
1978 695 2153 764 diligit

567 786 748 840 anima
778 800 898 839 mea
929 784 1104 856 (Cant.
1140 802 1219 850 ιιι,
1249 786 1325 857 1,).
1365 806 1382 837 ι
1418 786 1484 840 Et
1510 787 1561 840 in
1595 786 1847 841 Psalmo:
1900 805 1919 836 ι
1956 786 2150 840 Exsul-

568 878 759 933 tabunt
794 878 967 931 sancti
999 878 1051 931 iu
1086 877 1276 948 gloria,
1305 878 1632 932 lmtabuntur
1663 877 1717 931 in
1746 876 2015 931 cubilibus
2041 877 2152 931 suis

564 966 738 1037 (Psal.
764 967 1049 1038 cxux,5).
1084 987 1103 1019 ι
1154 967 1291 1034 Quid
1323 983 1453 1022 vero
1507 969 1609 1022 hoc
1657 966 1775 1021 loco
1821 967 2029 1031 somnia
2068 966 2149 1020 vel

563 1059 802 1114 visiones
832 1060 1152 1128 accipimus,
1181 1060 1284 1115 nisi
1312 1060 1579 1130 imagines
1606 1059 1782 1113 ultimi
1811 1059 2151 1127 districtique

566 1148 874 1202 examinis?
916 1147 1068 1214 Quod
1111 1146 1220 1215 jam
1249 1158 1522 1217 utcunque
1570 1163 1665 1217 per
1704 1148 1949 1201 timorem
1974 1146 2153 1201 cerui-

564 1255 711 1302 mus,
742 1239 834 1293 sed
860 1247 1038 1294 tamen
1070 1248 1127 1293 ut
1153 1249 1255 1304 est,
1287 1242 1560 1295 veraciter
1588 1255 1691 1293 non
1719 1240 1985 1294 videmus.
2020 1238 2153 1293 San-

566 1330 639 1383 cti
666 1328 848 1399 itaque
877 1331 977 1383 viri
999 1331 1065 1384 ad
1098 1332 1274 1385 cordis
1299 1347 1513 1401 semper
1541 1341 1746 1386 secreta
1774 1332 1998 1385 redeunt
2027 1346 2148 1385 cum

567 1419 638 1473 ab
666 1422 769 1475 hoc
799 1422 1025 1486 mundo,
1065 1423 1149 1476 vel
1180 1423 1318 1478 ultra
1348 1432 1531 1479 votum
1570 1439 1857 1493 prospera,
1894 1424 1975 1480 vel
2008 1424 2148 1479 ultra

565 1513 712 1568 vires
756 1514 979 1569 adversa
1027 1515 1321 1585 patiuntur,
1377 1528 1540 1587 atque
1586 1517 1826 1571 externis
1877 1516 2151 1572 laboribus

565 1605 696 1661 fessi
722 1607 877 1675 quasi
921 1615 1151 1661 stratum
1195 1607 1277 1662 vel
1308 1607 1562 1663 lectulum
1608 1607 1803 1663 cubilia
1826 1608 2033 1663 mentis
2062 1623 2150 1678 pe-

566 1703 708 1750 tunt.
738 1694 815 1750 Ac
843 1695 886 1750 si
917 1711 1045 1766 ergo
1065 1705 1249 1766 aperte
1277 1697 1519 1753 diceret:
1550 1698 1607 1752 Si
1636 1697 1906 1752 exteriora
1940 1697 2149 1766 fugiens

2253 508 2374 563 mei.
2404 539 2474 549 —
2502 509 2658 564 Absit
2691 510 2836 565 enim
2881 525 2948 565 ne
2988 511 3073 566 vir
3098 522 3319 568 sanctus
3345 514 3413 570 de
3448 516 3635 573 divina:
3663 521 3794 578 mise.

2254 599 2501 655 ricordim
2529 601 2777 671 largitate
2804 602 3072 672 desperet,
3105 604 3196 673 qui
3231 605 3332 659 sibi
3360 608 3507 675 parci
3537 608 3795 668 desiderat.

2255 686 2362 741 Sed
2392 689 2519 758 quia
2544 689 2672 742 dum
2699 690 2840 744 bona
2877 691 3000 744 vitm
3024 693 3353 747 transeuntis
3375 709 3474 763 per
3500 696 3796 765 desperatio-

2254 794 2379 833 nem
2424 781 2645 845 deserit,
2679 781 2750 835 ad
2799 782 3090 838 obtinenda
3128 800 3249 854 quae
3285 799 3600 855 permanent
3638 791 3686 843 in
3721 807 3799 861 spe

2254 872 2528 927 robustius
2582 874 2840 944 assurgit.
2897 874 3085 930 Sancti
3141 878 3284 931 enim
3337 879 3441 931 viri
3500 895 3604 948 quo
3647 884 3802 939 verius

2253 977 2461 1017 summa
2494 972 2846 1032 cognoscunt,
2873 979 2943 1018 eo
2961 965 3246 1020 sublimius
3273 975 3488 1020 terrena
3517 968 3800 1036 despiciunt,

2253 1060 2308 1105 et
2332 1052 2538 1107 idcirco
2561 1054 2847 1123 praesentis
2866 1056 2992 1110 vitae
3016 1056 3132 1111 dies
3172 1057 3306 1111 nihil
3328 1073 3450 1113 esse
3478 1062 3799 1129 conspiciunt,

2253 1141 2380 1211 quia
2432 1141 2747 1196 illuminata:
2808 1144 3007 1199 mentis
3055 1145 3244 1202 oculos
3302 1146 3356 1201 in
3405 1149 3803 1206 consideratione

2253 1232 2574 1288 aeternitatis
2604 1233 2794 1305 ﬁgunt.
2827 1234 3124 1305 Sequitur:

2325 1324 2487 1378 Vsus.
2534 1324 2619 1378 l7.
2665 1322 2804 1389 Quid
2852 1336 2926 1379 est
2970 1328 3148 1394 homo,
3190 1328 3315 1399 quia
3359 1330 3660 1400 magniﬁcas
3687 1346 3802 1398 eunt,

2253 1422 2346 1467 aut
2386 1413 2511 1483 quid
2543 1415 2761 1483 opponis
2801 1430 2924 1485 erga
2968 1431 3086 1468 eam
3117 1433 3209 1470 cor
3235 1427 3383 1471 tuum
3408 1419 3524 1470 2³-
3558 1418 3804 1474 Hominem

2253 1504 2396 1559 Deus
2423 1504 2767 1576 magniﬁcat,
2786 1507 2912 1577 quia
2941 1506 3192 1578 largitate
3234 1509 3465 1564 rationis
3504 1509 3652 1575 ditat,
3685 1509 3803 1565 infn-

2253 1612 2408 1651 stone
2449 1597 2639 1666 gratia:
2669 1598 2877 1663 visitat,
2922 1598 3128 1653 honore
3173 1599 3335 1654 illata:
3364 1601 3579 1655 virtutis
3614 1600 3803 1656 exaltat.

2256 1688 2364 1743 Sed
2393 1704 2490 1744 cor
2519 1704 2676 1744 suum
2705 1704 2832 1759 erga
2869 1704 2995 1744 eum
3038 1690 3299 1746 Dominus
3341 1692 3515 1761 ponit,
3551 1690 3669 1762 quia
3706 1699 3805 1761 post

566 1788 840 1844 introrsus
864 1789 1043 1854 redeo,
1077 1795 1135 1844 et
1181 1798 1454 1858 utcunque
1500 1790 1839 1859 requiescere
1884 1790 1937 1844 in
1975 1789 2151 1844 cordis

2256 1781 2395 1835 dona
2453 1780 2718 1849 judicium
2772 1782 2969 1845 erexit,
3042 1780 3236 1836 merita
3303 1782 3579 1836 subtiliter
3625 1790 3802 1851 pensat,

567 1879 728 1934 cubili
767 1880 1115 1949 concupisco,
1169 1880 1241 1935 ibi
1288 1881 1419 1935 mihi
1451 1882 1576 1936 dum
1620 1880 1974 1935 districtionis
2029 1894 2154 1934 con-

565 1968 975 2039 templationem
1011 1970 1253 2040 subjicis.
1282 1986 1444 2040 quam
1474 1971 1750 2026 districtus
1790 1971 2045 2025 advenies
2065 1971 2154 2041 ju-

565 2060 669 2114 dex
699 2100 715 2123 ,
762 2062 1111 2116 vehementer
1156 2078 1243 2117 me
1290 2079 1386 2133 per
1420 2064 1565 2134 ipsas
1616 2079 1748 2118 mea:
1800 2063 2152 2135 providentiae

565 2151 989 2219 imaginationes
1016 2162 1205 2208 terres.
1241 2153 1308 2208 Et
1338 2154 1602 2209 revelabor
1623 2154 1835 2225 loquens
1860 2172 2152 2209 mecum.—

567 2240 704 2307 Quia
730 2241 986 2296 nimirum
1016 2259 1136 2297 cum
1169 2244 1235 2297 ad
1267 2244 1464 2299 mentis
1497 2255 1694 2300 nostrae
1720 2246 1991 2301 silentium
2023 2244 2150 2300 fessi

565 2332 913 2397 revertimur,
972 2349 1123 2403 quas:
1172 2350 1226 2388 tn
1278 2344 1447 2389 stratu
1495 2336 1893 2407 colloquentes,
1941 2338 2150 2393 occulta

566 2420 713 2475 intra
740 2436 836 2476 nos
883 2423 1266 2492 cogitationum
1319 2426 1482 2479 verba
1525 2441 1827 2481 versamur.
1858 2427 2187 2483 Sciendum’

566 2526 783 2581 quoque
816 2521 923 2579 est,
951 2515 1095 2583 quod
1140 2515 1405 2585 imagines
1453 2517 1816 2582 somniorum,
1866 2518 2152 2588 aliquando

565 2602 777 2656 ventris
821 2602 1153 2673 plenitudine
1199 2606 1284 2660 vel
1341 2606 1604 2662 inanitate
1655 2608 1816 2674 fiunt,
1866 2609 2152 2680 aliquando

568 2690 840 2759 illusione,
871 2702 927 2747 ut
956 2694 1086 2748 illud
1119 2694 1452 2753 Salomonis:
1485 2718 1501 2748 ι
1524 2697 1716 2752 Multas
1733 2714 1892 2754 curas
1920 2716 2154 2770 sequun-

566 2790 658 2836 tur
682 2786 890 2839 somnia
920 2784 1120 2855 (Eccle.
1161 2802 1215 2853 v,
1242 2788 1325 2856 2).
1359 2808 1378 2840 ι
1406 2789 1707 2859 Aliquando
1744 2807 1841 2860 per
1869 2793 2154 2848 revelatio-

564 2888 692 2928 nem
712 2884 809 2938 ,ιιι
838 2874 1034 2945 Joseplt
1067 2876 1374 2933 admonitus
1404 2879 1457 2932 in
1500 2881 1705 2935 somnis
1734 2890 1791 2934 ut
1840 2881 2046 2953 fugeret
2096 2883 2151 2938 in

570 2962 883 3035 Egyptum.
916 2966 1220 3035 Aliquando
1248 2968 1574 3038 cogitatione
1596 2969 1753 3023 simul
1785 2981 1839 3024 et
1871 2971 2154 3027 revelatio-

568 3069 659 3119 ne,
684 3064 745 3109 ut
767 3055 893 3109 illud
921 3057 1190 3113 Danielis:
1221 3076 1240 3109 ι
1280 3058 1383 3125 Τιι,
1417 3076 1530 3126 rex,
1563 3061 1805 3131 cogitare
1850 3064 2059 3133 cmpisti
2095 3066 2146 3120 in

568 3155 743 3202 stratu
792 3157 887 3207 tuo
930 3150 1056 3220 quid
1099 3160 1243 3206 esset
1279 3161 1402 3221 post
1450 3124 1525 3219 te,
1557 3124 1746 3224 et'qui
1790 3124 1994 3209 revelat
2038 3173 2150 3228 my-
2179 3124 2223 3186 ϐ

568 3241 736 3295 steria
761 3242 998 3298 ostendit
1025 3242 1119 3297 tibi
1152 3258 1274 3313 quae
1302 3252 1529 3301 ventura
1554 3253 1679 3300 sunt
1706 3245 1867 3317 (Dan.
1900 3262 1959 3315 ιι,
1983 3247 2096 3320 29).
2128 3268 2146 3301 ι

571 3329 833 3401 Sequitur
859 3351 875 3387 :

642 3423 807 3479 Vsus.
859 3425 945 3479 15.
994 3426 1344 3494 Quamobrem
1391 3431 1543 3501 elegit
1594 3431 1929 3501 suspendium
1975 3433 2152 3487 anima

569 3528 708 3578 mea,
738 3524 785 3567 et
809 3525 1023 3570 mortem
1053 3534 1171 3572 ossa
1201 3536 1336 3575 mea.
1363 3552 1431 3561 —
1464 3522 1601 3588 Quid
1624 3536 1720 3591 per
1745 3521 1980 3575 animam
1999 3562 2013 3585 ,
2048 3522 2152 3576 uisi

568 3604 770 3660 mentis
796 3604 1061 3662 intentio?
1087 3608 1225 3675 Quid
1256 3624 1353 3679 per
1379 3625 1526 3672 ossa,
1554 3611 1657 3666 nisi
1690 3611 1871 3666 carnis
1894 3611 2153 3666 fortitudo

569 3694 923 3765 designatur?
971 3700 1165 3755 Anima
1192 3716 1321 3773 ergo
1363 3703 1709 3772 suSpendium
1738 3702 1918 3771 elegit,
1950 3713 2151 3758 utossa

569 3790 893 3854 moriantur,
927 3793 1049 3861 quia
1082 3793 1207 3848 dum
1238 3795 1434 3849 mentis
1456 3795 1686 3850 intentio
1707 3795 1772 3849 ad
1800 3796 1909 3849 alta
1941 3811 2001 3851 se
2026 3795 2152 3850 sub-

567 3876 748 3944 levat,
807 3896 1024 3936 omnem
1054 3882 1108 3936 in
1169 3898 1229 3937 se
1272 3881 1645 3939 fortitudinem
1697 3885 1821 3939 vita:
1863 3884 2152 3940 exterioris

564 3977 748 4024 necat.
793 3971 983 4026 Sancti
1011 3972 1156 4027 enim
1186 3973 1287 4027 viri
1318 3974 1386 4030 ad
1418 3975 1526 4029 alta
1559 3976 1800 4030 animum
1825 3976 2048 4042 tollunt,
2098 3984 2154 4032 et

565 4063 639 4116 ad
682 4078 924 4119 amorem
970 4080 1216 4136 superna:
1246 4066 1435 4138 patrim
1465 4069 1518 4123 in
1558 4068 1816 4122 virtutum
1853 4083 1912 4124 se
1959 4069 2152 4123 studiis

566 4155 880 4226 accingunt,
924 4167 980 4212 et
1027 4157 1127 4212 hoc
1158 4159 1298 4228 quod
1336 4158 1503 4214 fortes
1533 4159 1680 4229 prius
1710 4160 1762 4214 in
1804 4161 2003 4214 mundo
2031 4160 2152 4214 fue-

566 4254 731 4312 rant,
766 4247 981 4302 vinculo
1010 4248 1334 4306 humilitatis
1373 4252 1749 4322 insequuntur.
1790 4252 1927 4308 llinc
1954 4252 2150 4309 Paulus

570 4336 650 4389 ait
676 4354 691 4390 :
720 4354 738 4387 ι
776 4336 911 4392 Vivo
940 4334 1120 4394 autem
1143 4340 1256 4408 jam
1290 4358 1393 4397 non
1412 4359 1532 4414 ego,
1565 4365 1583 4396 ι
1611 4353 1666 4399 et
1687 4344 1891 4414 reliqua
1918 4343 2062 4416 (Gal.
2088 4362 2147 4411 tt,

567 4426 685 4499 20).
715 4428 852 4485 Hinc
877 4444 892 4483 :
930 4449 948 4482 ι
983 4430 1242 4488 Hebraeus
1283 4443 1337 4487 et
1364 4434 1604 4491 Hebraeis
1634 4440 1925 4492 secundum
1952 4439 2147 4508 legem,

565 4516 877 4575 Pharisazus
918 4518 1085 4591 (Phil.
1118 4522 1223 4592 ιιι).
1258 4541 1277 4574 ι
1308 4523 1375 4576 Et
1409 4540 1642 4580 rursum.
1677 4545 1695 4577 ι
1734 4525 1838 4581 Sed
1858 4544 1978 4595 quae
2021 4529 2151 4582 mihi

568 4607 790 4667 fuerunt
815 4613 986 4679 lucra,
1016 4614 1132 4669 hiec
1173 4615 1469 4670 arbitratus
1501 4633 1620 4671 sunt
1641 4631 1862 4688 propter
1878 4620 2153 4674 Christum

569 4698 891 4758 detrimenta
917 4703 1084 4773 (Phil.
1114 4718 1235 4775 vn).
1275 4725 1295 4759 ι
1341 4704 1638 4776 Sequitur:

643 4793 915 4850 “135.16.
935 4796 1234 4867 Desperavi,
1258 4814 1582 4869 nequaquam
1598 4799 1713 4869 jam
1736 4799 1873 4853 ultra
1892 4802 2153 4856 vivam.—

569 4883 710 4943 Justi
733 4886 932 4956 quippe
955 4888 1246 4958 desperare
1268 4899 1351 4943 est
1378 4891 1664 4959 praesentis
1690 4891 1813 4945 vita:
1848 4893 2007 4957 bona,
2039 4895 2151 4947 ele-

567 4974 752 5030 ctione
777 4976 1101 5032 aeternitatis
1128 4978 1399 5043 deserere,
1424 4995 1678 5034 mansura
1705 4996 1971 5049 quaerere,
2001 4993 2057 5038 et
2097 4983 2150 5037 in

489 5056 495 5063 ’
565 5064 734 5120 rebus
764 5068 1150 5136 temporalibus
1177 5068 1426 5124 fiduciam
1462 5085 1567 5125 non
1596 5070 1819 5126 habere.
1853 5070 1990 5126 Sunt
2015 5089 2151 5127 non-

565 5154 698 5208 nulli
725 5155 1028 5225 justorum,
1060 5160 1152 5229 qui
1186 5162 1265 5215 sic
1288 5161 1530 5217 ctelestia
1564 5171 1846 5232 appetunt,
1879 5172 1937 5217 ut
1974 5176 2150 5219 tamen

568 5241 806 5299 honores
853 5246 954 5302 sibi
989 5252 1356 5318 temporaliter
1386 5252 1657 5319 impensos
1699 5260 1935 5317 teneant,
1977 5253 2151 5307 aliena

2255 1873 2378 1927 vita:
2430 1873 2671 1942 pondera
2717 1872 3069 1928 vehementer
3124 1872 3425 1928 examinat.
3492 1875 3569 1929 Ac
3616 1875 3659 1928 si
3701 1887 3805 1943 ergo

2253 1977 2437 2037 aperte
2468 1968 2755 2033 exclamet,
2788 1967 2977 2022 dicens
3006 1985 3019 2020 :
3052 1966 3439 2036 Magnilieatur
3481 1967 3639 2022 homo
3676 1966 3804 2037 spitio

2254 2062 2345 2117 tali
2379 2078 2622 2128 munere,
2650 2063 2745 2118 sed
2789 2071 2966 2117 tamen
2994 2075 3123 2116 caro
3151 2070 3237 2115 est
3267 2075 3283 2114 :
3314 2070 3370 2115 et
3417 2060 3536 2114 vias
3561 2060 3671 2131 ejus
3705 2066 3800 2129 post

2251 2169 2475 2209 munera
2512 2154 2758 2209 distriete
2796 2151 3127 2216 considerat,
3176 2152 3271 2206 sed
3315 2159 3506 2205 tamen
3543 2152 3587 2205 si
3628 2156 3798 2205 remota

2251 2246 2455 2317 pietate
2483 2245 2776 2314 Jttdieelur,
2802 2244 3012 2314 pondus
3037 2243 3181 2312 quod
3219 2251 3310 2296 tua
3344 2242 3639 2297 subtilitate
3660 2240 3804 2295 immi-

2253 2346 2365 2403 net,
2396 2337 2562 2401 ferre,
2602 2351 2704 2392 nec
2737 2335 3050 2391 sublevatus
3088 2334 3157 2390 ad
3193 2332 3466 2404 justitiam
3504 2332 3711 2404 spiritus
3731 2346 3802 2385 va-

2252 2426 2348 2482 let.
2407 2426 2668 2495 Sequitur
2699 2442 2712 2480 :

2324 2515 2489 2571 Vens.
2546 2516 2633 2571 18.
2692 2514 2888 2569 Visitas
2918 2531 3037 2570 eum
3061 2513 3317 2569 diluculo.
3371 2543 3448 2555 -—
3490 2512 3596 2569 Nos
3653 2512 3802 2581 itaque

2255 2619 2432 2664 noctis
2479 2609 2716 2664 tenebris
2762 2608 3083 2680 premimur,
3122 2624 3247 2664 cum
3295 2609 3684 2680 perpetratione
3727 2607 3802 2661 ini-

2253 2700 2479 2770 quitatis
2517 2700 2894 2755 obscuramur.
2950 2698 3055 2754 Sed
3098 2713 3202 2754 nox
3253 2700 3307 2753 in
3362 2699 3539 2753 lucem
3586 2698 3797 2763 vertitur,

2253 2807 2375 2847 cum
2434 2792 2643 2846 erroris
2688 2792 2859 2847 nostri
2917 2791 3223 2846 obscuritas
3270 2791 3522 2846 veritatis
3571 2790 3802 2861 agnitione

2255 2881 2518 2937 ra'tliatur.
2560 2881 2809 2937 Diluculo
2839 2896 2970 2952 ergo
3015 2898 3115 2937 nos
3164 2881 3433 2936 Dominus
3469 2884 3661 2944 visitat,
3702 2879 3801 2949 quia

2253 2970 2459 3024 erroris
2508 2970 2681 3025 nostri
2729 2971 2979 3025 tenebras
3027 2970 3147 3025 luce
3188 2986 3299 3026 sua:
3345 2970 3666 3042 cognitionis
3707 2968 3801 3023 illu-

2254 3072 2409 3118 strat.
2457 3063 2762 3118 Diluculttm
2809 3062 3035 3128 dicitur,
3064 3079 3188 3118 cum
3235 3062 3351 3131 jam
3396 3073 3654 3119 nocturna
3695 3070 3802 3115 tem-

2254 3169 2384 3223 pora
2415 3154 2470 3207 in
2523 3153 2847 3207 charitatem
2895 3152 3032 3207 lucis
3083 3162 3382 3207 mutantur.
3437 3152 3715 3223 Sequitur:
3746 3147 3798 3202 Et

2255 3244 2426 3299 subito
2456 3246 2645 3315 probas
2668 3243 2838 3299 illum.
2864 3274 2935 3285 —
2957 3244 3093 3310 Quia
3113 3252 3179 3299 et
3210 3245 3525 3299 aceedendo
3556 3243 3702 3299 corda
3724 3253 3799 3295 no-

2255 3344 2365 3390 Slra
2392 3337 2460 3391 ad
2498 3336 2730 3391 virtutes
2754 3330 3027 3404 provehit,
3056 3344 3113 3388 et
3142 3336 3453 3390 recedendo
3478 3332 3679 3390 concuti
3709 3341 3797 3385 ten-

2255 3428 2458 3483 tatioue
2499 3426 2787 3496 permittit.
2836 3424 2893 3479 Si
2941 3425 3085 3480 enim
3133 3432 3254 3493 post
3302 3425 3564 3478 virtutum
3593 3432 3797 3483 munera,

2254 3517 2400 3574 nulla
2428 3519 2724 3571 tentatione
2748 3523 3150 3579 couculeretur,
3184 3514 3283 3567 has
3311 3528 3371 3568 se
3394 3513 3597 3569 habere
3619 3512 3797 3565 animus

2252 3627 2350 3683 per
2371 3612 2719 3679 semetipsum
2753 3609 3099 3679 gloriaretur.
3130 3606 3266 3663 llinc
3291 3606 3493 3661 Paulus
3517 3607 3583 3662 ad
3619 3603 3798 3660 tertium

2255 3707 2451 3762 cmlum
2479 3715 2666 3776 raptus
2703 3704 2875 3775 legem
2921 3711 3309 3773 repugnantem
3361 3696 3797 3759 in'mcmbrissuis

2256 3799 2460 3854 habere
2487 3813 2546 3853 se
2573 3796 2735 3853 dolet.
2762 3795 3018 3864 Sequitur
3043 3807 3059 3846 :

2326 3886 2489 3943 Vens.
2554 3887 2641 3942 l9.
2707 3883 2982 3956 Usquequo
3008 3901 3111 3940 non
3135 3887 3311 3957 parcis
3347 3886 3498 3950 mihi,
3540 3900 3625 3938 nec
3648 3878 3795 3935 dimit-

2255 3980 2322 4035 tis
2351 3996 2431 4034 me
2457 3990 2511 4031 ut
2543 3978 2761 4048 gluliam
2800 3976 3021 4031 salivam
3057 3993 3224 4031 meam
3244 3978 3269 4031 Ρ
3289 4008 3360 4017 -—
3390 3976 3566 4032 Saiiva
3595 3975 3645 4028 in
3666 3986 3719 4027 os
3741 3982 3794 4022 ex

2255 4068 2431 4138 capite
2462 4068 2676 4130 labitur,
2725 4067 2793 4119 ab
2821 4080 2915 4121 ore
2943 4081 3070 4120 vero
3096 4067 3163 4119 ad
3201 4076 3446 4121 ventrem
3475 4066 3676 4121 ducitur
3697 4072 3794 4116 cum

2255 4160 2498 4231 glutilur.
2530 4158 2667 4224 Quid
2696 4156 2879 4226 itaque
2920 4166 3005 4211 est
3043 4168 3205 4227 caput
3241 4168 3510 4222 nostrum,
3559 4155 3653 4210 uisi
3689 4149 3795 4206 divi-

2255 4252 2399 4305 nitas
2430 4265 2527 4320 per
2556 4264 2719 4319 quam
2769 4249 3037 4302 existendi
3088 4250 3414 4318 principium
3458 4247 3716 4308 sumimus,
3752 4247 3794 4293 et

2256 4352 2507 4397 creatura
2564 4341 2783 4395 sumus?
2837 4340 2974 4394 Hinc
3024 4338 3221 4394 Paulus
3267 4341 3386 4395 ait:
3444 4359 3463 4392 ι
3518 4339 3677 4407 Caput
3714 4329 3793 4385 viri

2256 4433 2523 4489 Christus.
2556 4432 2731 4501 Caput
2757 4442 2937 4485 autem
2961 4432 3161 4486 Christi
3192 4432 3331 4487 Deus
3361 4431 3415 4499 (I
3442 4430 3562 4486 Cor.
3588 4425 3743 4495 xt,5).
3771 4438 3788 4474 ι

2264 4525 2477 4582 Ventris
2507 4526 2726 4580 nomine
2767 4540 2921 4579 mens
2949 4524 3283 4594 designatur,
3326 4540 3444 4594 quae
3473 4524 3593 4579 dum
3634 4529 3790 4587 super.

2255 4634 2387 4672 num
2416 4617 2742 4673 intellectum
2784 4615 3032 4685 suscipit,
3077 4626 3284 4670 resecta
3331 4610 3667 4685 preculdubio
3701 4620 3788 4662 ont-

2258 4696 2406 4763 nium
2446 4708 2689 4763 membra
2739 4708 3011 4762 actionum
3052 4708 3207 4776 regit.
3253 4707 3390 4760 Hinc
3420 4705 3659 4760 Salomon
3693 4698 3787 4752 ait:

2261 4818 2280 4851 ‹
2313 4800 2559 4853 Lucerna
2602 4798 2815 4852 Domini
2863 4796 3190 4866 spiraculum
3237 4796 3492 4858 hominis,
3527 4807 3637 4861 qua:
3669 4790 3788 4842 inve-

2254 4891 2418 4959 stigat
2440 4887 2617 4942 omnia
2644 4896 2853 4942 secreta
2878 4886 3082 4941 ventris
3112 4883 3294 4955 (Prov.
3321 4896 3410 4950 sx,
3442 4885 3551 4954 Ξῖ).
3586 4901 3602 4933 ι
3629 4877 3788 4933 Saliva:

2257 4980 2500 5042 nomine,
2551 4992 2711 5046 sapor
2769 4977 2972 5031 intimae
3023 4976 3493 5045 contemplationis
3540 4968 3784 5037 accipitur,

2256 5084 2375 5137 qua:
2427 5069 2493 5123 de
2550 5065 2803 5120 claritate
2863 5065 3171 5120 Conditoris
3223 5066 3397 5120 adhuc
3448 5065 3500 5118 in
3556 5063 3648 5116 hac
3699 5055 3786 5109 vlla

2254 5163 2482 5232 positos,
2504 5161 2594 5214 vix
2617 5169 2771 5229 gustu
2803 5158 3148 5214 revelationis
3179 5160 3369 5230 tangit.
3421 5158 3584 5224 Quam
3623 5148 3786 5221 glulil‘e

2258 5270 2362 5309 non
2393 5267 2700 5324 possumus,
2729 5252 2855 5322 quia
2885 5266 3133 5320 supernae
3173 5253 3433 5307 claritatis
3471 5252 3601 5303 bono
3631 5234 3782 5297 sat'aﬁ
