4004 5340
188 147 292 206 185

180 280 304 318 vam
335 280 528 337 meant,
555 295 623 306 —
654 279 777 321 cum
817 282 903 323 me
930 283 1127 339 sapore
1170 279 1277 328 tua:
1306 271 1570 330 claritatis
1596 288 1767 346 usque
1796 275 1850 336 Α

184 356 257 412 ad
285 357 676 431 abundant'am
710 361 979 416 satietatis
1014 361 1296 420 iniuderis.
1331 363 1626 435 Sequitur:

254 448 410 505 Vatis
486 449 573 505 20.
631 448 870 517 Peccavi,
919 454 1047 523 quid
1095 455 1290 525 faciam
1353 459 1476 524 tibi,
1525 477 1555 514 ο
1600 471 1774 517 custos

180 542 505 599 hominum?
546 575 615 585 —-
654 544 794 603 Ecce
841 545 1041 603 fatetur
1079 549 1279 604 malum
1316 553 1459 622 quod
1494 552 1642 619 iecit,
1678 555 1773 611 sed

179 636 415 702 bonum,
447 628 591 708 quod
636 637 746 694 Deo
776 640 831 694 in
876 644 1379 712 recompensatione
1409 645 1601 701 debeat
1638 645 1772 702 oﬂ‘e-

182 742 329 793 rere,
362 744 471 783 non
517 730 741 785 invenit.
776 731 847 786 Ut
886 742 1037 788 certe
1080 750 1204 789 cum
1250 735 1488 791 dicitur:
1521 735 1663 802 Quid
1692 738 1776 806 fa-

181 821 324 875 ciam
345 822 468 890 tibi,
503 823 626 892 quia
673 823 788 879 bare
834 824 947 895 ipsa
976 825 1115 882 bona
1151 843 1271 897 quae
1317 843 1477 900 agere
1523 830 1771 901 praecipi-

180 925 329 976 mur,
366 928 473 968 non
502 914 852 984 Przeceptori,
880 917 973 972 sed
1005 918 1160 973 nobis
1190 930 1437 989 prosunt.
1470 919 1607 976 lliuc
1642 922 1776 977 scri-

180 1010 337 1071 ptum
390 1012 521 1059 est:
570 1022 590 1055 ‹
650 1004 921 1062 Bonorum
977 1023 1219 1064 meorum
1267 1026 1375 1066 non
1426 1026 1555 1082 eges
1596 1010 1771 1083 (Psal.

178 1110 271 1161 xv,
302 1096 382 1165 Ξ).
425 1116 446 1150 ι
495 1097 691 1154 Custos
719 1107 901 1155 autem
955 1101 1095 1158 Deus
1139 1102 1359 1168 dicitur,
1412 1105 1537 1174 quia
1572 1107 1616 1160 si
1657 1104 1774 1174 ejus

179 1187 427 1241 custodia
474 1202 576 1244 nos
625 1190 848 1246 minime
895 1193 1155 1263 protegit,
1207 1203 1334 1249 ante
1361 1195 1561 1250 occulti
1599 1195 1773 1251 hostis

177 1278 409 1335 insidias
454 1289 656 1337 nostra:
708 1283 1087 1340 sollicitudinis
1131 1285 1321 1342 oculus
1367 1287 1597 1358 vigilans
1649 1288 1773 1341 dor-

178 1373 299 1427 mit.
349 1372 489 1430 llinc
538 1376 825 1432 Psaltnista
877 1379 998 1433 ait:
1044 1398 1063 1431 ι
1110 1379 1220 1435 Nisi
1282 1380 1543 1435 Dominus
1590 1387 1773 1436 custo-

176 1462 342 1518 dierit
387 1466 689 1533 civitatem,
750 1487 770 1521 ι
822 1476 878 1523 et
923 1469 1129 1540 reliqua
1178 1472 1198 1542 (
1239 1469 1385 1526 Psal.
1433 1487 1542 1537 xu,
1590 1470 1644 1535 6,
1691 1471 1767 1540 1).

178 1551 491 1623 Sequitur:
553 1556 732 1622 Quare
775 1560 997 1629 posuisti
1045 1577 1126 1615 me
1186 1561 1510 1616 contrarium
1559 1562 1675 1627 tibi,
1721 1570 1771 1614 et

867 147 1170 207 ΕΡΙῚὈΜΕ
1210 148 1576 209 MORALIUM
1616 149 1674 208 S.
1715 150 1923 209 GREG.
1960 150 2027 207 lN
2064 150 2204 210 J08.
2241 181 2312 197 —
2347 151 2476 211 LIB.
2517 153 2651 212 Vlll.

3367 160 3470 216 186

2464 269 2691 327 CAPUT
2740 273 2870 330 Vill.

1946 362 2091 418 Vens
2136 362 2206 427 l,
2261 362 2314 417 2.
2368 362 2704 435 Respondeas
2756 375 2931 421 autem
2984 364 3211 422 Baldth
3265 368 3467 427 suhites

1873 454 2006 508 dixit
2051 470 2070 510 :
2112 453 2388 526 Usquequo
2437 456 2664 528 loqueris
2721 458 2873 525 talia,
2936 471 2985 516 et
3022 463 3238 532 spiritus
3287 464 3468 520 multi-

1871 543 2101 614 plexoris
2172 547 2291 600 tui?
2360 577 2432 589 —
2496 547 2713 617 lnjustis
2787 565 3005 621 semper
3076 554 3264 624 gravia
3338 561 3468 611 sunt

1872 636 2036 691 verba
2094 635 2391 705 justorum,
2455 647 2512 693 et
2568 654 2689 708 qua:
2745 640 2813 695 ad
2867 642 3280 701 aediﬁcationem
3334 658 3466 713 pro-

1871 727 1981 782 lata
2028 727 2289 795 audiunt;
2341 728 2458 784 haec
2504 729 2661 800 quasi
2715 732 3197 803 superimpositum
3255 733 3466 803 pondus

1872 819 2072 875 ierunt.
2103 818 2197 875 Vis
2226 820 2424 890 quippe
2468 829 2523 875 et
2553 836 2764 876 summa
2814 823 3150 892 loquentium
3188 824 3468 893 quadrifa-

1873 914 1952 969 ria
1976 913 2239 984 qualitate
2271 913 2640 981 distinguitur.
2686 912 2821 967 Nam
2866 922 2993 969 sunt
3035 915 3278 970 nonnulli
3325 931 3464 985 quos

1873 1005 2138 1062 sentiendi
2171 1003 2331 1059 simul
2382 1019 2447 1059 ac
2475 1004 2687 1059 dicendi
2722 1004 3020 1075 amplitudo
3069 1004 3280 1060 dilatat.
3328 1005 3465 1063 Sunt

1871 1095 2114 1151 nonnulli
2142 1110 2278 1164 quos
2304 1094 2573 1151 sentiendi
2617 1094 2779 1149 simul
2822 1110 2886 1150 ac
2911 1096 3125 1151 dicendi
3161 1096 3341 1165 inopia
3367 1111 3465 1152 an-

1872 1195 2071 1259 gustat.
2131 1185 2271 1241 Sunt
2327 1185 2571 1241 nonnulli
2625 1186 2716 1256 qui
2772 1183 3066 1241 efﬁcaciam
3115 1185 3330 1242 dicendi
3380 1187 3462 1243 lo-

1872 1279 2085 1351 quando
2112 1279 2331 1342 habent,
2382 1278 2477 1333 sed
2506 1293 2733 1334 acumen
2773 1278 3041 1333 sentiendi
3087 1292 3194 1333 non
3239 1277 3462 1333 habent.

1871 1371 1939 1425 Et
1987 1377 2113 1424 sunt
2177 1368 2423 1424 nonnulli
2478 1369 2569 1439 qui
2621 1369 2857 1424 acumini
2926 1369 3194 1425 sentiendi
3246 1370 3463 1426 subnixi

1872 1471 2018 1527 sunt,
2049 1461 2141 1517 sed
2170 1477 2235 1517 ex
2280 1460 2463 1532 inopia
2501 1460 2793 1515 locutionis
2820 1461 3220 1517 obmutescunt.
3269 1459 3377 1516 Sed
3407 1463 3461 1516 in

1871 1555 2032 1611 beato
2063 1557 2180 1610 viro
2229 1552 2459 1609 Baldath
2502 1569 2627 1610 cum
2685 1554 3139 1624 multiplicitatem
3192 1555 3466 1611 sermonis

172 1648 351 1718 factus
389 1667 508 1705 sum
536 1653 871 1723 mihimetipsi
911 1655 1387 1724 gravis?—-Tunc
1417 1656 1520 1711 sibi
1550 1664 1769 1710 contra-
1801 1632 1845 1693 Β
1873 1650 1956 1705 ori
2000 1649 2208 1714 tribuit,
2259 1648 2504 1720 proiecto
2570 1648 2807 1718 inopiam
2854 1650 3037 1705 cordis
3086 1647 3458 1719 reprehendit.

172 1740 317 1795 rium
356 1741 501 1797 Deus
530 1743 803 1799 hominem
833 1746 1031 1814 posuit,
1081 1762 1205 1801 cum
1252 1747 1415 1801 homo
1442 1747 1609 1801 Deum
1640 1761 1769 1816 pcc-
1868 1742 1947 1797 Ac
1973 1742 2019 1797 si
2050 1749 2235 1812 aperte
2274 1742 2456 1797 dicat:
2480 1740 2823 1796 Abundantia
2855 1741 3079 1811 spiritus
3123 1742 3175 1797 in
3206 1756 3464 1799 sermone

167 1834 352 1889 cando
390 1833 701 1905 dereliquit.
754 1835 1037 1908 Serpentis
1083 1839 1283 1911 quippe
1331 1838 1771 1910 persuasionibus
1868 1835 1979 1889 oris
2007 1834 2288 1899 attolleris,
2329 1834 2426 1889 sed
2477 1847 2669 1890 sensus
2721 1834 3017 1907 indigentia
3062 1836 3457 1906 coangustaris.

166 1934 388 1995 aptus,
422 1926 599 1982 hosds
631 1925 751 1994 ejus
773 1929 1003 1993 exstitit,
1033 1929 1186 1997 cujus
1221 1938 1488 2000 praecepta
1520 1938 1768 1984 contem-

166 2015 299 2085 psit.
345 2014 456 2071 Sed
511 2017 627 2073 bazc
674 2019 789 2088 ipsa
843 2019 1206 2075 contrarietas
1256 2020 1428 2089 culpae
1475 2019 1617 2075 facta
1687 2028 1774 2074 est

168 2108 382 2164 homini
411 2110 626 2180 pondus
651 2126 845 2181 preme,
876 2121 931 2167 et
955 2114 1222 2169 cervicem
1245 2114 1424 2169 cordis
1454 2113 1767 2185 erigendum

165 2200 476 2270 supposuit,
504 2201 631 2271 quia
667 2204 759 2272 qui
788 2204 1014 2259 subesse
1041 2205 1241 2261 divinis
1284 2204 1622 2275 jnssionibus
1672 2220 1769 2261 no-

164 2289 287 2354 luit,
319 2293 427 2347 sub
456 2293 572 2348 suis
619 2308 678 2348 se
715 2297 1133 2353 necessitatibus
1186 2299 1406 2353 stravit.
1462 2298 1598 2352 Nam
1653 2298 1768 2353 otio

165 2380 437 2448 tabescit,
490 2399 657 2453 opere
701 2383 909 2448 deﬁcit,
960 2386 1082 2442 cibo
1138 2387 1410 2453 reﬁcitur,
1465 2395 1522 2442 et
1571 2398 1768 2443 czetera

164 2472 502 2542 hujusmodi.
532 2473 684 2549 biens
724 2491 941 2546 quoque
968 2480 1126 2533 modo
1154 2495 1251 2551 spe
1293 2480 1576 2550 decipitur,
1605 2481 1767 2535 modo

161 2581 371 2636 pavore
398 2576 652 2622 vexatur.
684 2566 847 2624 Amat
892 2584 1035 2639 saepe
1084 2573 1227 2640 quod
1286 2573 1628 2642 despexerat,
1672 2573 1767 2629 de-

163 2658 328 2728 spicit
391 2661 540 2729 quod
597 2670 898 2716 amaverat.
979 2662 1246 2733 Repulsus
1311 2668 1458 2721 enim
1515 2667 1679 2721 homo
1733 2683 1762 2721 a

161 2766 355 2816 carne,
399 2751 717 2819 molestias;
751 2762 805 2809 et
859 2754 913 2809 in
945 2764 1127 2812 mente
1166 2759 1500 2827 qnzestiones
1547 2759 1761 2827 tolerat,

161 2859 332 2917 grave
373 2844 635 2900 nimirum
691 2847 904 2917 pondus
964 2849 1317 2919 semetipsum
1371 2860 1571 2921 portat.
1627 2851 1763 2908 Hinc

1871 1926 2131 1999 Sequitur
2166 1947 2180 1983 :

1940 2018 2105 2074 Vens.
2154 2021 2207 2074 5.
2269 2019 2527 2086 Nunquid
2573 2021 2717 2076 Deus
2757 2022 3061 2092 supplantat
3090 2021 3378 2092 judicium,
3408 2030 3461 2077 et

1872 2109 2208 2179 Omnipotens
2235 2113 2482 2167 subvertit
2508 2114 2649 2184 quod
2680 2115 2889 2185 justum
2930 2123 3006 2168 est
3032 2117 3057 2168 Ρ
3083 2145 3150 2154 -
3176 2113 3303 2169 Haec
3325 2114 3458 2170 bea-

1869 2211 1954 2258 tus
1980 2200 2082 2258 Job
2116 2219 2214 2259 nec
2240 2203 2466 2274 loquens
2493 2216 2806 2276 negaverat,
2840 2220 2939 2261 nec
2966 2205 3201 2260 reticens
3244 2206 3461 2277 ignora-

1866 2295 1977 2350 bat.
2034 2294 2140 2349 Sed
2192 2311 2449 2366 procaces
2504 2299 2706 2369 quippe
2757 2298 2923 2352 etiam
3002 2307 3128 2353 nota
3179 2297 3462 2365 jactanter

1866 2387 2167 2457 proferunt,
2196 2396 2257 2443 ut
2304 2388 2574 2460 loquendo
2614 2390 2755 2444 docti
2804 2389 3115 2444 videantur.
3164 2388 3458 2445 Sciendum

1865 2494 1997 2534 vero
2062 2488 2167 2544 est,
2219 2478 2345 2549 quia
2395 2480 2591 2535 divina:
2627 2480 2854 2551 justitize
2906 2480 3284 2535 rectitudinem
3329 2492 3461 2538 tunc

1866 2570 2108 2636 laudant,
2156 2586 2280 2625 cum
2316 2586 2376 2627 se
2410 2572 2477 2625 ad
2522 2571 2774 2641 gaudium
2806 2570 3151 2628 incolumitas
3188 2572 3456 2629 sublevat.

1867 2664 1972 2719 Sed
2011 2665 2054 2719 si
2087 2680 2275 2719 eorum
2304 2664 2471 2719 vitam
2508 2664 2805 2735 quamlibet
2837 2665 3079 2721 breviter
3105 2667 3186 2721 vis
3208 2681 3457 2737 superna:

1866 2757 2221 2812 correctionis
2277 2758 2537 2829 attigerit,
2592 2757 2793 2827 pulsati
2863 2760 3115 2828 protinus
3167 2760 3453 2816 consilium

1866 2849 2034 2905 divini
2061 2849 2331 2905 examinis
2361 2850 2663 2921 increpant.
2708 2852 2825 2907 Non
2872 2851 3069 2907 mirum
3100 2869 3229 2925 ergo
3271 2854 3317 2909 si
3366 2854 3456 2911 hic

161 2939 433 3009 scriptum
460 2947 582 2994 est:
631 2957 652 2990 ι
705 2938 882 2996 Grave
926 2941 1116 3012 jugum
1164 2958 1327 3012 super
1369 2942 1506 2999 ﬁlios
1532 2944 1702 2998 Adam
1730 2959 1760 2999 a
1789 2983 1834 3045 Ο
1867 2942 2103 2996 divinam
2139 2939 2412 3009 justitiam
2463 2943 2667 3010 laudat,
2727 2944 2819 3017 qui
2867 2945 3002 3001 nihil
3041 2948 3256 3003 adversi
3297 2950 3366 3005 ab
3392 2964 3457 3006 ea

160 3031 248 3087 die
274 3034 462 3085 exitus
507 3030 573 3085 de
602 3040 793 3086 ventre
822 3032 1013 3088 matris
1054 3047 1262 3097 eorum,
1308 3048 1477 3103 usque
1521 3033 1587 3087 ad
1617 3034 1759 3089 diem

159 3125 464 3195 sepultura:
489 3126 540 3181 in
571 3135 745 3182 matre
772 3128 1014 3181 omnium
1064 3124 1252 3198 (Eccli.
1285 3143 1387 3192 χι,
1430 3128 1505 3198 1).
1546 3147 1566 3181 ι
1606 3127 1685 3182 Ac
1714 3127 1760 3183 si

159 3235 296 3291 ergo
327 3229 526 3292 aperte
562 3222 752 3276 dicat:
782 3223 893 3277 Cur
933 3222 1088 3291 quasi
1132 3223 1465 3277 contrarium
1515 3222 1612 3276 tibi
1658 3222 1760 3276 ho-

161 3314 374 3369 minem
422 3313 679 3384 despicis,
733 3314 824 3384 qui
875 3321 1059 3370 certus
1091 3315 1227 3379 scio,
1282 3315 1407 3383 quia
1464 3314 1644 3383 perire
1676 3313 1759 3368 vel

160 3405 339 3475 ipsum
373 3418 536 3475 quem
567 3404 847 3476 despicere
875 3405 1196 3472 credideris,
1245 3420 1353 3461 non
1392 3406 1512 3462 vis?
1562 3404 1759 3475 Sequi-

161 3504 250 3551 ιω·
278 3511 296 3551 Ξ

226 3584 407 3641 Vens.
469 3586 560 3640 2|.
626 3586 737 3641 Cur
776 3604 881 3642 non
931 3587 1071 3642 tollis
1128 3597 1396 3658 peccatum
1460 3605 1653 3653 meum,
1710 3599 1760 3643 et

159 3690 326 3744 quare
350 3691 456 3729 non
482 3675 663 3745 aufers
690 3676 1024 3745 iniquitatem
1056 3679 1264 3732 meam?
1301 3708 1372 3718 —
1397 3677 1607 3746 Quibus
1638 3693 1762 3746 pro-

159 3766 304 3823 iecto
327 3767 534 3831 verbis,
579 3768 709 3837 quid
741 3768 886 3823 aliud
940 3785 1103 3838 quam
1159 3770 1485 3825 desiderium
1532 3780 1761 3841 prmsto-

160 3860 329 3918 lantis
393 3861 709 3917 Mediatoris
760 3863 1040 3917 innuitnr?
1086 3866 1163 3919 De
1193 3881 1300 3935 quo
1344 3865 1584 3921 Joannes
1633 3867 1756 3921 ait:

166 3972 186 4005 ε
212 3954 366 4009 Ecce
379 3954 564 4024 Agnus
582 3954 698 4020 Dei,
722 3974 740 4006 ι
777 3965 831 4008 et
860 3956 1063 4025 reliqua
1081 3956 1262 4021 (Joan.
1287 3973 1324 4021 ι,
1348 3957 1461 4027 29).
1487 3956 1581 4013 Vel
1614 3968 1761 4013 certe

162 4046 228 4101 ab
270 4048 522 4101 humano
566 4062 764 4115 genere
816 4056 944 4101 tunc
994 4060 1273 4118 peccatum
1325 4050 1479 4119 plene
1533 4050 1756 4116 tollitur,

165 4151 287 4193 cum
347 4153 445 4208 per
490 4139 912 4208 incorruptionis
960 4140 1184 4211 gloriam
1234 4150 1420 4195 nostra
1485 4143 1761 4211 corruptio

164 4238 530 4303 permutatnr.
575 4232 953 4301 Redemptoris
990 4248 1118 4303 ergo
1152 4234 1403 4303 gratiam,
1449 4233 1534 4289 vel
1578 4250 1760 4290 resur-

1857 3032 2064 3103 justitia
2097 3035 2385 3091 tolerabat.
2425 3035 2681 3108 Sequitur
2708 3054 2723 3092 :

1940 3125 2101 3182 Vens.
2150 3126 2205 3180 4.
2261 3126 2492 3183 Etiamsi
2547 3130 2648 3199 filii
2686 3131 2765 3184 tui
2801 3143 3141 3203 peccaverunt
3169 3135 3250 3201 ei,
3298 3144 3346 3189 et
3368 3136 3452 3190 di-

1862 3216 2003 3271 misit
2046 3233 2132 3271 eos
2164 3218 2218 3271 in
2264 3234 2452 3273 manus
2495 3221 2783 3291 iniquitatis
2821 3238 2951 3276 sum.
3001 3255 3073 3264 —
3103 3223 3179 3279 Ac
3219 3225 3264 3280 si
3307 3225 3449 3281 allii-

1862 3308 1966 3362 ctis
2016 3308 2299 3364 catholicis
2351 3325 2592 3366 errorem
2659 3313 3044 3383 praedicatores
3102 3315 3442 3385 przedicant:

1862 3398 2001 3456 Vitae
2054 3409 2249 3456 vestrae
2296 3403 2596 3472 providete,
2625 3412 2683 3459 et
2708 3420 2869 3473 quam
2899 3421 3159 3477 perversa
3193 3408 3443 3476 teneatis,

1861 3507 1927 3547 ex
1953 3492 2270 3563 eorumsqui
2306 3493 2450 3547 inter
2495 3509 2592 3549 vos
2626 3494 2865 3551 defuncti
2915 3506 3062 3562 sunt,
3095 3499 3443 3555 damnatione

1862 3585 2194 3654 cognoscite,
2245 3584 2371 3653 quia
2434 3584 2713 3641 Conditori
2771 3588 3012 3642 omnium
3067 3590 3171 3643 nisi
3228 3590 3453 3661 perﬁdia

1861 3685 2042 3731 vestra
2077 3675 2408 3745 displiceret,
2454 3692 2794 3747 nequaquam
2832 3695 2861 3733 a
2887 3678 3038 3735 vobis
3066 3689 3175 3735 tam
3201 3698 3455 3738 numero-

1862 3784 1954 3825 sos
1982 3768 2208 3837 populos
2233 3768 2457 3823 interitu
2483 3769 2740 3825 sawiente
2769 3772 3121 3826 subtraxerit.
3154 3772 3450 3843 Sequitur:

1934 3856 2098 3911 Vens.
2156 3857 2210 3911 5.
2270 3856 2348 3911 Tu
2411 3867 2587 3912 tamen
2644 3860 2690 3913 si
2764 3859 3002 3915 diluculo
3050 3864 3344 3918 surrexeris
3381 3865 3454 3919 ad

1863 3953 2053 4017 Deum,
2086 3960 2133 4006 et
2172 3954 2572 4020 omnipotentem
2616 3951 2921 4020 deprecatus
2971 3952 3158 4022 (lteris.
3208 3985 3274 3994 --
3314 3954 3452 4023 Quia

1862 4044 2008 4097 enim
2071 4042 2315 4096 haeretici
2369 4050 2556 4097 tenere
2613 4041 2787 4096 lucem
2843 4044 3094 4100 veritatis
3154 4047 3449 4113 mstimant,

1863 4145 2105 4189 sanetam
2146 4133 2445 4187 Ecclesiam
2478 4134 2634 4203 quasi
2681 4133 2734 4187 in
2781 4136 2985 4190 erroris
3028 4146 3185 4192 nocte
3219 4140 3452 4207 positam

1863 4228 1930 4281 ad
1980 4225 2273 4281 diluculum
2304 4225 2549 4280 veritatis
2585 4234 2799 4288 vocant,
2853 4236 3119 4296 quatenus
3158 4239 3209 4284 et
3238 4246 3336 4300 per
3360 4246 3453 4285 co-

164 4322 432 4378 rectionis
487 4322 818 4377 soliditatem
878 4323 1181 4389 desiderat,
1253 4326 1343 4394 qui
1418 4326 1755 4396 iniquitatem
1787 4340 1838 4400 ι)
1863 4320 2160 4392 εηὶιῖοηθῐη
2192 4318 2306 4381 θεῖ,
2337 4318 2491 4387 quasi
2531 4333 2631 4388 Per
2674 4318 2966 4374 dilUCUlUm
2996 4330 3240 4392 surgant,
3271 4332 3323 4378 el
3354 4338 3453 4393 per

168 4426 320 4466 suam
353 4410 597 4467 funditus
624 4411 822 4466 auierri
871 4422 1076 4483 sperat.
1108 4414 1364 4483 Sequitur
1398 4433 1410 4469 :
1458 4416 1591 4470 Ecce
1621 4434 1757 4472 nunc

171 4504 223 4557 in
242 4504 455 4575 puluere
479 4507 766 4572 dormiam,
787 4515 835 4560 et
866 4508 911 4560 si
929 4524 1082 4560 mane
1111 4524 1191 4561 me
1217 4508 1489 4577 qua’sieris
1520 4510 1760 4563 nonsub-

173 4597 373 4653 sistam.
389 4629 461 4639 —
474 4598 726 4654 Peccanti
742 4598 920 4669 primo
934 4598 1138 4652 homini
1157 4598 1359 4653 dictum
1376 4608 1477 4653 est.
1501 4619 1512 4653 :
1538 4620 1553 4650 ‹
1576 4599 1759 4655 Pulvis

174 4705 254 4757 es,
279 4702 334 4746 et
357 4692 410 4747 in
441 4693 718 4761 pulverem
747 4690 1028 4762 ibis_(Gen.
1063 4708 1159 4756 tu,
1194 4691 1303 4762 l9).
1340 4711 1358 4743 ι
1394 4691 1551 4747 Mane
1576 4702 1756 4748 autem

176 4782 369 4838 dicitur
391 4784 482 4837 illa
514 4792 642 4838 tunc
682 4780 1051 4838 manifestatio
1084 4782 1368 4846 mentium,
1410 4799 1529 4853 quae
1571 4785 1623 4838 in
1664 4785 1757 4838 ad-

179 4882 334 4928 ventu
372 4873 592 4942 judicis,
626 4872 833 4942 apertis
860 4873 1280 4942 cogitationibus
1308 4873 1461 4942 quasi
1513 4881 1633 4943 post
1660 4887 1756 4927 no-

181 4965 278 5018 ctis
326 4963 575 5020 tenebras
625 4963 1052 5018 demonstratur.
1113 4965 1249 5019 Hinc
1296 4964 1581 5019 Psalmista
1630 4964 1752 5017 ait:

187 5071 205 5105 ι
238 5053 391 5111 Mane
421 5055 608 5110 astabo
648 5056 746 5109 tibi
795 5063 847 5107 et
901 5054 1091 5113 videbo
1128 5056 1301 5128 (Psal.
1344 5072 1398 5119 v,
1430 5055 1507 5125 5).
1545 5074 1563 5106 ι
1608 5053 1759 5120 Quae-

187 5159 300 5199 rere
342 5149 513 5202 autem
577 5146 672 5201 Dei
707 5153 794 5199 est
848 5146 1048 5203 homini
1104 5147 1287 5205 subtili
1335 5145 1759 5216 interrogatione

185 5233 460 5303 discutere,
499 5250 554 5296 et
597 5237 850 5294 districte
895 5238 1236 5296 discutiendo
1282 5238 1546 5309 judicare.
1603 5238 1682 5291 Ac
1710 5234 1754 5289 si

1862 4428 2054 4487 preces
2079 4412 2412 4482 poenitentiae
2438 4423 2659 4482 peccata
2710 4413 2936 4468 diluant.
2973 4413 3269 4484 Sequitur:

1935 4505 2099 4560 Vens.
2147 4502 2200 4556 6.
2261 4500 2323 4557 Si
2348 4504 2577 4557 mundus
2621 4511 2669 4557 et
2694 4513 2862 4557 rectus
2895 4506 3275 4559 incesseris.—
3299 4505 3453 4561 Mun-

1864 4596 1965 4652 dus
1991 4594 2245 4649 videlicet
2274 4594 2326 4648 in
2366 4594 2719 4665 cogitatione,
2752 4605 2933 4651 rectus
2958 4598 3010 4650 in
3038 4612 3220 4667 Opere.
3257 4584 3451 4668 Sequi-

1863 4698 1952 4743 tur
1979 4706 1992 4743 :
2040 4687 2235 4743 Statim
2273 4686 2537 4756 evigilabit
2566 4685 2634 4739 ad
2663 4697 2730 4739 le.
2754 4690 2922 4743 —Ac
2966 4689 3009 4743 si
3041 4701 3226 4759 aperte
3258 4690 3399 4744 dicat
3440 4711 3453 4746 :
3554 4688 3569 4701 ”

1865 4780 2002 4847 Quia
2031 4781 2074 4835 is
2114 4778 2206 4848 Qui
2252 4793 2398 4833 nunc
2429 4778 2871 4833 tribulationibus
2915 4781 3019 4835 tuis
3061 4782 3314 4835 virtutem
3351 4791 3457 4835 tuae

1864 4872 2217 4941 protectionis
2245 4884 2351 4923 non
2389 4872 2585 4933 exerit,
2611 4868 2763 4937 quasi
2808 4869 2876 4923 ab
2906 4871 3171 4941 adjutorio
3200 4870 3458 4927 lnesitan-

1868 4962 1938 5017 tis
1985 4962 2206 5015 dormit.
2235 4960 2537 5027 Sequitur:
2582 4960 2646 5013 Et
2676 4970 2919 5029 pacatum
2961 4962 3134 5013 reddet
3177 4959 3459 5016 habitacu-

1865 5053 1974 5108 lum
2002 5054 2229 5124 justiliaz
2278 5060 2405 5106 tute.
2437 5086 2507 5096 —
2536 5052 2682 5110 Idem
2732 5052 3014 5119 przcsentls
3067 5049 3191 5101 vita:
3239 5059 3456 5105 contra-

1867 5147 2090 5201 rietates
2129 5147 2409 5209 admonet,
2435 5158 2496 5201 ut
2524 5142 2931 5211 tranquillitatis
2974 5140 3216 5209 protinus
3247 5144 3458 5197 securi-

1863 5244 2025 5290 tatem
2071 5237 2283 5305 probet.
2330 5232 2638 5305 Sequitur:
3466 5226 3467 5229 “
