4004 5340
555 267 660 329 187

1523 271 1587 328 s.
1624 267 1874 330 occurs
1909 271 2200 328 sensus
2237 245 2730 334 CLUNIACENS‘lS
2759 277 2808 333 ιι

3703 289 3790 345 188

555 383 670 439 lum
719 379 944 452 iustitiae
987 381 1272 438 consilium
1325 383 1528 440 mentis
1562 393 1740 453 vocat,
1800 383 2013 458 amictis
2051 387 2388 452 ca-Asunt,
2433 389 2693 458 prepheta
2743 395 3058 453 attestante,
3111 388 3204 458 qui
3249 389 3366 444 ait:
3403 410 3421 442 c
3470 391 3649 450 Omnis
3679 414 3783 454 caro

559 473 790 538 tholieis,
849 485 1093 526 errorum
1145 473 1390 543 magistri
1449 483 1704 544 pacatum
1773 455 2142 531 habitaculum

555 562 777 633 iustitia:
817 563 1164 632 promittunt,
1211 564 1366 632 quasi
1421 577 1518 620 eos
1551 565 1619 619 ad
1657 579 1754 620 sua
1797 565 2142 635 pertrahunt,

557 655 804 726 profecto
848 670 881 709 a
924 656 1270 712 contentione
1313 648 1703 713 conticescunt.
1743 655 1886 729 Opes
1931 674 2145 730 quoque

559 745 937 816 intelligentiae
965 747 1314 817 sequentibus
1355 749 1620 818 spondent
1663 764 1934 816 crescere,
1963 752 2146 806 dicen-

559 845 683 894 tes:
734 835 1010 892 Intantum
1054 845 1110 895 ut
1153 839 1334 908 priora
1387 848 1480 894 tua
1528 839 1725 909 fuerint
1769 857 1951 912 parva.
2000 841 2145 897 Sub-

563 927 712 982 ditur
749 945 764 982 :

629 1019 796 1074 Vens.
856 1019 910 1076 8.
967 1019 1245 1092 Interroga
1307 1023 1445 1076 enim
1511 1023 1897 1094 generationem
1965 1025 2146 1095 pristi-

561 1125 706 1175 nam,
751 1119 803 1164 et
848 1108 1126 1182 diligenter
1179 1113 1429 1184 investiga
1467 1123 1677 1186 patrum
1722 1115 2148 1170 memoriam.—

559 1201 979 1258 Gencrationem
1023 1204 1310 1274 pristinam
1341 1221 1407 1262 ac
1433 1217 1648 1276 patrum
1689 1207 2007 1264 memoriam
2051 1223 2145 1265 ne-

564 1311 836 1367 quaquam
896 1298 1090 1365 videri,
1149 1301 1244 1356 sed
1307 1301 1620 1371 investigari
1665 1305 1978 1370 admonent,
2017 1306 2145 1376 quia

559 1387 664 1443 hoc
705 1388 757 1441 in
785 1402 848 1442 ea
881 1387 1068 1443 nolunt
1095 1391 1359 1462 conspici,
1399 1395 1544 1464 quod
1583 1394 1788 1466 liquido
1817 1396 2027 1452 cunctis
2051 1411 2144 1468 pa-

560 1485 658 1533 tet.
700 1477 1054 1550 Suhjungitur
1079 1498 1092 1535 :

631 1566 793 1622 Vsus.
840 1568 892 1623 9.
945 1567 1186 1625 Hesterni
1237 1574 1424 1645 quippe
1478 1559 1681 1642 sumus,
1741 1587 1789 1632 et
1844 1577 2146 1649 ignoramus

561 1658 819 1729 quomodo
845 1661 979 1714 sicut
1022 1663 1205 1717 umbra
1235 1663 1346 1746 dies
1381 1668 1546 1721 nostri
1582 1679 1700 1722 sunt
1731 1685 1887 1738 super
1925 1680 2140 1724 terram.

2245 476 2426 533 fenum
2469 479 2602 551 (lea.
2636 495 2725 546 ιι,
2752 478 2832 550 6).
2866 497 2886 532 ι
2920 479 3025 535 Sed
3073 489 3198 536 ante
3230 497 3420 538 omnes
3457 483 3646 540 herbas
3673 489 3779 546 scir-

2244 582 2346 635 pus
2373 583 2623 625 arescere
2664 569 2884 636 dicitur,
2915 571 3041 640 quia
3080 571 3242 640 justis
3287 573 3340 626 in
3375 573 3518 629 bono
3555 591 3646 630 suo
3682 595 3784 648 per-

2247 659 2606 725 maneutibus,
2655 661 2721 714 ad
2769 660 3096 714 viriditatem
3146 671 3436 732 assumptus
3485 665 3788 723 rectitudinis

2246 741 2652 820 hypocritar'um
2675 751 2785 806 vita
2814 753 3068 806 siccatur.
3100 753 3371 808 Arescunt
3417 755 3614 820 herba,
3648 759 3784 812 etiam

2249 840 2474 911 reliqua,
2507 842 2632 910 quia
2673 843 2941 912 iustorum
2979 859 3138 913 opera
3179 860 3300 900 cum
3345 849 3526 902 carnis
3549 849 3650 902 vita
3685 849 3792 905 dell-

2247 928 2414 982 ciunt.
2446 929 2552 985 Sed
2598 931 2898 988 herbarum.
2935 934 3240 989 ariditatem
3288 937 3501 1008 scirpus
3547 942 3792 1009 przevenit,

2230 1019 2374 1089 quia
2399 1017 2712 1090 priusquam
2739 1023 3020 1094 hypocrita
3049 1025 3114 1080 de
3139 1041 3303 1082 carne
3333 1036 3590 1094 transeat,
3621 1045 3677 1084 ea
3698 1045 3794 1099 quzc

2248 1107 2302 1162 in
2353 1123 2413 1163 se
2461 1110 2792 1174 ostenderat,
2825 1113 3084 1166 virtutum
3131 1113 3270 1168 facta
3312 1115 3654 1184 derelinqnit;
3685 1117 3794 1174 Hinc

2249 1197 2509 1268 scriptum
2533 1209 2654 1255 est:
2695 1218 2714 1252 ε
2749 1201 2909 1256 Fiant
2939 1203 3076 1257 sicut
3103 1203 3283 1258 fenum
3309 1205 3652 1260 aediﬁciorum
3677 1207 3794 1277 quod

2249 1290 2563 1361 priusquam
2611 1291 2895 1359 evellatur,
2941 1295 3153 1349 exaruit
3185 1294 3355 1366 (Psal.
3401 1311 3639 1362 cxxvm,
3678 1297 3742 1368 6).
3776 1316 3794 1352 ι

2250 1381 2388 1449 Quid
2434 1383 2644 1440 cunctis
2686 1385 2939 1454 operibus
2967 1387 3078 1440 suis
3107 1395 3313 1456 sperat,
3357 1387 3464 1441 nisi
3499 1388 3706 1444 honoris
3732 1403 3800 1442 re-

2250 1475 2570 1540 verentiam,
2605 1474 2832 1546 gloriam
2868 1475 3061 1540 laudis,
3094 1490 3123 1530 a
3152 1477 3466 1531 melioribus
3491 1477 3671 1542 metui,
3703 1492 3801 1532 san-

2252 1576 2372 1624 ctus
2418 1569 2486 1622 ab
2537 1569 2846 1625 hominibus
2902 1570 3126 1624 vocari?
3188 1569 3298 1624 Sed
3341 1584 3657 1641 permanere
3705 1583 3804 1640 spes

2251 1659 2544 1732 hypocrita:
2569 1677 2675 1716 non
2705 1662 2864 1727 valet,
2893 1663 3014 1732 quia
3046 1663 3403 1716 :eteruitatem
3431 1679 3536 1718 non
3566 1677 3798 1732 quaarens,

561 1747 960 1806 -—-Generatio‘
998 1752 1181 1823 itaque
1209 1731 1438 1825 pristina
1467 1731 1853 1831 interroganda
1895 1747 2150 1832 pmponi-
2178 1731 2225 1792 Β
2255 1731 2388 1819 mg“
2415 1749 2556 1819 (ιυοά
2593 1757 2757 1805 ῑθηθῑ·
2792 1751 2865 1804 ΠΒ
2891 1731 3086 1819 (imbus
3132 1751 3348 1806 vernas
3379 1751 3509 1806 die“
3541 1769 3554 1805 ε
3586 1731 3610 1803 ί(
3655 1750 3806 1804 “009‘

565 1848 674 1906 tur,
705 1850 765 1896 ut
793 1844 1028 1898 transire
1062 1853 1275 1915 tempus
1305 1848 1429 1902 vitae
1470 1851 1756 1919 praesentis
1794 1851 1934 1908 sicut
1961 1855 2152 1908 umbra

563 1940 922 1996 monstretur,
973 1933 1102 2004 quia
1130 1935 1386 2000 videlicet
1412 1938 1457 1992 si
1492 1953 1554 1994 ca
1581 1955 1702 2010 quae
1738 1952 1916 2005 erant,
1963 1949 2017 1996 et
2037 1941 2155 2010 jam

521 2082 527 2087 ,
564 2031 814 2078 tranacta
852 2023 1175 2098 [transacta]
1204 2036 1350 2093 sunt,
1381 2029 1448 2083 ad
1476 2031 1794 2086 memoriam
1823 2032 2152 2097 reducimus,

567 2120 817 2182 patenter
871 2115 1216 2185 agnoscimus
1269 2134 1431 2188 quam
1479 2119 1730 2178 celeriter
1779 2122 1884 2179 hoc
1941 2139 2157 2195 quoque

568 2199 744 2274 fugiat
774 2205 916 2274 quod
958 2212 1224 2260 tenemus.
1277 2207 1578 2277 Sequitur:

641 2292 804 2348 Vsus.
846 2294 930 2349 l0.
985 2294 1098 2366 Ipsi
1129 2297 1382 2353 docebunt
1406 2309 1477 2366 te,
1501 2309 1549 2355 et
1582 2301 1646 2356 de
1665 2304 1825 2358 corde
1862 2321 1957 2360 suo
1986 2307 2158 2377 profe-

569 2393 692 2439 runt
721 2386 946 2458 eloquia.
971 2418 1042 2428 —
1070 2387 1376 2446 Notandum
1415 2393 1558 2462 quod
1609 2393 1858 2464 superius
1899 2394 2110 2452 dixerat
2140 2413 2154 2453 :

570 2476 802 2548 Spiritus
826 2480 935 2534 oris
966 2482 1064 2534 tui.
1098 2480 1252 2538 Nunc
1281 2498 1412 2539 vero
1454 2484 1694 2540 reductis
1736 2487 1804 2540 ad
1833 2488 2154 2542 memoriam

569 2568 814 2638 patribus
841 2569 1013 2626 dicit:
1055 2571 1134 2626 De
1159 2575 1315 2628 corde
1359 2591 1457 2630 suo
1504 2576 1776 2647 proferunt
1822 2577 2050 2648 eloquia.
2083 2581 2161 2636 Ac

470 2736 472 2740 τ
570 2659 615 2714 si
647 2659 814 2714 vitam
854 2672 1057 2718 sanctae
1097 2663 1356 2720 Ecclesiae
1405 2665 1645 2721 luerctici
1694 2667 2027 2724 detestantes
2075 2670 2157 2724 di-

569 2757 742 2806 cant:
803 2751 1258 2824 Multiplicitatem
1315 2756 1544 2828 spiritus
1601 2757 1773 2815 babes
1823 2759 1878 2814 in
1930 2777 2046 2826 ore,
2105 2762 2158 2816 in

572 2841 736 2896 corde
763 2857 871 2897 non
919 2843 1104 2900 habes.
1151 2845 1256 2902 Sed
1286 2847 1360 2902 illi
1393 2857 1580 2904 contra
1616 2857 1672 2904 te
1718 2851 1969 2906 audiendi
2013 2861 2158 2917 sunt,

574 2931 665 3002 qui
707 2934 870 2988 verba
898 2950 962 2990 ex
1005 2937 1169 2992 corde
1211 2937 1552 3008 proferentes
1601 2947 1752 2996 recta
1792 2941 2026 2997 vivendo
2065 2935 2163 2997 do-

575 3030 828 3081 cuerunt.
870 3024 1131 3097 Sequitur
1162 3042 1178 3082 :

645 3113 812 3170 Vsus.
867 3115 954 3180 Η,
989 3117 1072 3182 12,
1108 3117 1194 3174 15.
1245 3117 1500 3190 Nunquid
1533 3123 1696 3192 potest
1747 3123 1916 3178 vivere
1959 3123 2161 3192 scit-pus

579 3203 772 3276 absque
794 3205 1030 3270 humore,
1079 3218 1171 3262 aut
1196 3225 1423 3270 crescere
1443 3223 1703 3266 carectum
1729 3213 1840 3267 sine
1885 3214 2064 3284 aqua?
2095 3221 2164 3254 --'-

579 3291 678 3350 Cui
702 3296 911 3353 Baltath
938 3299 1176 3370 scirpum
1199 3301 1282 3367 vel
1305 3313 1576 3358 carectum
1593 3303 1886 3374 comparet,
1914 3305 2026 3374 ipse
2046 3319 2168 3373 pro-

582 3383 732 3440 tinus
783 3387 978 3457 aperit,
1038 3404 1160 3444 cum
1223 3391 1546 3462 subjungit:
1593 3393 1723 3446 Cum
1777 3393 1950 3454 adhuc
1999 3394 2066 3448 sit
2113 3395 2167 3448 in

581 3475 730 3543 ﬂore,
763 3494 854 3531 nec
877 3489 1126 3548 carpatur
1160 3497 1340 3546 manu,
1371 3492 1493 3537 ante
1521 3499 1696 3538 omnes
1741 3483 1928 3538 herbas
1955 3485 2176 3550 arescit,

583 3564 658 3620 sic
680 3567 778 3620 via:
807 3569 1041 3622 omnium
1070 3570 1158 3640 qui
1180 3569 1557 3626 obliviscuntur
1577 3573 1764 3638 Deum,
1788 3583 1836 3628 et
1875 3591 1989 3648 spes
2009 3575 2176 3644 hypo-

583 3659 730 3716 crita:
779 3662 988 3731 peribit.
1027 3693 1100 3702 —
1135 3662 1312 3734 Scirpi
1361 3679 1492 3736 ergo
1541 3665 1627 3720 vel
1681 3666 1884 3722 carecti
1930 3665 2169 3731 nomine,

584 3747 880 3824 hypocritm
907 3749 1073 3805 vitam
1116 3753 1316 3822 signat,
1347 3768 1468 3822 qua:
1509 3753 1744 3826 speciem
1787 3755 2000 3824 quidem
2030 3755 2173 3810 veri-

586 3839 717 3896 tatis
743 3841 925 3906 habet,
957 3843 1052 3898 sed
1081 3843 1258 3898 adhuc
1299 3860 1461 3900 manu
1506 3845 1877 3901 ususfructum
1921 3846 2173 3902 utilitatis

587 3949 693 3990 non
721 3935 902 3990 habet.
937 3936 1066 4002 Qutc
1091 3935 1392 3992 sterilitatis
1429 3951 1593 4006 Opere
1625 3937 1776 3992 arida
1820 3952 2171 4008 permanens,

587 4023 703 4080 solo
743 4025 1048 4080 sanctitatis
1097 4027 1278 4082 colore
1319 4027 1619 4090 viridescit.
1680 4026 1788 4084 Sed
1838 4043 2014 4096 neque
2059 4029 2176 4084 sine

589 4113 817 4169 humore
841 4116 1072 4186 scirpns,
1107 4133 1282 4189 neque
1321 4118 1438 4174 sine
1471 4134 1613 4189 aqua
1642 4127 1918 4176 carectum
1943 4118 2172 4188 prolicit,

590 4203 719 4274 quia
751 4203 1153 4274 hypocritarum
1186 4207 1298 4264 vita
1347 4211 1416 4263 ad
1459 4209 1600 4263 bona
1639 4223 1803 4278 opera
1847 4209 2174 4266 inlusionem

591 4294 808 4366 quidem
831 4297 1050 4366 superni
1081 4296 1300 4353 luminis
1327 4298 1572 4369 percipit,
1603 4299 1696 4354 sed
1719 4301 1773 4354 in
1805 4299 2015 4355 cunctis
2057 4313 2180 4370 qua:

593 4385 706 4457 agit
758 4387 1053 4442 exteriores
1101 4387 1289 4442 laudes
1326 4399 1606 4458 appetens,
1632 4405 1663 4442 a
1704 4388 1882 4444 fructu
1912 4397 2178 4459 perceptae

598 4475 886 4532 inlusionis
914 4476 1200 4532 inanescit.
1228 4476 1302 4532 De
1321 4479 1516 4548 quibus
1543 4477 1756 4533 Veritas
1779 4480 1910 4533 dicit.
1937 4497 1952 4533 :
1977 4498 1995 4530 ι
2029 4479 2180 4534 Multi

598 4568 780 4646 dicent
811 4568 944 4623 mihi
972 4568 1026 4622 in
1053 4567 1140 4622 illa
1170 4569 1256 4623 die
1286 4587 1300 4621 :
1339 4568 1588 4636 Domine,
1629 4570 1874 4636 Domine,
1907 4585 2085 4626 nonne
2125 4571 2181 4624 in

600 4661 821 4734 nomine
849 4670 941 4716 tuo
984 4661 1460 4732 prophetavimus?
1495 4681 1514 4712 ι
1541 4670 1594 4716 et
1617 4662 1826 4734 reliqua
1857 4661 2052 4734 (Marc.
2081 4677 2182 4729 vn,

597 4751 714 4825 22).
747 4750 973 4823 Scirpus
1013 4752 1067 4806 in
1111 4751 1242 4807 ﬂore
1266 4760 1370 4819 est,
1412 4753 1694 4824 hypocrita
1723 4752 1778 4807 in
1826 4751 2004 4806 laude.
2040 4751 2185 4832 Acu-

603 4845 676 4900 tis
711 4859 844 4900 vero
885 4845 1093 4914 angulis
1135 4859 1362 4916 surgens
1393 4854 1670 4900 carectum
1717 4859 1881 4898 manu
1918 4858 2026 4898 non
2067 4857 2188 4898 car—

600 4933 768 5006 pitur,
805 4934 930 5004 quia
982 4934 1321 5004 exasperatis
1370 4949 1468 5005 per
1510 4931 1878 5003 arrogantiam
1925 4931 2190 4997 sensibus,
2226 4993 2232 5004 ι

610 5025 678 5080 de
711 5024 977 5096 pravitate
1015 5041 1110 5080 sua
1159 5025 1442 5104 hypocrita
1481 5024 1680 5093 corripi
1731 5023 2078 5094 dedignatur.
2129 5021 2190 5078 In

604 5112 738 5170 llr-re
787 5131 885 5169 suo
933 5131 1152 5170 manum
1207 5115 1480 5185 carpentis
1527 5114 1739 5180 incidit,
1791 5114 1918 5184 quia
1949 5114 2002 5167 in
2032 5113 2191 5168 laude

606 5207 889 5278 hypocrita
918 5210 1145 5278 positus,
1179 5208 1225 5262 si
1254 5208 1396 5264 hunc
1424 5207 1654 5278 quisque
1677 5207 1951 5277 corripere
1973 5205 2190 5270 audeat,

611 5297 906 5340 nsnpritntp
962 5315 1056 5340 clm
1129 5297 1378 5340 nrntinne
1453 5297 1830 5340 pnnrininntnm
1907 5303 2076 5340 sanat-
2139 5301 2196 5340 ρι

2253 1847 2449 1908 perunt
2476 1840 2778 1894 mercedem
2807 1854 2962 1895 suam
3019 1839 3235 1912 (Matth.
3285 1854 3358 1908 vr,
3415 1839 3526 1911 16),
3557 1859 3595 1912 ι»
3647 1839 3804 1909 Sequi-

2259 1940 2347 1984 llll‘
2373 1947 2386 1984 ε

2329 2021 2496 2078 Vsus.
2541 2023 2629 2077 M.
2673 2022 2796 2078 Non
2837 2023 3059 2096 placebit
3106 2022 3344 2078 uecordia
3392 2040 3512 2079 sua.
3553 2021 3808 2090 —Magna-

2257 2113 2455 2185 quippe
2479 2115 2728 2170 vecordia
2770 2125 2874 2180 est,
2923 2115 3191 2171 laboriosa
3229 2131 3412 2186 agere,
3450 2126 3507 2171 et
3546 2115 3610 2170 ad
3644 2130 3799 2170 auram

2256 2205 2434 2261 laudis
2484 2207 2736 2272 inhiare,
2789 2207 2916 2262 forti
2973 2221 3134 2278 opere
3194 2207 3480 2278 praeceptis
3540 2205 3809 2263 cmlestibus

2259 2297 2540 2358 inservire,
2585 2299 2678 2352 sed
2708 2307 2938 2354 terrena:
2969 2297 3348 2352 retributionis
3397 2297 3666 2368 praemium
3690 2311 3802 2364 qua:-

2259 2405 2402 2444 rcre.
2437 2389 2544 2444 Sed
2593 2400 2771 2445 tamen
2823 2392 2926 2446 hac
2977 2391 3092 2460 ipsa
3143 2405 3239 2444 sua
3284 2389 3535 2444 vecordia
3583 2388 3809 2458 pascitur,

2261 2483 2386 2553 quia
2421 2497 2522 2552 pro
2570 2483 2712 2537 bono
2765 2497 2931 2552 opere
2979 2497 3009 2536 a
3068 2481 3280 2537 cunctis
3334 2481 3650 2536 honoratur.
3707 2475 3804 2530 Haec

2261 2587 2398 2628 vero.
2417 2587 2510 2626 sua
2540 2571 2588 2626 ei
2632 2572 2886 2626 vecordia
2914 2571 3090 2641 placet
3121 2571 3360 2635 interim,
3393 2571 3488 2626 sed
3519 2584 3620 2623 non
3663 2565 3809 2636 place-

2262 2665 2341 2718 bit
2388 2680 2510 2719 cum
2565 2665 2938 2719 retributionis
2990 2674 3198 2736 tempus
3245 2664 3544 2720 advenerit.
3582 2663 3636 2717 ln
3677 2672 3806 2730 poma

2263 2754 2526 2824 displicet,
2575 2755 2717 2824 quod
2757 2769 2946 2808 vecors
2973 2753 3092 2808 fuit.
3142 2754 3445 2824 Sequitur:
3489 2751 3552 2806 Et
3583 2753 3702 2806 sicut
3727 2747 3807 2802 tela

2271 2861 2588 2898 aranearum
2611 2845 2808 2914 ﬁducia
2829 2846 2967 2914 ejus.
2998 2875 3068 2886 »-
3099 2844 3244 2899 Bene
3266 2845 3666 2916 hypocritarum
3691 2839 3806 2893 lldu-.

2264 2937 2347 2989 cia
2373 2949 2694 2990 aranearum
2729 2935 2852 2990 telis
2879 2934 3070 2988 similis
3107 2934 3322 2998 dicitur,
3357 2933 3486 3003 quia
3509 2945 3660 2986 omne
3691 2923 3804 2996 quod

2265 3025 2330 3080 ad
2353 3024 2695 3080 obtinendum
2725 3025 2946 3095 gloriam
2973 3025 3218 3090 exsudat,
3248 3032 3446 3080 ventus
3467 3023 3586 3078 vita
3612 3015 3812 3075 mortalis

2269 3117 2512 3186 dissipat.
2555 3115 2690 3170 Nam
2733 3117 2990 3186 quoniam
3032 3125 3231 3172 (eterna
3271 3131 3378 3170 non
3419 3120 3672 3186 quazruut,
3701 3111 3808 3162 bona

2269 3207 2582 3276 temporalia
2647 3223 2769 3262 cum
2839 3216 3082 3277 tempore
3163 3207 3442 3262 amittunt.
3515 3199 3808 3262 Pcusandum

2266 3315 2480 3370 quoque
2507 3310 2612 3363 est,
2637 3300 2784 3367 quod
2837 3300 2925 3354 ﬁla
2970 3314 3184 3354 araneae
3213 3315 3309 3369 per
3337 3301 3582 3354 ordinem
3627 3295 3806 3350 ducunt.

2267 3391 2394 3458 quia
2446 3405 2541 3443 sua
2597 3388 2891 3458 hypocrita:
2951 3387 3105 3457 quasi
3152 3387 3252 3442 sub
3305 3387 3628 3443 discretione
3680 3391 3810 3448 ορθη

2270 3479 2578 3547 disponunt.
2615 3477 2953 3531 Aranearum
3012 3475 3116 3530 tela
3169 3476 3408 3532 studiose
3459 3474 3670 3536 texitur,
3709 3464 3808 3520 llam

2270 3569 2582 3638 dissipatur,
2611 3569 2734 3638 quia
2761 3568 3019 3636 quidquid
3050 3568 3332 3638 hypocrita
3355 3583 3480 3621 cum
3511 3564 3682 3617 labore
3716 3568 3810 3626 pet-

2271 3661 2402 3731 agit,
2437 3675 2572 3715 aura
2624 3659 2842 3714 humani
2885 3658 3088 3714 favoris
3123 3659 3282 3712 tollit.
3317 3657 3458 3712 Hinc
3494 3653 3689 3710 Veritas
3719 3645 3807 3699 ait!

2279 3770 2296 3802 ι
2339 3751 2708 3806 Exlerminant
2729 3753 2872 3805 enim
2897 3748 3062 3806 facies
3083 3765 3229 3814 suas,
3267 3769 3285 3802 ι
3315 3760 3370 3803 et
3401 3748 3604 3816 reliqua
3627 3735 3805 3812 (Matth-

2272 3857 2348 3906 γι,
2383 3840 2489 3912 16).
2529 3841 2844 3896 Sanctitatis
2875 3855 3018 3912 nuqc
3062 3841 3314 3895 iitluciam
3359 3839 3414 3893 in
3466 3853 3559 3893 ore
3582 3831 3812 3890 hominum

2275 3931 2454 4001 ponit,
2505 3931 2598 3985 sed
2651 3940 2946 3998 apparcnte
2995 3931 3176 3986 cordis
3227 3938 3382 3995 teste,
3436 3926 3665 4002 praeterit
3689 3928 3814 3974 omne

2275 4017 2419 4086 quod
2459 4018 2698 4072 exterius
2741 4019 2808 4074 de
2857 4021 3092 4075 humano
3139 4017 3325 4075 favore
3369 4017 3607 4074 conﬁdit.
3661 4004 3812 4077 Seqtli‘

2280 4119 2368 4164 tur
2398 4127 2410 4164 :

2353 4201 2516 4259 Vens.
2552 4203 2633 4260 15.
2683 4202 2942 4256 Iunititur
2973 4219 3145 4292 [super
3182 4203 3398 4258 domum
3445 4215 3607 4264 suam,
3641 4201 3684 4250 et
3724 4200 3807 4242 ηοη

2278 4295 2456 4349 stabit.
2489 4325 2560 4335 -—
2587 4295 2788 4359 Domus
2845 4290 3040 4351 t‘tostrte
3081 4294 3423 4364 cogitationis
3468 4301 3548 4348 est
3587 4302 3668 4344 res
3698 4290 3810 4352 quis

2282 4382 2414 4439 libet
2461 4401 2624 4456 quam
2693 4401 2788 4455 per
2843 4384 3256 4439 delectationem
3303 4385 3568 4440 inhabitat
3624 4373 3814 4432 animus-

2287 4476 2488 4530 Domus
2517 4476 2699 4546 itaque
2721 4474 3018 4546 hypocrita:
3041 4483 3125 4529 est
3149 4474 3438 4529 delectatio
3461 4467 3670 4528 favoris,
3689 4465 3820 4530 quam

2285 4567 2440 4636 quasi
2465 4567 2694 4634 quietus
2723 4565 3024 4630 inhabitat,
3055 4565 3180 4635 quia
3215 4581 3313 4636 per
3345 4573 3534 4620 cuncta
3579 4570 3664 4612 sua
3689 4555 3816 4618 ορεη

2285 4657 2354 4711 ad
2383 4655 2524 4708 hanc
2545 4669 2603 4708 se
2632 4655 2773 4708 intra
2809 4653 3049 4708 animum
3091 4653 3338 4708 reclinat.
3373 4651 3480 4708 Sed
3505 4649 3682 4703 domus
3703 4643 3818 4692 stare

2287 4761 2396 4801 non
2425 4745 2589 4810 valet,
2621 4746 2746 4814 quia
2774 4745 2896 4800 laus
2917 4760 3038 4802 cum
3071 4747 3180 4800 vita
3207 4745 3468 4816 praeterit,
3507 4749 3558 4797 et
3597 4734 3817 4828 humanus

2287 4835 2443 4890 favor
2473 4835 2524 4890 in
2554 4833 2756 4902 judicio
2801 4850 2906 4888 non
2936 4835 3199 4889 subsistit.
3248 4833 3401 4890 Unde
3439 4833 3591 4886 fatuae
3627 4823 3818 4887 vitam“

2292 4911 2522 4981 turbata:
2567 4926 2792 4979 dictura:
2836 4933 2961 4980 sunt
3019 4942 3038 4975 t
3094 4925 3226 4980 Date
3257 4923 3412 4980 nobis
3451 4923 3514 4977 de
3541 4916 3650 4972 oleo
3674 4909 3816 4962 Vestro

2295 5017 2514 5090 (Matth.
2569 5031 2698 5082 xxv,
2725 5016 2803 5090 8).
2836 5035 2854 5068 ι
2911 5015 3168 5086 Sequitur
3211 5035 3224 5071 :
3256 5013 3460 5070 Fuit-iet
3497 5023 3622 5068 eam,
3661 5008 3702 5055 et
3738 5001 3816 5045 ηοιι

2295 5108 2822 5178 consurget.—-.lloc
2872 5121 3106 5174 namque
3153 5107 3296 5176 quod
3339 5121 3436 5176 per
3482 5116 3536 5156 se
3564 5103 3694 5152 stare
3733 5091 3814 5137 non

2295 5201 2460 5268 valet,
2499 5199 2720 5255 fulcitur
2760 5209 2820 5254 ut
2853 5206 2983 5262 stet,
3013 5197 3139 5265 quia
3169 5211 3292 5251 cum
3330 5196 3492 5250 vitam
3525 5197 3664 5244 suam
3687 5179 3816 5268 illi“:

2301 5254 2781 5340 m'itia'lahel'actari
2813 5290 2864 5340 in
2901 5287 3102 5340 iudicio
3131 5286 3412 5340 consnicit.
3441 5285 3574 5340 hanc
3601 5254 3814 5327 fulcieﬂdo
