4004 5340
171 267 266 323 {89

844 268 1144 326 EPITOME
1181 267 1546 329 MORALIUM
1582 268 1640 325 S.
1681 268 1890 327 GREG.
1924 269 1994 327 1N
2026 268 2165 329 10B.
2205 299 2276 313 -
2313 270 2451 349 LIB.
2486 272 2614 345 ~Vill.

3331 277 3455 335 i90«

168 389 380 451 surget,
403 380 528 450 quia
558 379 805 451 protinus
838 379 1011 436 Judex
1044 381 1177 436 dicit
1207 400 1219 436 :
1259 402 1276 434 ι
1310 380 1593 453 Nunquam
1630 381 1752 435 novi
1782 384 1831 443 Α
1859 381 1995 437 catis
2017 374 2353 454 instigarent.
2383 382 2496 438 Hoc
2517 396 2749 451 namque
2772 383 3138 454 unusquisque
3158 388 3435 458 proprium

168 487 286 538 vos,
315 474 585 529 discedite
620 490 650 528 a
695 489 800 540 me,
832 493 851 527 ι
899 483 956 529 et
988 474 1194 544 reliqua
1225 474 1443 544 (Matth.
1482 490 1608 540 xxv,
1645 473 1750 542 12).

1860 488 1981 529 esse
2018 473 2173 539 solet,
2208 482 2268 528 ut
2307 474 2481 542 qualis
2499 473 2611 544 ipse
2641 472 2821 539 fuerit,
2850 473 2984 530 tales
3010 475 3113 532 sibi
3148 476 3281 533 alios
3304 493 3437 535 con-

170 564 378 619 Domus
403 564 586 633 itaque
615 564 908 635 hypocrita:
931 579 1152 633 surgere
1180 579 1285 618 non
1311 564 1476 630 valet,
1513 565 1640 635 quia
1665 578 1761 632 per
1851 562 2006 634 jungi
2035 564 2213 620 vellet.
2244 564 2536 634 Sequitur:

169 669 334 709 omne
363 655 511 724 quod
545 653 701 723 juxta
730 664 998 725 praecepta
1026 655 1266 710 coelestia
1298 670 1458 725 agere
1498 654 1695 726 potuit,
1728 668 1758 708 a

169 746 410 799 terrenis
438 746 677 799 animam
707 761 981 815 nunquam
1011 745 1175 800 levat.
1206 744 1465 816 Sequitur
1496 761 1512 799 :

236 834 411 891 Vens.
444 836 533 891 16.
560 836 610 890 11
618 846 845 897 umectus
866 838 1067 891 videtur
1088 848 1369 909 antequam
1395 838 1563 891 veniat
1588 834 1760 891 sol.—

170 923 328 994 Srepe
366 926 422 980 in
473 941 634 981 sacro
673 926 888 997 eloquio
934 928 1194 983 Dominus
1232 928 1361 983 solis
1406 927 1761 997 appellatione

170 1018 460 1086 ﬁguratur,
489 1018 630 1071 sicut
664 1032 762 1087 per
786 1019 1105 1089 prophetam
1145 1019 1383 1073 dicitur:
1420 1038 1439 1071 ι
1473 1017 1634 1073 Vobis
1664 1034 1765 1073 au-

171 1113 278 1158 tem
310 1105 405 1173 qui
445 1105 648 1160 timetis
683 1123 878 1162 nomen
920 1107 1155 1173 Domini,
1186 1108 1395 1164 orietur
1423 1108 1504 1163 sol
1539 1106 1761 1177 justitite

171 1192 333 1264 (Hal.
362 1210 441 1261 ιν,
474 1195 552 1267 2).
585 1215 603 1247 ι
648 1196 874 1267 Scirpus
917 1198 1100 1267 itaque
1148 1198 1250 1253 ista
1298 1198 1351 1252 in
1399 1207 1557 1253 nocte
1587 1199 1763 1253 humi-

170 1285 271 1338 dus
297 1291 406 1350 est,
436 1283 551 1340 sole
578 1297 756 1341 autem
780 1287 1028 1342 veniente
1056 1288 1315 1354 siccatur,
1352 1288 1479 1358 quia
1506 1288 1759 1342 nimirum

108 1378 123 1388 ‘
172 1376 463 1445 hypocrita
513 1377 567 1430 in
618 1378 855 1433 tenebris
913 1368 1038 1435 vitae
1083 1380 1366 1450 praesentis
1421 1388 1641 1436 sanctus
1696 1381 1762 1436 ab

177 1463 496 1519 hominibus
527 1468 786 1533 creditur,
824 1469 918 1523 sed
947 1469 1073 1523 dum
1104 1470 1381 1525 districtus
1404 1468 1575 1526 Judex
1602 1485 1763 1525 vene-

178 1555 268 1621 rit,
308 1570 479 1625 quam
527 1559 602 1613 sit
643 1559 861 1629 iniquus
901 1562 1206 1632 apparebit.
1262 1561 1564 1632 Sequitur:
1597 1562 1666 1617 Et
1710 1565 1764 1618 in

173 1655 287 1698 ortu
315 1663 416 1700 suo
443 1664 657 1717 germen
700 1650 815 1719 ejus
850 1653 1165 1720 egredietur.
1186 1682 1258 1693 —
1280 1652 1460 1707 Herba
1508 1653 1764 1723 qualibet

1932 656 2094 713 Vens.
2131 658 2217 712 l9.
2261 656 2390 711 Haec
2420 666 2495 711 est
2526 656 2664 711 enim
2705 655 2889 712 la'titia
2924 658 3020 712 ria:
3061 658 3198 729 ejus,
3241 669 3297 714 ut
3328 676 3441 715 rur-

1859 764 1975 802 sum
2002 749 2065 803 de
2093 758 2232 803 terra
2262 748 2355 801 alii
2390 748 2735 819 geminentur.
2757 778 2828 788 —
2852 747 2931 805 Ac
2952 750 3010 806 -si
3055 760 3242 820 aperte
3278 752 3427 807 dicc-

1860 849 2042 896 retur:
2064 839 2379 895 Venientem
2400 839 2636 911 judicem
2664 840 3317 912 nequaquamlcognoscit,
3341 843 3436 897 sed

1861 930 2237 1000 multipliciter
2267 929 2483 999 recipit,
2510 928 2635 999 quia
2665 937 2720 984 et
2744 929 2918 984 lmtius
2946 929 3000 983 in
3029 946 3124 985 sua
3147 930 3439 1000 iniquitate

1864 1022 2022 1077 laetus
2043 1030 2145 1086 est,
2168 1037 2275 1092 quo
2300 1030 2355 1077 et
2383 1020 2505 1076 aliis
2532 1020 2672 1076 male
2686 1029 3011 1091 propagatus
3034 1029 3134 1075 est.
3166 1020 3265 1076 Cui
3296 1021 3442 1077 enim

1864 1113 1953 1167 hic
1980 1128 2087 1166 non
2111 1112 2306 1167 sullicit
2329 1111 2588 1181 iniquitas
2609 1110 2848 1180 propria,
2879 1118 3194 1179 torqueatur
3222 1124 3444 1167 necesse

1862 1213 1945 1260 est
1975 1204 2083 1259 illic
2110 1213 2164 1259 et
2188 1203 2382 1259 merito
2410 1209 2588 1256 reatus
2619 1201 2800 1255 alieni.
2831 1199 3088 1270 Sequitur
3114 1217 3129 1254 :

1938 1295 2102 1350 Vens.
2131 1294 2222 1350 20.
2258 1293 2396 1347 Deus
2417 1309 2519 1347 non
2546 1292 2753 1364 projicit
2777 1291 3078 1362 simplicem,
3111 1308 3203 1346 nec
3229 1291 3446 1362 porrigit

1866 1401 2080 1447 nianum
2139 1383 2672 1455 malignis.-—Quia
2722 1382 2980 1438 nimirum
3042 1382 3324 1437 districtus
3388 1382 3444 1437 in

1859 1477 2065 1549 judicio
2111 1492 2397 1547 apparens,
2440 1484 2496 1531 et
2540 1477 2848 1545 despectum
2888 1474 3208 1544 simplicium
3251 1472 3449 1545 gloriﬁ-

1865 1568 2040 1623 cando
2088 1568 2267 1638 erigit,
2316 1575 2368 1621 et
2423 1566 2783 1635 malignorum
2830 1562 3057 1635 gloriam
3110 1561 3457 1634 reprobando

1868 1655 2179 1726 confringit.
2228 1656 2443 1726 Maligni
2492 1656 2636 1709 enim
2688 1662 2951 1709 vocantur
3000 1654 3318 1727 hypocritae,
3359 1653 3452 1723 qui

176 1737 450 1791 nascendo
469 1752 501 1792 e
528 1747 672 1793 terra
696 1741 1034 1809 producitur,
1060 1751 1115 1797 et
1144 1751 1286 1813 post,
1308 1760 1441 1799 aura
1467 1754 1522 1800 et
1546 1745 1773 1800 aastihus
1800 1744 1837 1801 Β
1870 1748 2008 1801 bona
2042 1762 2146 1800 non
2181 1746 2319 1801 bene
2351 1746 2574 1809 facitmt,
2606 1754 2658 1798 et
2701 1752 2848 1799 recta
2894 1760 3119 1814 quaeque
3152 1744 3253 1799 sub
3275 1744 3454 1798 studio

178 1828 437 1896 tangitur,
485 1837 543 1884 et
586 1839 716 1885 tunc
763 1831 979 1886 demum
1024 1834 1093 1888 ad
1132 1834 1511 1904 proferendum
1545 1836 1765 1891 seminis

176 1917 254 1971 sui
304 1933 533 1987 germen
580 1921 842 1990 aperitur.
895 1922 1119 1992 Scirpus
1163 1939 1291 1979 vero
1335 1941 1457 1980 cum
1489 1925 1619 1981 ﬂore
1665 1940 1766 1981 suo

178 2007 442 2074 nascitur,
484 2024 720 2081 moxque
764 2019 822 2064 ut
860 2026 888 2068 a
936 2020 1078 2067 terra
1113 2014 1307 2085 surgit,
1344 2015 1426 2069 sui
1462 2029 1644 2070 secum
1680 2029 1766 2070 se-

175 2099 337 2154 minis
368 2115 590 2171 germen
628 2102 898 2172 producit.
940 2102 1087 2179 Bene
1114 2120 1244 2175 ergo
1280 2120 1377 2174 per
1419 2106 1614 2160 herbas
1643 2104 1767 2160 reli-

176 2203 307 2257 quas
360 2191 535 2244 sancti
583 2190 831 2260 quilibet,
885 2209 984 2263 per
1035 2189 1271 2264 scirpum
1315 2210 1443 2249 vero
1486 2196 1769 2266 hypocrita

178 2279 520 2351 d.~signatur,
545 2282 673 2352 quia
714 2280 847 2352 justi
894 2284 996 2339 viri
1028 2285 1179 2355 prius
1217 2285 1272 2339 in
1307 2301 1470 2355 opere
1501 2301 1612 2341 sua:
1640 2302 1771 2342 cou-

179 2370 506 2425 versationis
546 2373 818 2439 oriuntur,
869 2383 923 2428 et
974 2376 1041 2428 ad
1091 2384 1350 2431 mternam
1397 2376 1628 2445 patriam
1680 2391 1772 2432 ve-

181 2463 397 2518 nientes
465 2473 781 2533 exspectata
845 2465 1202 2521 retributione
1269 2464 1636 2536 perfruuntur.
1701 2466 1773 2521 At

180 2564 369 2610 contra
401 2556 707 2627 hypocrita,
746 2573 867 2628 quae
895 2574 1019 2612 mox
1054 2558 1110 2612 in
1146 2559 1287 2613 bono
1312 2573 1474 2628 opere
1508 2558 1769 2625 nascitur,

184 2648 474 2715 praesentis
514 2648 700 2702 mundi
727 2647 954 2718 gloriam
986 2649 1225 2717 recipere
1264 2656 1510 2703 conatur.
1539 2648 1771 2703 Germen

188 2739 369 2807 itaque
413 2737 468 2793 in
499 2747 624 2793 ortu
655 2747 742 2795 est
780 2741 1154 2795 remuneratio
1186 2741 1240 2794 in
1274 2739 1638 2795 inchoatione.
1672 2739 1772 2795 Se-

190 2828 373 2897 quitur
405 2846 419 2881 :

255 2919 428 2975 Vens.
462 2922 547 2976 l7.
591 2921 767 2992 Super
813 2938 1058 2977 acervum
1102 2931 1369 2992 petrarum
1422 2921 1623 2975 radices
1660 2920 1775 2990 ejus

190 3012 578 3079 (lensabuntur,
609 3024 657 3067 et
684 3014 823 3067 inter
855 3012 1055 3083 lapides
1085 3012 1511 3065 commorabitur.
1534 3041 1602 3050 —
1633 3010 1774 3077 Quid

1872 1835 2044 1890 laudis
2073 1845 2382 1906 cperantur.
2431 1833 2642 1888 Manum
2668 1848 2795 1888 vero
2828 1834 2912 1888 cui
2945 1833 3283 1903 porrigimus,
3310 1832 3454 1888 hunc

1869 1926 2121 1981 videlicet
2146 1926 2213 1981 ab
2243 1925 2367 1980 imis
2395 1924 2690 1979 elevamus.
2724 1922 2967 1994 Malignis
3000 1936 3129 1994 ergo
3173 1922 3316 1977 Deus
3340 1936 3456 1976 ma-

1873 2034 2002 2072 num
2053 2034 2160 2073 non
2215 2017 2465 2087 porrigit,
2512 2015 2637 2087 quia
2683 2023 2988 2085 quaerentes
3033 2022 3301 2068 terrenam
3342 2012 3458 2084 glo—

1875 2108 2010 2163 riam
2048 2108 2102 2163 in
2152 2107 2261 2162 imo
2313 2106 2678 2175 derelinquit,
2724 2112 2778 2160 et
2829 2103 3125 2174 quamlibet
3172 2103 3457 2159 videantur

1875 2206 2018 2253 recta
2066 2210 2186 2252 esse
2223 2211 2342 2265 quae
2386 2202 2571 2266 agunt,
2603 2194 2699 2249 hos
2742 2194 2808 2247 ad
2839 2191 3033 2263 gaudia
3065 2205 3297 2261 superna
3345 2206 3454 2246 non

1874 2287 2140 2359 provehit.
2184 2286 2253 2340 Ut
2283 2294 2432 2340 certe
2479 2284 2599 2338 ideo
2642 2282 2982 2353 appellantur
3021 2281 3240 2352 maligni
3288 2281 3466 2355 hypo-

1877 2378 2047 2443 critac,
2082 2378 2210 2448 quia
2245 2374 2633 2446 benignitatem
2662 2388 2788 2443 erga
2814 2372 3121 2444 proximum
3143 2372 3455 2437 ostendunt,

1878 2478 1932 2523 et
1968 2468 2119 2523 dolos
2152 2482 2261 2521 sua:
2284 2465 2587 2535 iniquitatis
2613 2464 2881 2534 aperiunt.
2918 2463 3066 2529 Quos
3092 2472 3281 2518 contra
3321 2464 3460 2519 bene

1878 2576 1975 2630 per
2013 2558 2250 2629 Moysem
2283 2556 2481 2611 dicitur
2516 2569 2530 2608 :
2582 2572 2600 2605 ι
2628 2552 2744 2608 Νοη
2795 2552 2987 2607 induas
3012 2561 3215 2606 vestem
3243 2565 3309 2605 ex
3336 2549 3462 2604 lana

1881 2650 2095 2720 linoque
2134 2655 2452 2721 contextam
2511 2644 2685 2716 (Deut.
2733 2659 2870 2709 χιιι,
2909 2642 3019 2714 ll).
3054 2660 3073 2695 ›
3117 2642 3222 2697 Per
3270 2642 3451 2695 lanam

1881 2740 2078 2811 quippe
2130 2738 2469 2807 simplicitas,
2506 2750 2604 2806 per
2640 2733 2809 2789 linum
2847 2747 2979 2788 vero
3020 2731 3290 2788 subtilitas
3320 2730 3462 2785 desi-

1882 2840 2098 2903 gnatur.
2134 2827 2396 2899 Sequitur
2425 2845 2439 2881 :

1952 2921 2107 2975 Vers.
2130 2918 2220 2972 2|.
2261 2916 2440 2971 Donec
2478 2913 2759 2986 impleatur
2801 2913 2911 2967 risu
2941 2928 2997 2968 os
3022 2920 3189 2977 tuum,
3227 2919 3273 2964 et
3323 2908 3465 2963 labia

1884 3023 1975 3066 tua
2008 3009 2201 3082 jubilo.
2230 3038 2297 3048 —
2322 3008 2401 3061 Ac
2430 3006 2475 3060 si
2531 3014 2717 3075 aperte
2758 3003 3028 3058 diceretur
3062 3019 3077 3055 :
3107 2999 3228 3055 Vita
3266 2997 3467 3069 simpli-

193 3103 442 3157 radicum
481 3104 723 3168 nomine,
767 3103 870 3157 nisi
914 3102 1150 3158 latentes
1188 3102 1544 3170 cogitationes
1576 3103 1775 3171 accipi-
1804 3107 1850 3170 ρ
1881 3103 2024 3157 cium
2068 3114 2169 3154 nec
2211 3105 2337 3152 ante
2392 3094 2657 3166 judicium
2707 3093 2948 3159 deserit,
3002 3099 3057 3146 et
3105 3090 3463 3160 malignorum

195 3194 347 3249 mus?
385 3192 517 3260 Quae
551 3193 607 3248 in
651 3193 864 3249 occulto
907 3196 1194 3264 prodeunt,
1239 3194 1336 3247 sed
1376 3193 1430 3247 in
1474 3194 1786 3249 ostensione

194 3300 419 3356 operum
460 3300 559 3356 per
600 3296 847 3356 apertum
892 3293 1138 3353 surgunt.
1199 3283 1462 3354 Lapidum
1509 3299 1639 3339 vero
1677 3299 1774 3339 no-

196 3375 342 3430 mine
370 3374 426 3429 in
460 3374 744 3444 Scriptura
775 3389 933 3429 sacra
960 3373 1211 3428 homines
1232 3374 1606 3444 designantur,
1643 3372 1783 3427 sicut

196 3477 399 3521 sancta:
458 3465 711 3521 Ecclesia:
772 3480 870 3535 per
936 3465 1131 3519 Isaiam
1202 3465 1400 3520 dicitur
1454 3481 1470 3520 :
1535 3464 1783 3518 (Ponant

193 3556 404 3629 jaspide
460 3557 636 3629 lapide
683 3559 1088 3632 propugnacula
1157 3568 1287 3626 tua,
1328 3566 1381 3613 et
1430 3568 1617 3630 portas
1666 3566 1786 3613 tuas

197 3655 440 3723 sculptus
478 3651 614 3723 (Isa.
642 3667 752 3717 LIV,
795 3652 904 3723 19.).
937 3672 955 3705 ι
1003 3651 1229 3720 Scirpus
1271 3652 1453 3721 itaque
1498 3650 1639 3715 iste,
1694 3649 1785 3719 qui

199 3744 340 3799 inter
371 3744 580 3814 lapides
607 3753 1001 3807 commoratur,
1040 3756 1204 3812 super
1225 3757 1478 3797 acervum
1507 3750 1786 3812 petrarum

200 3834 415 3889 radices
446 3834 658 3900 densat,
689 3832 816 3902 quia
843 3832 1021 3887 omnis
1048 3831 1329 3902 hypocrita
1359 3831 1711 3903 cogitationes
1734 3829 1789 3884 in

209 3925 602 3995 exquirendam
648 3922 928 3978 hominum
972 3922 1387 3977 admirationem
1444 3920 1788 3991 multiplicat.

204 4016 302 4070 Per
331 4028 497 4069 omne
522 4015 667 4069 enim
699 4013 840 4083 quod
866 4013 1160 4084 hypocrita:
1189 4012 1414 4079 faciunt,
1449 4012 1576 4082 quia
1606 4011 1793 4079 occul-

206 4105 271 4159 tis
300 4104 724 4174 cogitationibus
763 4102 949 4158 laudes
986 4102 1264 4157 hominum
1295 4103 1598 4171 requirunt,
1645 4117 1781 4173 quas

208 4195 419 4250 radices
444 4195 608 4265 scirpi
638 4195 692 4249 in
733 4209 988 4249 acervum
1034 4194 1244 4249 radices
1276 4194 1518 4249 mittunt.
1565 4193 1792 4265 Scirpus

192 4288 371 4342 -ctiam
394 4288 537 4342 inter
565 4287 773 4358 lapides
803 4294 1192 4352 commoratur,
1219 4285 1347 4354 quia
1376 4285 1658 4358 hypocrita
1683 4294 1792 4341 stat

210 4378 297 4433 ubi
330 4378 530 4432 mentis
558 4392 672 4431 sua:
702 4377 1056 4431 intentionem
1093 4375 1307 4430 solidat.
1348 4374 1484 4430 Nam
1533 4389 1656 4429 cum
1703 4383 1787 4428 at-

1886 3199 2094 3247 mentes
2132 3197 2416 3261 percutere
2457 3185 2775 3252 deserendo,
2824 3197 2926 3239 nec
2952 3182 3267 3253 priusquam
3304 3193 3469 3250 appa-

1885 3289 2002 3336 reat
2028 3278 2414 3351 praetermittit.
2442 3276 2514 3333 Os
2540 3276 2737 3347 quippe
2761 3274 3035 3346 justorum
3068 3281 3198 3327 tunc
3231 3270 3343 3326 risu
3375 3283 3465 3324 re-

1884 3372 2140 3442 plebitur,
2190 3384 2314 3425 cum
2361 3368 2550 3422 eodem
2593 3366 2756 3422 corda
2809 3363 2979 3419 ﬁnitis
3022 3358 3471 3433 peregrinationis

1887 3463 2124 3528 ﬂetibus,
2167 3471 2382 3517 aeternae
2423 3458 2623 3514 laztitia:
2655 3456 3018 3513 exsultatione
3057 3454 3346 3509 satiantur.
3392 3450 3472 3506 De

1887 3554 1991 3609 hoc
2033 3552 2146 3607 risu
2183 3550 2462 3621 discipulis
2500 3549 2762 3603 Dominus
2792 3546 2965 3601 dicit:
2991 3562 3011 3595 ί
3043 3543 3268 3599 Mundus
3291 3549 3471 3596 autem

1889 3644 2165 3717 gaudebit,
2189 3650 2243 3696 et
2276 3657 2370 3696 vos
2403 3640 2586 3695 tristes
2627 3638 2798 3703 eritis,
2833 3637 2926 3692 sed
2952 3635 3176 3689 tristitia
3208 3640 3387 3686 vestra
3415 3632 3469 3684 in

1890 3734 2141 3805 gaudium
2163 3739 2512 3799 mnvertetur
2539 3729 2720 3800 (Joan.
2745 3742 2855 3792 va,
2886 3724 3000 3798 20).
3034 3744 3051 3777 ι
3087 3723 3322 3779 Jubilum
3343 3736 3473 3777 vero

1894 3828 2159 3890 dicimus,
2203 3840 2328 3880 cum
2381 3830 2584 3877 tantam
2634 3819 2873 3874 laetitiam
2928 3817 3091 3873 corde
3141 3814 3474 3885 concipimus

1892 3929 2150 3992 quantam
2179 3916 2446 3973 sermonis
2474 3914 2712 3969 ellicacia
2732 3927 2839 3967 non
2867 3910 3167 3981 explemus,
3200 3916 3256 3963 et
3288 3916 3469 3962 tamen

1895 4011 2095 4067 mentis
2144 4007 2439 4064 exsultatio
2469 4005 2571 4061 hoc
2617 4003 2760 4073 quod
2799 4016 3050 4057 sermone
3074 4014 3184 4065 non
3212 3997 3470 4068 explicat,

1894 4119 1989 4159 ore
2017 4109 2191 4157 sonat.
2224 4100 2370 4154 Bene
2398 4106 2577 4152 autem
2605 4112 2666 4151 os
2693 4095 2803 4149 risu
2838 4091 3051 4162 impleri
3078 4090 3296 4154 dicitur,
3330 4087 3473 4142 labia

1891 4194 2085 4266 jubilo,
2110 4192 2234 4262 quia
2265 4190 2318 4243 in
2343 4189 2430 4243 illa
2451 4174 2650 4242 mterna
2671 4183 2845 4255 patria
2872 4197 2992 4237 cum
3018 4180 3289 4250 justorum
3318 4192 3471 4266 mens

1899 4265 1952 4340 in
1990 4280 2351 4339 exsultatione
2378 4276 2658 4345 recipitur,
2686 4274 2865 4344 lingua
2896 4271 2950 4326 in
2973 4277 3135 4325 cantu
3175 4267 3349 4323 laudis
3369 4265 3481 4321 ele-

1903 4386 2079 4432 vatur.
2117 4373 2296 4428 Donec
2340 4379 2519 4426 autem
2556 4368 2775 4432 dicitur,
2823 4379 2929 4420 non
2960 4363 3104 4435 quod
3137 4361 3497 4430 omnipotens

212 4471 553 4527 testationem
596 4469 893 4525 multorum
952 4469 1123 4532 ambit
1172 4468 1452 4540 percipere
1477 4506 1493 4535 ,
1529 4467 1688 4539 quasi
1735 4467 1790 4523 in
1820 4459 1870 4519 D
1900 4470 2041 4524 Deus
2062 4483 2127 4522 eo
2153 4479 2325 4534 usque
2351 4461 2613 4533 malignos
2643 4473 2749 4512 non
2779 4455 3044 4520 sublevet,
3069 4466 3351 4524 quousque
3373 4448 3483 4505 ele-

212 4561 507 4617 luctatione
534 4560 807 4615 subsistit.
841 4554 1102 4629 Sequitur
1134 4577 1148 4613 :

280 4655 447 4710 Vens.
478 4653 566 4708 18.
603 4652 664 4707 Si
693 4652 1017 4707 absorbuerit
1055 4659 1177 4704 eum
1199 4650 1263 4707 de
1291 4649 1405 4705 loco
1430 4666 1548 4718 suo,
1588 4648 1795 4721 negabit

215 4762 357 4811 eunt,
383 4756 430 4799 et
455 4746 590 4799 dicet
616 4760 635 4798 :
664 4742 791 4798 Non
814 4743 933 4815 novi
957 4753 1024 4796 te.
1046 4771 1118 4783 -
1142 4741 1218 4797 De
1248 4741 1367 4798 loco
1389 4756 1488 4797 suo
1516 4741 1796 4814 hypocrita

216 4834 559 4899 absorbetur,
600 4847 724 4888 cum
755 4848 785 4885 a
815 4832 1098 4901 praesentis
1130 4832 1270 4887 vitae
1310 4832 1591 4888 favoribus
1620 4838 1797 4886 morte

216 4924 613 4978 interveniente
642 4930 946 4992 separatur.
981 4922 1089 4978 Sed
1115 4923 1257 4978 hunc
1281 4924 1596 4995 absorptum
1624 4923 1799 4978 inter-

218 5032 321 5071 nus
377 5015 584 5071 arbiter
624 5022 813 5085 negat,
850 5028 1016 5084 seque
1062 5030 1200 5080 eum.
1231 5016 1446 5071 nescire
1497 5013 1800 5081 denuntiat,

217 5108 346 5179 quia
396 5107 780 5163 simulatorum
826 5106 995 5160 vitam
1035 5106 1177 5175 juste
1222 5107 1558 5178 reprobando
1602 5104 1813 5167 veritas.

218 5202 455 5270 ignorat,
485 5216 588 5256 nec
635 5199 979 5270 recognoscit
1021 5199 1137 5271 ejus
1167 5215 1286 5269 quae
1322 5199 1432 5270 egit
1474 5199 1636 5265 bona,
1676 5196 1805 5267 quia

1810 4610 1813 4613 .
1903 4567 2022 4615 ctos
2042 4571 2169 4613 suos
2194 4556 2262 4611 ad
2281 4551 2618 4624 jubilationis
2639 4547 2833 4622 gaudia
2854 4553 3119 4610 assumat,
3146 4557 3211 4599 ac
3237 4541 3280 4596 si
3306 4547 3428 4609 post
3452 4554 3485 4593 a

1903 4663 2063 4719 paena
2097 4645 2291 4716 eripiat
2328 4657 2464 4713 quos
2501 4648 2626 4695 ante
2669 4640 2723 4693 in
2761 4636 2918 4706 culpa
2953 4636 3213 4690 deserens
3239 4631 3480 4686 damnat.

1907 4738 2014 4794 Sed
2053 4740 2159 4795 hoc
2196 4747 2538 4805 nequaquam
2566 4738 2689 4784 ante
2712 4726 2978 4797 judicium
3020 4724 3204 4790 faciet,
3231 4736 3353 4776 cum
3383 4720 3494 4772 (ιιι-ν

1906 4827 2055 4888 1›ἰιῐηι
2092 4828 2402 4885 hominibus
2428 4822 2601 4878 videri
2639 4820 2831 4892 possit,
2876 4834 2945 4874 an
2973 4817 3085 4872 ﬁat.
3138 4816 3275 4872 Nam
3302 4811 3355 4864 in
3387 4808 3494 4864 ele.

1908 4931 2118 4979 ctorum
2163 4930 2389 4973 suorum
2433 4913 2626 4985 jubilo,
2659 4909 2787 4981 quia
2831 4907 3086 4981 malignis
3127 4914 3349 4961 manum
3391 4910 3498 4950 non

1905 5013 2153 5086 porrigit,
2201 5025 2269 5065 ex
2312 5009 2427 5076 ipsa
2472 5003 2585 5073 jam
2634 4999 2973 5057 districtione
3016 4997 3192 5086 ultimi
3236 4985 3502 5086 examinis

1909 5074 2148 5158 constat.
2204 5097 2296 5153 Sic
2333 5074 2583 5163 bamque
2630 5099 2687 5146 et
2735 5103 2836 5159 per
2874 5084 3223 5144 Psalmistam
3266 5074 3461 5163 dicitur

1916 5208 1946 5242 ι.
1965 5190 2107 5246 Dixit
2145 5186 2406 5242 Dominus
2431 5161 2661 5239 Domino
2692 5193 2813 5234 meo
2839 5195 2853 5232 :
2887 5176 3027 5232 Sede
3057 5187 3087 5225 a
3112 5163 3325 5226 dextris
3347 5161 3504 5227 meis,
