  <div class='ocr_page' id='page_1' title='image "/cluster/home/n/w/nwhite01/storage/ocr_20150623/133/hvd.32044010035673/101.png"; bbox 0 0 4004 5340; ppageno 0'>
   <div class='ocr_carea' id='block_1_1' title="bbox 582 292 680 350">
    <p class='ocr_par' dir='ltr' id='par_1_1' title="bbox 582 292 680 350">
     <span class='ocr_line' id='line_1_1' title="bbox 582 292 680 350; baseline 0 -1"><span class='ocrx_word' id='word_1_1' title='bbox 582 292 680 350; x_wconf 70' lang='grc'><strong>191</strong></span> 
     </span>
    </p>
   </div>
   <div class='ocr_carea' id='block_1_2' title="bbox 1551 256 3791 336">
    <p class='ocr_par' dir='ltr' id='par_1_2' title="bbox 1551 256 3791 336">
     <span class='ocr_line' id='line_1_2' title="bbox 1551 256 3791 336; baseline -0.009 -1"><span class='ocrx_word' id='word_1_2' title='bbox 1551 278 1611 335; x_wconf 88' lang='lat' dir='ltr'><strong>S.</strong></span> <span class='ocrx_word' id='word_1_3' title='bbox 1655 273 1905 336; x_wconf 81' lang='lat' dir='ltr'><strong>ODONIS</strong></span> <span class='ocrx_word' id='word_1_4' title='bbox 1943 267 2230 327; x_wconf 78' lang='lat' dir='ltr'><strong>ABBATIS</strong></span> <span class='ocrx_word' id='word_1_5' title='bbox 2262 260 2757 323; x_wconf 82' lang='lat' dir='ltr'><strong>CLUNIACENSIS</strong></span> <span class='ocrx_word' id='word_1_6' title='bbox 2790 260 2834 317; x_wconf 85' lang='lat' dir='ltr'><strong>ll</strong></span> <span class='ocrx_word' id='word_1_7' title='bbox 3708 256 3791 315; x_wconf 63' lang='lat' dir='ltr'><strong>l9!</strong></span> 
     </span>
    </p>
   </div>
   <div class='ocr_carea' id='block_1_3' title="bbox 580 363 3787 469">
    <p class='ocr_par' dir='ltr' id='par_1_3' title="bbox 580 363 3787 469">
     <span class='ocr_line' id='line_1_3' title="bbox 580 363 3787 469; baseline -0.014 -4"><span class='ocrx_word' id='word_1_8' title='bbox 580 406 769 465; x_wconf 83' lang='lat' dir='ltr'><strong>oculos</strong></span> <span class='ocrx_word' id='word_1_9' title='bbox 813 369 1010 460; x_wconf 76' lang='lat' dir='ltr'><strong>mentis</strong></span> <span class='ocrx_word' id='word_1_10' title='bbox 1045 397 1376 469; x_wconf 81' lang='lat' dir='ltr'><strong>aspexerint,</strong></span> <span class='ocrx_word' id='word_1_11' title='bbox 1410 392 1539 452; x_wconf 70' lang='lat' dir='ltr'><strong>Suus</strong></span> <span class='ocrx_word' id='word_1_12' title='bbox 1572 408 1665 448; x_wconf 90' lang='lat' dir='ltr'><strong>eos</strong></span> <span class='ocrx_word' id='word_1_13' title='bbox 1703 389 1942 457; x_wconf 86' lang='lat' dir='ltr'><strong>undique</strong></span> <span class='ocrx_word' id='word_1_14' title='bbox 1987 384 2164 455; x_wconf 90' lang='lat' dir='ltr'><strong>depri-</strong></span> <span class='ocrx_word' id='word_1_15' title='bbox 2192 384 2241 444; x_wconf 79' lang='grc' dir='ltr'>Α</span> <span class='ocrx_word' id='word_1_16' title='bbox 2268 376 2511 433; x_wconf 88' lang='lat' dir='ltr'><strong>ambiunt</strong></span> <span class='ocrx_word' id='word_1_17' title='bbox 2533 390 2601 429; x_wconf 90' lang='lat' dir='ltr'><strong>ne</strong></span> <span class='ocrx_word' id='word_1_18' title='bbox 2636 369 2875 469; x_wconf 74' lang='lat' dir='ltr'><strong>despecti</strong></span> <span class='ocrx_word' id='word_1_19' title='bbox 2901 367 3204 469; x_wconf 68' lang='lat' dir='ltr'><strong>videantur.</strong></span> <span class='ocrx_word' id='word_1_20' title='bbox 3243 363 3787 469; x_wconf 40' lang='lat' dir='ltr'><strong>Terrena‘aggregando</strong></span> 
     </span>
    </p>
   </div>
   <div class='ocr_carea' id='block_1_4' title="bbox 580 477 2164 557">
    <p class='ocr_par' dir='ltr' id='par_1_4' title="bbox 580 477 2164 557">
     <span class='ocr_line' id='line_1_4' title="bbox 580 477 2164 557; baseline -0.017 -2"><span class='ocrx_word' id='word_1_21' title='bbox 580 513 736 555; x_wconf 88' lang='lat' dir='ltr'><strong>mens</strong></span> <span class='ocrx_word' id='word_1_22' title='bbox 761 504 942 551; x_wconf 79' lang='lat' dir='ltr'><strong>reatus</strong></span> <span class='ocrx_word' id='word_1_23' title='bbox 970 491 1149 546; x_wconf 90' lang='lat' dir='ltr'><strong>vestit.</strong></span> <span class='ocrx_word' id='word_1_24' title='bbox 1176 489 1258 544; x_wconf 79' lang='lat' dir='ltr'><strong>Ad</strong></span> <span class='ocrx_word' id='word_1_25' title='bbox 1285 501 1501 557; x_wconf 70' lang='lat' dir='ltr'><strong>poenam</strong></span> <span class='ocrx_word' id='word_1_26' title='bbox 1527 484 1724 553; x_wconf 86' lang='lat' dir='ltr'><strong>quippe</strong></span> <span class='ocrx_word' id='word_1_27' title='bbox 1748 489 1876 534; x_wconf 91' lang='lat' dir='ltr'><strong>tunc</strong></span> <span class='ocrx_word' id='word_1_28' title='bbox 1899 477 2164 534; x_wconf 83' lang='lat' dir='ltr'><strong>factorum</strong></span> 
     </span>
    </p>
   </div>
   <div class='ocr_carea' id='block_1_5' title="bbox 584 573 2166 649">
    <p class='ocr_par' dir='ltr' id='par_1_5' title="bbox 584 573 2166 649">
     <span class='ocr_line' id='line_1_5' title="bbox 584 573 2166 649; baseline -0.016 -2"><span class='ocrx_word' id='word_1_29' title='bbox 584 605 805 649; x_wconf 70' lang='lat' dir='ltr'><strong>suarum</strong></span> <span class='ocrx_word' id='word_1_30' title='bbox 838 585 1153 643; x_wconf 78' lang='lat' dir='ltr'><strong>memoriam</strong></span> <span class='ocrx_word' id='word_1_31' title='bbox 1184 582 1436 645; x_wconf 88' lang='lat' dir='ltr'><strong>tolerant,</strong></span> <span class='ocrx_word' id='word_1_32' title='bbox 1482 578 1572 648; x_wconf 86' lang='lat' dir='ltr'><strong>qui</strong></span> <span class='ocrx_word' id='word_1_33' title='bbox 1602 591 1742 631; x_wconf 92' lang='lat' dir='ltr'><strong>nunc</strong></span> <span class='ocrx_word' id='word_1_34' title='bbox 1765 573 1918 644; x_wconf 89' lang='lat' dir='ltr'><strong>quasi</strong></span> <span class='ocrx_word' id='word_1_35' title='bbox 1943 587 1972 626; x_wconf 89' lang='lat' dir='ltr'><strong>a</strong></span> <span class='ocrx_word' id='word_1_36' title='bbox 2003 585 2166 626; x_wconf 90' lang='lat' dir='ltr'><strong>sensu</strong></span> 
     </span>
    </p>
   </div>
   <div class='ocr_carea' id='block_1_6' title="bbox 581 660 2168 743">
    <p class='ocr_par' dir='ltr' id='par_1_6' title="bbox 581 660 2168 743">
     <span class='ocr_line' id='line_1_6' title="bbox 581 660 2168 743; baseline -0.015 -8"><span class='ocrx_word' id='word_1_37' title='bbox 581 679 806 735; x_wconf 91' lang='lat' dir='ltr'><strong>rationis</strong></span> <span class='ocrx_word' id='word_1_38' title='bbox 863 673 1107 732; x_wconf 85' lang='lat' dir='ltr'><strong>extranei</strong></span> <span class='ocrx_word' id='word_1_39' title='bbox 1162 678 1390 743; x_wconf 87' lang='lat' dir='ltr'><strong>peccant</strong></span> <span class='ocrx_word' id='word_1_40' title='bbox 1448 667 1765 739; x_wconf 80' lang='lat' dir='ltr'><strong>gaudentes.</strong></span> <span class='ocrx_word' id='word_1_41' title='bbox 1841 662 1920 717; x_wconf 88' lang='lat' dir='ltr'><strong>lbi</strong></span> <span class='ocrx_word' id='word_1_42' title='bbox 1983 660 2168 714; x_wconf 88' lang='lat' dir='ltr'><strong>vident</strong></span> 
     </span>
    </p>
   </div>
   <div class='ocr_carea' id='block_1_7' title="bbox 579 749 2159 839">
    <p class='ocr_par' dir='ltr' id='par_1_7' title="bbox 579 749 2159 839">
     <span class='ocr_line' id='line_1_7' title="bbox 579 749 2159 839; baseline -0.013 -15"><span class='ocrx_word' id='word_1_43' title='bbox 579 777 840 839; x_wconf 89' lang='lat' dir='ltr'><strong>quantum</strong></span> <span class='ocrx_word' id='word_1_44' title='bbox 890 765 1177 820; x_wconf 82' lang='lat' dir='ltr'><strong>debuerint</strong></span> <span class='ocrx_word' id='word_1_45' title='bbox 1226 761 1410 831; x_wconf 78' lang='lat' dir='ltr'><strong>fugere</strong></span> <span class='ocrx_word' id='word_1_46' title='bbox 1462 759 1603 829; x_wconf 91' lang='lat' dir='ltr'><strong>quod</strong></span> <span class='ocrx_word' id='word_1_47' title='bbox 1650 760 1993 810; x_wconf 82' lang='lat' dir='ltr'><strong>amaverunt.</strong></span> <span class='ocrx_word' id='word_1_48' title='bbox 2057 749 2159 804; x_wconf 85' lang='lat' dir='ltr'><strong>Se-</strong></span> 
     </span>
    </p>
   </div>
   <div class='ocr_carea' id='block_1_8' title="bbox 580 844 2162 930">
    <p class='ocr_par' dir='ltr' id='par_1_8' title="bbox 580 844 2162 930">
     <span class='ocr_line' id='line_1_8' title="bbox 580 844 2162 930; baseline -0.013 -16"><span class='ocrx_word' id='word_1_49' title='bbox 580 860 810 930; x_wconf 86' lang='lat' dir='ltr'><strong>quitur:</strong></span> <span class='ocrx_word' id='word_1_50' title='bbox 857 853 1271 911; x_wconf 82' lang='lat' dir='ltr'><strong>Tabernaculum</strong></span> <span class='ocrx_word' id='word_1_51' title='bbox 1315 852 1594 921; x_wconf 86' lang='lat' dir='ltr'><strong>impiorum</strong></span> <span class='ocrx_word' id='word_1_52' title='bbox 1641 863 1743 902; x_wconf 84' lang='lat' dir='ltr'><strong>non</strong></span> <span class='ocrx_word' id='word_1_53' title='bbox 1785 844 2048 899; x_wconf 79' lang='lat' dir='ltr'><strong>subsistet.</strong></span> <span class='ocrx_word' id='word_1_54' title='bbox 2091 870 2162 881; x_wconf 90' lang='lat'><strong>—-</strong></span> 
     </span>
    </p>
   </div>
   <div class='ocr_carea' id='block_1_9' title="bbox 580 935 2163 1013">
    <p class='ocr_par' dir='ltr' id='par_1_9' title="bbox 580 935 2163 1013">
     <span class='ocr_line' id='line_1_9' title="bbox 580 935 2163 1013; baseline -0.013 -10"><span class='ocrx_word' id='word_1_55' title='bbox 580 946 1010 1003; x_wconf 84' lang='lat' dir='ltr'><strong>Tabernacnlum</strong></span> <span class='ocrx_word' id='word_1_56' title='bbox 1032 945 1230 1013; x_wconf 87' lang='lat' dir='ltr'><strong>quippe</strong></span> <span class='ocrx_word' id='word_1_57' title='bbox 1250 939 1603 1002; x_wconf 85' lang='lat' dir='ltr'><strong>construitur,</strong></span> <span class='ocrx_word' id='word_1_58' title='bbox 1632 944 1690 991; x_wconf 92' lang='lat' dir='ltr'><strong>ut</strong></span> <span class='ocrx_word' id='word_1_59' title='bbox 1712 935 1779 989; x_wconf 90' lang='lat' dir='ltr'><strong>ab</strong></span> <span class='ocrx_word' id='word_1_60' title='bbox 1800 941 1933 987; x_wconf 85' lang='lat' dir='ltr'><strong>aestu</strong></span> <span class='ocrx_word' id='word_1_61' title='bbox 1965 944 2163 999; x_wconf 90' lang='lat' dir='ltr'><strong>corpus</strong></span> 
     </span>
    </p>
   </div>
   <div class='ocr_carea' id='block_1_10' title="bbox 581 1020 2165 1108">
    <p class='ocr_par' dir='ltr' id='par_1_10' title="bbox 581 1020 2165 1108">
     <span class='ocr_line' id='line_1_10' title="bbox 581 1020 2165 1108; baseline -0.015 -14"><span class='ocrx_word' id='word_1_62' title='bbox 581 1048 639 1094; x_wconf 89' lang='lat' dir='ltr'><strong>et</strong></span> <span class='ocrx_word' id='word_1_63' title='bbox 688 1038 889 1108; x_wconf 79' lang='lat' dir='ltr'><strong>frigore</strong></span> <span class='ocrx_word' id='word_1_64' title='bbox 930 1034 1269 1090; x_wconf 88' lang='lat' dir='ltr'><strong>defendatur.</strong></span> <span class='ocrx_word' id='word_1_65' title='bbox 1306 1030 1446 1098; x_wconf 87' lang='lat' dir='ltr'><strong>Quid</strong></span> <span class='ocrx_word' id='word_1_66' title='bbox 1488 1028 1670 1096; x_wconf 88' lang='lat' dir='ltr'><strong>itaque</strong></span> <span class='ocrx_word' id='word_1_67' title='bbox 1706 1024 1810 1078; x_wconf 84' lang='lat' dir='ltr'><strong>hoc</strong></span> <span class='ocrx_word' id='word_1_68' title='bbox 1842 1022 1959 1076; x_wconf 90' lang='lat' dir='ltr'><strong>loco</strong></span> <span class='ocrx_word' id='word_1_69' title='bbox 1990 1020 2165 1073; x_wconf 89' lang='lat' dir='ltr'><strong>taber-</strong></span> 
     </span>
    </p>
   </div>
   <div class='ocr_carea' id='block_1_11' title="bbox 581 1109 2162 1189">
    <p class='ocr_par' dir='ltr' id='par_1_11' title="bbox 581 1109 2162 1189">
     <span class='ocr_line' id='line_1_11' title="bbox 581 1109 2162 1189; baseline -0.015 -7"><span class='ocrx_word' id='word_1_70' title='bbox 581 1125 761 1183; x_wconf 89' lang='lat' dir='ltr'><strong>naculi</strong></span> <span class='ocrx_word' id='word_1_71' title='bbox 793 1126 1033 1189; x_wconf 84' lang='lat' dir='ltr'><strong>nomine,</strong></span> <span class='ocrx_word' id='word_1_72' title='bbox 1064 1123 1166 1177; x_wconf 90' lang='lat' dir='ltr'><strong>nisi</strong></span> <span class='ocrx_word' id='word_1_73' title='bbox 1196 1118 1482 1176; x_wconf 68' lang='lat' dir='ltr'><strong>aedificatio</strong></span> <span class='ocrx_word' id='word_1_74' title='bbox 1509 1127 1737 1172; x_wconf 75' lang='lat' dir='ltr'><strong>terrente</strong></span> <span class='ocrx_word' id='word_1_75' title='bbox 1764 1109 2042 1166; x_wconf 84' lang='lat' dir='ltr'><strong>felicitatis</strong></span> <span class='ocrx_word' id='word_1_76' title='bbox 2069 1121 2162 1160; x_wconf 76' lang='lat' dir='ltr'><strong>ex-</strong></span> 
     </span>
    </p>
   </div>
   <div class='ocr_carea' id='block_1_12' title="bbox 580 1203 2157 1291">
    <p class='ocr_par' dir='ltr' id='par_1_12' title="bbox 580 1203 2157 1291">
     <span class='ocr_line' id='line_1_12' title="bbox 580 1203 2157 1291; baseline -0.014 -16"><span class='ocrx_word' id='word_1_77' title='bbox 580 1217 878 1291; x_wconf 86' lang='lat' dir='ltr'><strong>primitur?</strong></span> <span class='ocrx_word' id='word_1_78' title='bbox 915 1216 1019 1271; x_wconf 84' lang='lat' dir='ltr'><strong>Per</strong></span> <span class='ocrx_word' id='word_1_79' title='bbox 1056 1229 1217 1285; x_wconf 91' lang='lat' dir='ltr'><strong>quam</strong></span> <span class='ocrx_word' id='word_1_80' title='bbox 1253 1228 1414 1283; x_wconf 88' lang='lat' dir='ltr'><strong>super</strong></span> <span class='ocrx_word' id='word_1_81' title='bbox 1461 1226 1518 1265; x_wconf 89' lang='lat' dir='ltr'><strong>se</strong></span> <span class='ocrx_word' id='word_1_82' title='bbox 1545 1222 1741 1264; x_wconf 89' lang='lat' dir='ltr'><strong>casura</strong></span> <span class='ocrx_word' id='word_1_83' title='bbox 1781 1203 2157 1273; x_wconf 83' lang='lat' dir='ltr'><strong>multiplicant,</strong></span> 
     </span>
    </p>
   </div>
   <div class='ocr_carea' id='block_1_13' title="bbox 582 1292 2161 1375">
    <p class='ocr_par' dir='ltr' id='par_1_13' title="bbox 582 1292 2161 1375">
     <span class='ocr_line' id='line_1_13' title="bbox 582 1292 2161 1375; baseline -0.013 -11"><span class='ocrx_word' id='word_1_84' title='bbox 582 1318 645 1364; x_wconf 89' lang='lat' dir='ltr'><strong>ut</strong></span> <span class='ocrx_word' id='word_1_85' title='bbox 672 1323 730 1363; x_wconf 91' lang='lat' dir='ltr'><strong>se</strong></span> <span class='ocrx_word' id='word_1_86' title='bbox 755 1322 786 1361; x_wconf 89' lang='lat' dir='ltr'><strong>a</strong></span> <span class='ocrx_word' id='word_1_87' title='bbox 827 1304 1109 1375; x_wconf 70' lang='lat' dir='ltr'><strong>prcesentis</strong></span> <span class='ocrx_word' id='word_1_88' title='bbox 1134 1303 1255 1356; x_wconf 70' lang='lat' dir='ltr'><strong>vitae</strong></span> <span class='ocrx_word' id='word_1_89' title='bbox 1288 1298 1719 1361; x_wconf 87' lang='lat' dir='ltr'><strong>necessitatibus,</strong></span> <span class='ocrx_word' id='word_1_90' title='bbox 1748 1293 1903 1364; x_wconf 90' lang='lat' dir='ltr'><strong>quasi</strong></span> <span class='ocrx_word' id='word_1_91' title='bbox 1928 1292 1997 1346; x_wconf 83' lang='lat' dir='ltr'><strong>ab</strong></span> <span class='ocrx_word' id='word_1_92' title='bbox 2025 1298 2161 1345; x_wconf 74' lang='lat' dir='ltr'><strong>mstu</strong></span> 
     </span>
    </p>
   </div>
   <div class='ocr_carea' id='block_1_14' title="bbox 584 1380 2158 1455">
    <p class='ocr_par' dir='ltr' id='par_1_14' title="bbox 584 1380 2158 1455">
     <span class='ocr_line' id='line_1_14' title="bbox 584 1380 2158 1455; baseline -0.013 -2"><span class='ocrx_word' id='word_1_93' title='bbox 584 1406 640 1453; x_wconf 93' lang='lat' dir='ltr'><strong>et</strong></span> <span class='ocrx_word' id='word_1_94' title='bbox 665 1395 928 1451; x_wconf 86' lang='lat' dir='ltr'><strong>imbribus</strong></span> <span class='ocrx_word' id='word_1_95' title='bbox 965 1392 1272 1448; x_wconf 85' lang='lat' dir='ltr'><strong>defendant.</strong></span> <span class='ocrx_word' id='word_1_96' title='bbox 1303 1389 1606 1446; x_wconf 81' lang='lat' dir='ltr'><strong>Honoribus</strong></span> <span class='ocrx_word' id='word_1_97' title='bbox 1644 1399 1879 1455; x_wconf 90' lang='lat' dir='ltr'><strong>namque</strong></span> <span class='ocrx_word' id='word_1_98' title='bbox 1917 1380 2158 1436; x_wconf 80' lang='lat' dir='ltr'><strong>exerceri</strong></span> 
     </span>
    </p>
   </div>
   <div class='ocr_carea' id='block_1_15' title="bbox 2268 452 3789 538">
    <p class='ocr_par' dir='ltr' id='par_1_15' title="bbox 2268 452 3789 538">
     <span class='ocr_line' id='line_1_15' title="bbox 2268 452 3789 538; baseline -0.01 -14"><span class='ocrx_word' id='word_1_99' title='bbox 2268 473 2620 538; x_wconf 76' lang='lat' dir='ltr'><strong>exaggerant,</strong></span> <span class='ocrx_word' id='word_1_100' title='bbox 2674 477 2743 517; x_wconf 90' lang='lat' dir='ltr'><strong>ne</strong></span> <span class='ocrx_word' id='word_1_101' title='bbox 2771 460 2964 530; x_wconf 76' lang='lat' dir='ltr'><strong>inopia:</strong></span> <span class='ocrx_word' id='word_1_102' title='bbox 2992 456 3194 528; x_wconf 81' lang='lat' dir='ltr'><strong>frigore</strong></span> <span class='ocrx_word' id='word_1_103' title='bbox 3229 455 3526 510; x_wconf 90' lang='lat' dir='ltr'><strong>tabescant.</strong></span> <span class='ocrx_word' id='word_1_104' title='bbox 3556 452 3649 507; x_wconf 85' lang='lat' dir='ltr'><strong>Ubi</strong></span> <span class='ocrx_word' id='word_1_105' title='bbox 3686 468 3789 525; x_wconf 78' lang='lat' dir='ltr'><strong>ergo</strong></span> 
     </span>
    </p>
   </div>
   <div class='ocr_carea' id='block_1_16' title="bbox 2267 544 3791 614">
    <p class='ocr_par' dir='ltr' id='par_1_16' title="bbox 2267 544 3791 614">
     <span class='ocr_line' id='line_1_16' title="bbox 2267 544 3791 614; baseline -0.009 0"><span class='ocrx_word' id='word_1_106' title='bbox 2267 559 2465 614; x_wconf 91' lang='lat' dir='ltr'><strong>mentis</strong></span> <span class='ocrx_word' id='word_1_107' title='bbox 2523 554 2907 610; x_wconf 71' lang='lat' dir='ltr'><strong>habitationem</strong></span> <span class='ocrx_word' id='word_1_108' title='bbox 2956 554 3319 612; x_wconf 89' lang='lat' dir='ltr'><strong>construunt,</strong></span> <span class='ocrx_word' id='word_1_109' title='bbox 3371 544 3444 599; x_wconf 90' lang='lat' dir='ltr'><strong>ibi</strong></span> <span class='ocrx_word' id='word_1_110' title='bbox 3494 544 3791 601; x_wconf 82' lang='lat' dir='ltr'><strong>tabernacula</strong></span> 
     </span>
    </p>
   </div>
   <div class='ocr_carea' id='block_1_17' title="bbox 2266 632 3791 720">
    <p class='ocr_par' dir='ltr' id='par_1_17' title="bbox 2266 632 3791 720">
     <span class='ocr_line' id='line_1_17' title="bbox 2266 632 3791 720; baseline -0.009 -18"><span class='ocrx_word' id='word_1_111' title='bbox 2266 646 2619 720; x_wconf 81' lang='lat' dir='ltr'><strong>proculdubio</strong></span> <span class='ocrx_word' id='word_1_112' title='bbox 2683 642 2937 697; x_wconf 78' lang='lat' dir='ltr'><strong>ﬁxerunt.</strong></span> <span class='ocrx_word' id='word_1_113' title='bbox 3002 638 3071 693; x_wconf 88' lang='lat' dir='ltr'><strong>At</strong></span> <span class='ocrx_word' id='word_1_114' title='bbox 3115 646 3303 692; x_wconf 90' lang='lat' dir='ltr'><strong>contra</strong></span> <span class='ocrx_word' id='word_1_115' title='bbox 3339 632 3473 702; x_wconf 84' lang='lat' dir='ltr'><strong>justi</strong></span> <span class='ocrx_word' id='word_1_116' title='bbox 3522 648 3615 687; x_wconf 91' lang='lat' dir='ltr'><strong>nec</strong></span> <span class='ocrx_word' id='word_1_117' title='bbox 3647 633 3791 689; x_wconf 84' lang='lat' dir='ltr'><strong>oblata</strong></span> 
     </span>
    </p>
   </div>
   <div class='ocr_carea' id='block_1_18' title="bbox 2268 725 3791 807">
    <p class='ocr_par' dir='ltr' id='par_1_18' title="bbox 2268 725 3791 807">
     <span class='ocr_line' id='line_1_18' title="bbox 2268 725 3791 807; baseline -0.009 -12"><span class='ocrx_word' id='word_1_118' title='bbox 2268 742 2408 795; x_wconf 92' lang='lat' dir='ltr'><strong>bona</strong></span> <span class='ocrx_word' id='word_1_119' title='bbox 2436 735 2757 807; x_wconf 90' lang='lat' dir='ltr'><strong>suspiciunt,</strong></span> <span class='ocrx_word' id='word_1_120' title='bbox 2790 747 2889 786; x_wconf 90' lang='lat' dir='ltr'><strong>nec</strong></span> <span class='ocrx_word' id='word_1_121' title='bbox 2912 730 3060 786; x_wconf 89' lang='lat' dir='ltr'><strong>illata</strong></span> <span class='ocrx_word' id='word_1_122' title='bbox 3086 728 3225 782; x_wconf 88' lang='lat' dir='ltr'><strong>mala</strong></span> <span class='ocrx_word' id='word_1_123' title='bbox 3260 726 3413 780; x_wconf 80' lang='lat' dir='ltr'><strong>valde</strong></span> <span class='ocrx_word' id='word_1_124' title='bbox 3435 725 3791 795; x_wconf 89' lang='lat' dir='ltr'><strong>pertimescunt.</strong></span> 
     </span>
    </p>
   </div>
   <div class='ocr_carea' id='block_1_19' title="bbox 2269 816 3794 892">
    <p class='ocr_par' dir='ltr' id='par_1_19' title="bbox 2269 816 3794 892">
     <span class='ocr_line' id='line_1_19' title="bbox 2269 816 3794 892; baseline -0.01 -7"><span class='ocrx_word' id='word_1_125' title='bbox 2269 829 2374 885; x_wconf 88' lang='lat' dir='ltr'><strong>Sed</strong></span> <span class='ocrx_word' id='word_1_126' title='bbox 2399 838 2596 883; x_wconf 87' lang='lat' dir='ltr'><strong>etcum</strong></span> <span class='ocrx_word' id='word_1_127' title='bbox 2618 824 2776 879; x_wconf 91' lang='lat' dir='ltr'><strong>bonis</strong></span> <span class='ocrx_word' id='word_1_128' title='bbox 2796 821 3148 892; x_wconf 59' lang='lat' dir='ltr'><strong>praesentibus</strong></span> <span class='ocrx_word' id='word_1_129' title='bbox 3176 827 3423 880; x_wconf 90' lang='lat' dir='ltr'><strong>utuntur,</strong></span> <span class='ocrx_word' id='word_1_130' title='bbox 3451 824 3665 870; x_wconf 83' lang='lat' dir='ltr'><strong>ventura</strong></span> <span class='ocrx_word' id='word_1_131' title='bbox 3686 816 3794 869; x_wconf 87' lang='lat' dir='ltr'><strong>mala</strong></span> 
     </span>
    </p>
   </div>
   <div class='ocr_carea' id='block_1_20' title="bbox 2268 907 3793 983">
    <p class='ocr_par' dir='ltr' id='par_1_20' title="bbox 2268 907 3793 983">
     <span class='ocr_line' id='line_1_20' title="bbox 2268 907 3793 983; baseline -0.01 -7"><span class='ocrx_word' id='word_1_132' title='bbox 2268 928 2536 976; x_wconf 85' lang='lat' dir='ltr'><strong>metuunt.</strong></span> <span class='ocrx_word' id='word_1_133' title='bbox 2565 917 2630 972; x_wconf 86' lang='lat' dir='ltr'><strong>Et</strong></span> <span class='ocrx_word' id='word_1_134' title='bbox 2657 917 2782 971; x_wconf 92' lang='lat' dir='ltr'><strong>dum</strong></span> <span class='ocrx_word' id='word_1_135' title='bbox 2816 915 2883 968; x_wconf 90' lang='lat' dir='ltr'><strong>de</strong></span> <span class='ocrx_word' id='word_1_136' title='bbox 2903 911 3257 983; x_wconf 67' lang='lat' dir='ltr'><strong>praesentibus</strong></span> <span class='ocrx_word' id='word_1_137' title='bbox 3282 908 3438 962; x_wconf 89' lang='lat' dir='ltr'><strong>malis</strong></span> <span class='ocrx_word' id='word_1_138' title='bbox 3472 915 3697 978; x_wconf 89' lang='lat' dir='ltr'><strong>gemunt,</strong></span> <span class='ocrx_word' id='word_1_139' title='bbox 3719 907 3793 968; x_wconf 84' lang='lat' dir='ltr'><strong>bo-</strong></span> 
     </span>
    </p>
   </div>
   <div class='ocr_carea' id='block_1_21' title="bbox 2264 998 3795 1079">
    <p class='ocr_par' dir='ltr' id='par_1_21' title="bbox 2264 998 3795 1079">
     <span class='ocr_line' id='line_1_21' title="bbox 2264 998 3795 1079; baseline -0.009 -13"><span class='ocrx_word' id='word_1_140' title='bbox 2264 1027 2457 1066; x_wconf 89' lang='lat' dir='ltr'><strong>norum</strong></span> <span class='ocrx_word' id='word_1_141' title='bbox 2502 1008 2845 1079; x_wconf 83' lang='lat' dir='ltr'><strong>sequentium</strong></span> <span class='ocrx_word' id='word_1_142' title='bbox 2893 1019 3078 1060; x_wconf 88' lang='lat' dir='ltr'><strong>amore</strong></span> <span class='ocrx_word' id='word_1_143' title='bbox 3103 1001 3491 1072; x_wconf 74' lang='lat' dir='ltr'><strong>consolantur.</strong></span> <span class='ocrx_word' id='word_1_144' title='bbox 3522 998 3656 1053; x_wconf 86' lang='lat' dir='ltr'><strong>Bene</strong></span> <span class='ocrx_word' id='word_1_145' title='bbox 3694 1012 3795 1068; x_wconf 78' lang='lat' dir='ltr'><strong>ergo</strong></span> 
     </span>
    </p>
   </div>
   <div class='ocr_carea' id='block_1_22' title="bbox 2266 1088 3797 1163">
    <p class='ocr_par' dir='ltr' id='par_1_22' title="bbox 2266 1088 3797 1163">
     <span class='ocr_line' id='line_1_22' title="bbox 2266 1088 3797 1163; baseline -0.012 -5"><span class='ocrx_word' id='word_1_146' title='bbox 2266 1104 2501 1158; x_wconf 89' lang='lat' dir='ltr'><strong>dicitur:</strong></span> <span class='ocrx_word' id='word_1_147' title='bbox 2546 1096 2961 1152; x_wconf 80' lang='lat' dir='ltr'><strong>Tabernaculum</strong></span> <span class='ocrx_word' id='word_1_148' title='bbox 3010 1094 3291 1163; x_wconf 84' lang='lat' dir='ltr'><strong>impiorum</strong></span> <span class='ocrx_word' id='word_1_149' title='bbox 3332 1108 3437 1145; x_wconf 85' lang='lat' dir='ltr'><strong>non</strong></span> <span class='ocrx_word' id='word_1_150' title='bbox 3482 1088 3714 1143; x_wconf 76' lang='lat' dir='ltr'><strong>subsistit.</strong></span> <span class='ocrx_word' id='word_1_151' title='bbox 3742 1114 3797 1128; x_wconf 91' lang='lat'><em>-</em></span> 
     </span>
    </p>
   </div>
   <div class='ocr_carea' id='block_1_23' title="bbox 2268 1178 3796 1263">
    <p class='ocr_par' dir='ltr' id='par_1_23' title="bbox 2268 1178 3796 1263">
     <span class='ocr_line' id='line_1_23' title="bbox 2268 1178 3796 1263; baseline -0.012 -15"><span class='ocrx_word' id='word_1_152' title='bbox 2268 1194 2402 1263; x_wconf 88' lang='lat' dir='ltr'><strong>Quia</strong></span> <span class='ocrx_word' id='word_1_153' title='bbox 2428 1192 2551 1247; x_wconf 74' lang='lat' dir='ltr'><strong>vita:</strong></span> <span class='ocrx_word' id='word_1_154' title='bbox 2571 1187 2875 1259; x_wconf 79' lang='lat' dir='ltr'><strong>eﬂ&#39;ugientis</strong></span> <span class='ocrx_word' id='word_1_155' title='bbox 2899 1195 3190 1248; x_wconf 82' lang='lat' dir='ltr'><strong>amatores,</strong></span> <span class='ocrx_word' id='word_1_156' title='bbox 3218 1183 3341 1236; x_wconf 91' lang='lat' dir='ltr'><strong>dum</strong></span> <span class='ocrx_word' id='word_1_157' title='bbox 3371 1179 3603 1234; x_wconf 84' lang='lat' dir='ltr'><strong>studiose</strong></span> <span class='ocrx_word' id='word_1_158' title='bbox 3623 1178 3667 1231; x_wconf 89' lang='lat' dir='ltr'><strong>in</strong></span> <span class='ocrx_word' id='word_1_159' title='bbox 3692 1193 3796 1247; x_wconf 73' lang='lat' dir='ltr'><strong>pra:-</strong></span> 
     </span>
    </p>
   </div>
   <div class='ocr_carea' id='block_1_24' title="bbox 2263 1269 3796 1345">
    <p class='ocr_par' dir='ltr' id='par_1_24' title="bbox 2263 1269 3796 1345">
     <span class='ocr_line' id='line_1_24' title="bbox 2263 1269 3796 1345; baseline -0.014 -3"><span class='ocrx_word' id='word_1_160' title='bbox 2263 1285 2505 1342; x_wconf 89' lang='lat' dir='ltr'><strong>sentibus</strong></span> <span class='ocrx_word' id='word_1_161' title='bbox 2534 1286 2945 1343; x_wconf 90' lang='lat' dir='ltr'><strong>construuntur,</strong></span> <span class='ocrx_word' id='word_1_162' title='bbox 2977 1282 3197 1345; x_wconf 88' lang='lat' dir='ltr'><strong>repente</strong></span> <span class='ocrx_word' id='word_1_163' title='bbox 3226 1273 3295 1328; x_wconf 91' lang='lat' dir='ltr'><strong>ad</strong></span> <span class='ocrx_word' id='word_1_164' title='bbox 3321 1280 3520 1328; x_wconf 74' lang='lat' dir='ltr'><strong>aeterna</strong></span> <span class='ocrx_word' id='word_1_165' title='bbox 3541 1269 3796 1339; x_wconf 88' lang='lat' dir='ltr'><strong>rapiuntur.</strong></span> 
     </span>
    </p>
   </div>
   <div class='ocr_carea' id='block_1_25' title="bbox 595 1529 3789 1601">
    <p class='ocr_par' dir='ltr' id='par_1_25' title="bbox 595 1529 3789 1601">
     <span class='ocr_line' id='line_1_25' title="bbox 595 1529 3789 1601; baseline -0.007 -7"><span class='ocrx_word' id='word_1_166' title='bbox 595 1529 3789 1601; x_wconf 51' lang='lat'><strong>~___________________—____—————————¥-————‘</strong></span> 
     </span>
    </p>
   </div>
   <div class='ocr_carea' id='block_1_26' title="bbox 1824 1708 2578 1794">
    <p class='ocr_par' dir='ltr' id='par_1_26' title="bbox 1824 1708 2578 1794">
     <span class='ocr_line' id='line_1_26' title="bbox 1824 1708 2578 1794; baseline -0.009 0"><span class='ocrx_word' id='word_1_167' title='bbox 1824 1715 2123 1794; x_wconf 79' lang='lat' dir='ltr'><strong>LIBER</strong></span> <span class='ocrx_word' id='word_1_168' title='bbox 2204 1711 2413 1791; x_wconf 70' lang='lat' dir='ltr'><strong>NON</strong></span> <span class='ocrx_word' id='word_1_169' title='bbox 2426 1708 2578 1789; x_wconf 91' lang='lat' dir='ltr'><strong>US.</strong></span> 
     </span>
    </p>
   </div>
   <div class='ocr_carea' id='block_1_27' title="bbox 1121 1778 1246 1869">
    <p class='ocr_par' dir='ltr' id='par_1_27' title="bbox 1121 1778 1246 1869">
     <span class='ocr_line' id='line_1_27' title="bbox 1121 1778 1246 1869; baseline -0.008 1"><span class='ocrx_word' id='word_1_170' title='bbox 1121 1838 1124 1840; x_wconf 77' lang='lat'><strong><em>~</em></strong></span> <span class='ocrx_word' id='word_1_171' title='bbox 1221 1778 1246 1869; x_wconf 66' lang='grc' dir='ltr'>ἒ</span> 
     </span>
    </p>
   </div>
   <div class='ocr_carea' id='block_1_28' title="bbox 1196 2031 1551 2089">
    <p class='ocr_par' dir='ltr' id='par_1_28' title="bbox 1196 2031 1551 2089">
     <span class='ocr_line' id='line_1_28' title="bbox 1196 2031 1551 2089; baseline -0.008 0"><span class='ocrx_word' id='word_1_172' title='bbox 1196 2032 1422 2089; x_wconf 81' lang='lat' dir='ltr'><strong>CAPUT</strong></span> <span class='ocrx_word' id='word_1_173' title='bbox 1462 2031 1551 2088; x_wconf 75' lang='lat' dir='ltr'><strong>IX.</strong></span> 
     </span>
    </p>
   </div>
   <div class='ocr_carea' id='block_1_29' title="bbox 648 2119 2159 2195">
    <p class='ocr_par' dir='ltr' id='par_1_29' title="bbox 648 2119 2159 2195">
     <span class='ocr_line' id='line_1_29' title="bbox 648 2119 2159 2195; baseline -0.007 -12"><span class='ocrx_word' id='word_1_174' title='bbox 648 2126 816 2184; x_wconf 71' lang='lat' dir='ltr'><strong>Vsus.</strong></span> <span class='ocrx_word' id='word_1_175' title='bbox 850 2126 902 2192; x_wconf 79' lang='grc' dir='ltr'><strong>ι,</strong></span> <span class='ocrx_word' id='word_1_176' title='bbox 929 2125 983 2181; x_wconf 78' lang='grc'><strong>2.</strong></span> <span class='ocrx_word' id='word_1_177' title='bbox 1006 2125 1331 2195; x_wconf 83' lang='lat' dir='ltr'><strong>Respondens</strong></span> <span class='ocrx_word' id='word_1_178' title='bbox 1361 2135 1530 2177; x_wconf 85' lang='lat' dir='ltr'><strong>autem</strong></span> <span class='ocrx_word' id='word_1_179' title='bbox 1561 2121 1661 2177; x_wconf 79' lang='lat' dir='ltr'><strong>Iob</strong></span> <span class='ocrx_word' id='word_1_180' title='bbox 1686 2122 1816 2176; x_wconf 75' lang='lat' dir='ltr'><strong>dixit</strong></span> <span class='ocrx_word' id='word_1_181' title='bbox 1848 2137 1865 2175; x_wconf 92' lang='lat'><strong>:</strong></span> <span class='ocrx_word' id='word_1_182' title='bbox 1897 2119 2028 2174; x_wconf 79' lang='lat' dir='ltr'><strong>Vere</strong></span> <span class='ocrx_word' id='word_1_183' title='bbox 2049 2119 2159 2173; x_wconf 87' lang='lat' dir='ltr'><strong>scio</strong></span> 
     </span>
    </p>
   </div>
   <div class='ocr_carea' id='block_1_30' title="bbox 579 2210 2160 2290">
    <p class='ocr_par' dir='ltr' id='par_1_30' title="bbox 579 2210 2160 2290">
     <span class='ocr_line' id='line_1_30' title="bbox 579 2210 2160 2290; baseline -0.005 -18"><span class='ocrx_word' id='word_1_184' title='bbox 579 2218 719 2290; x_wconf 85' lang='lat' dir='ltr'><strong>quod</strong></span> <span class='ocrx_word' id='word_1_185' title='bbox 748 2219 819 2271; x_wconf 86' lang='lat' dir='ltr'><strong>ita</strong></span> <span class='ocrx_word' id='word_1_186' title='bbox 846 2218 934 2279; x_wconf 89' lang='lat' dir='ltr'><strong>sit,</strong></span> <span class='ocrx_word' id='word_1_187' title='bbox 965 2225 1012 2270; x_wconf 92' lang='lat' dir='ltr'><strong>et</strong></span> <span class='ocrx_word' id='word_1_188' title='bbox 1043 2215 1181 2285; x_wconf 87' lang='lat' dir='ltr'><strong>quod</strong></span> <span class='ocrx_word' id='word_1_189' title='bbox 1204 2232 1305 2269; x_wconf 86' lang='lat' dir='ltr'><strong>non</strong></span> <span class='ocrx_word' id='word_1_190' title='bbox 1326 2215 1650 2285; x_wconf 72' lang='lat' dir='ltr'><strong>justiﬁcerur</strong></span> <span class='ocrx_word' id='word_1_191' title='bbox 1674 2215 1827 2267; x_wconf 81' lang='lat' dir='ltr'><strong>homo</strong></span> <span class='ocrx_word' id='word_1_192' title='bbox 1849 2210 2160 2282; x_wconf 79' lang='lat' dir='ltr'><strong>compositus</strong></span> 
     </span>
    </p>
   </div>
   <div class='ocr_carea' id='block_1_31' title="bbox 583 2304 2164 2375">
    <p class='ocr_par' dir='ltr' id='par_1_31' title="bbox 583 2304 2164 2375">
     <span class='ocr_line' id='line_1_31' title="bbox 583 2304 2164 2375; baseline -0.004 -12"><span class='ocrx_word' id='word_1_193' title='bbox 583 2307 717 2363; x_wconf 87' lang='lat' dir='ltr'><strong>Deo.</strong></span> <span class='ocrx_word' id='word_1_194' title='bbox 746 2337 817 2348; x_wconf 90' lang='lat'><strong>-—</strong></span> <span class='ocrx_word' id='word_1_195' title='bbox 851 2306 1024 2361; x_wconf 82' lang='lat' dir='ltr'><strong>Homo</strong></span> <span class='ocrx_word' id='word_1_196' title='bbox 1050 2306 1245 2375; x_wconf 89' lang='lat' dir='ltr'><strong>quippe</strong></span> <span class='ocrx_word' id='word_1_197' title='bbox 1284 2306 1591 2375; x_wconf 90' lang='lat' dir='ltr'><strong>suppositus</strong></span> <span class='ocrx_word' id='word_1_198' title='bbox 1619 2305 1728 2359; x_wconf 88' lang='lat' dir='ltr'><strong>Deo</strong></span> <span class='ocrx_word' id='word_1_199' title='bbox 1745 2304 2010 2373; x_wconf 88' lang='lat' dir='ltr'><strong>justitiam</strong></span> <span class='ocrx_word' id='word_1_200' title='bbox 2038 2320 2164 2374; x_wconf 86' lang='lat' dir='ltr'><strong>per-</strong></span> 
     </span>
    </p>
   </div>
   <div class='ocr_carea' id='block_1_32' title="bbox 579 2394 2163 2467">
    <p class='ocr_par' dir='ltr' id='par_1_32' title="bbox 579 2394 2163 2467">
     <span class='ocr_line' id='line_1_32' title="bbox 579 2394 2163 2467; baseline -0.003 -14"><span class='ocrx_word' id='word_1_201' title='bbox 579 2396 732 2467; x_wconf 88' lang='lat' dir='ltr'><strong>cipit,</strong></span> <span class='ocrx_word' id='word_1_202' title='bbox 765 2394 1094 2464; x_wconf 89' lang='lat' dir='ltr'><strong>compositus</strong></span> <span class='ocrx_word' id='word_1_203' title='bbox 1124 2394 1341 2447; x_wconf 89' lang='lat' dir='ltr'><strong>amittit.</strong></span> <span class='ocrx_word' id='word_1_204' title='bbox 1392 2394 1526 2461; x_wconf 86' lang='lat' dir='ltr'><strong>Quia</strong></span> <span class='ocrx_word' id='word_1_205' title='bbox 1570 2395 1815 2465; x_wconf 83' lang='lat' dir='ltr'><strong>quisquis</strong></span> <span class='ocrx_word' id='word_1_206' title='bbox 1847 2408 1906 2450; x_wconf 87' lang='lat' dir='ltr'><strong>se</strong></span> <span class='ocrx_word' id='word_1_207' title='bbox 1940 2395 2163 2449; x_wconf 84' lang='lat' dir='ltr'><strong>Auctori</strong></span> 
     </span>
    </p>
   </div>
   <div class='ocr_carea' id='block_1_33' title="bbox 579 2485 2160 2558">
    <p class='ocr_par' dir='ltr' id='par_1_33' title="bbox 579 2485 2160 2558">
     <span class='ocr_line' id='line_1_33' title="bbox 579 2485 2160 2558; baseline -0.001 -16"><span class='ocrx_word' id='word_1_208' title='bbox 579 2487 843 2543; x_wconf 91' lang='lat' dir='ltr'><strong>bonorum</strong></span> <span class='ocrx_word' id='word_1_209' title='bbox 875 2493 1172 2557; x_wconf 86' lang='lat' dir='ltr'><strong>comparat,</strong></span> <span class='ocrx_word' id='word_1_210' title='bbox 1206 2485 1347 2542; x_wconf 90' lang='lat' dir='ltr'><strong>bono</strong></span> <span class='ocrx_word' id='word_1_211' title='bbox 1378 2500 1437 2541; x_wconf 89' lang='lat' dir='ltr'><strong>se</strong></span> <span class='ocrx_word' id='word_1_212' title='bbox 1484 2486 1630 2555; x_wconf 89' lang='lat' dir='ltr'><strong>quod</strong></span> <span class='ocrx_word' id='word_1_213' title='bbox 1676 2487 1916 2557; x_wconf 89' lang='lat' dir='ltr'><strong>accepit,</strong></span> <span class='ocrx_word' id='word_1_214' title='bbox 1962 2488 2160 2558; x_wconf 89' lang='lat' dir='ltr'><strong>privat.</strong></span> 
     </span>
    </p>
   </div>
   <div class='ocr_carea' id='block_1_34' title="bbox 582 2577 888 2646">
    <p class='ocr_par' dir='ltr' id='par_1_34' title="bbox 582 2577 888 2646">
     <span class='ocr_line' id='line_1_34' title="bbox 582 2577 888 2646; baseline -0.003 -12"><span class='ocrx_word' id='word_1_215' title='bbox 582 2577 843 2646; x_wconf 87' lang='lat' dir='ltr'><strong>Sequitur</strong></span> <span class='ocrx_word' id='word_1_216' title='bbox 873 2597 888 2633; x_wconf 90' lang='lat'><strong>:</strong></span> 
     </span>
    </p>
   </div>
   <div class='ocr_carea' id='block_1_35' title="bbox 650 2667 2163 2740">
    <p class='ocr_par' dir='ltr' id='par_1_35' title="bbox 650 2667 2163 2740">
     <span class='ocr_line' id='line_1_35' title="bbox 650 2667 2163 2740; baseline 0 -17"><span class='ocrx_word' id='word_1_217' title='bbox 650 2669 815 2723; x_wconf 73' lang='lat' dir='ltr'><strong>Vens.</strong></span> <span class='ocrx_word' id='word_1_218' title='bbox 848 2669 901 2724; x_wconf 80' lang='grc'><strong>5.</strong></span> <span class='ocrx_word' id='word_1_219' title='bbox 941 2668 1001 2723; x_wconf 87' lang='lat' dir='ltr'><strong>Si</strong></span> <span class='ocrx_word' id='word_1_220' title='bbox 1028 2669 1242 2723; x_wconf 82' lang='lat' dir='ltr'><strong>voluerit</strong></span> <span class='ocrx_word' id='word_1_221' title='bbox 1271 2668 1579 2723; x_wconf 86' lang='lat' dir='ltr'><strong>contendere</strong></span> <span class='ocrx_word' id='word_1_222' title='bbox 1595 2667 1725 2722; x_wconf 83' lang='lat' dir='ltr'><strong>&#39;cum</strong></span> <span class='ocrx_word' id='word_1_223' title='bbox 1747 2685 1829 2729; x_wconf 81' lang='lat' dir='ltr'><strong>eo.</strong></span> <span class='ocrx_word' id='word_1_224' title='bbox 1855 2685 1958 2723; x_wconf 81' lang='lat' dir='ltr'><strong>non</strong></span> <span class='ocrx_word' id='word_1_225' title='bbox 1979 2670 2163 2740; x_wconf 80' lang='lat' dir='ltr'><strong>poterit</strong></span> 
     </span>
    </p>
   </div>
   <div class='ocr_carea' id='block_1_36' title="bbox 580 2759 2165 2830">
    <p class='ocr_par' dir='ltr' id='par_1_36' title="bbox 580 2759 2165 2830">
     <span class='ocr_line' id='line_1_36' title="bbox 580 2759 2165 2830; baseline 0.001 -16"><span class='ocrx_word' id='word_1_226' title='bbox 580 2759 628 2814; x_wconf 89' lang='lat' dir='ltr'><strong>ei</strong></span> <span class='ocrx_word' id='word_1_227' title='bbox 662 2762 970 2828; x_wconf 80' lang='lat' dir='ltr'><strong>respondere</strong></span> <span class='ocrx_word' id='word_1_228' title='bbox 1013 2776 1175 2813; x_wconf 87' lang='lat' dir='ltr'><strong>unum</strong></span> <span class='ocrx_word' id='word_1_229' title='bbox 1207 2776 1301 2830; x_wconf 85' lang='lat' dir='ltr'><strong>pro</strong></span> <span class='ocrx_word' id='word_1_230' title='bbox 1331 2760 1490 2813; x_wconf 84' lang='lat' dir='ltr'><strong>mille.</strong></span> <span class='ocrx_word' id='word_1_231' title='bbox 1521 2759 1670 2813; x_wconf 86' lang='lat' dir='ltr'><strong>——In</strong></span> <span class='ocrx_word' id='word_1_232' title='bbox 1704 2759 1981 2829; x_wconf 83' lang='lat' dir='ltr'><strong>Scriptura</strong></span> <span class='ocrx_word' id='word_1_233' title='bbox 2012 2775 2165 2815; x_wconf 87' lang='lat' dir='ltr'><strong>sacra</strong></span> 
     </span>
    </p>
   </div>
   <div class='ocr_carea' id='block_1_37' title="bbox 582 2848 2162 2920">
    <p class='ocr_par' dir='ltr' id='par_1_37' title="bbox 582 2848 2162 2920">
     <span class='ocr_line' id='line_1_37' title="bbox 582 2848 2162 2920; baseline 0 -17"><span class='ocrx_word' id='word_1_234' title='bbox 582 2849 917 2903; x_wconf 89' lang='lat' dir='ltr'><strong>millenarius</strong></span> <span class='ocrx_word' id='word_1_235' title='bbox 947 2864 1200 2903; x_wconf 88' lang='lat' dir='ltr'><strong>numerus</strong></span> <span class='ocrx_word' id='word_1_236' title='bbox 1228 2864 1326 2917; x_wconf 90' lang='lat' dir='ltr'><strong>pro</strong></span> <span class='ocrx_word' id='word_1_237' title='bbox 1372 2849 1727 2903; x_wconf 87' lang='lat' dir='ltr'><strong>universitate</strong></span> <span class='ocrx_word' id='word_1_238' title='bbox 1757 2849 1891 2904; x_wconf 90' lang='lat' dir='ltr'><strong>solet</strong></span> <span class='ocrx_word' id='word_1_239' title='bbox 1919 2848 2162 2920; x_wconf 81' lang='lat' dir='ltr'><strong>intelligi.</strong></span> 
     </span>
    </p>
   </div>
   <div class='ocr_carea' id='block_1_38' title="bbox 582 2938 2170 3009">
    <p class='ocr_par' dir='ltr' id='par_1_38' title="bbox 582 2938 2170 3009">
     <span class='ocr_line' id='line_1_38' title="bbox 582 2938 2170 3009; baseline -0.001 -14"><span class='ocrx_word' id='word_1_240' title='bbox 582 2939 722 2995; x_wconf 86' lang='lat' dir='ltr'><strong>Hinc</strong></span> <span class='ocrx_word' id='word_1_241' title='bbox 753 2939 953 2993; x_wconf 89' lang='lat' dir='ltr'><strong>dicitur</strong></span> <span class='ocrx_word' id='word_1_242' title='bbox 982 2956 995 2992; x_wconf 90' lang='lat'><strong>:</strong></span> <span class='ocrx_word' id='word_1_243' title='bbox 1034 2957 1051 2990; x_wconf 76' lang='grc' dir='ltr'>ι</span> <span class='ocrx_word' id='word_1_244' title='bbox 1085 2938 1244 2994; x_wconf 82' lang='lat' dir='ltr'><strong>Verbi</strong></span> <span class='ocrx_word' id='word_1_245' title='bbox 1271 2939 1412 3008; x_wconf 89' lang='lat' dir='ltr'><strong>quod</strong></span> <span class='ocrx_word' id='word_1_246' title='bbox 1449 2940 1724 2993; x_wconf 86' lang='lat' dir='ltr'><strong>mandavit</strong></span> <span class='ocrx_word' id='word_1_247' title='bbox 1751 2940 1803 2993; x_wconf 93' lang='lat' dir='ltr'><strong>in</strong></span> <span class='ocrx_word' id='word_1_248' title='bbox 1835 2940 1980 2994; x_wconf 88' lang='lat' dir='ltr'><strong>mille</strong></span> <span class='ocrx_word' id='word_1_249' title='bbox 2005 2955 2170 3009; x_wconf 88' lang='lat' dir='ltr'><strong>gene-</strong></span> 
     </span>
    </p>
   </div>
   <div class='ocr_carea' id='block_1_39' title="bbox 583 3028 2167 3101">
    <p class='ocr_par' dir='ltr' id='par_1_39' title="bbox 583 3028 2167 3101">
     <span class='ocr_line' id='line_1_39' title="bbox 583 3028 2167 3101; baseline -0.002 -16"><span class='ocrx_word' id='word_1_250' title='bbox 583 3031 823 3085; x_wconf 87' lang='lat' dir='ltr'><strong>rationes</strong></span> <span class='ocrx_word' id='word_1_251' title='bbox 851 3028 1023 3101; x_wconf 84' lang='lat' dir='ltr'><strong>(Psal.</strong></span> <span class='ocrx_word' id='word_1_252' title='bbox 1045 3045 1150 3094; x_wconf 81' lang='lat' dir='ltr'><strong>crv,</strong></span> <span class='ocrx_word' id='word_1_253' title='bbox 1175 3029 1252 3098; x_wconf 86' lang='lat'><strong>8).</strong></span> <span class='ocrx_word' id='word_1_254' title='bbox 1284 3049 1300 3078; x_wconf 78' lang='grc' dir='ltr'>ι</span> <span class='ocrx_word' id='word_1_255' title='bbox 1339 3029 1659 3084; x_wconf 88' lang='lat' dir='ltr'><strong>EtJoannes</strong></span> <span class='ocrx_word' id='word_1_256' title='bbox 1679 3029 1753 3084; x_wconf 89' lang='lat' dir='ltr'><strong>ait</strong></span> <span class='ocrx_word' id='word_1_257' title='bbox 1786 3047 1798 3083; x_wconf 90' lang='lat'><strong>:</strong></span> <span class='ocrx_word' id='word_1_258' title='bbox 1837 3048 1854 3079; x_wconf 83' lang='grc'><strong>«</strong></span> <span class='ocrx_word' id='word_1_259' title='bbox 1888 3029 1953 3082; x_wconf 83' lang='lat' dir='ltr'><strong>Et</strong></span> <span class='ocrx_word' id='word_1_260' title='bbox 1978 3044 2167 3097; x_wconf 82' lang='lat' dir='ltr'><strong>regna-</strong></span> 
     </span>
    </p>
   </div>
   <div class='ocr_carea' id='block_1_40' title="bbox 584 3118 2167 3188">
    <p class='ocr_par' dir='ltr' id='par_1_40' title="bbox 584 3118 2167 3188">
     <span class='ocr_line' id='line_1_40' title="bbox 584 3118 2167 3188; baseline 0 -15"><span class='ocrx_word' id='word_1_261' title='bbox 584 3120 722 3174; x_wconf 90' lang='lat' dir='ltr'><strong>bunt</strong></span> <span class='ocrx_word' id='word_1_262' title='bbox 746 3135 869 3173; x_wconf 88' lang='lat' dir='ltr'><strong>cum</strong></span> <span class='ocrx_word' id='word_1_263' title='bbox 899 3134 963 3173; x_wconf 91' lang='lat' dir='ltr'><strong>eo</strong></span> <span class='ocrx_word' id='word_1_264' title='bbox 992 3118 1136 3173; x_wconf 79' lang='lat' dir='ltr'><strong>mille</strong></span> <span class='ocrx_word' id='word_1_265' title='bbox 1163 3119 1322 3173; x_wconf 91' lang='lat' dir='ltr'><strong>annis</strong></span> <span class='ocrx_word' id='word_1_266' title='bbox 1356 3118 1537 3187; x_wconf 78' lang='lat' dir='ltr'><strong>(Apoc.</strong></span> <span class='ocrx_word' id='word_1_267' title='bbox 1565 3135 1656 3181; x_wconf 76' lang='lat' dir='ltr'><strong>xx,</strong></span> <span class='ocrx_word' id='word_1_268' title='bbox 1681 3119 1758 3188; x_wconf 86' lang='lat'><strong>6).</strong></span> <span class='ocrx_word' id='word_1_269' title='bbox 1792 3139 1810 3171; x_wconf 85' lang='grc'><strong>›</strong></span> <span class='ocrx_word' id='word_1_270' title='bbox 1862 3118 1995 3185; x_wconf 86' lang='lat' dir='ltr'><strong>Quia</strong></span> <span class='ocrx_word' id='word_1_271' title='bbox 2036 3134 2167 3173; x_wconf 89' lang='lat' dir='ltr'><strong>vero</strong></span> 
     </span>
    </p>
   </div>
   <div class='ocr_carea' id='block_1_41' title="bbox 584 3208 2166 3278">
    <p class='ocr_par' dir='ltr' id='par_1_41' title="bbox 584 3208 2166 3278">
     <span class='ocr_line' id='line_1_41' title="bbox 584 3208 2166 3278; baseline 0 -15"><span class='ocrx_word' id='word_1_272' title='bbox 584 3223 776 3263; x_wconf 91' lang='lat' dir='ltr'><strong>mouas</strong></span> <span class='ocrx_word' id='word_1_273' title='bbox 821 3208 1207 3278; x_wconf 89' lang='lat' dir='ltr'><strong>multiplicatus</strong></span> <span class='ocrx_word' id='word_1_274' title='bbox 1255 3209 1307 3263; x_wconf 94' lang='lat' dir='ltr'><strong>iu</strong></span> <span class='ocrx_word' id='word_1_275' title='bbox 1338 3208 1617 3261; x_wconf 88' lang='lat' dir='ltr'><strong>denarium</strong></span> <span class='ocrx_word' id='word_1_276' title='bbox 1650 3208 1888 3270; x_wconf 90' lang='lat' dir='ltr'><strong>ducitur,</strong></span> <span class='ocrx_word' id='word_1_277' title='bbox 1914 3208 2166 3263; x_wconf 90' lang='lat' dir='ltr'><strong>denarius</strong></span> 
     </span>
    </p>
   </div>
   <div class='ocr_carea' id='block_1_42' title="bbox 583 3297 2159 3368">
    <p class='ocr_par' dir='ltr' id='par_1_42' title="bbox 583 3297 2159 3368">
     <span class='ocr_line' id='line_1_42' title="bbox 583 3297 2159 3368; baseline -0.001 -15"><span class='ocrx_word' id='word_1_278' title='bbox 583 3314 683 3368; x_wconf 91' lang='lat' dir='ltr'><strong>per</strong></span> <span class='ocrx_word' id='word_1_279' title='bbox 711 3300 1057 3367; x_wconf 84' lang='lat' dir='ltr'><strong>semetipsum</strong></span> <span class='ocrx_word' id='word_1_280' title='bbox 1090 3299 1280 3353; x_wconf 88' lang='lat' dir='ltr'><strong>ductus</strong></span> <span class='ocrx_word' id='word_1_281' title='bbox 1300 3299 1351 3352; x_wconf 94' lang='lat' dir='ltr'><strong>in</strong></span> <span class='ocrx_word' id='word_1_282' title='bbox 1378 3297 1732 3352; x_wconf 90' lang='lat' dir='ltr'><strong>millenarinm</strong></span> <span class='ocrx_word' id='word_1_283' title='bbox 1760 3299 2013 3363; x_wconf 88' lang='lat' dir='ltr'><strong>tenditur,</strong></span> <span class='ocrx_word' id='word_1_284' title='bbox 2036 3314 2159 3353; x_wconf 93' lang='lat' dir='ltr'><strong>cum</strong></span> 
     </span>
    </p>
   </div>
   <div class='ocr_carea' id='block_1_43' title="bbox 2193 2011 3801 2096">
    <p class='ocr_par' dir='ltr' id='par_1_43' title="bbox 2193 2011 3801 2096">
     <span class='ocr_line' id='line_1_43' title="bbox 2193 2011 3801 2096; baseline -0.01 -18"><span class='ocrx_word' id='word_1_285' title='bbox 2193 2026 2237 2087; x_wconf 81' lang='grc' dir='ltr'><strong>Β</strong></span> <span class='ocrx_word' id='word_1_286' title='bbox 2266 2041 2393 2096; x_wconf 83' lang='lat' dir='ltr'><strong>quos</strong></span> <span class='ocrx_word' id='word_1_287' title='bbox 2426 2021 2671 2077; x_wconf 78' lang='lat' dir='ltr'><strong>subvertit</strong></span> <span class='ocrx_word' id='word_1_288' title='bbox 2720 2037 2778 2076; x_wconf 72' lang='lat' dir='ltr'><strong>in</strong></span> <span class='ocrx_word' id='word_1_289' title='bbox 2826 2020 3003 2089; x_wconf 78' lang='lat' dir='ltr'><strong>furore</strong></span> <span class='ocrx_word' id='word_1_290' title='bbox 3041 2033 3158 2073; x_wconf 87' lang='lat' dir='ltr'><strong>suo.</strong></span> <span class='ocrx_word' id='word_1_291' title='bbox 3197 2044 3269 2060; x_wconf 93' lang='lat'><strong><em>—</em></strong></span> <span class='ocrx_word' id='word_1_292' title='bbox 3293 2012 3352 2069; x_wconf 84' lang='lat' dir='ltr'><strong>In</strong></span> <span class='ocrx_word' id='word_1_293' title='bbox 3383 2011 3654 2082; x_wconf 86' lang='lat' dir='ltr'><strong>Scriptura</strong></span> <span class='ocrx_word' id='word_1_294' title='bbox 3680 2023 3801 2063; x_wconf 86' lang='lat' dir='ltr'><strong>sacra</strong></span> 
     </span>
    </p>
   </div>
   <div class='ocr_carea' id='block_1_44' title="bbox 2268 2097 3802 2185">
    <p class='ocr_par' dir='ltr' id='par_1_44' title="bbox 2268 2097 3802 2185">
     <span class='ocr_line' id='line_1_44' title="bbox 2268 2097 3802 2185; baseline -0.013 -15"><span class='ocrx_word' id='word_1_295' title='bbox 2268 2129 2410 2185; x_wconf 79' lang='lat' dir='ltr'><strong>saepe</strong></span> <span class='ocrx_word' id='word_1_296' title='bbox 2461 2112 2723 2168; x_wconf 93' lang='lat' dir='ltr'><strong>montium</strong></span> <span class='ocrx_word' id='word_1_297' title='bbox 2772 2110 3031 2175; x_wconf 84' lang='lat' dir='ltr'><strong>nomine,</strong></span> <span class='ocrx_word' id='word_1_298' title='bbox 3099 2105 3508 2177; x_wconf 73' lang='lat' dir='ltr'><strong>prtedicantium</strong></span> <span class='ocrx_word' id='word_1_299' title='bbox 3563 2097 3802 2156; x_wconf 87' lang='lat' dir='ltr'><strong>multitudo</strong></span> 
     </span>
    </p>
   </div>
   <div class='ocr_carea' id='block_1_45' title="bbox 2264 2192 3799 2275">
    <p class='ocr_par' dir='ltr' id='par_1_45' title="bbox 2264 2192 3799 2275">
     <span class='ocr_line' id='line_1_45' title="bbox 2264 2192 3799 2275; baseline -0.01 -17"><span class='ocrx_word' id='word_1_300' title='bbox 2264 2204 2527 2275; x_wconf 80' lang='lat' dir='ltr'><strong>signatur.</strong></span> <span class='ocrx_word' id='word_1_301' title='bbox 2567 2203 2642 2257; x_wconf 88' lang='lat' dir='ltr'><strong>De</strong></span> <span class='ocrx_word' id='word_1_302' title='bbox 2667 2201 2864 2271; x_wconf 86' lang='lat' dir='ltr'><strong>quibus</strong></span> <span class='ocrx_word' id='word_1_303' title='bbox 2893 2214 2990 2270; x_wconf 91' lang='lat' dir='ltr'><strong>per</strong></span> <span class='ocrx_word' id='word_1_304' title='bbox 3015 2197 3355 2253; x_wconf 86' lang='lat' dir='ltr'><strong>Psalmistam</strong></span> <span class='ocrx_word' id='word_1_305' title='bbox 3388 2192 3583 2249; x_wconf 83' lang='lat' dir='ltr'><strong>dicitur</strong></span> <span class='ocrx_word' id='word_1_306' title='bbox 3613 2210 3626 2245; x_wconf 88' lang='lat'><strong>:</strong></span> <span class='ocrx_word' id='word_1_307' title='bbox 3656 2210 3673 2243; x_wconf 76' lang='grc' dir='ltr'>ι</span> <span class='ocrx_word' id='word_1_308' title='bbox 3697 2192 3799 2243; x_wconf 84' lang='lat' dir='ltr'><strong>Sus-</strong></span> 
     </span>
    </p>
   </div>
   <div class='ocr_carea' id='block_1_46' title="bbox 2265 2277 3803 2364">
    <p class='ocr_par' dir='ltr' id='par_1_46' title="bbox 2265 2277 3803 2364">
     <span class='ocr_line' id='line_1_46' title="bbox 2265 2277 3803 2364; baseline -0.01 -15"><span class='ocrx_word' id='word_1_309' title='bbox 2265 2295 2465 2364; x_wconf 89' lang='lat' dir='ltr'><strong>cipiant</strong></span> <span class='ocrx_word' id='word_1_310' title='bbox 2494 2301 2704 2348; x_wconf 83' lang='lat' dir='ltr'><strong>montes</strong></span> <span class='ocrx_word' id='word_1_311' title='bbox 2734 2304 2922 2363; x_wconf 86' lang='lat' dir='ltr'><strong>pacem</strong></span> <span class='ocrx_word' id='word_1_312' title='bbox 2949 2289 3147 2360; x_wconf 89' lang='lat' dir='ltr'><strong>popqu</strong></span> <span class='ocrx_word' id='word_1_313' title='bbox 3190 2285 3363 2358; x_wconf 82' lang='lat' dir='ltr'><strong>(Psal.</strong></span> <span class='ocrx_word' id='word_1_314' title='bbox 3398 2299 3545 2348; x_wconf 74' lang='lat' dir='ltr'><strong>uxr,</strong></span> <span class='ocrx_word' id='word_1_315' title='bbox 3571 2284 3641 2352; x_wconf 80' lang='grc'><strong>5).</strong></span> <span class='ocrx_word' id='word_1_316' title='bbox 3673 2301 3689 2334; x_wconf 72' lang='grc' dir='ltr'><strong>ι</strong></span> <span class='ocrx_word' id='word_1_317' title='bbox 3721 2277 3803 2334; x_wconf 84' lang='lat' dir='ltr'><strong>Sed</strong></span> 
     </span>
    </p>
   </div>
   <div class='ocr_carea' id='block_1_47' title="bbox 2263 2375 3803 2447">
    <p class='ocr_par' dir='ltr' id='par_1_47' title="bbox 2263 2375 3803 2447">
     <span class='ocr_line' id='line_1_47' title="bbox 2263 2375 3803 2447; baseline -0.012 -6"><span class='ocrx_word' id='word_1_318' title='bbox 2263 2395 2479 2441; x_wconf 90' lang='lat' dir='ltr'><strong>montes</strong></span> <span class='ocrx_word' id='word_1_319' title='bbox 2506 2384 2708 2439; x_wconf 88' lang='lat' dir='ltr'><strong>veritas</strong></span> <span class='ocrx_word' id='word_1_320' title='bbox 2740 2379 3036 2445; x_wconf 88' lang='lat' dir='ltr'><strong>transtulit,</strong></span> <span class='ocrx_word' id='word_1_321' title='bbox 3074 2393 3196 2434; x_wconf 91' lang='lat' dir='ltr'><strong>cum</strong></span> <span class='ocrx_word' id='word_1_322' title='bbox 3222 2375 3600 2447; x_wconf 76' lang='lat' dir='ltr'><strong>praedicatores</strong></span> <span class='ocrx_word' id='word_1_323' title='bbox 3628 2378 3803 2427; x_wconf 87' lang='lat' dir='ltr'><strong>sanctos</strong></span> 
     </span>
    </p>
   </div>
   <div class='ocr_carea' id='block_1_48' title="bbox 2266 2464 3801 2532">
    <p class='ocr_par' dir='ltr' id='par_1_48' title="bbox 2266 2464 3801 2532">
     <span class='ocr_line' id='line_1_48' title="bbox 2266 2464 3801 2532; baseline -0.01 -1"><span class='ocrx_word' id='word_1_324' title='bbox 2266 2492 2296 2531; x_wconf 89' lang='lat' dir='ltr'><strong>a</strong></span> <span class='ocrx_word' id='word_1_325' title='bbox 2346 2476 2569 2532; x_wconf 72' lang='lat' dir='ltr'><strong>Iudaica</strong></span> <span class='ocrx_word' id='word_1_326' title='bbox 2622 2473 2976 2529; x_wconf 90' lang='lat' dir='ltr'><strong>obduratione</strong></span> <span class='ocrx_word' id='word_1_327' title='bbox 3041 2471 3329 2526; x_wconf 82' lang='lat' dir='ltr'><strong>subtraxit.</strong></span> <span class='ocrx_word' id='word_1_328' title='bbox 3405 2467 3541 2522; x_wconf 84' lang='lat' dir='ltr'><strong>Hinc</strong></span> <span class='ocrx_word' id='word_1_329' title='bbox 3586 2464 3801 2519; x_wconf 87' lang='lat' dir='ltr'><strong>dicitur:</strong></span> 
     </span>
    </p>
   </div>
   <div class='ocr_carea' id='block_1_49' title="bbox 2271 2552 3799 2627">
    <p class='ocr_par' dir='ltr' id='par_1_49' title="bbox 2271 2552 3799 2627">
     <span class='ocr_line' id='line_1_49' title="bbox 2271 2552 3799 2627; baseline -0.01 -9"><span class='ocrx_word' id='word_1_330' title='bbox 2271 2585 2291 2618; x_wconf 71' lang='grc' dir='ltr'>ι</span> <span class='ocrx_word' id='word_1_331' title='bbox 2312 2564 2728 2620; x_wconf 88' lang='lat' dir='ltr'><strong>Transferentur</strong></span> <span class='ocrx_word' id='word_1_332' title='bbox 2755 2571 2967 2617; x_wconf 88' lang='lat' dir='ltr'><strong>montes</strong></span> <span class='ocrx_word' id='word_1_333' title='bbox 2993 2562 3047 2615; x_wconf 89' lang='lat' dir='ltr'><strong>in</strong></span> <span class='ocrx_word' id='word_1_334' title='bbox 3063 2576 3157 2615; x_wconf 90' lang='lat' dir='ltr'><strong>cor</strong></span> <span class='ocrx_word' id='word_1_335' title='bbox 3172 2560 3338 2614; x_wconf 88' lang='lat' dir='ltr'><strong>maris</strong></span> <span class='ocrx_word' id='word_1_336' title='bbox 3366 2556 3542 2627; x_wconf 88' lang='lat' dir='ltr'><strong>(Psal.</strong></span> <span class='ocrx_word' id='word_1_337' title='bbox 3565 2570 3677 2617; x_wconf 68' lang='lat' dir='ltr'><strong>xcv,</strong></span> <span class='ocrx_word' id='word_1_338' title='bbox 3696 2552 3799 2618; x_wconf 65' lang='lat'><strong>3);»</strong></span> 
     </span>
    </p>
   </div>
   <div class='ocr_carea' id='block_1_50' title="bbox 2265 2646 3804 2725">
    <p class='ocr_par' dir='ltr' id='par_1_50' title="bbox 2265 2646 3804 2725">
     <span class='ocr_line' id='line_1_50' title="bbox 2265 2646 3804 2725; baseline -0.01 -13"><span class='ocrx_word' id='word_1_339' title='bbox 2265 2666 2320 2712; x_wconf 92' lang='lat' dir='ltr'><strong>et</strong></span> <span class='ocrx_word' id='word_1_340' title='bbox 2345 2656 2444 2725; x_wconf 90' lang='lat' dir='ltr'><strong>ipsi</strong></span> <span class='ocrx_word' id='word_1_341' title='bbox 2474 2656 2626 2710; x_wconf 88' lang='lat' dir='ltr'><strong>aiunt</strong></span> <span class='ocrx_word' id='word_1_342' title='bbox 2665 2669 2679 2708; x_wconf 90' lang='lat'><strong>:</strong></span> <span class='ocrx_word' id='word_1_343' title='bbox 2718 2673 2737 2706; x_wconf 71' lang='grc' dir='ltr'><strong><em>ι</em></strong></span> <span class='ocrx_word' id='word_1_344' title='bbox 2776 2652 2943 2708; x_wconf 84' lang='lat' dir='ltr'><strong>Vobis</strong></span> <span class='ocrx_word' id='word_1_345' title='bbox 2968 2653 3198 2721; x_wconf 90' lang='lat' dir='ltr'><strong>primum</strong></span> <span class='ocrx_word' id='word_1_346' title='bbox 3229 2650 3511 2719; x_wconf 86' lang='lat' dir='ltr'><strong>oportebat</strong></span> <span class='ocrx_word' id='word_1_347' title='bbox 3545 2646 3696 2716; x_wconf 87' lang='lat' dir='ltr'><strong>loqui,</strong></span> <span class='ocrx_word' id='word_1_348' title='bbox 3723 2664 3738 2696; x_wconf 73' lang='grc' dir='ltr'>ι</span> <span class='ocrx_word' id='word_1_349' title='bbox 3763 2651 3804 2697; x_wconf 86' lang='lat' dir='ltr'><strong>et</strong></span> 
     </span>
    </p>
   </div>
   <div class='ocr_carea' id='block_1_51' title="bbox 2267 2734 3802 2817">
    <p class='ocr_par' dir='ltr' id='par_1_51' title="bbox 2267 2734 3802 2817">
     <span class='ocr_line' id='line_1_51' title="bbox 2267 2734 3802 2817; baseline -0.011 -16"><span class='ocrx_word' id='word_1_350' title='bbox 2267 2747 2471 2816; x_wconf 89' lang='lat' dir='ltr'><strong>reliqua</strong></span> <span class='ocrx_word' id='word_1_351' title='bbox 2504 2745 2657 2817; x_wconf 80' lang='lat' dir='ltr'><strong>(Act.</strong></span> <span class='ocrx_word' id='word_1_352' title='bbox 2704 2760 2800 2808; x_wconf 76' lang='grc' dir='ltr'>χιι,</span> <span class='ocrx_word' id='word_1_353' title='bbox 2834 2743 2959 2811; x_wconf 75' lang='grc' dir='ltr'><strong>ιθ).</strong></span> <span class='ocrx_word' id='word_1_354' title='bbox 3003 2742 3108 2796; x_wconf 90' lang='lat' dir='ltr'><strong>Sed</strong></span> <span class='ocrx_word' id='word_1_355' title='bbox 3160 2740 3301 2795; x_wconf 90' lang='lat' dir='ltr'><strong>banc</strong></span> <span class='ocrx_word' id='word_1_356' title='bbox 3338 2740 3511 2809; x_wconf 90' lang='lat' dir='ltr'><strong>ipsam</strong></span> <span class='ocrx_word' id='word_1_357' title='bbox 3542 2734 3802 2791; x_wconf 80' lang='lat' dir='ltr'><strong>translatio-</strong></span> 
     </span>
    </p>
   </div>
   <div class='ocr_carea' id='block_1_52' title="bbox 2266 2821 3811 2900">
    <p class='ocr_par' dir='ltr' id='par_1_52' title="bbox 2266 2821 3811 2900">
     <span class='ocr_line' id='line_1_52' title="bbox 2266 2821 3811 2900; baseline -0.01 -9"><span class='ocrx_word' id='word_1_358' title='bbox 2266 2852 2391 2891; x_wconf 89' lang='lat' dir='ltr'><strong>nem</strong></span> <span class='ocrx_word' id='word_1_359' title='bbox 2436 2835 2749 2890; x_wconf 88' lang='lat' dir='ltr'><strong>nescierunt</strong></span> <span class='ocrx_word' id='word_1_360' title='bbox 2794 2832 2847 2887; x_wconf 89' lang='lat' dir='ltr'><strong>bi</strong></span> <span class='ocrx_word' id='word_1_361' title='bbox 2891 2831 2982 2900; x_wconf 92' lang='lat' dir='ltr'><strong>qui</strong></span> <span class='ocrx_word' id='word_1_362' title='bbox 3038 2831 3090 2885; x_wconf 90' lang='lat' dir='ltr'><strong>in</strong></span> <span class='ocrx_word' id='word_1_363' title='bbox 3136 2829 3348 2884; x_wconf 88' lang='lat' dir='ltr'><strong>Domini</strong></span> <span class='ocrx_word' id='word_1_364' title='bbox 3388 2828 3571 2882; x_wconf 84' lang='lat' dir='ltr'><strong>furore</strong></span> <span class='ocrx_word' id='word_1_365' title='bbox 3603 2821 3811 2880; x_wconf 62' lang='lat' dir='ltr'><strong>subversi1</strong></span> 
     </span>
    </p>
   </div>
   <div class='ocr_carea' id='block_1_53' title="bbox 2268 2910 3804 2995">
    <p class='ocr_par' dir='ltr' id='par_1_53' title="bbox 2268 2910 3804 2995">
     <span class='ocr_line' id='line_1_53' title="bbox 2268 2910 3804 2995; baseline -0.009 -14"><span class='ocrx_word' id='word_1_366' title='bbox 2268 2936 2412 2991; x_wconf 86' lang='lat' dir='ltr'><strong>sunt,</strong></span> <span class='ocrx_word' id='word_1_367' title='bbox 2451 2926 2576 2995; x_wconf 89' lang='lat' dir='ltr'><strong>quia</strong></span> <span class='ocrx_word' id='word_1_368' title='bbox 2629 2940 2750 2980; x_wconf 92' lang='lat' dir='ltr'><strong>cum</strong></span> <span class='ocrx_word' id='word_1_369' title='bbox 2797 2923 2864 2979; x_wconf 91' lang='lat' dir='ltr'><strong>de</strong></span> <span class='ocrx_word' id='word_1_370' title='bbox 2913 2910 3026 2978; x_wconf 81' lang='lat' dir='ltr'><strong>suis</strong></span> <span class='ocrx_word' id='word_1_371' title='bbox 3074 2921 3271 2977; x_wconf 88' lang='lat' dir='ltr'><strong>finibus</strong></span> <span class='ocrx_word' id='word_1_372' title='bbox 3321 2920 3544 2976; x_wconf 70' lang='lat' dir='ltr'><strong>Hebraei</strong></span> <span class='ocrx_word' id='word_1_373' title='bbox 3580 2914 3804 2989; x_wconf 86' lang='lat' dir='ltr'><strong>apostolos</strong></span> 
     </span>
    </p>
   </div>
   <div class='ocr_carea' id='block_1_54' title="bbox 2267 3006 3804 3087">
    <p class='ocr_par' dir='ltr' id='par_1_54' title="bbox 2267 3006 3804 3087">
     <span class='ocr_line' id='line_1_54' title="bbox 2267 3006 3804 3087; baseline -0.007 -16"><span class='ocrx_word' id='word_1_374' title='bbox 2267 3017 2563 3087; x_wconf 88' lang='lat' dir='ltr'><strong>pellerent,</strong></span> <span class='ocrx_word' id='word_1_375' title='bbox 2605 3016 2816 3070; x_wconf 89' lang='lat' dir='ltr'><strong>lucrum</strong></span> <span class='ocrx_word' id='word_1_376' title='bbox 2864 3029 2923 3070; x_wconf 89' lang='lat' dir='ltr'><strong>se</strong></span> <span class='ocrx_word' id='word_1_377' title='bbox 2966 3013 3158 3069; x_wconf 89' lang='lat' dir='ltr'><strong>fecisse</strong></span> <span class='ocrx_word' id='word_1_378' title='bbox 3203 3013 3452 3068; x_wconf 89' lang='lat' dir='ltr'><strong>arbitrati</strong></span> <span class='ocrx_word' id='word_1_379' title='bbox 3495 3023 3650 3077; x_wconf 89' lang='lat' dir='ltr'><strong>sunt,</strong></span> <span class='ocrx_word' id='word_1_380' title='bbox 3692 3006 3804 3080; x_wconf 89' lang='lat' dir='ltr'><strong>quod</strong></span> 
     </span>
    </p>
   </div>
   <div class='ocr_carea' id='block_1_55' title="bbox 2267 3108 3563 3184">
    <p class='ocr_par' dir='ltr' id='par_1_55' title="bbox 2267 3108 3563 3184">
     <span class='ocr_line' id='line_1_55' title="bbox 2267 3108 3563 3184; baseline -0.004 -19"><span class='ocrx_word' id='word_1_381' title='bbox 2267 3111 2666 3184; x_wconf 67' lang='lat' dir='ltr'><strong>praedicationis</strong></span> <span class='ocrx_word' id='word_1_382' title='bbox 2700 3110 2881 3165; x_wconf 92' lang='lat' dir='ltr'><strong>lumen</strong></span> <span class='ocrx_word' id='word_1_383' title='bbox 2913 3110 3229 3164; x_wconf 87' lang='lat' dir='ltr'><strong>amiserunt.</strong></span> <span class='ocrx_word' id='word_1_384' title='bbox 3265 3108 3563 3175; x_wconf 82' lang='lat' dir='ltr'><strong>Sequitur:</strong></span> 
     </span>
    </p>
   </div>
   <div class='ocr_carea' id='block_1_56' title="bbox 2341 3197 3803 3267">
    <p class='ocr_par' dir='ltr' id='par_1_56' title="bbox 2341 3197 3803 3267">
     <span class='ocr_line' id='line_1_56' title="bbox 2341 3197 3803 3267; baseline -0.008 -11"><span class='ocrx_word' id='word_1_385' title='bbox 2341 3201 2504 3257; x_wconf 72' lang='lat' dir='ltr'><strong>Vens.</strong></span> <span class='ocrx_word' id='word_1_386' title='bbox 2537 3201 2591 3256; x_wconf 90' lang='lat'><strong>6.</strong></span> <span class='ocrx_word' id='word_1_387' title='bbox 2631 3200 2734 3267; x_wconf 85' lang='lat' dir='ltr'><strong>Qui</strong></span> <span class='ocrx_word' id='word_1_388' title='bbox 2764 3209 3042 3255; x_wconf 83' lang='lat' dir='ltr'><strong>commovet</strong></span> <span class='ocrx_word' id='word_1_389' title='bbox 3082 3208 3277 3253; x_wconf 89' lang='lat' dir='ltr'><strong>terram</strong></span> <span class='ocrx_word' id='word_1_390' title='bbox 3313 3198 3378 3251; x_wconf 85' lang='lat' dir='ltr'><strong>de</strong></span> <span class='ocrx_word' id='word_1_391' title='bbox 3403 3197 3518 3251; x_wconf 86' lang='lat' dir='ltr'><strong>loco</strong></span> <span class='ocrx_word' id='word_1_392' title='bbox 3544 3211 3653 3259; x_wconf 90' lang='lat' dir='ltr'><strong>suo,</strong></span> <span class='ocrx_word' id='word_1_393' title='bbox 3677 3203 3718 3248; x_wconf 83' lang='lat' dir='ltr'><strong>et</strong></span> <span class='ocrx_word' id='word_1_394' title='bbox 3740 3206 3803 3246; x_wconf 83' lang='lat' dir='ltr'><strong>co-</strong></span> 
     </span>
    </p>
   </div>
   <div class='ocr_carea' id='block_1_57' title="bbox 2268 3287 3806 3365">
    <p class='ocr_par' dir='ltr' id='par_1_57' title="bbox 2268 3287 3806 3365">
     <span class='ocr_line' id='line_1_57' title="bbox 2268 3287 3806 3365; baseline -0.008 -17"><span class='ocrx_word' id='word_1_395' title='bbox 2268 3295 2463 3350; x_wconf 73' lang='lat' dir='ltr'><strong>lumna:</strong></span> <span class='ocrx_word' id='word_1_396' title='bbox 2502 3295 2616 3365; x_wconf 86' lang='lat' dir='ltr'><strong>ejus</strong></span> <span class='ocrx_word' id='word_1_397' title='bbox 2657 3294 3046 3348; x_wconf 84' lang='lat' dir='ltr'><strong>concutiuntur.</strong></span> <span class='ocrx_word' id='word_1_398' title='bbox 3096 3321 3170 3335; x_wconf 82' lang='lat'><strong>--</strong></span> <span class='ocrx_word' id='word_1_399' title='bbox 3222 3291 3297 3345; x_wconf 90' lang='lat' dir='ltr'><strong>De</strong></span> <span class='ocrx_word' id='word_1_400' title='bbox 3342 3289 3467 3344; x_wconf 91' lang='lat' dir='ltr'><strong>loco</strong></span> <span class='ocrx_word' id='word_1_401' title='bbox 3515 3287 3695 3358; x_wconf 88' lang='lat' dir='ltr'><strong>quippe</strong></span> <span class='ocrx_word' id='word_1_402' title='bbox 3732 3294 3806 3338; x_wconf 87' lang='lat' dir='ltr'><strong>suo</strong></span> 
     </span>
    </p>
   </div>
   <div class='ocr_carea' id='block_1_58' title="bbox 586 3374 3806 3456">
    <p class='ocr_par' dir='ltr' id='par_1_58' title="bbox 586 3374 3806 3456">
     <span class='ocr_line' id='line_1_58' title="bbox 586 3374 3806 3456; baseline -0.003 -19"><span class='ocrx_word' id='word_1_403' title='bbox 586 3385 656 3438; x_wconf 89' lang='lat' dir='ltr'><strong>ab</strong></span> <span class='ocrx_word' id='word_1_404' title='bbox 677 3401 781 3440; x_wconf 90' lang='lat' dir='ltr'><strong>uno</strong></span> <span class='ocrx_word' id='word_1_405' title='bbox 805 3386 1111 3456; x_wconf 86' lang='lat' dir='ltr'><strong>incipimus,</strong></span> <span class='ocrx_word' id='word_1_406' title='bbox 1136 3396 1197 3440; x_wconf 90' lang='lat' dir='ltr'><strong>ut</strong></span> <span class='ocrx_word' id='word_1_407' title='bbox 1223 3386 1288 3440; x_wconf 90' lang='lat' dir='ltr'><strong>ad</strong></span> <span class='ocrx_word' id='word_1_408' title='bbox 1319 3386 1672 3441; x_wconf 88' lang='lat' dir='ltr'><strong>millenarinm</strong></span> <span class='ocrx_word' id='word_1_409' title='bbox 1705 3382 2000 3442; x_wconf 79' lang='lat' dir='ltr'><strong>veniamus.</strong></span> <span class='ocrx_word' id='word_1_410' title='bbox 2027 3388 2164 3455; x_wconf 89' lang='lat' dir='ltr'><strong>Quid</strong></span> <span class='ocrx_word' id='word_1_411' title='bbox 2193 3374 2236 3436; x_wconf 93' lang='lat' dir='ltr'>C</span> <span class='ocrx_word' id='word_1_412' title='bbox 2271 3396 2414 3442; x_wconf 88' lang='lat' dir='ltr'><strong>terra</strong></span> <span class='ocrx_word' id='word_1_413' title='bbox 2440 3395 2710 3441; x_wconf 90' lang='lat' dir='ltr'><strong>commota</strong></span> <span class='ocrx_word' id='word_1_414' title='bbox 2735 3394 2839 3450; x_wconf 90' lang='lat' dir='ltr'><strong>est,</strong></span> <span class='ocrx_word' id='word_1_415' title='bbox 2883 3400 3006 3439; x_wconf 90' lang='lat' dir='ltr'><strong>cum</strong></span> <span class='ocrx_word' id='word_1_416' title='bbox 3034 3384 3186 3454; x_wconf 88' lang='lat' dir='ltr'><strong>plebs</strong></span> <span class='ocrx_word' id='word_1_417' title='bbox 3209 3382 3528 3443; x_wconf 84' lang='lat' dir='ltr'><strong>Israelitica,</strong></span> <span class='ocrx_word' id='word_1_418' title='bbox 3565 3381 3627 3435; x_wconf 92' lang='lat' dir='ltr'><strong>de</strong></span> <span class='ocrx_word' id='word_1_419' title='bbox 3650 3376 3806 3431; x_wconf 59' lang='lat' dir='ltr'><strong>ludar:</strong></span> 
     </span>
    </p>
   </div>
   <div class='ocr_carea' id='block_1_59' title="bbox 585 3477 2168 3548">
    <p class='ocr_par' dir='ltr' id='par_1_59' title="bbox 585 3477 2168 3548">
     <span class='ocr_line' id='line_1_59' title="bbox 585 3477 2168 3548; baseline 0.001 -16"><span class='ocrx_word' id='word_1_420' title='bbox 585 3477 689 3533; x_wconf 89' lang='lat' dir='ltr'><strong>boc</strong></span> <span class='ocrx_word' id='word_1_421' title='bbox 726 3478 845 3533; x_wconf 89' lang='lat' dir='ltr'><strong>loco</strong></span> <span class='ocrx_word' id='word_1_422' title='bbox 891 3479 1049 3533; x_wconf 91' lang='lat' dir='ltr'><strong>unius</strong></span> <span class='ocrx_word' id='word_1_423' title='bbox 1093 3478 1471 3548; x_wconf 86' lang='lat' dir='ltr'><strong>appellatione,</strong></span> <span class='ocrx_word' id='word_1_424' title='bbox 1505 3478 1607 3533; x_wconf 91' lang='lat' dir='ltr'><strong>nisi</strong></span> <span class='ocrx_word' id='word_1_425' title='bbox 1656 3478 1791 3536; x_wconf 87' lang='lat' dir='ltr'><strong>bene</strong></span> <span class='ocrx_word' id='word_1_426' title='bbox 1823 3478 2034 3533; x_wconf 76' lang='lat' dir='ltr'><strong>vivendi</strong></span> <span class='ocrx_word' id='word_1_427' title='bbox 2065 3478 2168 3533; x_wconf 86' lang='lat' dir='ltr'><strong>ini-</strong></span> 
     </span>
    </p>
   </div>
   <div class='ocr_carea' id='block_1_60' title="bbox 588 3568 2165 3637">
    <p class='ocr_par' dir='ltr' id='par_1_60' title="bbox 588 3568 2165 3637">
     <span class='ocr_line' id='line_1_60' title="bbox 588 3568 2165 3637; baseline 0.001 -16"><span class='ocrx_word' id='word_1_428' title='bbox 588 3568 761 3622; x_wconf 82' lang='lat' dir='ltr'><strong>tium?</strong></span> <span class='ocrx_word' id='word_1_429' title='bbox 812 3568 952 3636; x_wconf 91' lang='lat' dir='ltr'><strong>Quid</strong></span> <span class='ocrx_word' id='word_1_430' title='bbox 1018 3568 1307 3623; x_wconf 89' lang='lat' dir='ltr'><strong>millenarii</strong></span> <span class='ocrx_word' id='word_1_431' title='bbox 1354 3568 1567 3622; x_wconf 91' lang='lat' dir='ltr'><strong>numeri</strong></span> <span class='ocrx_word' id='word_1_432' title='bbox 1617 3568 2013 3637; x_wconf 89' lang='lat' dir='ltr'><strong>amplitudine,</strong></span> <span class='ocrx_word' id='word_1_433' title='bbox 2063 3568 2165 3623; x_wconf 89' lang='lat' dir='ltr'><strong>nisi</strong></span> 
     </span>
    </p>
   </div>
   <div class='ocr_carea' id='block_1_61' title="bbox 494 3659 2167 3731">
    <p class='ocr_par' dir='ltr' id='par_1_61' title="bbox 494 3659 2167 3731">
     <span class='ocr_line' id='line_1_61' title="bbox 494 3659 2167 3731; baseline -0.002 -12"><span class='ocrx_word' id='word_1_434' title='bbox 494 3702 513 3719; x_wconf 90' lang='lat'><strong>.</strong></span> <span class='ocrx_word' id='word_1_435' title='bbox 587 3661 825 3731; x_wconf 85' lang='lat' dir='ltr'><strong>ejusdem</strong></span> <span class='ocrx_word' id='word_1_436' title='bbox 857 3660 983 3715; x_wconf 76' lang='lat' dir='ltr'><strong>vita:</strong></span> <span class='ocrx_word' id='word_1_437' title='bbox 1011 3660 1165 3715; x_wconf 76' lang='lat' dir='ltr'><strong>bona:</strong></span> <span class='ocrx_word' id='word_1_438' title='bbox 1194 3659 1454 3731; x_wconf 85' lang='lat' dir='ltr'><strong>perfectio</strong></span> <span class='ocrx_word' id='word_1_439' title='bbox 1482 3660 1831 3731; x_wconf 81' lang='lat' dir='ltr'><strong>designatur?</strong></span> <span class='ocrx_word' id='word_1_440' title='bbox 1877 3659 2011 3715; x_wconf 85' lang='lat' dir='ltr'><strong>Cum</strong></span> <span class='ocrx_word' id='word_1_441' title='bbox 2056 3659 2167 3715; x_wconf 87' lang='lat' dir='ltr'><strong>Deo</strong></span> 
     </span>
    </p>
   </div>
   <div class='ocr_carea' id='block_1_62' title="bbox 589 3748 2168 3821">
    <p class='ocr_par' dir='ltr' id='par_1_62' title="bbox 589 3748 2168 3821">
     <span class='ocr_line' id='line_1_62' title="bbox 589 3748 2168 3821; baseline -0.001 -16"><span class='ocrx_word' id='word_1_442' title='bbox 589 3762 768 3806; x_wconf 90' lang='lat' dir='ltr'><strong>autem</strong></span> <span class='ocrx_word' id='word_1_443' title='bbox 802 3752 1126 3806; x_wconf 88' lang='lat' dir='ltr'><strong>contendere</strong></span> <span class='ocrx_word' id='word_1_444' title='bbox 1154 3760 1256 3816; x_wconf 90' lang='lat' dir='ltr'><strong>est,</strong></span> <span class='ocrx_word' id='word_1_445' title='bbox 1290 3766 1392 3805; x_wconf 92' lang='lat' dir='ltr'><strong>non</strong></span> <span class='ocrx_word' id='word_1_446' title='bbox 1421 3751 1470 3806; x_wconf 90' lang='lat' dir='ltr'><strong>ei</strong></span> <span class='ocrx_word' id='word_1_447' title='bbox 1509 3751 1769 3816; x_wconf 88' lang='lat' dir='ltr'><strong>tribuere,</strong></span> <span class='ocrx_word' id='word_1_448' title='bbox 1800 3750 1893 3805; x_wconf 84' lang='lat' dir='ltr'><strong>sed</strong></span> <span class='ocrx_word' id='word_1_449' title='bbox 1920 3750 2022 3804; x_wconf 87' lang='lat' dir='ltr'><strong>sibi</strong></span> <span class='ocrx_word' id='word_1_450' title='bbox 2054 3748 2168 3821; x_wconf 87' lang='lat' dir='ltr'><strong>glo-</strong></span> 
     </span>
    </p>
   </div>
   <div class='ocr_carea' id='block_1_63' title="bbox 584 3840 2168 3913">
    <p class='ocr_par' dir='ltr' id='par_1_63' title="bbox 584 3840 2168 3913">
     <span class='ocr_line' id='line_1_63' title="bbox 584 3840 2168 3913; baseline -0.005 -11"><span class='ocrx_word' id='word_1_451' title='bbox 584 3844 722 3902; x_wconf 77' lang='lat' dir='ltr'><strong>riam</strong></span> <span class='ocrx_word' id='word_1_452' title='bbox 755 3860 865 3898; x_wconf 74' lang='lat' dir='ltr'><strong>sua:</strong></span> <span class='ocrx_word' id='word_1_453' title='bbox 894 3845 1112 3898; x_wconf 88' lang='lat' dir='ltr'><strong>virtutis</strong></span> <span class='ocrx_word' id='word_1_454' title='bbox 1153 3859 1426 3913; x_wconf 87' lang='lat' dir='ltr'><strong>arrogare.</strong></span> <span class='ocrx_word' id='word_1_455' title='bbox 1476 3842 1576 3909; x_wconf 87' lang='lat' dir='ltr'><strong>Qui</strong></span> <span class='ocrx_word' id='word_1_456' title='bbox 1607 3843 1750 3897; x_wconf 91' lang='lat' dir='ltr'><strong>enim</strong></span> <span class='ocrx_word' id='word_1_457' title='bbox 1784 3858 1904 3897; x_wconf 76' lang='lat' dir='ltr'><strong>cum</strong></span> <span class='ocrx_word' id='word_1_458' title='bbox 1932 3840 2168 3895; x_wconf 83' lang='lat' dir='ltr'><strong>Auctore</strong></span> 
     </span>
    </p>
   </div>
   <div class='ocr_carea' id='block_1_64' title="bbox 588 3928 2165 4002">
    <p class='ocr_par' dir='ltr' id='par_1_64' title="bbox 588 3928 2165 4002">
     <span class='ocr_line' id='line_1_64' title="bbox 588 3928 2165 4002; baseline -0.005 -11"><span class='ocrx_word' id='word_1_459' title='bbox 588 3937 884 3999; x_wconf 80' lang='lat' dir='ltr'><strong>cantendit,</strong></span> <span class='ocrx_word' id='word_1_460' title='bbox 927 3950 1091 3988; x_wconf 92' lang='lat' dir='ltr'><strong>unum</strong></span> <span class='ocrx_word' id='word_1_461' title='bbox 1140 3949 1236 4002; x_wconf 90' lang='lat' dir='ltr'><strong>pro</strong></span> <span class='ocrx_word' id='word_1_462' title='bbox 1277 3933 1419 3987; x_wconf 85' lang='lat' dir='ltr'><strong>mille</strong></span> <span class='ocrx_word' id='word_1_463' title='bbox 1450 3932 1777 4000; x_wconf 88' lang='lat' dir='ltr'><strong>respondere</strong></span> <span class='ocrx_word' id='word_1_464' title='bbox 1814 3946 1917 3985; x_wconf 93' lang='lat' dir='ltr'><strong>non</strong></span> <span class='ocrx_word' id='word_1_465' title='bbox 1955 3928 2165 3993; x_wconf 78' lang='lat' dir='ltr'><strong>sufficit,</strong></span> 
     </span>
    </p>
   </div>
   <div class='ocr_carea' id='block_1_65' title="bbox 589 4023 2170 4095">
    <p class='ocr_par' dir='ltr' id='par_1_65' title="bbox 589 4023 2170 4095">
     <span class='ocr_line' id='line_1_65' title="bbox 589 4023 2170 4095; baseline 0.001 -18"><span class='ocrx_word' id='word_1_466' title='bbox 589 4027 712 4094; x_wconf 90' lang='lat' dir='ltr'><strong>quia</strong></span> <span class='ocrx_word' id='word_1_467' title='bbox 745 4026 833 4094; x_wconf 90' lang='lat' dir='ltr'><strong>qui</strong></span> <span class='ocrx_word' id='word_1_468' title='bbox 882 4040 939 4080; x_wconf 89' lang='lat' dir='ltr'><strong>se</strong></span> <span class='ocrx_word' id='word_1_469' title='bbox 985 4027 1050 4081; x_wconf 90' lang='lat' dir='ltr'><strong>de</strong></span> <span class='ocrx_word' id='word_1_470' title='bbox 1096 4024 1427 4095; x_wconf 87' lang='lat' dir='ltr'><strong>perfectione</strong></span> <span class='ocrx_word' id='word_1_471' title='bbox 1469 4023 1665 4094; x_wconf 87' lang='lat' dir='ltr'><strong>erigit,</strong></span> <span class='ocrx_word' id='word_1_472' title='bbox 1701 4023 1906 4077; x_wconf 86' lang='lat' dir='ltr'><strong>habere</strong></span> <span class='ocrx_word' id='word_1_473' title='bbox 1949 4036 2007 4076; x_wconf 90' lang='lat' dir='ltr'><strong>se</strong></span> <span class='ocrx_word' id='word_1_474' title='bbox 2032 4023 2170 4078; x_wconf 85' lang='lat' dir='ltr'><strong>bene</strong></span> 
     </span>
    </p>
   </div>
   <div class='ocr_carea' id='block_1_66' title="bbox 590 4111 1791 4182">
    <p class='ocr_par' dir='ltr' id='par_1_66' title="bbox 590 4111 1791 4182">
     <span class='ocr_line' id='line_1_66' title="bbox 590 4111 1791 4182; baseline -0.002 -14"><span class='ocrx_word' id='word_1_475' title='bbox 590 4113 805 4168; x_wconf 81' lang='lat' dir='ltr'><strong>vivendi</strong></span> <span class='ocrx_word' id='word_1_476' title='bbox 836 4129 934 4169; x_wconf 89' lang='lat' dir='ltr'><strong>nec</strong></span> <span class='ocrx_word' id='word_1_477' title='bbox 962 4115 1174 4168; x_wconf 91' lang='lat' dir='ltr'><strong>initium</strong></span> <span class='ocrx_word' id='word_1_478' title='bbox 1203 4113 1459 4169; x_wconf 90' lang='lat' dir='ltr'><strong>ostendit.</strong></span> <span class='ocrx_word' id='word_1_479' title='bbox 1491 4111 1749 4182; x_wconf 84' lang='lat' dir='ltr'><strong>Sequitur</strong></span> <span class='ocrx_word' id='word_1_480' title='bbox 1777 4129 1791 4166; x_wconf 92' lang='lat'><strong>:</strong></span> 
     </span>
    </p>
   </div>
   <div class='ocr_carea' id='block_1_67' title="bbox 660 4204 2170 4275">
    <p class='ocr_par' dir='ltr' id='par_1_67' title="bbox 660 4204 2170 4275">
     <span class='ocr_line' id='line_1_67' title="bbox 660 4204 2170 4275; baseline -0.002 -14"><span class='ocrx_word' id='word_1_481' title='bbox 660 4205 823 4261; x_wconf 69' lang='lat' dir='ltr'><strong>Vens.</strong></span> <span class='ocrx_word' id='word_1_482' title='bbox 865 4207 917 4260; x_wconf 72' lang='grc'><strong>4.</strong></span> <span class='ocrx_word' id='word_1_483' title='bbox 983 4204 1204 4275; x_wconf 82' lang='lat' dir='ltr'><strong>Sapiens</strong></span> <span class='ocrx_word' id='word_1_484' title='bbox 1246 4207 1402 4261; x_wconf 86' lang='lat' dir='ltr'><strong>corde</strong></span> <span class='ocrx_word' id='word_1_485' title='bbox 1442 4216 1538 4270; x_wconf 85' lang='lat' dir='ltr'><strong>est,</strong></span> <span class='ocrx_word' id='word_1_486' title='bbox 1581 4214 1628 4258; x_wconf 89' lang='lat' dir='ltr'><strong>et</strong></span> <span class='ocrx_word' id='word_1_487' title='bbox 1666 4205 1816 4274; x_wconf 82' lang='lat' dir='ltr'><strong>fortis</strong></span> <span class='ocrx_word' id='word_1_488' title='bbox 1859 4204 2059 4259; x_wconf 86' lang='lat' dir='ltr'><strong>robore.</strong></span> <span class='ocrx_word' id='word_1_489' title='bbox 2098 4234 2170 4245; x_wconf 95' lang='lat'><strong>-—</strong></span> 
     </span>
    </p>
   </div>
   <div class='ocr_carea' id='block_1_68' title="bbox 591 4295 2167 4366">
    <p class='ocr_par' dir='ltr' id='par_1_68' title="bbox 591 4295 2167 4366">
     <span class='ocr_line' id='line_1_68' title="bbox 591 4295 2167 4366; baseline -0.001 -14"><span class='ocrx_word' id='word_1_490' title='bbox 591 4295 818 4365; x_wconf 87' lang='lat' dir='ltr'><strong>Sapiens</strong></span> <span class='ocrx_word' id='word_1_491' title='bbox 858 4297 1053 4366; x_wconf 85' lang='lat' dir='ltr'><strong>quippe</strong></span> <span class='ocrx_word' id='word_1_492' title='bbox 1086 4297 1225 4350; x_wconf 81' lang='lat' dir='ltr'><strong>Deus</strong></span> <span class='ocrx_word' id='word_1_493' title='bbox 1253 4297 1471 4359; x_wconf 87' lang='lat' dir='ltr'><strong>dicitur,</strong></span> <span class='ocrx_word' id='word_1_494' title='bbox 1505 4296 1631 4365; x_wconf 88' lang='lat' dir='ltr'><strong>quia</strong></span> <span class='ocrx_word' id='word_1_495' title='bbox 1665 4296 1929 4365; x_wconf 87' lang='lat' dir='ltr'><strong>sapientia</strong></span> <span class='ocrx_word' id='word_1_496' title='bbox 1978 4304 2031 4350; x_wconf 89' lang='lat' dir='ltr'><strong>et</strong></span> <span class='ocrx_word' id='word_1_497' title='bbox 2073 4311 2167 4350; x_wconf 84' lang='lat' dir='ltr'><strong>oc-</strong></span> 
     </span>
    </p>
   </div>
   <div class='ocr_carea' id='block_1_69' title="bbox 590 4384 2171 4456">
    <p class='ocr_par' dir='ltr' id='par_1_69' title="bbox 590 4384 2171 4456">
     <span class='ocr_line' id='line_1_69' title="bbox 590 4384 2171 4456; baseline -0.002 -16"><span class='ocrx_word' id='word_1_498' title='bbox 590 4387 734 4441; x_wconf 89' lang='lat' dir='ltr'><strong>culta</strong></span> <span class='ocrx_word' id='word_1_499' title='bbox 785 4396 966 4440; x_wconf 88' lang='lat' dir='ltr'><strong>nostra</strong></span> <span class='ocrx_word' id='word_1_500' title='bbox 1019 4385 1288 4439; x_wconf 88' lang='lat' dir='ltr'><strong>subtiliter</strong></span> <span class='ocrx_word' id='word_1_501' title='bbox 1341 4387 1551 4456; x_wconf 86' lang='lat' dir='ltr'><strong>cognita</strong></span> <span class='ocrx_word' id='word_1_502' title='bbox 1609 4386 1859 4454; x_wconf 89' lang='lat' dir='ltr'><strong>percutit.</strong></span> <span class='ocrx_word' id='word_1_503' title='bbox 1915 4384 2067 4440; x_wconf 81' lang='lat' dir='ltr'><strong>Nunc</strong></span> <span class='ocrx_word' id='word_1_504' title='bbox 2110 4392 2171 4438; x_wconf 90' lang='lat' dir='ltr'><strong>ut</strong></span> 
     </span>
    </p>
   </div>
   <div class='ocr_carea' id='block_1_70' title="bbox 590 4474 2167 4547">
    <p class='ocr_par' dir='ltr' id='par_1_70' title="bbox 590 4474 2167 4547">
     <span class='ocr_line' id='line_1_70' title="bbox 590 4474 2167 4547; baseline -0.003 -14"><span class='ocrx_word' id='word_1_505' title='bbox 590 4479 807 4547; x_wconf 86' lang='lat' dir='ltr'><strong>sapiens</strong></span> <span class='ocrx_word' id='word_1_506' title='bbox 834 4478 1014 4530; x_wconf 88' lang='lat' dir='ltr'><strong>omnia</strong></span> <span class='ocrx_word' id='word_1_507' title='bbox 1043 4476 1327 4531; x_wconf 83' lang='lat' dir='ltr'><strong>invisibilis</strong></span> <span class='ocrx_word' id='word_1_508' title='bbox 1355 4476 1568 4544; x_wconf 85' lang='lat' dir='ltr'><strong>aspicit,</strong></span> <span class='ocrx_word' id='word_1_509' title='bbox 1598 4484 1655 4529; x_wconf 92' lang='lat' dir='ltr'><strong>et</strong></span> <span class='ocrx_word' id='word_1_510' title='bbox 1683 4491 1712 4528; x_wconf 90' lang='lat' dir='ltr'><strong>a</strong></span> <span class='ocrx_word' id='word_1_511' title='bbox 1740 4476 1895 4529; x_wconf 89' lang='lat' dir='ltr'><strong>nobis</strong></span> <span class='ocrx_word' id='word_1_512' title='bbox 1921 4474 2030 4528; x_wconf 89' lang='lat' dir='ltr'><strong>falli</strong></span> <span class='ocrx_word' id='word_1_513' title='bbox 2064 4490 2167 4529; x_wconf 94' lang='lat' dir='ltr'><strong>non</strong></span> 
     </span>
    </p>
   </div>
   <div class='ocr_carea' id='block_1_71' title="bbox 588 4564 2169 4637">
    <p class='ocr_par' dir='ltr' id='par_1_71' title="bbox 588 4564 2169 4637">
     <span class='ocr_line' id='line_1_71' title="bbox 588 4564 2169 4637; baseline -0.002 -17"><span class='ocrx_word' id='word_1_514' title='bbox 588 4576 788 4637; x_wconf 87' lang='lat' dir='ltr'><strong>potest,</strong></span> <span class='ocrx_word' id='word_1_515' title='bbox 815 4577 940 4621; x_wconf 91' lang='lat' dir='ltr'><strong>tunc</strong></span> <span class='ocrx_word' id='word_1_516' title='bbox 971 4576 1030 4619; x_wconf 91' lang='lat' dir='ltr'><strong>ut</strong></span> <span class='ocrx_word' id='word_1_517' title='bbox 1057 4565 1214 4620; x_wconf 86' lang='lat' dir='ltr'><strong>fortis</strong></span> <span class='ocrx_word' id='word_1_518' title='bbox 1240 4566 1356 4619; x_wconf 90' lang='lat' dir='ltr'><strong>sine</strong></span> <span class='ocrx_word' id='word_1_519' title='bbox 1383 4565 1489 4619; x_wconf 90' lang='lat' dir='ltr'><strong>ullo</strong></span> <span class='ocrx_word' id='word_1_520' title='bbox 1517 4564 1792 4618; x_wconf 88' lang='lat' dir='ltr'><strong>obstaculo</strong></span> <span class='ocrx_word' id='word_1_521' title='bbox 1817 4579 1952 4632; x_wconf 91' lang='lat' dir='ltr'><strong>quos</strong></span> <span class='ocrx_word' id='word_1_522' title='bbox 1980 4579 2169 4633; x_wconf 90' lang='lat' dir='ltr'><strong>repro-</strong></span> 
     </span>
    </p>
   </div>
   <div class='ocr_carea' id='block_1_72' title="bbox 588 4654 2169 4727">
    <p class='ocr_par' dir='ltr' id='par_1_72' title="bbox 588 4654 2169 4727">
     <span class='ocr_line' id='line_1_72' title="bbox 588 4654 2169 4727; baseline -0.004 -14"><span class='ocrx_word' id='word_1_523' title='bbox 588 4659 679 4713; x_wconf 86' lang='lat' dir='ltr'><strong>bat</strong></span> <span class='ocrx_word' id='word_1_524' title='bbox 708 4658 864 4727; x_wconf 89' lang='lat' dir='ltr'><strong>punit</strong></span> <span class='ocrx_word' id='word_1_525' title='bbox 903 4673 1002 4711; x_wconf 89' lang='lat' dir='ltr'><strong>nec</strong></span> <span class='ocrx_word' id='word_1_526' title='bbox 1041 4656 1198 4709; x_wconf 84' lang='lat' dir='ltr'><strong>vitari</strong></span> <span class='ocrx_word' id='word_1_527' title='bbox 1239 4665 1434 4726; x_wconf 88' lang='lat' dir='ltr'><strong>potest.</strong></span> <span class='ocrx_word' id='word_1_528' title='bbox 1482 4654 1783 4725; x_wconf 87' lang='lat' dir='ltr'><strong>Sequitur:</strong></span> <span class='ocrx_word' id='word_1_529' title='bbox 1817 4654 1946 4719; x_wconf 88' lang='lat' dir='ltr'><strong>Quis</strong></span> <span class='ocrx_word' id='word_1_530' title='bbox 1977 4654 2169 4708; x_wconf 83' lang='lat' dir='ltr'><strong>resistit</strong></span> 
     </span>
    </p>
   </div>
   <div class='ocr_carea' id='block_1_73' title="bbox 2267 3465 3805 3545">
    <p class='ocr_par' dir='ltr' id='par_1_73' title="bbox 2267 3465 3805 3545">
     <span class='ocr_line' id='line_1_73' title="bbox 2267 3465 3805 3545; baseline -0.011 -12"><span class='ocrx_word' id='word_1_531' title='bbox 2267 3478 2466 3534; x_wconf 80' lang='lat' dir='ltr'><strong>finibus</strong></span> <span class='ocrx_word' id='word_1_532' title='bbox 2513 3478 2740 3543; x_wconf 90' lang='lat' dir='ltr'><strong>evulsa,</strong></span> <span class='ocrx_word' id='word_1_533' title='bbox 2795 3476 3050 3531; x_wconf 90' lang='lat' dir='ltr'><strong>nimirum</strong></span> <span class='ocrx_word' id='word_1_534' title='bbox 3116 3474 3251 3530; x_wconf 90' lang='lat' dir='ltr'><strong>colla</strong></span> <span class='ocrx_word' id='word_1_535' title='bbox 3301 3474 3550 3545; x_wconf 87' lang='lat' dir='ltr'><strong>gentibus</strong></span> <span class='ocrx_word' id='word_1_536' title='bbox 3593 3465 3805 3527; x_wconf 89' lang='lat' dir='ltr'><strong>subdidit,</strong></span> 
     </span>
    </p>
   </div>
   <div class='ocr_carea' id='block_1_74' title="bbox 2266 3564 3796 3639">
    <p class='ocr_par' dir='ltr' id='par_1_74' title="bbox 2266 3564 3796 3639">
     <span class='ocr_line' id='line_1_74' title="bbox 2266 3564 3796 3639; baseline -0.009 -17"><span class='ocrx_word' id='word_1_537' title='bbox 2266 3568 2392 3639; x_wconf 83' lang='lat' dir='ltr'><strong>quia</strong></span> <span class='ocrx_word' id='word_1_538' title='bbox 2419 3567 2571 3622; x_wconf 90' lang='lat' dir='ltr'><strong>subdi</strong></span> <span class='ocrx_word' id='word_1_539' title='bbox 2596 3566 2815 3621; x_wconf 85' lang='lat' dir='ltr'><strong>Auctori</strong></span> <span class='ocrx_word' id='word_1_540' title='bbox 2844 3565 3136 3622; x_wconf 87' lang='lat' dir='ltr'><strong>recusavit.</strong></span> <span class='ocrx_word' id='word_1_541' title='bbox 3170 3564 3300 3631; x_wconf 71' lang='lat' dir='ltr'><strong>Qua:</strong></span> <span class='ocrx_word' id='word_1_542' title='bbox 3328 3564 3536 3619; x_wconf 90' lang='lat' dir='ltr'><strong>scilicet</strong></span> <span class='ocrx_word' id='word_1_543' title='bbox 3568 3571 3695 3615; x_wconf 88' lang='lat' dir='ltr'><strong>terra</strong></span> <span class='ocrx_word' id='word_1_544' title='bbox 3724 3570 3796 3609; x_wconf 82' lang='lat' dir='ltr'><strong>co-</strong></span> 
     </span>
    </p>
   </div>
   <div class='ocr_carea' id='block_1_75' title="bbox 2268 3646 3804 3727">
    <p class='ocr_par' dir='ltr' id='par_1_75' title="bbox 2268 3646 3804 3727">
     <span class='ocr_line' id='line_1_75' title="bbox 2268 3646 3804 3727; baseline -0.007 -15"><span class='ocrx_word' id='word_1_545' title='bbox 2268 3658 2479 3714; x_wconf 87' lang='lat' dir='ltr'><strong>lumnas</strong></span> <span class='ocrx_word' id='word_1_546' title='bbox 2508 3658 2718 3723; x_wconf 87' lang='lat' dir='ltr'><strong>babuit,</strong></span> <span class='ocrx_word' id='word_1_547' title='bbox 2743 3658 2864 3727; x_wconf 85' lang='lat' dir='ltr'><strong>quia</strong></span> <span class='ocrx_word' id='word_1_548' title='bbox 2890 3658 2944 3712; x_wconf 92' lang='lat' dir='ltr'><strong>in</strong></span> <span class='ocrx_word' id='word_1_549' title='bbox 2971 3658 3282 3712; x_wconf 89' lang='lat' dir='ltr'><strong>sacerdotes</strong></span> <span class='ocrx_word' id='word_1_550' title='bbox 3306 3664 3362 3711; x_wconf 92' lang='lat' dir='ltr'><strong>et</strong></span> <span class='ocrx_word' id='word_1_551' title='bbox 3389 3655 3673 3724; x_wconf 84' lang='lat' dir='ltr'><strong>principes.</strong></span> <span class='ocrx_word' id='word_1_552' title='bbox 3699 3646 3804 3717; x_wconf 79' lang='lat' dir='ltr'><strong>legis</strong></span> 
     </span>
    </p>
   </div>
   <div class='ocr_carea' id='block_1_76' title="bbox 2271 3737 3808 3818">
    <p class='ocr_par' dir='ltr' id='par_1_76' title="bbox 2271 3737 3808 3818">
     <span class='ocr_line' id='line_1_76' title="bbox 2271 3737 3808 3818; baseline -0.012 -12"><span class='ocrx_word' id='word_1_553' title='bbox 2271 3750 2519 3806; x_wconf 89' lang='lat' dir='ltr'><strong>doctores</strong></span> <span class='ocrx_word' id='word_1_554' title='bbox 2564 3757 2726 3818; x_wconf 88' lang='lat' dir='ltr'><strong>atque</strong></span> <span class='ocrx_word' id='word_1_555' title='bbox 2770 3746 3072 3803; x_wconf 81' lang='lat' dir='ltr'><strong>Pbarisaeos</strong></span> <span class='ocrx_word' id='word_1_556' title='bbox 3109 3747 3315 3801; x_wconf 89' lang='lat' dir='ltr'><strong>ruitura</strong></span> <span class='ocrx_word' id='word_1_557' title='bbox 3349 3743 3469 3813; x_wconf 87' lang='lat' dir='ltr'><strong>ejus</strong></span> <span class='ocrx_word' id='word_1_558' title='bbox 3505 3737 3808 3815; x_wconf 87' lang='lat' dir='ltr'><strong>pertinaciter</strong></span> 
     </span>
    </p>
   </div>
   <div class='ocr_carea' id='block_1_77' title="bbox 2270 3837 3806 3898">
    <p class='ocr_par' dir='ltr' id='par_1_77' title="bbox 2270 3837 3806 3898">
     <span class='ocr_line' id='line_1_77' title="bbox 2270 3837 3806 3898; baseline -0.009 -1"><span class='ocrx_word' id='word_1_559' title='bbox 2270 3850 2541 3898; x_wconf 88' lang='lat' dir='ltr'><strong>structura</strong></span> <span class='ocrx_word' id='word_1_560' title='bbox 2593 3840 2850 3896; x_wconf 77' lang='lat' dir='ltr'><strong>surrexit.</strong></span> <span class='ocrx_word' id='word_1_561' title='bbox 2917 3839 3022 3895; x_wconf 91' lang='lat' dir='ltr'><strong>Sed</strong></span> <span class='ocrx_word' id='word_1_562' title='bbox 3084 3838 3356 3893; x_wconf 87' lang='lat' dir='ltr'><strong>translatis</strong></span> <span class='ocrx_word' id='word_1_563' title='bbox 3418 3837 3680 3892; x_wconf 83' lang='lat' dir='ltr'><strong>momibus</strong></span> <span class='ocrx_word' id='word_1_564' title='bbox 3733 3843 3806 3883; x_wconf 75' lang='grc' dir='ltr'><strong>εο-</strong></span> 
     </span>
    </p>
   </div>
   <div class='ocr_carea' id='block_1_78' title="bbox 2269 3925 3809 3998">
    <p class='ocr_par' dir='ltr' id='par_1_78' title="bbox 2269 3925 3809 3998">
     <span class='ocr_line' id='line_1_78' title="bbox 2269 3925 3809 3998; baseline -0.008 -13"><span class='ocrx_word' id='word_1_565' title='bbox 2269 3931 2466 3985; x_wconf 76' lang='lat' dir='ltr'><strong>lumna:</strong></span> <span class='ocrx_word' id='word_1_566' title='bbox 2491 3947 2766 3986; x_wconf 73' lang='lat' dir='ltr'><strong>concussae</strong></span> <span class='ocrx_word' id='word_1_567' title='bbox 2804 3938 2949 3991; x_wconf 85' lang='lat' dir='ltr'><strong>sunt,</strong></span> <span class='ocrx_word' id='word_1_568' title='bbox 2979 3930 3103 3998; x_wconf 89' lang='lat' dir='ltr'><strong>quia</strong></span> <span class='ocrx_word' id='word_1_569' title='bbox 3135 3927 3413 3982; x_wconf 88' lang='lat' dir='ltr'><strong>subductis</strong></span> <span class='ocrx_word' id='word_1_570' title='bbox 3448 3943 3478 3981; x_wconf 92' lang='lat' dir='ltr'><strong>a</strong></span> <span class='ocrx_word' id='word_1_571' title='bbox 3509 3925 3680 3981; x_wconf 82' lang='lat' dir='ltr'><strong>Juda-a</strong></span> <span class='ocrx_word' id='word_1_572' title='bbox 3707 3932 3809 3988; x_wconf 80' lang='lat' dir='ltr'><strong>apo-</strong></span> 
     </span>
    </p>
   </div>
   <div class='ocr_carea' id='block_1_79' title="bbox 2271 4007 3806 4090">
    <p class='ocr_par' dir='ltr' id='par_1_79' title="bbox 2271 4007 3806 4090">
     <span class='ocr_line' id='line_1_79' title="bbox 2271 4007 3806 4090; baseline -0.01 -14"><span class='ocrx_word' id='word_1_573' title='bbox 2271 4021 2441 4084; x_wconf 85' lang='lat' dir='ltr'><strong>stolis,</strong></span> <span class='ocrx_word' id='word_1_574' title='bbox 2475 4036 2574 4075; x_wconf 90' lang='lat' dir='ltr'><strong>nec</strong></span> <span class='ocrx_word' id='word_1_575' title='bbox 2600 4021 2698 4090; x_wconf 90' lang='lat' dir='ltr'><strong>ipsi</strong></span> <span class='ocrx_word' id='word_1_576' title='bbox 2734 4020 2915 4074; x_wconf 88' lang='lat' dir='ltr'><strong>vivere</strong></span> <span class='ocrx_word' id='word_1_577' title='bbox 2962 4019 3016 4073; x_wconf 91' lang='lat' dir='ltr'><strong>in</strong></span> <span class='ocrx_word' id='word_1_578' title='bbox 3063 4017 3151 4071; x_wconf 91' lang='lat' dir='ltr'><strong>illa</strong></span> <span class='ocrx_word' id='word_1_579' title='bbox 3200 4016 3447 4087; x_wconf 88' lang='lat' dir='ltr'><strong>permissi</strong></span> <span class='ocrx_word' id='word_1_580' title='bbox 3476 4023 3614 4073; x_wconf 84' lang='lat' dir='ltr'><strong>sunt.</strong></span> <span class='ocrx_word' id='word_1_581' title='bbox 3641 4009 3720 4081; x_wconf 88' lang='lat' dir='ltr'><strong>qui</strong></span> <span class='ocrx_word' id='word_1_582' title='bbox 3755 4007 3806 4059; x_wconf 83' lang='lat' dir='ltr'><strong>ab</strong></span> 
     </span>
    </p>
   </div>
   <div class='ocr_carea' id='block_1_80' title="bbox 2270 4103 3806 4180">
    <p class='ocr_par' dir='ltr' id='par_1_80' title="bbox 2270 4103 3806 4180">
     <span class='ocr_line' id='line_1_80' title="bbox 2270 4103 3806 4180; baseline -0.012 -15"><span class='ocrx_word' id='word_1_583' title='bbox 2270 4111 2357 4165; x_wconf 86' lang='lat' dir='ltr'><strong>illa</strong></span> <span class='ocrx_word' id='word_1_584' title='bbox 2405 4110 2527 4165; x_wconf 75' lang='lat' dir='ltr'><strong>vita:</strong></span> <span class='ocrx_word' id='word_1_585' title='bbox 2576 4110 2958 4180; x_wconf 59' lang='lat' dir='ltr'><strong>pitedieatores</strong></span> <span class='ocrx_word' id='word_1_586' title='bbox 3010 4106 3348 4177; x_wconf 77' lang='lat' dir='ltr'><strong>expulerunt.</strong></span> <span class='ocrx_word' id='word_1_587' title='bbox 3403 4105 3506 4160; x_wconf 88' lang='lat' dir='ltr'><strong>Per</strong></span> <span class='ocrx_word' id='word_1_588' title='bbox 3548 4103 3806 4158; x_wconf 78' lang='lat' dir='ltr'><strong>Romanum</strong></span> 
     </span>
    </p>
   </div>
   <div class='ocr_carea' id='block_1_81' title="bbox 2270 4188 3806 4271">
    <p class='ocr_par' dir='ltr' id='par_1_81' title="bbox 2270 4188 3806 4271">
     <span class='ocr_line' id='line_1_81' title="bbox 2270 4188 3806 4271; baseline -0.013 -16"><span class='ocrx_word' id='word_1_589' title='bbox 2270 4200 2468 4271; x_wconf 87' lang='lat' dir='ltr'><strong>quippe</strong></span> <span class='ocrx_word' id='word_1_590' title='bbox 2496 4200 2793 4269; x_wconf 86' lang='lat' dir='ltr'><strong>principem</strong></span> <span class='ocrx_word' id='word_1_591' title='bbox 2819 4198 2998 4253; x_wconf 88' lang='lat' dir='ltr'><strong>Titum</strong></span> <span class='ocrx_word' id='word_1_592' title='bbox 3028 4198 3272 4268; x_wconf 90' lang='lat' dir='ltr'><strong>protinus</strong></span> <span class='ocrx_word' id='word_1_593' title='bbox 3316 4193 3497 4250; x_wconf 67' lang='lat' dir='ltr'><strong>Judaaa</strong></span> <span class='ocrx_word' id='word_1_594' title='bbox 3526 4188 3806 4249; x_wconf 90' lang='lat' dir='ltr'><strong>destruitur,</strong></span> 
     </span>
    </p>
   </div>
   <div class='ocr_carea' id='block_1_82' title="bbox 2272 4272 3808 4359">
    <p class='ocr_par' dir='ltr' id='par_1_82' title="bbox 2272 4272 3808 4359">
     <span class='ocr_line' id='line_1_82' title="bbox 2272 4272 3808 4359; baseline -0.005 -16"><span class='ocrx_word' id='word_1_595' title='bbox 2272 4299 2433 4359; x_wconf 90' lang='lat' dir='ltr'><strong>atque</strong></span> <span class='ocrx_word' id='word_1_596' title='bbox 2459 4289 2511 4342; x_wconf 91' lang='lat' dir='ltr'><strong>in</strong></span> <span class='ocrx_word' id='word_1_597' title='bbox 2546 4287 2754 4342; x_wconf 91' lang='lat' dir='ltr'><strong>cunctis</strong></span> <span class='ocrx_word' id='word_1_598' title='bbox 2782 4288 3028 4357; x_wconf 83' lang='lat' dir='ltr'><strong>gentibus</strong></span> <span class='ocrx_word' id='word_1_599' title='bbox 3073 4300 3259 4356; x_wconf 84' lang='lat' dir='ltr'><strong>sparsa</strong></span> <span class='ocrx_word' id='word_1_600' title='bbox 3303 4284 3610 4354; x_wconf 82' lang='lat' dir='ltr'><strong>dissipatur.</strong></span> <span class='ocrx_word' id='word_1_601' title='bbox 3652 4272 3808 4345; x_wconf 62' lang='lat' dir='ltr'><strong>Sequi:</strong></span> 
     </span>
    </p>
   </div>
   <div class='ocr_carea' id='block_1_83' title="bbox 2279 4386 2412 4435">
    <p class='ocr_par' dir='ltr' id='par_1_83' title="bbox 2279 4386 2412 4435">
     <span class='ocr_line' id='line_1_83' title="bbox 2279 4386 2412 4435; baseline 0 0"><span class='ocrx_word' id='word_1_602' title='bbox 2279 4386 2368 4435; x_wconf 89' lang='lat' dir='ltr'><strong>tur</strong></span> <span class='ocrx_word' id='word_1_603' title='bbox 2398 4399 2412 4435; x_wconf 93' lang='lat'><strong>:</strong></span> 
     </span>
    </p>
   </div>
   <div class='ocr_carea' id='block_1_84' title="bbox 2344 4454 3806 4539">
    <p class='ocr_par' dir='ltr' id='par_1_84' title="bbox 2344 4454 3806 4539">
     <span class='ocr_line' id='line_1_84' title="bbox 2344 4454 3806 4539; baseline -0.013 -15"><span class='ocrx_word' id='word_1_604' title='bbox 2344 4470 2507 4525; x_wconf 75' lang='lat' dir='ltr'><strong>Vens.</strong></span> <span class='ocrx_word' id='word_1_605' title='bbox 2542 4472 2596 4526; x_wconf 90' lang='lat'><strong>7.</strong></span> <span class='ocrx_word' id='word_1_606' title='bbox 2637 4469 2741 4536; x_wconf 92' lang='lat' dir='ltr'><strong>Qui</strong></span> <span class='ocrx_word' id='word_1_607' title='bbox 2786 4469 3021 4539; x_wconf 74' lang='lat' dir='ltr'><strong>prwcipit</strong></span> <span class='ocrx_word' id='word_1_608' title='bbox 3071 4468 3192 4534; x_wconf 82' lang='lat' dir='ltr'><strong>soli,</strong></span> <span class='ocrx_word' id='word_1_609' title='bbox 3235 4478 3282 4523; x_wconf 89' lang='lat' dir='ltr'><strong>et</strong></span> <span class='ocrx_word' id='word_1_610' title='bbox 3327 4484 3429 4521; x_wconf 83' lang='lat' dir='ltr'><strong>non</strong></span> <span class='ocrx_word' id='word_1_611' title='bbox 3460 4466 3641 4527; x_wconf 87' lang='lat' dir='ltr'><strong>oritur,</strong></span> <span class='ocrx_word' id='word_1_612' title='bbox 3663 4454 3806 4514; x_wconf 67' lang='grc' dir='ltr'><strong>πίθηαι</strong></span> 
     </span>
    </p>
   </div>
   <div class='ocr_carea' id='block_1_85' title="bbox 2271 4544 3806 4630">
    <p class='ocr_par' dir='ltr' id='par_1_85' title="bbox 2271 4544 3806 4630">
     <span class='ocr_line' id='line_1_85' title="bbox 2271 4544 3806 4630; baseline -0.01 -15"><span class='ocrx_word' id='word_1_613' title='bbox 2271 4560 2469 4615; x_wconf 81' lang='lat' dir='ltr'><strong>claudit</strong></span> <span class='ocrx_word' id='word_1_614' title='bbox 2494 4562 2646 4630; x_wconf 85' lang='lat' dir='ltr'><strong>quasi</strong></span> <span class='ocrx_word' id='word_1_615' title='bbox 2669 4561 2762 4614; x_wconf 87' lang='lat' dir='ltr'><strong>sub</strong></span> <span class='ocrx_word' id='word_1_616' title='bbox 2789 4557 3076 4629; x_wconf 81' lang='lat' dir='ltr'><strong>signaculo.</strong></span> <span class='ocrx_word' id='word_1_617' title='bbox 3112 4589 3182 4598; x_wconf 92' lang='lat'><strong>—</strong></span> <span class='ocrx_word' id='word_1_618' title='bbox 3201 4556 3504 4627; x_wconf 83' lang='lat' dir='ltr'><strong>Aliquando</strong></span> <span class='ocrx_word' id='word_1_619' title='bbox 3533 4562 3742 4618; x_wconf 85' lang='lat' dir='ltr'><strong>namque</strong></span> <span class='ocrx_word' id='word_1_620' title='bbox 3765 4544 3806 4597; x_wconf 87' lang='lat' dir='ltr'><strong>in</strong></span> 
     </span>
    </p>
   </div>
   <div class='ocr_carea' id='block_1_86' title="bbox 2272 4645 3806 4720">
    <p class='ocr_par' dir='ltr' id='par_1_86' title="bbox 2272 4645 3806 4720">
     <span class='ocr_line' id='line_1_86' title="bbox 2272 4645 3806 4720; baseline -0.008 -15"><span class='ocrx_word' id='word_1_621' title='bbox 2272 4648 2429 4706; x_wconf 70' lang='lat' dir='ltr'><strong>sacro</strong></span> <span class='ocrx_word' id='word_1_622' title='bbox 2475 4651 2688 4720; x_wconf 90' lang='lat' dir='ltr'><strong>eloquio</strong></span> <span class='ocrx_word' id='word_1_623' title='bbox 2736 4650 2865 4704; x_wconf 89' lang='lat' dir='ltr'><strong>solis</strong></span> <span class='ocrx_word' id='word_1_624' title='bbox 2909 4650 3125 4703; x_wconf 91' lang='lat' dir='ltr'><strong>nomine</strong></span> <span class='ocrx_word' id='word_1_625' title='bbox 3174 4647 3391 4704; x_wconf 88' lang='lat' dir='ltr'><strong>claritas</strong></span> <span class='ocrx_word' id='word_1_626' title='bbox 3437 4645 3806 4718; x_wconf 70' lang='lat' dir='ltr'><strong>praedicatorum</strong></span> 
     </span>
    </p>
   </div>
   <div class='ocr_carea' id='block_1_87' title="bbox 586 4715 3809 4817">
    <p class='ocr_par' dir='ltr' id='par_1_87' title="bbox 586 4715 3809 4817">
     <span class='ocr_line' id='line_1_87' title="bbox 586 4715 3809 4817; baseline -0.006 -15"><span class='ocrx_word' id='word_1_627' title='bbox 586 4749 654 4810; x_wconf 82' lang='lat' dir='ltr'><strong>ei.</strong></span> <span class='ocrx_word' id='word_1_628' title='bbox 686 4758 730 4801; x_wconf 89' lang='lat' dir='ltr'><strong>et</strong></span> <span class='ocrx_word' id='word_1_629' title='bbox 760 4765 936 4817; x_wconf 84' lang='lat' dir='ltr'><strong>pacem</strong></span> <span class='ocrx_word' id='word_1_630' title='bbox 966 4747 1185 4800; x_wconf 84' lang='lat' dir='ltr'><strong>habuit?</strong></span> <span class='ocrx_word' id='word_1_631' title='bbox 1208 4777 1277 4786; x_wconf 89' lang='lat'>—</span> <span class='ocrx_word' id='word_1_632' title='bbox 1303 4745 1403 4813; x_wconf 92' lang='lat' dir='ltr'><strong>Qui</strong></span> <span class='ocrx_word' id='word_1_633' title='bbox 1452 4746 1594 4799; x_wconf 90' lang='lat' dir='ltr'><strong>enim</strong></span> <span class='ocrx_word' id='word_1_634' title='bbox 1632 4753 1824 4799; x_wconf 85' lang='lat' dir='ltr'><strong>cuncta</strong></span> <span class='ocrx_word' id='word_1_635' title='bbox 1853 4743 2172 4817; x_wconf 80' lang='lat' dir='ltr'><strong>mirabiliter</strong></span> <span class='ocrx_word' id='word_1_636' title='bbox 2198 4715 2247 4774; x_wconf 69' lang='grc' dir='ltr'><strong>ί)</strong></span> <span class='ocrx_word' id='word_1_637' title='bbox 2278 4742 2606 4812; x_wconf 87' lang='lat' dir='ltr'><strong>designatur,</strong></span> <span class='ocrx_word' id='word_1_638' title='bbox 2638 4742 2777 4795; x_wconf 92' lang='lat' dir='ltr'><strong>sicut</strong></span> <span class='ocrx_word' id='word_1_639' title='bbox 2804 4756 2900 4808; x_wconf 91' lang='lat' dir='ltr'><strong>per</strong></span> <span class='ocrx_word' id='word_1_640' title='bbox 2923 4739 3182 4795; x_wconf 85' lang='lat' dir='ltr'><strong>Joannem</strong></span> <span class='ocrx_word' id='word_1_641' title='bbox 3216 4740 3413 4794; x_wconf 89' lang='lat' dir='ltr'><strong>dicitur</strong></span> <span class='ocrx_word' id='word_1_642' title='bbox 3439 4715 3458 4791; x_wconf 20' lang='grc' dir='ltr'><strong>τε</strong></span> <span class='ocrx_word' id='word_1_643' title='bbox 3500 4757 3517 4789; x_wconf 88' lang='grc'><em>‹</em></span> <span class='ocrx_word' id='word_1_644' title='bbox 3548 4735 3724 4789; x_wconf 83' lang='lat' dir='ltr'><strong>Factus</strong></span> <span class='ocrx_word' id='word_1_645' title='bbox 3744 4732 3809 4780; x_wconf 70' lang='lat' dir='ltr'><strong>est</strong></span> 
     </span>
    </p>
   </div>
   <div class='ocr_carea' id='block_1_88' title="bbox 587 4833 2167 4907">
    <p class='ocr_par' dir='ltr' id='par_1_88' title="bbox 587 4833 2167 4907">
     <span class='ocr_line' id='line_1_88' title="bbox 587 4833 2167 4907; baseline -0.003 -14"><span class='ocrx_word' id='word_1_646' title='bbox 587 4847 759 4901; x_wconf 85' lang='lat' dir='ltr'><strong>creat,</strong></span> <span class='ocrx_word' id='word_1_647' title='bbox 792 4837 906 4907; x_wconf 89' lang='lat' dir='ltr'><strong>ipse</strong></span> <span class='ocrx_word' id='word_1_648' title='bbox 938 4849 996 4890; x_wconf 88' lang='lat' dir='ltr'><strong>ut</strong></span> <span class='ocrx_word' id='word_1_649' title='bbox 1026 4845 1203 4890; x_wconf 88' lang='lat' dir='ltr'><strong>creata</strong></span> <span class='ocrx_word' id='word_1_650' title='bbox 1237 4836 1454 4889; x_wconf 85' lang='lat' dir='ltr'><strong>sibimet</strong></span> <span class='ocrx_word' id='word_1_651' title='bbox 1481 4835 1820 4897; x_wconf 87' lang='lat' dir='ltr'><strong>conveniant,</strong></span> <span class='ocrx_word' id='word_1_652' title='bbox 1847 4833 2078 4887; x_wconf 84' lang='lat' dir='ltr'><strong>ordinat.</strong></span> <span class='ocrx_word' id='word_1_653' title='bbox 2111 4833 2167 4888; x_wconf 89' lang='lat' dir='ltr'><strong>In</strong></span> 
     </span>
    </p>
   </div>
   <div class='ocr_carea' id='block_1_89' title="bbox 591 4912 2173 4999">
    <p class='ocr_par' dir='ltr' id='par_1_89' title="bbox 591 4912 2173 4999">
     <span class='ocr_line' id='line_1_89' title="bbox 591 4912 2173 4999; baseline -0.004 -18"><span class='ocrx_word' id='word_1_654' title='bbox 591 4946 698 4999; x_wconf 93' lang='lat' dir='ltr'><strong>quo</strong></span> <span class='ocrx_word' id='word_1_655' title='bbox 726 4944 855 4998; x_wconf 78' lang='lat' dir='ltr'><strong>ergo</strong></span> <span class='ocrx_word' id='word_1_656' title='bbox 882 4912 1158 4982; x_wconf 69' lang='lat' dir='ltr'><strong>conditori</strong></span> <span class='ocrx_word' id='word_1_657' title='bbox 1199 4927 1494 4991; x_wconf 90' lang='lat' dir='ltr'><strong>resistitur,</strong></span> <span class='ocrx_word' id='word_1_658' title='bbox 1530 4925 1678 4995; x_wconf 79' lang='lat' dir='ltr'><strong>pacis</strong></span> <span class='ocrx_word' id='word_1_659' title='bbox 1704 4923 1985 4978; x_wconf 87' lang='lat' dir='ltr'><strong>conventio</strong></span> <span class='ocrx_word' id='word_1_660' title='bbox 2015 4921 2173 4977; x_wconf 83' lang='lat' dir='ltr'><strong>dissi-</strong></span> 
     </span>
    </p>
   </div>
   <div class='ocr_carea' id='block_1_90' title="bbox 591 5013 2168 5091">
    <p class='ocr_par' dir='ltr' id='par_1_90' title="bbox 591 5013 2168 5091">
     <span class='ocr_line' id='line_1_90' title="bbox 591 5013 2168 5091; baseline -0.004 -17"><span class='ocrx_word' id='word_1_661' title='bbox 591 5030 768 5091; x_wconf 80' lang='lat' dir='ltr'><strong>patttt‘.</strong></span> <span class='ocrx_word' id='word_1_662' title='bbox 821 5019 1077 5073; x_wconf 76' lang='lat' dir='ltr'><strong>Perversa</strong></span> <span class='ocrx_word' id='word_1_663' title='bbox 1126 5019 1269 5072; x_wconf 90' lang='lat' dir='ltr'><strong>enim</strong></span> <span class='ocrx_word' id='word_1_664' title='bbox 1301 5033 1455 5072; x_wconf 91' lang='lat' dir='ltr'><strong>mens</strong></span> <span class='ocrx_word' id='word_1_665' title='bbox 1486 5016 1627 5070; x_wconf 88' lang='lat' dir='ltr'><strong>unde</strong></span> <span class='ocrx_word' id='word_1_666' title='bbox 1656 5024 1845 5069; x_wconf 88' lang='lat' dir='ltr'><strong>contra</strong></span> <span class='ocrx_word' id='word_1_667' title='bbox 1876 5013 2168 5069; x_wconf 81' lang='lat' dir='ltr'><strong>Auctorem</strong></span> 
     </span>
    </p>
   </div>
   <div class='ocr_carea' id='block_1_91' title="bbox 587 5103 2169 5177">
    <p class='ocr_par' dir='ltr' id='par_1_91' title="bbox 587 5103 2169 5177">
     <span class='ocr_line' id='line_1_91' title="bbox 587 5103 2169 5177; baseline -0.004 -13"><span class='ocrx_word' id='word_1_668' title='bbox 587 5125 645 5164; x_wconf 88' lang='lat' dir='ltr'><strong>se</strong></span> <span class='ocrx_word' id='word_1_669' title='bbox 674 5108 853 5177; x_wconf 86' lang='lat' dir='ltr'><strong>erigit,</strong></span> <span class='ocrx_word' id='word_1_670' title='bbox 882 5108 1005 5162; x_wconf 91' lang='lat' dir='ltr'><strong>inde</strong></span> <span class='ocrx_word' id='word_1_671' title='bbox 1035 5123 1093 5162; x_wconf 90' lang='lat' dir='ltr'><strong>se</strong></span> <span class='ocrx_word' id='word_1_672' title='bbox 1122 5108 1177 5161; x_wconf 91' lang='lat' dir='ltr'><strong>in</strong></span> <span class='ocrx_word' id='word_1_673' title='bbox 1206 5107 1494 5176; x_wconf 89' lang='lat' dir='ltr'><strong>semetipsa</strong></span> <span class='ocrx_word' id='word_1_674' title='bbox 1540 5103 1840 5158; x_wconf 88' lang='lat' dir='ltr'><strong>confundit.</strong></span> <span class='ocrx_word' id='word_1_675' title='bbox 1892 5104 2169 5157; x_wconf 82' lang='lat' dir='ltr'><strong>Resistere</strong></span> 
     </span>
    </p>
   </div>
   <div class='ocr_carea' id='block_1_92' title="bbox 590 5194 2169 5266">
    <p class='ocr_par' dir='ltr' id='par_1_92' title="bbox 590 5194 2169 5266">
     <span class='ocr_line' id='line_1_92' title="bbox 590 5194 2169 5266; baseline -0.001 -17"><span class='ocrx_word' id='word_1_676' title='bbox 590 5209 769 5252; x_wconf 77' lang='lat' dir='ltr'><strong>autem</strong></span> <span class='ocrx_word' id='word_1_677' title='bbox 798 5198 1047 5262; x_wconf 90' lang='lat' dir='ltr'><strong>dicimus,</strong></span> <span class='ocrx_word' id='word_1_678' title='bbox 1087 5213 1209 5252; x_wconf 92' lang='lat' dir='ltr'><strong>cum</strong></span> <span class='ocrx_word' id='word_1_679' title='bbox 1248 5211 1550 5266; x_wconf 75' lang='lat' dir='ltr'><strong>repugnare</strong></span> <span class='ocrx_word' id='word_1_680' title='bbox 1585 5195 1701 5265; x_wconf 86' lang='lat' dir='ltr'><strong>ejus</strong></span> <span class='ocrx_word' id='word_1_681' title='bbox 1731 5194 2169 5263; x_wconf 88' lang='lat' dir='ltr'><strong>dispositionibus</strong></span> 
     </span>
    </p>
   </div>
   <div class='ocr_carea' id='block_1_93' title="bbox 593 5283 2173 5340">
    <p class='ocr_par' dir='ltr' id='par_1_93' title="bbox 593 5283 2173 5340">
     <span class='ocr_line' id='line_1_93' title="bbox 593 5283 2173 5340; baseline -0.004 0"><span class='ocrx_word' id='word_1_682' title='bbox 593 5304 870 5340; x_wconf 84' lang='lat' dir='ltr'><strong>conamur.</strong></span> <span class='ocrx_word' id='word_1_683' title='bbox 915 5288 1093 5340; x_wconf 84' lang='lat' dir='ltr'><strong>Nenue</strong></span> <span class='ocrx_word' id='word_1_684' title='bbox 1119 5288 1262 5340; x_wconf 90' lang='lat' dir='ltr'><strong>enim</strong></span> <span class='ocrx_word' id='word_1_685' title='bbox 1294 5297 1478 5340; x_wconf 88' lang='lat' dir='ltr'><strong>nostra</strong></span> <span class='ocrx_word' id='word_1_686' title='bbox 1504 5284 1786 5340; x_wconf 84' lang='lat' dir='ltr'><strong>infirmitas</strong></span> <span class='ocrx_word' id='word_1_687' title='bbox 1817 5283 2173 5337; x_wconf 89' lang='lat' dir='ltr'><strong>incommuta-</strong></span> 
     </span>
    </p>
   </div>
   <div class='ocr_carea' id='block_1_94' title="bbox 2277 4822 3806 4902">
    <p class='ocr_par' dir='ltr' id='par_1_94' title="bbox 2277 4822 3806 4902">
     <span class='ocr_line' id='line_1_94' title="bbox 2277 4822 3806 4902; baseline -0.012 -14"><span class='ocrx_word' id='word_1_688' title='bbox 2277 4834 2355 4888; x_wconf 92' lang='lat' dir='ltr'><strong>sol</strong></span> <span class='ocrx_word' id='word_1_689' title='bbox 2387 4834 2524 4887; x_wconf 92' lang='lat' dir='ltr'><strong>sicut</strong></span> <span class='ocrx_word' id='word_1_690' title='bbox 2554 4848 2742 4886; x_wconf 90' lang='lat' dir='ltr'><strong>saccus</strong></span> <span class='ocrx_word' id='word_1_691' title='bbox 2771 4833 3017 4887; x_wconf 83' lang='lat' dir='ltr'><strong>cilieinus</strong></span> <span class='ocrx_word' id='word_1_692' title='bbox 3043 4832 3227 4902; x_wconf 81' lang='lat' dir='ltr'><strong>(Apoc.</strong></span> <span class='ocrx_word' id='word_1_693' title='bbox 3254 4848 3329 4893; x_wconf 76' lang='lat' dir='ltr'><strong>v1,</strong></span> <span class='ocrx_word' id='word_1_694' title='bbox 3356 4831 3463 4897; x_wconf 73' lang='lat'><strong>1‘2).</strong></span> <span class='ocrx_word' id='word_1_695' title='bbox 3496 4849 3514 4881; x_wconf 76' lang='grc' dir='ltr'><strong><em>ι</em></strong></span> <span class='ocrx_word' id='word_1_696' title='bbox 3549 4827 3644 4898; x_wconf 85' lang='lat' dir='ltr'><strong>Ipsi</strong></span> <span class='ocrx_word' id='word_1_697' title='bbox 3673 4822 3806 4877; x_wconf 85' lang='lat' dir='ltr'><strong>etiam</strong></span> 
     </span>
    </p>
   </div>
   <div class='ocr_carea' id='block_1_95' title="bbox 2277 4915 3803 4993">
    <p class='ocr_par' dir='ltr' id='par_1_95' title="bbox 2277 4915 3803 4993">
     <span class='ocr_line' id='line_1_95' title="bbox 2277 4915 3803 4993; baseline -0.011 -13"><span class='ocrx_word' id='word_1_698' title='bbox 2277 4924 2554 4980; x_wconf 89' lang='lat' dir='ltr'><strong>stellarum</strong></span> <span class='ocrx_word' id='word_1_699' title='bbox 2605 4924 2823 4978; x_wconf 88' lang='lat' dir='ltr'><strong>nomine</strong></span> <span class='ocrx_word' id='word_1_700' title='bbox 2873 4924 3197 4993; x_wconf 87' lang='lat' dir='ltr'><strong>signantur,</strong></span> <span class='ocrx_word' id='word_1_701' title='bbox 3249 4923 3317 4977; x_wconf 89' lang='lat' dir='ltr'><strong>de</strong></span> <span class='ocrx_word' id='word_1_702' title='bbox 3362 4915 3803 4992; x_wconf 83' lang='lat' dir='ltr'><strong>quibusdieitur:</strong></span> 
     </span>
    </p>
   </div>
   <div class='ocr_carea' id='block_1_96' title="bbox 2283 5000 3802 5083">
    <p class='ocr_par' dir='ltr' id='par_1_96' title="bbox 2283 5000 3802 5083">
     <span class='ocr_line' id='line_1_96' title="bbox 2283 5000 3802 5083; baseline -0.009 -16"><span class='ocrx_word' id='word_1_703' title='bbox 2283 5034 2301 5067; x_wconf 76' lang='grc' dir='ltr'><strong>σ</strong></span> <span class='ocrx_word' id='word_1_704' title='bbox 2346 5013 2638 5068; x_wconf 73' lang='lat' dir='ltr'><strong>Probibita:</strong></span> <span class='ocrx_word' id='word_1_705' title='bbox 2688 5022 2811 5067; x_wconf 92' lang='lat' dir='ltr'><strong>sunt</strong></span> <span class='ocrx_word' id='word_1_706' title='bbox 2855 5012 3022 5067; x_wconf 69' lang='lat' dir='ltr'><strong>stellae</strong></span> <span class='ocrx_word' id='word_1_707' title='bbox 3066 5013 3363 5082; x_wconf 86' lang='lat' dir='ltr'><strong>pluviarum</strong></span> <span class='ocrx_word' id='word_1_708' title='bbox 3406 5012 3535 5083; x_wconf 76' lang='lat' dir='ltr'><strong>(Jer.</strong></span> <span class='ocrx_word' id='word_1_709' title='bbox 3574 5022 3651 5068; x_wconf 81' lang='lat' dir='ltr'><strong>nr,</strong></span> <span class='ocrx_word' id='word_1_710' title='bbox 3688 5000 3753 5070; x_wconf 82' lang='grc'><strong>5).</strong></span> <span class='ocrx_word' id='word_1_711' title='bbox 3788 5012 3802 5045; x_wconf 74' lang='grc' dir='ltr'><strong>ι</strong></span> 
     </span>
    </p>
   </div>
   <div class='ocr_carea' id='block_1_97' title="bbox 2275 5086 3806 5174">
    <p class='ocr_par' dir='ltr' id='par_1_97' title="bbox 2275 5086 3806 5174">
     <span class='ocr_line' id='line_1_97' title="bbox 2275 5086 3806 5174; baseline -0.008 -15"><span class='ocrx_word' id='word_1_712' title='bbox 2275 5105 2674 5161; x_wconf 68' lang='lat' dir='ltr'><strong>Prmdicatores</strong></span> <span class='ocrx_word' id='word_1_713' title='bbox 2717 5104 2916 5174; x_wconf 88' lang='lat' dir='ltr'><strong>quippe</strong></span> <span class='ocrx_word' id='word_1_714' title='bbox 2964 5104 3175 5168; x_wconf 88' lang='lat' dir='ltr'><strong>sancti,</strong></span> <span class='ocrx_word' id='word_1_715' title='bbox 3228 5113 3283 5157; x_wconf 89' lang='lat' dir='ltr'><strong>et</strong></span> <span class='ocrx_word' id='word_1_716' title='bbox 3332 5103 3414 5157; x_wconf 89' lang='lat' dir='ltr'><strong>sol</strong></span> <span class='ocrx_word' id='word_1_717' title='bbox 3448 5099 3637 5157; x_wconf 91' lang='lat' dir='ltr'><strong>nostris</strong></span> <span class='ocrx_word' id='word_1_718' title='bbox 3665 5086 3806 5147; x_wconf 71' lang='lat' dir='ltr'><strong>oculis</strong></span> 
     </span>
    </p>
   </div>
   <div class='ocr_carea' id='block_1_98' title="bbox 2274 5188 3807 5264">
    <p class='ocr_par' dir='ltr' id='par_1_98' title="bbox 2274 5188 3807 5264">
     <span class='ocr_line' id='line_1_98' title="bbox 2274 5188 3807 5264; baseline -0.008 -14"><span class='ocrx_word' id='word_1_719' title='bbox 2274 5211 2374 5264; x_wconf 88' lang='lat' dir='ltr'><strong>per</strong></span> <span class='ocrx_word' id='word_1_720' title='bbox 2418 5197 2559 5252; x_wconf 91' lang='lat' dir='ltr'><strong>diem</strong></span> <span class='ocrx_word' id='word_1_721' title='bbox 2609 5196 2764 5259; x_wconf 89' lang='lat' dir='ltr'><strong>fiunt,</strong></span> <span class='ocrx_word' id='word_1_722' title='bbox 2793 5210 2914 5249; x_wconf 92' lang='lat' dir='ltr'><strong>cum</strong></span> <span class='ocrx_word' id='word_1_723' title='bbox 2961 5194 3467 5263; x_wconf 85' lang='lat' dir='ltr'><strong>contemplationem</strong></span> <span class='ocrx_word' id='word_1_724' title='bbox 3517 5188 3661 5244; x_wconf 92' lang='lat' dir='ltr'><strong>nobis</strong></span> <span class='ocrx_word' id='word_1_725' title='bbox 3693 5188 3807 5234; x_wconf 58' lang='lat' dir='ltr'><strong>verte</strong></span> 
     </span>
    </p>
   </div>
   <div class='ocr_carea' id='block_1_99' title="bbox 2276 5276 3803 5340">
    <p class='ocr_par' dir='ltr' id='par_1_99' title="bbox 2276 5276 3803 5340">
     <span class='ocr_line' id='line_1_99' title="bbox 2276 5276 3803 5340; baseline -0.007 0"><span class='ocrx_word' id='word_1_726' title='bbox 2276 5286 2414 5340; x_wconf 89' lang='lat' dir='ltr'><strong>lucis</strong></span> <span class='ocrx_word' id='word_1_727' title='bbox 2451 5287 2717 5340; x_wconf 80' lang='lat' dir='ltr'><strong>aperiunt.</strong></span> <span class='ocrx_word' id='word_1_728' title='bbox 2766 5285 2833 5338; x_wconf 86' lang='lat' dir='ltr'><strong>Et</strong></span> <span class='ocrx_word' id='word_1_729' title='bbox 2877 5283 3024 5338; x_wconf 90' lang='lat' dir='ltr'><strong>velut</strong></span> <span class='ocrx_word' id='word_1_730' title='bbox 3067 5285 3119 5338; x_wconf 92' lang='lat' dir='ltr'><strong>in</strong></span> <span class='ocrx_word' id='word_1_731' title='bbox 3162 5285 3398 5338; x_wconf 87' lang='lat' dir='ltr'><strong>tenebris</strong></span> <span class='ocrx_word' id='word_1_732' title='bbox 3442 5280 3603 5337; x_wconf 79' lang='lat' dir='ltr'><strong>stell:e</strong></span> <span class='ocrx_word' id='word_1_733' title='bbox 3634 5276 3803 5329; x_wconf 63' lang='lat' dir='ltr'><strong>lucent.</strong></span> 
     </span>
    </p>
   </div>
  </div>
