4004 5340
586 389 683 405 *ναν

204 420 311 479 195

938 420 1240 477 EPlTOME
1281 418 1644 477 MORALIUM
1680 419 1737 476 S.
1778 418 1990 480 GREG.
2029 420 2098 476 IN
2132 418 2273 479 JOB.
2314 452 2382 466 --
2416 421 2548 480 LIB.
2587 422 2677 481 IX.

3354 428 3457 485 194

196 534 407 598 deret,
461 530 546 586 vel
591 532 780 620 activa:
830 531 956 586 vitat
1008 533 1189 588 lumen
1243 532 1499 602 aperiret.
1566 529 1777 584 Veritas
1803 533 1854 592 A
1941 530 2171 587 Vsas.9.
2190 531 2293 598 Qui
2304 533 2429 603 facit
2448 533 2783 589 Arcturumet
2800 535 3456 611 Orionem—Nequaquam

195 632 405 701 quippe
429 646 549 701 qua:
578 630 717 687 lianc
748 630 958 701 repulsa
996 630 1256 694 deseruit,
1288 630 1563 685 subtracto
1589 627 1783 698 prsidi-

195 729 435 785 cationis
466 730 669 784 lumine
696 729 888 784 merito
928 744 1038 784 suae
1080 729 1362 799 pravitatis
1387 727 1697 791 excaicavit,
1727 734 1782 782 et

194 830 354 898 quasi
388 829 491 883 sub
519 829 792 900 signaculo
815 828 996 884 stellas
1027 829 1245 893 clausit,
1269 829 1393 898 quia
1427 828 1551 882 dum
1582 827 1778 897 praedi-

194 937 416 983 catores
448 943 576 983 suos
616 943 713 998 per
753 928 1027 984 silentium
1070 929 1211 982 intra
1255 928 1603 996 semetipsum
1650 927 1781 983 reti-

194 1029 361 1093 nuit,
420 1027 935 1098 ctecis'iuiquorum
1004 1028 1254 1084 sensibus
1308 1026 1531 1083 cmleste
1596 1026 1778 1082 lumen

193 1130 503 1185 abscondit.
540 1130 640 1196 Qui
667 1129 831 1201 igitur
855 1129 1236 1201 praidicatores
1258 1144 1387 1184 suos
1414 1144 1559 1184 nunc
1581 1126 1780 1185 Iudaea:

192 1230 368 1285 oculis
402 1229 694 1295 subtrahit,
720 1229 813 1284 sed
846 1228 1181 1310 postmodum
1209 1228 1463 1294 ostendit,
1493 1228 1647 1296 quasi
1677 1229 1778 1283 sub

194 1330 479 1401 signaculo
506 1331 706 1387 clausit
745 1330 949 1396 stellas,
983 1340 1039 1385 ut
1081 1330 1359 1385 absconsis
1392 1330 1543 1399 prius
1569 1340 1625 1385 et
1657 1334 1780 1399 pest

195 1430 614 1484 coruscantibus
657 1437 927 1483 astrorum
971 1428 1331 1498 spiritualium
1361 1428 1528 1483 radiis
1560 1438 1775 1486 noctem

192 1543 305 1583 suae
334 1527 598 1596 perﬁdire,
639 1535 698 1581 et
744 1541 887 1581 nunc
934 1526 1150 1595 repulsa
1199 1542 1306 1582 non
1338 1526 1537 1592 videat,
1568 1537 1624 1582 et
1651 1538 1777 1583 tunc

192 1616 498 1671 illuminata
529 1616 914 1684 deprehendat.
961 1614 1100 1670 Hiuc
1124 1616 1290 1670 Isaias
1317 1617 1395 1670 ait
1424 1632 1440 1671 :
1479 1636 1497 1669 ι
1530 1616 1585 1671 Si
1612 1616 1776 1672 fuerit

191 1720 456 1761 numerus
488 1705 725 1760 ﬁliorum
763 1705 928 1760 lsrael
956 1706 1093 1760 sicut
1122 1722 1285 1760 arena
1314 1707 1501 1769 maris,
1532 1707 1774 1776 reliquiae

191 1795 355 1850 salva:
384 1794 521 1858 ﬁunt
560 1796 697 1864 (lsa.
725 1811 782 1860 x,
810 1795 922 1865 92).
957 1814 976 1847 ι
1018 1796 1084 1850 Ει
1107 1795 1305 1851 Paulus
1343 1812 1358 1851 :
1404 1816 1423 1849 ι
1460 1798 1636 1853 Donec
1664 1798 1773 1868 ple-

1884 634 2062 674 sermo
2089 623 2339 677 veritatis
2385 638 2551 678 vanas
2594 624 2834 689 Hesiodi,
2872 626 3022 681 Arati
3062 637 3117 683 et
3146 628 3457 685 Callimachi

1882 708 2093 765 fabulas
2122 714 2390 781 sequitur,
2421 723 2480 768 ut
2508 714 2793 769 Arcturum
2824 718 3126 782 nominans,
3158 727 3457 774 extremam

1880 802 2157 857 stellarum
2188 813 2393 873 septem
2421 806 2643 860 caudam
2674 806 2823 862 Ursae
2869 809 3190 877 suspicetur,
3221 818 3278 863 et
3303 811 3457 879 quasi

1880 893 2045 949 Orion
2078 895 2310 966 gladium
2340 906 2519 953 teneat
2546 908 2785 953 armatus
2824 900 3067 954 insanus.
3102 900 3224 955 time
3259 902 3458 972 quippe

1880 995 2149 1041 astrorum
2193 988 2408 1042 nomina
2465 1004 2496 1043 a
2550 989 2846 1044 cultoribus
2897 990 3175 1059 sapientia:
3223 994 3458 1048 carnalis

1877 1077 2093 1132 inventa
2140 1088 2284 1133 sunt.
2328 1063 2434 1133 Sed
2483 1079 2762 1149 Scriptura
2810 1095 2966 1135 sacra
3023 1082 3223 1136 idcirco
3252 1084 3457 1138 eisdem

1878 1167 2153 1222 vocabulis
2194 1168 2407 1234 utitur,
2461 1178 2522 1223 ut
2565 1184 2654 1224 res
2720 1186 2853 1239 quas
2910 1172 3183 1227 insinuare
3231 1176 3454 1244 appetit,

1877 1257 2067 1311 notitia
2133 1257 2347 1312 usitata:
2408 1258 2783 1328 appellationis
2849 1263 3241 1331 exprimantur.
3315 1264 3457 1331 Quid

1877 1362 2110 1417 namque
2145 1346 2362 1403 Arcturi
2393 1350 2641 1415 nomine,
2676 1353 2766 1421 qui
2819 1353 2872 1408 in
2915 1354 3035 1408 coeli
3082 1370 3205 1410 arce
3252 1357 3453 1411 consti—

1876 1445 2045 1502 tutus,
2074 1446 2278 1506 septem
2310 1437 2585 1493 stellarum
2636 1441 2803 1497 radiis
2846 1441 3036 1512 fulget,
3073 1444 3175 1498 nisi
3212 1443 3455 1500 Ecclesia

1876 1526 2199 1580 universalis
2267 1529 2631 1596 exprimitur,
2694 1545 2813 1599 quae
2865 1532 2919 1585 in
2971 1529 3194 1588 Joannis
3246 1535 3457 1604 Apoca-

1875 1614 2034 1686 lypsi,
2066 1631 2163 1685 per
2201 1627 2406 1686 septem
2438 1618 2724 1683 Ecclesias,
2759 1634 2961 1690 perque
3006 1633 3211 1690 septem
3259 1625 3456 1679 cande-

1874 1706 2021 1761 labra
2067 1708 2362 1778 ﬁguratur?
2414 1709 2543 1776 Quae
2584 1712 2707 1765 dum
2748 1712 2886 1766 dona
2931 1714 2984 1767 in
3026 1730 3085 1768 se
3124 1715 3454 1784 septiformis

1873 1800 2060 1867 gratiae
2087 1798 2321 1869 Spiritus
2362 1802 2637 1866 continet,
2688 1803 2933 1859 claritate
2981 1820 3204 1860 summae
3234 1809 3452 1863 virtutis

189 1888 381 1944 nitndo
406 1889 647 1958 gentium
675 1889 922 1951 intraret,
954 1897 1010 1943 et
1050 1889 1129 1943 sic
1164 1889 1341 1943 omnis
1388 1888 1550 1945 Israel
1592 1890 1771 1946 salvus
1802 1875 1845 1934 Β
1875 1890 2329 1959 irradians,quasi
2357 1891 2425 1945 ab
2447 1906 2548 1945 axe
2572 1893 2818 1947 veritatis
2839 1894 2994 1948 lucet.
3016 1895 3078 1949 Et
3102 1897 3452 1951 sicutArctu-

188 1977 284 2034 ﬁet
322 1977 498 2047 (Rom.
533 1977 752 2049 “.25).
784 1998 804 2031 ι
852 1977 989 2032 Hinc
1031 1988 1114 2034 est
1154 1981 1297 2048 quod
1342 1979 1450 2034 duo
1479 1978 1552 2034 illi
1586 1982 1772 2036 eximii
1871 1994 1967 2034 rus
2013 1994 2231 2049 semper
2288 1988 2554 2045 versatur,
2606 1988 2661 2034 et
2712 1997 2984 2051 nunquam
3039 1985 3318 2054 mergitur,
3370 1985 3453 2041 ita

186 2073 577 2145 praedicatores
630 2073 795 2128 dilata
850 2081 1026 2127 morte
1072 2072 1338 2127 subtracti
1384 2081 1553 2140 sunt,
1599 2082 1660 2128 ut
1704 2074 1772 2129 ad
1870 2077 2059 2124 sancta
2103 2068 2340 2123 Ecclesia
2379 2070 2780 2138 persecutiones
2824 2072 3129 2141 iniquorum
3164 2075 3283 2128 sine
3323 2089 3447 2130 ces-

186 2164 594 2236 prtedicationis
638 2178 793 2218 usum
844 2164 899 2218 in
946 2163 1051 2218 ﬁne
1092 2172 1434 2218 revocentur.
1473 2164 1548 2218 De
1575 2164 1772 2234 quibus

187 2255 388 2310 dicitur
426 2269 441 2307 :
490 2273 509 2306 ι
542 2252 606 2307 Hi
665 2261 788 2309 sunt
832 2254 950 2308 dua:
1003 2252 1158 2308 oliva:
1226 2263 1281 2308 et
1321 2253 1427 2307 duo
1450 2255 1770 2311 candelabra

188 2348 245 2402 in
285 2355 582 2416 conspectu
635 2343 848 2398 Domini
894 2352 1053 2399 terra:
1112 2341 1318 2414 (Apoc.
1348 2358 1425 2410 ιι,
1454 2342 1550 2414 4).
1594 2362 1613 2397 ι
1666 2344 1765 2400 Se-

187 2436 374 2506 quitur
402 2452 417 2489 :

260 2527 424 2581 Vsus.
454 2525 508 2580 8.
550 2524 656 2591 Qui
684 2525 911 2580 extendit
947 2524 1100 2580 caelos
1128 2524 1293 2581 solus.
1332 2555 1404 2566 —
1441 2525 1579 2594 Quid
1617 2542 1768 2582 nam-

186 2631 292 2687 que
311 2615 574 2671 calorum
605 2616 846 2681 nomine,
876 2616 980 2672 nisi
1022 2617 1137 2672 haec
1160 2618 1347 2673 eadem
1371 2618 1609 2674 caelestis
1634 2632 1769 2689 pra:-

188 2708 480 2773 dicantium
504 2709 614 2764 vita
644 2709 925 2781 signatur?
973 2709 1048 2764 De
1074 2712 1271 2786 quibus
1297 2727 1393 2780 per
1425 2711 1765 2766 Psalmistam

185 2798 385 2854 dicitur
441 2818 456 2853 :
524 2817 545 2851 ι
580 2799 716 2855 Caeli
782 2810 1040 2856 enarrant
1105 2802 1331 2872 gloriam
1401 2804 1494 2857 Dei
1571 2800 1763 2874 (Psal.

183 2892 435 2962 xviit,2).
465 2910 484 2943 ι
515 2890 621 2961 Ipsi
648 2892 811 2962 igitur
832 2893 980 2957 caeli,
1008 2893 1108 2963 ipsi
1132 2893 1211 2949 sol
1232 2909 1353 2949 esse
1374 2902 1763 2949 memorantur.

180 2983 316 3039 ϐωιί
364 2984 576 3039 scilicet
597 3025 612 3049 ,
651 2985 779 3053 quia
810 2986 1192 3047 intercedendo
1216 2996 1526 3057 protegunt,
1563 2988 1642 3043 sol
1672 3003 1766 3042 au-

178 3083 313 3138 tem,
343 3075 472 3145 quia
500 3076 838 3144 pradicando
866 3077 976 3130 vim
1005 3076 1222 3132 luminis
1261 3079 1570 3132 ostendunt.
1605 3080 1765 3135 Com-

177 3176 325 3219 mota
357 3165 523 3236 igitur
542 3174 708 3229 terra,
732 3167 851 3221 cmli
882 3168 1082 3220 extenti
1107 3178 1255 3232 sunt,
1279 3170 1404 3238 quia
1434 3186 1555 3225 cum
1580 3170 1761 3226 Iudaea

1872 2160 2084 2214 satione
2117 2159 2328 2222 tolerat,
2374 2161 2467 2215 sed
2506 2171 2685 2216 tamen
2729 2178 2899 2231 usque
2941 2164 3006 2216 ad
3040 2165 3225 2219 mundi
3264 2166 3450 2220 termi-

1869 2268 1997 2306 num
2027 2252 2145 2307 sine
2189 2253 2399 2308 delectu
2430 2257 2705 2324 perdurat.
2734 2257 2999 2314 Arcturus
3020 2275 3148 2331 ergo
3176 2260 3301 2315 dum
3332 2276 3453 2316 ver-

1867 2353 2036 2408 satur,
2067 2344 2310 2413 erigitur,
2355 2347 2481 2414 quia
2526 2355 2652 2403 tunc
2686 2358 2871 2404 sancta
2913 2350 3149 2405 Ecclesia
3187 2351 3451 2407 valentius

1866 2432 1922 2488 in
1946 2433 2174 2489 veritate
2200 2434 2459 2501 reﬁcitur,
2489 2451 2610 2491 cum
2633 2437 2911 2492 ardentius
2941 2454 3039 2507 pro
3068 2441 3297 2494 veritate
3329 2440 3452 2496 fati-

1866 2535 2043 2594 gatur.
2067 2525 2299 2580 Oriones
2324 2527 2522 2597 quippe
2546 2528 2599 2581 in
2631 2542 2729 2582 suo
2758 2537 2878 2581 ortu
2913 2537 3260 2598 tempestates
3299 2531 3451 2586 exci-

1866 2624 2020 2679 tant,
2073 2626 2128 2671 et
2171 2617 2342 2670 maria
2400 2627 2679 2687 terrasque
2732 2619 3066 2687 perturbant.
3128 2617 3451 2689 Signiﬁcant

1867 2713 2048 2759 autem
2069 2714 2353 2777 martyres.
2383 2705 2517 2772 Quia
2543 2707 2667 2761 dum
2690 2717 2872 2763 sancta
2894 2707 3131 2763 Ecclesia
3156 2710 3222 2763 ad
3245 2719 3447 2765 statum

1864 2794 2265 2864 praedicationis
2312 2795 2555 2867 erigitur,
2591 2799 2798 2867 pondus
2842 2798 3219 2868 molestiasque
3265 2816 3448 2869 persc-

1869 2884 2153 2954 quentium
2202 2886 2435 2953 passuri,
2488 2885 2555 2939 ad
2600 2885 2720 2940 cudi
2765 2901 2919 2941 axem
2966 2886 3120 2955 quasi
3165 2888 3219 2941 in
3272 2889 3449 2945 hieme

1863 2983 2150 3029 venerunt.
2201 2975 2429 3031 Oriones
2460 2991 2587 3046 ergo
2621 2976 2816 3031 callum
2859 2978 3055 3042 edidit,
3106 2994 3227 3033 cum
3261 2987 3448 3035 sancta

1866 3061 2105 3119 Ecclesia
2136 3076 2403 3136 martyres
2443 3064 2610 3120 misit.
2638 3067 2719 3121 lix
2741 3064 3028 3123 Orionibus
3064 3068 3247 3138 itaque
3273 3069 3449 3126 hiems

1866 3153 2097 3218 horruit,
2144 3156 2271 3224 quia
2319 3165 2599 3210 crescente
2635 3165 2943 3211 sanctorum
2980 3161 3309 3225 constantia,
3351 3160 3449 3217 fri-

177 3256 246 3311 ad
275 3256 387 3309 vim
429 3256 821 3326 persecutionis
848 3255 1142 3321 infremuit,
1187 3236 1551 3326 apostolorum
1598 3261 1762 3315 vitam

1869 3242 1989 3312 gida
2032 3259 2186 3299 mens
2220 3245 2515 3300 inﬁdelium
2555 3249 2621 3301 ad
2659 3256 3033 3317 tempestatem
3082 3267 3141 3305 se
3190 3268 3446 3323 persecu-

174 3343 442 3399 Dominus
466 3344 520 3396 in
550 3352 865 3398 cunctarum
897 3345 1136 3412 gentium
1168 3347 1471 3416 cognitione
1499 3348 1760 3406 dilatavit.

173 3433 412 3504 Augusti
449 3434 646 3503 quippe
694 3432 817 3488 οωιί
870 3433 1122 3500 fuerant,
1172 3451 1295 3490 cmn
1345 3452 1449 3489 una
1492 3436 1640 3506 plebs
1687 3447 1764 3492 tot

174 3525 427 3595 egregios
450 3523 831 3593 priedicatores
861 3526 1099 3591 tenebat,
1128 3527 1222 3581 sed
1254 3526 1401 3581 solus
1428 3526 1569 3581 Deus
1597 3527 1764 3582 caelos

171 3614 425 3671 extendit
441 3654 470 3684 δ
526 3614 619 3684 qui
668 3615 866 3670 secreti
918 3614 1053 3668 mira
1100 3614 1505 3683 dispensatione
1554 3616 1762 3672 consilii

172 3705 567 3774 praedicatores
611 3720 738 3760 suos
783 3706 923 3759 unde
966 3704 1214 3774 permisit
1245 3706 1297 3760 in
1329 3722 1435 3760 una
1465 3715 1628 3776 gente
1668 3722 1763 3776 op-

170 3793 358 3863 primi,
391 3791 521 3847 fecit
546 3792 601 3845 in
632 3793 814 3846 mundi
847 3793 1096 3848 cardines
1124 3793 1249 3847 inde
1287 3794 1529 3848 dilatari.
1559 3795 1761 3865 Sequi-

172 3891 263 3936 tur
295 3899 310 3935 :
347 3879 416 3933 Et
444 3882 689 3952 graditur
720 3899 877 3951 super
914 3884 1104 3952 ﬂuctus
1141 3884 1323 3938 maris.
1356 3915 1426 3925 —
1450 3886 1590 3952 Quid
1615 3887 1761 3941 enim

174 3974 348 4028 maris
377 3974 618 4038 nomine,
648 3973 751 4027 nisi
778 3972 831 4027 in
871 3972 1136 4028 bonorum
1161 3989 1296 4029 nece
1324 3975 1550 4030 saeviens
1577 3977 1758 4033 mundi

172 4063 339 4135 hujus
393 4063 700 4119 amaritudo
755 4065 1048 4135 signatur?
1114 4065 1254 4121 Hinc
1298 4068 1560 4138 scriptum
1607 4079 1693 4143 est
1742 4088 1756 4125 :

173 4171 198 4209 ς
247 4155 603 4226 Congregans
662 4156 802 4211 sicut
859 4156 916 4211 in
964 4166 1083 4212 utre
1130 4173 1299 4228 aquas
1349 4160 1517 4216 maris
1568 4159 1754 4232 (Ρεαι.

171 4260 350 4311 xxxii,
381 4246 458 4314 7).
497 4263 518 4297 ι
556 4244 738 4315 Super
771 4246 962 4301 ﬂuctus
999 4261 1128 4318 ergo
1166 4248 1331 4303 maris
1358 4249 1613 4305 Dominus
1640 4265 1760 4321 gra-

173 4335 342 4401 ditur,
372 4336 503 4405 quia
546 4350 670 4390 cum
714 4337 1067 4407 seprocellae
1098 4340 1493 4414 persecutionis
1521 4340 1756 4411 erigunt,

173 4428 564 4484 miraculorum
602 4428 720 4498 ejus
769 4428 1231 4499 obstupefactione
1268 4430 1606 4501 franguntur.
1657 4432 1758 4497 Qui

169 4521 317 4575 enim
366 4531 610 4575 tumores
668 4520 916 4576 humanae
983 4523 1216 4578 vesania}
1291 4523 1552 4594 mitigat,
1604 4524 1756 4593 quasi

170 4623 385 4683 erectas
431 4611 487 4667 in
539 4611 758 4667 cumulo
803 4612 973 4667 undas
1015 4612 1209 4667 calcat.
1260 4612 1361 4667 Tot
1398 4614 1542 4668 enim
1588 4613 1641 4668 in
1676 4615 1761 4670 his

1788 4574 1838 4634 D

1867 3332 2029 3387 tionis
2056 3336 2331 3389 excitavit.
2369 3336 2507 3403 Quid
2550 3338 2731 3408 itaque
2769 3336 3013 3408 Hyadum
3051 3343 3291 3409 nomine,
3341 3343 3447 3399 nisi

1863 3422 2113 3478 doctores
2156 3436 2360 3481 sancta:
2403 3428 2661 3483 Ecclesiae
2713 3431 3035 3499 signantur?
3082 3433 3184 3499 Qui
3240 3443 3446 3491 remota

1864 3520 2181 3582 tempestate
2232 3520 2646 3587 persecutionis,
2692 3520 2921 3591 expletis
2977 3524 3224 3580 noctibus
3269 3525 3446 3599 longis

1862 3600 2292 3684 inﬁ‘delitatibus,
2320 3614 2678 3663 tunc‘sanctae
2706 3610 2960 3666 Ecclesiae
3000 3614 3105 3667 orti
3134 3623 3279 3679 sunt,
3321 3631 3446 3670 eum

1861 3693 2029 3749 etiam
2068 3710 2165 3764 per
2203 3697 2542 3753 credulitatis
2581 3715 2806 3755 vernum
2852 3701 3083 3757 lucidior
3119 3720 3292 3761 annus
3320 3720 3447 3776 ape-

1861 3786 2031 3851 ritur;
2058 3796 2318 3841 vocantur
2337 3798 2519 3842 autem
2538 3789 2726 3845 Graeco
2746 3793 3004 3870 vocabulo
3025 3803 3201 3864 yetus,
3228 3795 3441 3865 pluviae.

1859 3883 2006 3938 Bene
2050 3898 2180 3953 ergo
2215 3884 2457 3954 Hyadum
2502 3885 2858 3956 appellatione
2887 3890 3128 3959 expressi
3154 3899 3319 3954 sunt,
3351 3892 3445 3960 qui

1860 3974 1926 4027 ad
1948 3982 2149 4027 statum
2168 3973 2488 4029 universalis
2510 3974 2782 4041 Ecclesiae,
2801 3986 3002 4032 sanctae
3022 3980 3443 4048 praedicationis,

1861 4065 2042 4121 ferunt
2090 4066 2311 4122 imbres.
2370 4066 2509 4123 Hinc
2585 4068 2795 4139 Moyses
2838 4069 2916 4122 ait
2957 4087 2971 4123 :
3027 4088 3045 4121 ι
3088 4070 3446 4143 Exspectetur

1860 4156 2001 4212 sicut
2056 4156 2237 4226 pluvia
2289 4157 2557 4226 eloquium
2600 4173 2801 4222 meum,
2832 4177 2852 4211 ι
2901 4169 2956 4215 et
3002 4161 3209 4230 reliqua
3264 4163 3443 4235 (Deut.

1858 4262 2032 4310 xxxii,
2076 4246 2153 4317 2).
2185 4248 2250 4301 Et
2281 4247 2447 4302 Isaias
2491 4265 2506 4301 :
2555 4265 2574 4299 ι
2605 4248 2870 4306 Mandabo
2905 4253 3136 4309 nubibus
3181 4255 3338 4322 meis,
3373 4269 3444 4311 ne

1857 4336 2045 4410 pluunt
2081 4352 2244 4407 super
2288 4352 2406 4392 eam
2433 4337 2659 4394 imbrem
2715 4339 2850 4409 (Isa.
2896 4357 2953 4407 v,
3002 4343 3078 4412 6).
3111 4362 3130 4396 ι
3194 4343 3446 4402 Extensis

1861 4430 2005 4486 enim
2053 4429 2209 4485 caelis
2258 4429 2520 4485 Dominus
2568 4429 2821 4486 formavit
2864 4432 3176 4500 Arcturum,
3212 4436 3338 4505 quia
3389 4436 3443 4490 in

1862 4520 2128 4577 honorem
2181 4521 2425 4576 deductis
2474 4522 2751 4592 apostolis,
2808 4524 2859 4578 in
2903 4525 3108 4580 cmlesti
3152 4529 3441 4583 conversa-

1865 4611 2012 4666 tione
2040 4608 2283 4665 fundavit
2308 4610 2624 4667 Ecclesiam.
2656 4611 2913 4668 Formato
2942 4629 3156 4684 quoque
3186 4615 3441 4680 Arcturo,

172 4700 426 4758 luctibus
472 4703 738 4758 Dominus
784 4717 1001 4771 gressus
1066 4701 1285 4772 posuit,
1338 4711 1470 4772 quot
1513 4705 1763 4774 superbis
1861 4697 1993 4754 fecit
2019 4699 2266 4763 Oriones,
2300 4700 2427 4769 quia
2453 4700 2703 4755 roborata
2731 4700 2836 4756 ﬁde
2866 4703 3187 4758 universalis
3208 4704 3446 4760 Ecclesia

170 4794 618 4863 persecutoribus
661 4792 925 4847 miracula
966 4793 1222 4848 ostendit.
1271 4791 1426 4863 Unde
1476 4794 1761 4851 Psalmista
1861 4797 2051 4844 contra
2084 4787 2352 4858 procellas
2380 4789 2566 4844 mundi
2589 4790 2759 4843 edidit
2781 4803 3069 4862 martyres.
3100 4792 3274 4846 Editis
3302 4806 3440 4862 quo-

172 4885 294 4939 ait:
335 4904 354 4937 ‹
383 4883 662 4939 Mirabiles
693 4883 952 4940 elationes
996 4884 1204 4949 maris,
1257 4884 1524 4943 mirabilis
1556 4888 1607 4941 in
1638 4887 1763 4943 altis
1860 4894 1966 4949 que
1986 4878 2276 4936 Orionibus
2299 4879 2776 4950 protulitﬂyadas.
2802 4883 2926 4950 quia
2952 4882 3448 4938 convalescenlibus

174 4972 434 5029 Dominus
484 4971 665 5045 (Psal.
715 4978 847 5034 x‘cu,
893 4972 971 5044 4).
1008 4991 1026 5024 ι
1076 4973 1226 5041 Quod
1279 4976 1418 5030 bene
1470 4992 1568 5046 per
1611 4975 1762 5032 Jere—
1863 4983 2048 5028 contra
2097 4973 2323 5027 adversa
2366 4972 2717 5044 martyribus,
2763 4974 2827 5025 ad
2869 4973 3253 5029 infundendam
3287 4972 3445 5025 aridi-

173 5063 331 5116 miam
378 5062 647 5117 Dominus
697 5061 828 5115 dicit
874 5075 889 5113 :
945 5079 963 5112 ι
994 5061 1153 5118 Posui
1202 5078 1421 5117 arenam
1471 5065 1759 5121 terminum
1866 5068 2032 5116 tatem
2056 5060 2416 5115 humanorum
2445 5058 2713 5121 cardium,
2749 5058 3051 5115 doctrinam
3082 5057 3303 5113 contulit
3329 5071 3452 5111 ma-

712 5151 1096 5184 camnilnnnnn-
1144 5153 1283 5184 IOIII\I'
1313 5168 1415 5184 ΙὶΛη
1441 5154 1730 5184 ηκωῦηκῖιιῖι

1868 5153 2156 5184 ηἶε-Ιιιηιηηιη
2224 5150 2487 5184 Canidia“.
2525 5165 2540 5180 ο
2593 5146 2655 5184 ΠΙ
2696 5147 2952 5184 inluniae-tu
2995 5147 3177 5184 nuehﬁ'.
3215 5173 3284 5183 .-
3312 5142 3456 5184 ηιιῖδ

175 5155 303 5184 manu:
350 5161 584 5184 noeentu'ln'
596 5166 688 5184 nm
