3948 5398
511 336 618 396 196

1488 331 1546 386 S.
1590 327 1840 386 ODONIS
1878 325 2167 384 ABBATIS
2200 326 2772 385 CLUNlACENSlS'll

3661 330 3742 389 196

506 455 820 505 sanctorqu
849 443 1063 507 animm,
1088 449 1143 497 et
1164 456 1307 496 nunc
1330 440 1645 515 corporibus
1669 447 1864 504 exutae,
1893 446 1947 492 et
1972 446 2092 508 post
2119 444 2165 503 Α
2197 455 2227 493 a
2256 441 2449 509 populo
2485 440 2709 496 amovit.
2754 438 2853 496 Ira:
2900 438 3065 510 igitur
3109 440 3203 495 Dei
3253 442 3310 495 et
3366 440 3545 497 resisti
3590 445 3742 516 valet,

506 539 830 609 corporibus
873 534 1137 602 restitutas
1170 533 1512 603 perveniunt,
1542 540 1597 587 et
1641 528 1795 600 quasi
1836 537 1981 584 astra
2030 528 2085 583 in

508 628 715 683 abditis
752 623 1117 680 occultantur.
1155 621 1457 691 Sequitur:
1770 663 1774 667 .

582 719 746 773 Vnus.
777 715 862 769 10.
905 713 1007 779 Qui
1028 713 1153 783 facit
1183 728 1372 782 magna
1393 724 1443 767 et
1461 709 1847 774 inscrutttbilia,
1877 716 1926 762 et
1983 708 2081 763 mi-

517 806 728 871 rabilia,
750 821 971 877 quorum
997 820 1099 857 non
1117 813 1189 857 est
1212 819 1480 857 numerus.
1505 832 1576 843 ——
1604 801 1871 856 Videlicet
1902 815 2095 870 magna

513 892 734 962 virtute,
769 893 1133 950 iuscrutabilia
1180 893 1425 957 ratione,
1464 892 1873 947 innumerabilia
1919 892 2100 945 multi-

514 988 775 1062 plicitate.
804 987 1007 1041 Divina:
1033 985 1229 1054 quippe
1256 983 1603 1038 fortitudinis
1615 982 1754 1038 facta
1777 991 1906 1038 tunc
1920 982 2100 1037 verius

519 1076 820 1146 explemus,
870 1088 994 1128 cum
1034 1073 1148 1127 haec
1184 1087 1281 1127 nos
1336 1088 1440 1127 non
1497 1085 1655 1142 posse
1699 1070 2095 1141 cognoscimus.

522 1167 675 1223 Tunc
712 1166 994 1222 fecundius
1024 1164 1314 1234 loquimur,
1336 1179 1457 1219 cum
1495 1162 1565 1216 ab
1591 1162 1675 1217 his
1702 1161 2100 1231 obtupesceudo

520 1256 828 1313 reticemus.
881 1255 1018 1309 Hinc
1055 1253 1338 1307 Psalmista
1366 1254 1482 1307 ait:
1521 1271 1538 1303 ι
1577 1252 1819 1306 Laudate
1872 1266 1997 1306 eum
2046 1251 2100 1305 iu

516 1349 886 1419 potentatibus
911 1346 1048 1416 ejus,
1085 1365 1107 1398 ι
1156 1356 1213 1402 et
1264 1346 1471 1417 reliqua
1527 1344 1701 1418 (Psal.
1728 1361 1845 1412 XIX,
1873 1344 1949 1416 7).
2007 1343 2104 1400 Se-

523 1442 730 1511 quitur.

605 1530 770 1586 Vens.
814 1531 901 1584 ll.
940 1530 998 1584 Si
1020 1530 1212 1584 venerit
1243 1529 1312 1582 ad
1341 1544 1445 1594 me,
1476 1544 1577 1582 non
1608 1527 1786 1581 videbo
1826 1543 1967 1593 eum,
1990 1536 2035 1580 et
2061 1527 2106 1580 si

526 1624 732 1687 abierit,
765 1640 868 1676 non
901 1622 1209 1691 intelligam.
1242 1651 1308 1661 —-
1334 1621 1599 1675 Accessus
1627 1620 1789 1689 igitur
1830 1634 2107 1673 recessus-

531 1729 637 1784 que
663 1713 759 1769 Dei
784 1727 815 1766 a
842 1721 1020 1767 mente
1040 1720 1225 1765 nostra
1254 1710 1476 1765 minime
1517 1710 1883 1778 cognoscitur,
1907 1711 2109 1778 quo'us-

2194 530 2409 600 quando
2434 532 2548 601 ipse
2573 532 2664 600 qui
2690 531 2940 586 irascitur
2957 571 2973 596 ,
3005 530 3305 600 opitulatur
3329 547 3345 596 ;
3373 540 3432 585 et
3456 533 3625 588 resisti
3651 552 3744 592 om-

2196 622 2324 675 nino
2355 637 2459 677 non
2486 622 2649 687 valet,
2677 622 2891 692 quando
2912 638 2971 677 se
2988 630 3044 677 et
3068 623 3136 676 ad
3162 622 3531 678 ulciscendum
3574 629 3747 685 excitat
3772 670 3775 671 ν

2196 718 2251 766 et
2283 711 2397 779 ipse
2427 725 2662 779 precem,
2709 726 2829 780 quae
2858 712 2906 766 ei
2932 710 3175 767 funditur
3199 751 3214 777 ,
3249 727 3359 766 non
3392 713 3607 781 aspirat.
3635 714 3747 771 Hinc

2198 801 2264 855 ad
2286 801 2574 857 Jeremiam
2605 802 2841 856 dicitur:
2879 821 2898 854 ι
2936 802 3013 856 Tu
3052 817 3180 872 ergo
3220 803 3329 857 noli
3364 818 3521 860 orare
3562 820 3650 875 pro
3676 822 3748 877 po-

2199 889 2356 960 pulo,
2402 905 2502 946 nec
2551 907 2798 947 assumas
2827 907 2926 961 pro
2968 893 3047 947 cis
3092 893 3304 967 laudem
3356 903 3414 948 et
3455 896 3743 961 orationem,

2200 983 2326 1052 quia
2362 998 2468 1036 non
2513 986 2797 1037 exaudiam
2849 984 2901 1039 iu
2937 994 3174 1055 tempore
3212 986 3473 1041 clamoris
3501 1003 3672 1043 eorum
3697 991 3750 1045 ad

2203 1088 2290 1128 me
2327 1072 2460 1144 (Jer.
2507 1090 2616 1140 vn,
2669 1074 2779 1146 lli).
2829 1094 2846 1126 ι
2904 1076 3036 1130 Hinc
3088 1091 3302 1131 rursum
3357 1078 3612 1147 scriptum
3645 1090 3747 1135 est:

2209 1184 2228 1217 ι
2265 1164 2402 1232 Quid
2432 1165 2634 1220 clamas
2661 1181 2822 1236 super
2845 1168 3166 1221 contritione
3194 1168 3322 1222 tua?
3351 1167 3662 1225 lnsanabilis
3680 1173 3752 1227 do-

2204 1256 2285 1312 lor
2313 1266 2436 1312 tuus
2474 1257 2607 1327 (Jer.
2633 1273 2761 1323 xxx,
2797 1256 2907 1327 £5).
2946 1277 2965 1310 ι
3002 1258 3280 1327 Sequitur.
3315 1258 3385 1313 Et
3415 1260 3510 1314 sub
3536 1278 3628 1332 quo
3655 1279 3750 1316 cur-

2205 1358 2394 1403 vantur
2422 1349 2510 1419 qui
2531 1357 2740 1419 portant
2768 1350 2962 1403 orbem.
2987 1379 3056 1389 ——
3080 1349 3183 1418 lpsi
3220 1350 3425 1404 etenim
3455 1350 3629 1405 orbem
3653 1367 3750 1422 por-

2210 1445 2345 1503 lant,
2374 1440 2465 1507 qui
2497 1453 2653 1493 curas
2680 1440 2964 1508 prtesentis
2985 1439 3168 1494 smculi
3193 1440 3449 1495 tolerant.
3482 1440 3622 1496 Unde
3644 1444 3753 1512 apud

2209 1529 2426 1585 Grmcos
2451 1538 2607 1585 terrae
2628 1531 2899 1600 principes
2922 1531 3148 1603 βασιλέις
3174 1539 3458 1585 vocantur.
3481 1532 3616 1586 Laus
3640 1535 3754 1586 enim

2210 1621 2431 1691 populus
2459 1621 2859 1690 interpretatur.
2896 1622 3134 1677 Basileus
3164 1637 3294 1691 ergo
3323 1622 3518 1676 Latine
3544 1623 3669 1677 basis
3687 1637 3753 1692 po-

2212 1712 2325 1783 puli
2358 1712 2766 1782 interpretatur,
2799 1713 2923 1782 quia
2956 1714 3205 1769 videlicet
3250 1715 3368 1784 ipse
3417 1729 3576 1783 super
3601 1728 3651 1769 se
3684 1728 3757 1782 po-

531 1820 639 1876 que
677 1819 857 1860 rerum
886 1803 1266 1858 alternantium
1296 1802 1419 1856 linis
1453 1802 1750 1872 ignoratur,
1780 1799 1906 1869 quia
1944 1806 2000 1854 et
2044 1798 2110 1852 de
2146 1810 2184 1868 Β
2214 1801 2393 1873 pulum
2419 1802 2648 1857 sustinet
2690 1803 2780 1872 qui
2821 1811 2997 1857 motus
3034 1804 3175 1859 illius
3224 1805 3516 1874 potestatis
3558 1805 3756 1874 pondere

528 1897 826 1952 tentatione
857 1894 1121 1949 incertum
1143 1902 1227 1949 est
1245 1901 1424 1948 utrum
1452 1893 1663 1962 probet,
1687 1906 1755 1944 an
1785 1889 2035 1953 trucidet,
2056 1895 2115 1942 et

530 1989 596 2043 de
625 1988 781 2043 donis
828 2000 1169 2057 nequaquam
1215 1983 1655 2054 deprehenditur,
1682 1992 1862 2038 utrum
1896 1980 1984 2036 hic
2021 1980 2115 2035 de-

530 2087 705 2134 sertos
730 2084 1092 2141 remanerent,
1124 2091 1190 2130 an
1242 2076 1293 2130 in
1343 2076 1431 2129 via
1476 2074 1746 2138 nutriunt,
1796 2080 1855 2125 ut
1900 2070 1967 2126 ad
2020 2085 2117 2141 pa-

535 2173 697 2226 triam
723 2171 1037 2240 perducant.
1064 2170 1142 2224 Ac
1174 2169 1220 2223 si
1250 2183 1380 2239 ergo
1407 2175 1592 2237 aperte
1621 2165 1861 2234 deploret
1886 2164 2072 2219 dicens
2099 2180 2111 2215 :

533 2265 826 2332 Postquam
877 2261 1043 2317 semel
1099 2270 1289 2331 sponte
1335 2259 1521 2315 oculos
1569 2256 1801 2328 perdidi,
1849 2254 2118 2325 quomodo

532 2356 774 2427 quaesita:
799 2355 974 2410 noctis
995 2354 1293 2409 caecitatem
1323 2352 1522 2421 patior,
1545 2365 1644 2406 nec
1671 2357 1851 2404 ortum
1873 2348 1987 2419 jam
2017 2360 2117 2402 nec

536 2458 791 2500 occasum
820 2442 949 2497 solis
975 2442 1243 2513 agnosco?
1275 2440 1533 2509 Sequitur
1568 2458 1582 2494 :

608 2533 776 2589 Vens.
816 2531 900 2585 l2.
939 2530 999 2586 Si
1040 2541 1242 2600 repente
1282 2530 1586 2599 interroget,
1632 2528 1748 2597 quis
1794 2523 2119 2596 respondebit

536 2622 586 2679 ei
598 2622 625 2679 i’
650 2652 721 2679 —-_-
745 2621 987 2689 Repente
1022 2623 1318 2689 interrogat
1345 2619 1505 2682 Deus,
1534 2632 1658 2672 cum
1695 2632 1799 2671 nos
1821 2616 1888 2669 ad
1937 2614 2119 2670 distri-

540 2713 772 2768 ctionem
804 2713 887 2766 sui
919 2711 1189 2766 examinis
1221 2710 1523 2778 inopinatos
1545 2715 1719 2762 vocat.
1753 2706 1860 2762 Sed
1886 2706 2118 2761 interro-

540 2806 746 2875 gationi
772 2805 916 2863 illius
953 2803 1280 2873 respondere
1308 2803 1469 2857 homo
1503 2815 1608 2855 non
1650 2797 1876 2864 subicit,
1904 2799 2027 2868 quia
2074 2798 2119 2853 si

542 2905 749 2952 remota
778 2905 907 2952 tunc
936 2896 1133 2966 pietate
1158 2893 1532 2960 discutitur,in
1565 2892 1655 2949 illo
1685 2892 1935 2947 examine
1957 2891 2121 2947 etiam

538 2989 811 3061 justorum
848 2989 962 3042 vita
990 2986 1310 3041 succumbit.
1339 2984 1435 3040 Vel
1460 2995 1608 3039 certe
1638 2984 1972 3054 interrogat,
1996 2997 2120 3037 eum

545 3082 695 3138 duris
721 3095 820 3135 nos
845 3078 1311 3150 persccutionibus
1344 3077 1550 3147 pulsat,
1582 3086 1637 3131 et
1667 3076 1982 3146 plerumque
2026 3073 2117 3144 qui

2216 1896 2356 1951 ﬁxus
2399 1897 2554 1966 regit.
2604 1896 2683 1950 Ac
2733 1894 2776 1950 si
2822 1910 2952 1966 ergo
2983 1907 3168 1967 aperte
3201 1899 3391 1953 dicat:
3426 1898 3493 1951 Et
3533 1898 3757 1967 subjectos

2215 1986 2487 2058 quondam
2511 1987 2750 2042 districto
2779 1988 3001 2052 deseris,
3026 1996 3081 2043 et
3110 1997 3325 2044 erectas
3354 1996 3636 2059 potestates
3660 1999 3755 2056 gen-

2215 2077 2348 2130 tium
2378 2075 2803 2131 misericorditer
2828 2074 3020 2131 ﬂectis.
3054 2075 3243 2131 Aliter.
3273 2074 3551 2146 Angelica:
3574 2078 3757 2133 virtutes

2216 2168 2404 2223 orbem
2458 2176 2696 2236 portant,
2729 2183 2850 2238 quae
2903 2169 3122 2240 regendi
3171 2185 3334 2224 curas
3389 2168 3755 2233 administrant,

2217 2259 2386 2314 Paulo
2414 2267 2728 2324 attestantc,
2771 2260 2862 2330 qui
2892 2260 3010 2314 ait:
3048 2277 3071 2312 ‹
3124 2259 3316 2315 Nonne
3354 2274 3545 2315 omnes
3576 2260 3756 2317 adminl.

2218 2350 2461 2406 stratorii
2484 2361 2611 2407 sunt
2651 2350 2893 2421 spiritus,
2930 2352 2981 2406 in
3014 2352 3378 2407 ministerium
3410 2353 3556 2407 missi
3585 2359 3757 2421 propter

2218 2457 2311 2497 eos
2324 2443 2413 2512 qui
2442 2439 2810 2497 haereditatein
2836 2444 3053 2513 capiunt
3073 2442 3264 2499 salutis
3285 2444 3312 2497 ?
3347 2464 3367 2497 υ
3401 2442 3579 2514 (Hebr.
3608 2457 3644 2505 ι,
3672 2440 3756 2508 tl.)

2217 2532 2296 2587 Ac
2332 2531 2376 2587 si
2403 2547 2533 2603 ergo
2568 2533 2774 2587 diceret
2808 2551 2821 2586 :
2860 2532 2993 2600 Quis
3019 2533 3363 2587 infirmorum
3392 2533 3654 2588 hominum
3677 2529 3757 2582 tuis

2221 2624 2453 2679 nubibus
2481 2624 2683 2690 obviet,
2712 2624 2868 2694 cujus
2895 2639 2954 2679 se
2982 2622 3274 2680 formidine
3299 2634 3359 2679 et
3384 2624 3604 2678 virtutes
3628 2634 3755 2688 auge

2220 2713 2338 2770 lieae
2382 2714 2676 2769 inclinant?
2722 2715 2819 2770 Vel
2862 2724 3013 2770 certe
3061 2698 3227 2770 erecti
3275 2723 3463 2771 essent
3508 2713 3579 2767 illi
3618 2710 3759 2765 subti-

2218 2804 2412 2861 lissimi
2443 2805 2698 2876 spiritus,
2749 2808 2795 2863 si
2828 2806 2985 2878 plene
3018 2805 3135 2876 ejus
3179 2805 3485 2876 maiestatis
3514 2803 3758 2875 potentiam

2224 2897 2572 2970 attingerent.
2617 2897 2725 2953 Sed
2754 2898 2845 2968 qui
2872 2899 3058 2954 orbem
3089 2906 3334 2969 portant,
3382 2898 3483 2953 sub
3512 2895 3614 2950 Deo
3645 2891 3758 2948 curvi

2224 2995 2369 3055 sunt,
2395 2989 2519 3058 quia
2559 2988 2864 3045 divinitatis
2891 2988 3007 3058 ejus
3030 2989 3408 3053 celsitudinem
3435 3001 3589 3058 quam
3622 2982 3760 3039 suble-

2224 3078 2338 3133 vati
2367 3079 2625 3145 videant,
2662 3094 2762 3133 nec
2791 3080 3017 3134 virtutes
3043 3088 3223 3134 tamen
3266 3078 3525 3152 angelicae
3564 3086 3761 3143 compre-

538 3174 867 3246 percutitur,
898 3171 1084 3242 gemit.
1111 3169 1219 3225 Sed
1250 3170 1577 3239 respondere
1613 3183 1717 3223 non
1748 3166 1964 3232 sullicit,
1995 3166 2123 3237 quia
2154 3159 2202 3221 C
2234 3171 2495 3226 hendunt.
2531 3170 2807 3241 Sequitur.

543 3271 602 3319 et
627 3263 742 3332 ipsa
768 3261 817 3316 ei
844 3259 1211 3331 percussionis
1237 3275 1345 3313 suae
1387 3259 1689 3313 adversitas
1718 3258 1986 3326 displicet,
2033 3257 2128 3312 sed

548 3361 732 3409 tamen
764 3353 925 3406 homo
954 3358 1119 3415 tacet,
1148 3359 1204 3405 et
1240 3349 1420 3405 divina
1450 3348 1653 3417 judicia
1696 3347 1967 3401 discutere
2015 3362 2129 3402 me-

550 3445 673 3510 tuit,
700 3445 790 3515 qui
839 3458 960 3499 esse
1007 3458 1070 3499 se
1109 3442 1381 3513 pulverem
1440 3441 1701 3511 agnoscit.
1748 3439 1886 3494 Hinc
1933 3438 2129 3495 Paulus

549 3536 626 3591 ait
652 3553 668 3590 :
703 3555 720 3587 ι
750 3533 795 3591 0
824 3535 1004 3599 homo,
1030 3543 1085 3588 tu
1110 3535 1231 3603 quis
1256 3549 1314 3589 es
1334 3534 1426 3603 qui
1457 3534 1784 3602 respondeas
1814 3530 1923 3585 Deo
1954 3530 2126 3602 (Rom.

550 3643 628 3694 Ix,
651 3628 766 3698 20).
798 3646 816 3678 υ
852 3628 1107 3697 Sequitur
1135 3642 1150 3680 :
1196 3625 1288 3681 Vel
1314 3628 1429 3696 quis
1462 3628 1508 3680 ei
1528 3627 1699 3680 direre
1717 3634 1905 3695 potest,
1927 3640 2024 3677 cur
2056 3624 2132 3677 ita

546 3718 722 3790 facis?
756 3746 828 3758 —
853 3717 1104 3772 Auctoris
1131 3715 1269 3770 facta
1301 3731 1514 3785 semper
1538 3715 1847 3769 veneranda
1887 3721 2012 3769 sunt
2052 3713 2132 3768 iu-

549 3810 835 3877 discussa,
888 3810 1015 3880 quia
1081 3807 1274 3876 injusta
1331 3823 1670 3878 nequaquam
1720 3822 1839 3862 esse
1886 3814 2130 3876 possunt.

552 3902 838 3958 Rationem
868 3902 1066 3971 quippe
1091 3901 1156 3955 de
1194 3899 1406 3955 occulto
1453 3898 1571 3966 ejus
1624 3898 1849 3953 consilio
1890 3910 2135 3967 quaerere

545 3992 686 4057 nihil
714 4000 799 4045 est
829 3991 993 4054 aliud,
1036 4005 1198 4059 quam
1237 3997 1423 4045 contra
1462 3986 1581 4056 ejus
1622 3986 1903 4042 consilium
1950 4000 2136 4056 super-

551 4079 689 4138 bire.
718 4081 799 4136 Ad
830 4082 1173 4153 semetipsam
1207 4095 1338 4150 ergo
1366 4081 1420 4136 in
1456 4079 1804 4150 percussione
1853 4093 2004 4133 mens
2054 4093 2135 4132 rc-

557 4172 707 4236 deat,
728 4181 781 4227 et
805 4174 948 4243 quod
971 4171 1374 4242 apprehendere
1395 4186 1500 4226 non
1538 4168 1710 4234 valet,
1741 4184 1847 4224 non
1873 4168 2132 4237 requirat.

557 4260 697 4318 Hinc
722 4260 920 4315 Paulus
947 4261 1078 4316 dicit
1105 4280 1118 4315 :
1157 4279 1175 4313 ι
1212 4260 1462 4331 Nunquid
1486 4260 1615 4316 dicit
1636 4259 1951 4330 ﬁgmentum
1972 4257 2022 4313 ei
2045 4257 2135 4327 qui

561 4365 622 4407 se
655 4350 847 4405 ﬁnxit:
878 4350 1057 4417 Quare
1079 4365 1162 4405 me
1195 4350 1365 4405 fecisti
1392 4351 1508 4406 sic?
1543 4370 1563 4404 ι
1599 4350 1788 4423 (ιωιι.)
1828 4348 2086 4420 Sequitur
2113 4367 2125 4403 :

2308 3258 2469 3318 Vens.
2504 3259 2592 3315 Η.
2635 3258 2876 3325 Quantus
2915 3251 3195 3329 ergo'sum
3225 3276 3346 3329 ego,
3394 3270 3451 3313 ut
3478 3253 3759 3327 respondetur

2231 3349 2280 3402 ei
2303 3389 2319 3413 ,
2349 3358 2397 3403 et
2438 3348 2626 3419 loquar
2674 3349 2837 3404 verbis
2869 3349 2994 3403 meis
3036 3366 3151 3403 cum
3178 3350 3286 3403 ea?
3326 3379 3403 3391 --
3445 3348 3521 3402 Ac
3549 3346 3590 3401 si
3618 3350 3760 3413 aperte

2231 3438 2375 3493 dicat
2401 3455 2415 3491 :
2449 3438 2507 3494 Si
2533 3446 2781 3494 creatura
2810 3437 2897 3492 illa
2921 3437 3062 3492 hunc
3092 3439 3444 3495 considerare
3468 3450 3568 3491 non
3592 3430 3756 3491 subicit,

2232 3544 2352 3599 qua:
2374 3546 2537 3585 carne
2564 3546 2668 3586 non
2708 3531 2996 3600 premitur,
3026 3545 3132 3599 qua
3160 3539 3342 3585 mente
3386 3546 3484 3601 ego
3511 3530 3573 3584 de
3591 3521 3761 3597 iudiciis

2233 3618 2468 3690 disputo,
2520 3619 2611 3690 qui
2642 3620 2879 3689 pondere
2906 3621 3268 3689 corruptionis
3303 3619 3591 3693 angustor?
3626 3612 3759 3669 Verba

2233 3709 2328 3765 Dei
2359 3710 2424 3764 ad
2448 3725 2544 3765 nos
2560 3719 2685 3764 sunt
2702 3709 2902 3778 judicia
2935 3709 3099 3776 illius,
3124 3724 3244 3780 qua:
3265 3723 3568 3767 nostrorum
3590 3713 3759 3760 actuum

2234 3803 2556 3883 sententiam
2612 3802 2945 3872 loquuntur,
2978 3811 3034 3857 et
3085 3803 3248 3857 verba
3305 3811 3491 3858 nostra
3527 3800 3588 3854 ad
3632 3796 3758 3850 Deum

2236 3905 2362 3952 sunt
2385 3911 2547 3966 opera
2580 3909 2698 3965 quae
2724 3896 3061 3950 exhibemus.
3090 3893 3197 3950 Sed
3228 3910 3351 3950 cum
3384 3895 3493 3950 Deo
3521 3889 3647 3960 loqui
3673 3898 3761 3938 ver-

2236 3984 2319 4038 bis
2365 3984 2479 4038 suis
2520 3998 2626 4036 non
2672 3983 2814 4036 valet
2856 3983 3053 4048 homo,
3101 3985 3227 4052 quia
3281 3986 3422 4055 apud
3472 3980 3650 4038 subtile
3674 3974 3759 4043 ejus

2231 4074 2491 4146 judicium
2522 4073 2722 4129 nullam
2754 4074 2819 4130 de
2844 4076 2956 4131 suis
2980 4076 3189 4132 actibus
3234 4075 3489 4132 ﬁduciam
3520 4077 3664 4127 tenet.
3687 4065 3758 4118 Se-

2237 4168 2420 4239 quitur
2445 4181 2461 4220 :

2239 4263 2243 4266 ’
2309 4258 2469 4313 Vens.
2502 4259 2589 4313 lii.
2634 4258 2773 4325 Quia
2804 4259 3010 4315 etiamsi
3033 4259 3265 4313 habuero
3311 4254 3559 4329 quidquid
3572 4253 3755 4323 justum.

2238 4368 2344 4406 non
2386 4352 2725 4422 respondebo,
2756 4353 2847 4406 sed
2895 4368 3062 4406 meum
3105 4352 3340 4424 judicem
3383 4346 3684 4421 deprecabor.
3709 4364 3757 4377 -

633 4438 797 4494 Vsus.
835 4440 921 4494 l5.
962 4438 1101 4492 Deus
1130 4438 1280 4507 cujus
1308 4439 1403 4492 ira:
1424 4455 1571 4504 nemo
1598 4440 1834 4492 resistere
1861 4446 2047 4507 potest.
2066 4467 2138 4478 —-
2163 4506 2202 4511 _
2238 4440 2425 4496 Omnis
2450 4441 2647 4511 quippe
2670 4440 2903 4495 humana
2923 4439 3152 4509 iustitia,
3184 4441 3439 4510 iniustitia
3459 4452 3570 4493 esse
3585 4427 3757 4489 convin-

558 4528 861 4584 Mirmdum
904 4527 1057 4582 valde
1103 4506 1205 4591 est,
1253 4526 1522 4594 quomodo
1564 4527 1760 4580 divinae
1806 4506 1903 4581 ira:
1931 4526 2134 4581 nullum
2162 4506 2213 4565 Ῑ)
2239 4531 2399 4597 citur,
2441 4506 2487 4585 si
2532 4506 2773 4586 districte
2811 4506 3103 4599 judi—cetur.
3153 4506 3319 4587 Prece
3347 4546 3472 4602 ergo
3496 4533 3606 4598 post
3634 4514 3760 4591 justi-

556 4632 719 4690 posse
750 4617 1002 4672 resistere
1039 4616 1265 4682 dicitur,
1294 4630 1418 4670 cum
1454 4613 1653 4670 multas
1686 4629 1828 4684 saepe
1850 4616 2134 4681 restitisse,

558 4706 822 4778 exemplis
863 4707 1202 4777 exigentibus
1247 4707 1682 4772 demonstratur,
1727 4707 1869 4760 sicut
1908 4704 2136 4777 Moyses,

556 4803 760 4871 Aaron,
791 4803 1019 4860 Phinees
1037 4812 1094 4858 et
1140 4804 1325 4859 David.
1352 4801 1458 4859 Sed
1488 4802 1532 4857 si
1562 4802 1834 4858 subtiliter
1852 4818 2138 4874 pensamus

555 4903 615 4952 et
627 4910 815 4952 verum
830 4895 1225 4967 cognoscimus,
1243 4895 1371 4966 quia
1393 4894 1585 4950 divina:
1604 4895 1698 4950 irae
1721 4909 1829 4950 non
1846 4896 2137 4960 resistitur,

565 4994 621 5040 et
648 5000 836 5041 verum
865 4986 1007 5056 quod
1032 4986 1185 5040 multi
1214 4999 1356 5056 sape
1395 4984 1732 5041 restiterunt.
1768 4986 1970 5042 Omnes
1991 4987 2134 5042 enim

560 5078 739 5134 sancti
775 5077 867 5146 qui
911 5077 1007 5132 irae
1046 5077 1142 5131 Dei
1187 5077 1426 5143 obviant,
1470 5078 1540 5132 ab
1576 5078 1693 5147 ipso
1737 5080 2049 5150 accipiunt,
2079 5088 2139 5134 ut

563 5176 753 5221 contra
779 5167 1032 5236 impetum
1056 5168 1425 5237 percussionis
1446 5167 1939 5239 ejuSOpponantur,
1955 5179 2136 5239 atque,

563 5264 625 5312 ut
655 5258 729 5312 ita
767 5257 994 5313 dixerim
1014 5299 1030 5326 ,
1075 5274 1194 5314 cum
1228 5261 1348 5330 ipso
1376 5274 1434 5314 se
1471 5260 1685 5330 erigunt
1708 5270 1894 5316 contra
1925 5263 2097 5328 ipsum
2122 5301 2138 5327 ,

564 5353 614 5378 Δ.
645 5345 787 5378 ualui
819 5347 1020 5378 hn‘anl:
1063 5349 1350 5378 nnnAn:IIIn
1397 5348 1536 5378 ηιιΑᾹ
1577 5351 1643 5378 nls
1673 5351 1787 5378 :nun
1830 5360 1887 5378 ιιι
1930 5350 2017 5378 (14.0
2046 5353 2115 5378 ζ...

2241 4622 2368 4678 tiam
2396 4624 2617 4693 indiget,
2635 4631 2693 4677 ut
2714 4638 2834 4692 quae
2854 4624 3206 4679 succumbere
3229 4624 3464 4679 discussa
3492 4618 3692 4689 poterat.
3708 4617 3754 4660 εί

2239 4712 2407 4767 solius
2436 4710 2637 4782 judicis
2659 4712 2860 4782 pietate
2891 4712 3256 4767 convalescat.
3288 4715 3366 4768 Ac
3396 4711 3438 4766 si
3461 4720 3584 4775 ergo
3616 4700 3751 4755 dicat:

2242 4804 2309 4859 Et
2332 4805 2378 4859 si
2413 4805 2479 4859 ad
2507 4819 2643 4874 opus
2689 4803 2906 4859 virtutis
2947 4820 3234 4861 accrevero
3263 4806 3328 4860 ad
3371 4803 3558 4863 vitam,
3598 4805 3684 4847 non
3707 4798 3753 4840 ex

2243 4894 2470 4957 meritis,
2515 4893 2612 4949 sed
2642 4894 2795 4948 venia
2826 4896 3219 4951 convalescant.
3258 4885 3432 4952 'Prece
3460 4892 3621 4957 itaque
3646 4874 3753 4934 inni-

2237 4986 2456 5043 tendum
2500 4994 2583 5042 est
2612 5001 2735 5041 cum
2775 4998 2924 5043 recta
2957 4988 3186 5059 agimus,
3218 4997 3278 5044 ut
3312 4999 3467 5044 omne
3495 4977 3620 5051 quod
3644 4969 3754 5041 ius“

2237 5080 2469 5135 vivimus
2494 5094 2560 5133 ex
2591 5078 2896 5133 humilitate
2925 5079 3259 5136 condiamus.
3294 5078 3538 5149 Sequitur
3566 5084 3579 5122 :

2309 5168 2474 5224 Vens.
2510 5168 2597 5222 16.
2639 5167 2707 5222 Et
2738 5186 2854 5223 cum
2886 5170 3208 5225 invocantem
3245 5188 3326 5226 me
3352 5159 3638 5226 exaudiuit,
3677 5158 3751 5203 ποθι

2242 5260 2395 5313 credo
2434 5258 2575 5331 quod
2626 5260 2918 5313 exaudierit
2964 5276 3136 5314 vocem
3183 5278 3464 5315 meums—u
3490 5246 3751 5308 Plerumque

2373 5347 2444 5378 ς...
2485 5361 2635 5378 mm...
2687 5347 2808 5378 ειη-η
2856 5348 3020 5378 .i:..:..:
3053 5349 3249 5378 ...Μυκη
3283 5345 3575 5378 "unum."
3630 5334 3751 5378 stulte

2245 5356 2444 5378 nlnnim
2485 5361 2635 5378 manu
2687 5356 2808 5378 innn
