3948 5398
162 354 276 412 Ἰ97

932 350 1235 417 ΕΡΙΤΟΜΕ
1266 351 1632 416 ιιοιιωυιι
1671 351 1730 410 S.
1769 351 1977 409 GREG.
2019 354 2085 409 IN
2120 353 2263 411 JOB.
2299 387 2367 399 —
2402 355 2532 411 LIB.
2573 357 2663 412 IX.

3340 364 3443 420 4.98

172 471 340 534 citur,
375 474 438 523 ut
465 465 690 523 miretur
716 464 986 535 quomodo
1016 474 1124 519 tam
1172 478 1381 520 summa
1408 464 1760 535 eompreben-
1788 467 1834 528 Α
1864 463 2073 535 loquar,
2105 466 2196 534 qui
2222 466 2287 522 de
2308 482 2393 524 me
2423 466 2922 541 testimoniumipse
2947 468 3094 526 ferre
3120 486 3227 527 non
3257 475 3443 532 valeo?

173 560 272 623 dit,
302 574 470 629 quam
517 558 773 630 cogitatio
816 557 1003 612 illicita
1042 556 1263 629 polluit,
1294 566 1350 612 et
1383 572 1595 613 rursum
1626 570 1762 625 quo-

172 652 334 706 modo
365 650 554 706 illicita
601 651 813 719 recipit,
845 665 1008 720 quam
1038 664 1201 719 super
1246 663 1303 705 se
1339 648 1550 703 validus
1578 647 1762 703 fervor

171 742 400 813 spiritus
430 743 589 812 rapit.
614 741 750 797 Hinc
776 742 1037 811 scriptum
1058 750 1140 795 est
1164 758 1178 795 :
1211 760 1229 793 ι
1255 740 1568 794 Ascenduut
1590 753 1760 808 usque

171 834 241 888 ad
270 833 465 898 eteius,
511 840 566 889 et
595 833 930 889 descendunt
966 846 1138 900 usque
1183 831 1251 885 ad
1308 829 1532 901 abyssos
1584 828 1756 900 (Psal.

172 939 284 987 ενι,
311 923 427 995 26).
464 912 495 977 ι’
533 923 683 979 Mens
711 923 893 993 itaque
927 938 994 977 ex
1025 922 1140 991 ipsa
1188 937 1283 976 sua
1315 920 1677 975 mutabilitate
1703 919 1761 973 lit

173 1016 410 1087 trepida,
443 1025 500 1071 et
524 1031 621 1086 per
656 1016 757 1072 hoc
803 1015 947 1086 quod
992 1014 1179 1069 nolens
1217 1013 1417 1082 patitur
1440 1051 1455 1075 ,
1492 1010 1759 1079 repulsam

172 1120 230 1162 se
282 1106 660 1176 abjectamque
710 1106 1061 1176 suspicatur,
1114 1103 1327 1173 sibique
1375 1100 1759 1155 certitutlinem

169 1196 540 1253 exauditionis
565 1197 860 1252 obnubilat.
889 1195 1148 1265 Sequitur
1176 1211 1189 1248 :

237 1310 406 1365 Vens.
442 1312 526 1365 l7.
561 1309 629 1364 In
654 1309 857 1363 turbine
883 1310 1020 1363 enim
1051 1316 1275 1362 conteret
1310 1322 1412 1361 me.
1452 1304 1751 1358 -—Pccca-

164 1412 252 1457 tor
277 1402 511 1471 quisque
541 1402 596 1456 in
620 1402 832 1456 turbine
860 1400 1132 1465 atteritur,
1160 1400 1249 1469 qui
1281 1406 1494 1453 erectus
1518 1397 1572 1450 in
1606 1405 1756 1449 tran-

168 1494 437 1563 quillitate
468 1494 780 1557 videbatur,
803 1493 930 1562 quia
958 1507 1117 1563 quem
1148 1491 1237 1545 ditt
1290 1504 1524 1559 superna
1572 1486 1760 1556 longa-

168 1587 388 1641 nimitas
420 1586 631 1650 tolerat,
657 1585 1092 1654 extremijudicii
1124 1584 1385 1639 severitas
1412 1589 1588 1637 necat.
1624 1579 1761 1634 llinc

166 1676 455 1732 Psalmista
487 1678 564 1731 ait
594 1694 608 1731 :
637 1695 656 1729 ι
697 1678 839 1731 Deus
865 1674 1151 1730 manifeste
1178 1674 1377 1738 veniet,
1406 1672 1550 1726 Deus
1579 1677 1764 1723 noster

168 1774 219 1821 et
246 1781 357 1821 non
389 1767 592 1822 silebit.
626 1767 769 1838 Ignis
799 1767 852 1821 in
875 1774 1166 1836 conspectu
1194 1764 1311 1831 ejus
1343 1762 1679 1824 exardescet,
1709 1765 1763 1813 et

168 1861 221 1914 iu
251 1858 491 1915 circuitu
525 1859 643 1929 ejus
697 1866 987 1929 tempestas
1022 1857 1195 1912 valida
1227 1852 1399 1927 (Psal.
1428 1867 1551 1908 xux
1574 1891 1588 1916 ,
1618 1849 1695 1920 ὅ).
1742 1866 1760 1899 ι

167 1948 349 2005 Justus
395 1960 580 2005 autem
611 1951 810 2005 idcirco
835 1960 961 2005 tunc
991 1964 1097 2004 non
1122 1948 1419 2003 conteritur
1447 1986 1460 2009 ,
1497 1943 1622 2014 quia
1667 1941 1756 1995 hic

167 2058 383 2113 semper
422 2042 654 2098 sollicite
702 2043 891 2098 metuit
937 2057 1004 2097 ne
1058 2049 1391 2097 conteratur.
1440 2035 1697 2106 Sequitur
1739 2050 1752 2086 :

169 2132 234 2187 Et
277 2132 654 2202 multiplicabit
703 2131 921 2187 vulnera
969 2148 1083 2186 mea
1131 2130 1290 2185 etiam
1335 2129 1446 2181 sine
1475 2141 1656 2179 causa.
1687 2140 1757 2162 -'—-

164 2221 419 2278 Nonnulli
451 2222 653 2277 etenim
690 2222 842 2292 prius
869 2236 899 2276 a
924 2220 1175 2290 praesenti
1221 2219 1339 2273 luce
1366 2214 1758 2272 subtrahuntur

160 2329 328 2382 quam
358 2313 427 2367 ad
460 2311 783 2383 proferenda
806 2312 948 2367 bona
974 2312 1182 2371 malave
1214 2310 1407 2364 merita
1438 2307 1611 2361 active
1634 2320 1758 2374 per-

168 2404 408 2457 veniant.
456 2403 602 2469 Quos
647 2402 773 2472 quia
804 2417 833 2455 a
863 2402 1018 2472 culpa
1065 2400 1291 2471 originis
1339 2396 1527 2452 salutis
1569 2409 1754 2451 sacra-

166 2504 351 2549 menta
383 2509 492 2548 non
523 2493 780 2558 liberant,
808 2502 861 2548 et
886 2493 974 2548 hic
997 2492 1218 2547 nihilex
1252 2489 1472 2560 preprio
1503 2496 1752 2561 egerunt,

164 2594 216 2640 et
245 2585 378 2640 illuc
407 2583 475 2638 ad
529 2592 796 2639 tormenta
824 2584 1165 2655 perveniunt.
1189 2582 1395 2649 Quibus
1429 2596 1592 2636 unum
1638 2580 1756 2634 vul-

162 2692 262 2730 nus
286 2686 398 2741 est,
424 2675 806 2746 corruptibiles
831 2675 1001 2738 nasci,
1039 2675 1183 2729 aliud
1226 2675 1516 2729 carnaliter
1560 2673 1751 2728 emori.

162 2766 265 2822 Sed
295 2767 424 2835 quia
451 2775 572 2835 post
592 2775 821 2827 mortem
843 2780 1060 2837 quoque
1090 2775 1289 2821 acterna
1314 2782 1460 2821 mors
1487 2764 1751 2836 sequitur,

166 2857 391 2911 occulto
412 2855 494 2910 eis
511 2855 770 2925 justeque
787 2855 991 2924 judicio
1011 2857 1172 2910 etiam
1202 2856 1318 2912 sine
1348 2871 1505 2911 causa
1536 2855 1754 2909 vulnera

158 2947 617 3017 multiplicantur.
682 2947 951 3016 Perpetua
1001 2947 1199 3017 quippe
1264 2956 1527 3000 tormenta
1576 2945 1754 3016 perci-

159 3037 335 3106 piunt,
369 3045 426 3091 et
445 3036 536 3105 qui
569 3036 703 3090 nihil
729 3052 793 3091 ex
821 3036 1036 3106 prapria
1066 3037 1341 3091 voluntate
1370 3044 1751 3105 peccaverunt.

154 3128 298 3181 ﬂinc
337 3142 574 3197 namque
610 3127 869 3195 scriptum
899 3137 984 3182 est
1020 3143 1033 3180 :
1087 3146 1105 3177 ι
1142 3126 1258 3181 Νοιι
1298 3135 1381 3181 est
1419 3127 1647 3180 mundus
1696 3126 1749 3179 in

156 3225 458 3289 conspectu
483 3218 624 3286 ejus,
653 3233 752 3272 nec
770 3219 928 3272 unius
949 3217 1055 3272 diei
1087 3216 1266 3272 iulans
1296 3233 1458 3287 super
1483 3226 1698 3271 terram.
1727 3237 1745 3271 ι

163 3311 299 3366 Iliae
325 3326 427 3381 per
451 3310 799 3380 semetipsum
826 3308 1035 3364 Veritas
1056 3310 1185 3364 dicit
1214 3326 1227 3363 :
1252 3308 1365 3364 Nisi
1394 3310 1516 3379 quis
1539 3319 1755 3364 renatus

160 3400 331 3456 fuerit
356 3416 426 3456 ex
449 3415 590 3470 aqua
606 3411 661 3455 et
684 3400 894 3470 spiritu,
914 3415 1017 3454 non
1034 3408 1209 3470 potest
1232 3401 1436 3455 intrare
1459 3400 1512 3453 in
1531 3414 1752 3470 regnum

166 3492 257 3546 Dei
281 3493 335 3563 (Δ
347 3506 572 3556 omum,
587 3491 663 3562 5).
689 3511 707 3543 ι
728 3490 856 3557 Quae
877 3490 1038 3545 etiam
1057 3492 1213 3545 beato
1227 3489 1326 3545 Job
1342 3506 1445 3545 non
1464 3491 1755 3561 incongrue

166 3585 334 3639 verba
363 3584 713 3638 conveniunt.
744 3580 1100 3637 Vulneratum
1143 3597 1199 3636 se
1223 3583 1406 3651 itaque
1443 3582 1563 3636 sine
1593 3596 1755 3635 causa

167 3694 443 3745 asserens,
471 3680 573 3735 boc
599 3680 668 3735 de
692 3694 751 3734 se
779 3677 911 3733 foris
938 3678 1176 3748 loquitur
1197 3719 1212 3744 ,
1250 3678 1392 3748 quod
1422 3678 1487 3731 de
1536 3677 1627 3731 illo
1655 3676 1759 3732 Vc-

168 3770 305 3824 ritas
346 3774 403 3823 in
444 3767 659 3824 occulto
706 3775 935 3822 testatur
971 3768 1156 3823 dicens
1187 3784 1201 3821 :
1240 3784 1258 3817 ι
1289 3766 1637 3822 Commovisti
1671 3779 1757 3820 me

169 3861 456 3916 adversum
484 3876 609 3916 eum
633 3869 693 3913 ut
713 3857 1005 3927 amigerem
1033 3874 1154 3913 eum
1177 3857 1398 3913 frustra.
1422 3877 1438 3910 ι
1466 3858 1753 3929 Sequitur:

240 3969 411 4023 Vens.
447 3968 531 4024 l8.
567 3966 693 4022 Non
718 3967 948 4021 concedit
988 3967 1249 4037 quiescere
1289 3967 1528 4038 spiritum
1552 3983 1755 4032 meum,

169 4066 217 4113 et
241 4058 422 4127 implet
461 4074 542 4112 me
566 4057 1033 4111 antaritudinibus.
1068 4087 1139 4097 ——
1175 4058 1328 4127 Saepe
1355 4057 1520 4126 justis
1548 4058 1760 4113 exerci-

171 4149 307 4204 tium
341 4157 423 4203 est
444 4149 684 4212 virtutis,
708 4148 822 4203 sola
849 4149 1088 4203 exterius
1111 4149 1339 4204 adversa
1369 4149 1619 4204 tolerare.
1653 4148 1761 4203 Sed

168 4248 232 4294 ut
258 4255 447 4295 eorum
475 4242 624 4296 vires
646 4249 921 4295 certamen
947 4241 1117 4311 plena:
1140 4242 1480 4312 probationis
1522 4242 1758 4306 erudiat,

169 4346 561 4400 nonnunquam
603 4340 659 4387 et
704 4330 836 4385 foris
876 4338 1145 4386 tormenta
1199 4331 1480 4396 lacerant,
1527 4343 1581 4386 et
1618 4332 1759 4387 intus

174 4429 443 4476 tormenta
474 4422 792 4477 adversarii.
816 4419 971 4476 Unde
996 4422 1081 4476 vir
1108 4431 1329 4478 sanctus
1376 4420 1655 4492 impletum
1704 4436 1763 4477 se

169 4511 624 4567 amaritudinibus
645 4510 857 4566 asserit.
885 4509 1139 4580 Sequitur
1168 4525 1183 4564 :

246 4622 413 4678 Vens.
442 4622 527 4678 l9.
553 4622 614 4679 Si
640 4622 893 4692 fortitudo
920 4623 1194 4694 quwrilur,
1227 4623 1620 4680 robustissimus
1645 4634 1756 4690 est;

173 4719 221 4774 si
262 4718 487 4789 aquitas
511 4716 748 4787 judicis,
781 4731 930 4770 nemo
974 4732 1069 4787 pro
1109 4732 1189 4771 me
1218 4717 1378 4771 audet
1405 4717 1759 4773 testimonium

174 4808 367 4865 dicere.
400 4836 471 4847 —-
509 4806 601 4861 ille
625 4805 824 4876 quippe
855 4805 976 4861 vitae
998 4821 1188 4861 causas
1216 4808 1511 4874 examinat,
1539 4809 1633 4881 qui
1660 4810 1759 4865 has

178 4912 275 4969 per
321 4897 558 4967 alienum
606 4894 977 4950 testimonium
1021 4909 1130 4950 non
1182 4896 1446 4965 explorat.
1480 4898 1615 4965 Quia
1667 4898 1760 4968 qui

180 4987 465 5042 districtus
503 4985 829 5054 quandoque
862 4985 1163 5040 ostenditur
1206 4987 1386 5042 illator
1413 5004 1625 5058 poenae,
1666 4987 1757 5043 diu

182 5079 378 5133 tacitus
405 5076 613 5132 exstitit
641 5076 798 5130 testis
824 5074 1013 5147 culpm.
1062 5075 1198 5132 llinc
1233 5078 1433 5132 etenim
1481 5094 1579 5148 per
1634 5093 1761 5149 pro—

179 5170 395 5210 nlmtnm
454 5169 651 5212 dicitur
696 5187 707 5212 ε
763 5184 783 5212 ι
820 5166 931 5212 Ean
954 5183 1070 5212 sum
1111 5166 1266 5212 ἰιιίίρτ
1318 5178 1374 5214 et
1422 5172 1572 5214 testia
1621 5169 1756 5214 Her.

1867 551 2060 611 Subdit
2096 556 2257 611 etiam
2288 572 2302 609 :
2656 606 2659 611 .

1932 645 2097 701 Vsus.
2140 646 2229 701 2|.
2270 645 2330 701 Si
2359 646 2582 719 simplex
2624 648 2773 718 fuero
2800 688 2816 713 ,
2853 650 2950 704 hoc
2974 656 3147 721 ipsum
3182 653 3443 724 ignorabit

1860 736 2040 790 anima
2071 753 2205 791 mea.
2230 767 2299 778 —
2323 739 2400 794 Ac
2429 739 2474 795 si
2500 748 2683 809 aperte
2703 740 2907 796 diceret
2932 759 2944 796 :
2975 742 3289 801 Conditoris
3316 762 3447 802 con-

1862 838 1943 883 tra
1974 846 2057 885 me
2076 830 2277 898 judicia
2303 871 2319 896 ,
2357 848 2461 901 qua
2495 833 2800 887 temeritate
2823 836 3084 903 redarguo
3111 876 3125 901 ,
3153 838 3244 905 qui
3270 838 3444 908 ipsum

1862 935 1948 975 me
1980 920 2309 976 inﬁrmitatis
2346 923 2577 991 caligine
2613 923 2802 991 ignoro
2836 941 2850 976 :
2897 923 3049 979 Unde
3077 940 3173 994 per
3216 930 3447 998 prophe-

1863 1018 1971 1063 tam
1997 1011 2195 1064 dicitur
2227 1030 2241 1063 :
2278 1030 2296 1062 ι
2339 1013 2495 1066 Dedit
2539 1012 2765 1083 abyssus
2792 1028 2978 1068 vocem
3018 1030 3172 1070 suam
3213 1017 3443 1088 (Habnc.

1858 1114 1944 1164 Ill,
1973 1100 2085 1171 10),
2119 1120 2138 1153 ι
2165 1113 2221 1156 et
2246 1102 2472 1170 reliqua.
2498 1102 2818 1173 Plerumque
2839 1105 2983 1159 enim
3008 1106 3052 1161 si
3079 1107 3279 1162 scimus
3304 1110 3445 1165 bona

1860 1207 1980 1262 qua:
2002 1194 2233 1262 agimus,
2258 1195 2323 1248 ad
2354 1195 2640 1248 elationem
2678 1196 2926 1249 ducimur
2950 1236 2965 1261 ,
2989 1198 3035 1251 si
3063 1199 3265 1254 scimus
3289 1241 3304 1265 ,
3337 1203 3442 1255 mi-

1861 1283 2007 1337 nime
2027 1299 2322 1339 servamus.
2353 1286 2482 1352 Quis
2503 1297 2681 1340 autem
2703 1287 2770 1341 de
2798 1288 3016 1343 virtutis
3038 1304 3147 1343 sua:
3160 1293 3445 1346 conscien-

1863 1372 1936 1426 tia
1965 1388 2071 1426 non
2114 1374 2646 1444 quantulumcunque
2675 1377 2983 1445 superbiat?
3020 1379 3125 1433 Aut
3152 1380 3275 1450 quis
3321 1396 3444 1435 rur-

1862 1479 1980 1519 sum
2011 1465 2210 1520 bouum
2241 1466 2294 1520 in
2320 1481 2380 1521 se
2414 1468 2680 1522 custodiat
2710 1470 2855 1538 quod
2882 1470 3130 1540 ignorat?
3162 1472 3229 1525 Et
3254 1483 3445 1527 contra

1872 1567 2130 1629 utraque,
2162 1559 2290 1629 quid
2317 1570 2566 1629 superest
2606 1561 2707 1617 nisi
2745 1571 2804 1615 ut
2846 1571 2991 1616 recta
3042 1579 3163 1633 quae
3210 1565 3442 1634 agimus,

1863 1650 2085 1703 sciendo
2114 1650 2439 1714 nesciamus,
2470 1660 2529 1705 ut
2554 1652 2667 1706 haec
2703 1663 2759 1706 et
2799 1662 2944 1707 recta
2978 1654 3309 1709 mstimemus
3338 1696 3353 1719 ,
3389 1665 3446 1709 et

1866 1738 2125 1792 minima?
2174 1738 2449 1809 Sequitur.
2505 1740 2572 1794 Et
2618 1742 2838 1795 trudebat
2885 1759 2966 1797 me
3013 1744 3131 1797 vita:
3176 1760 3325 1798 metr.
3373 1773 3445 1784 —

1797 1821 1840 1880 Β
1870 1827 2054 1883 Tzedet
2076 1829 2280 1899 justum
2304 1831 2515 1893 vivere,
2553 1831 2679 1901 quia
2722 1842 2777 1886 et
2818 1835 3094 1902 operando
3122 1836 3288 1887 vitam
3332 1847 3439 1889 non

1859 1917 2055 1973 desinit
2078 1934 2341 1987 quaerere,
2366 1929 2420 1974 et
2448 1928 2625 1991 tamen
2648 1919 2883 1991 ejusdem
2915 1922 3036 1976 vita!
3060 1937 3169 1977 sua:
3190 1924 3444 1979 meritum

1858 2023 1965 2063 non
1994 2008 2141 2064 valet
2167 2010 2429 2065 invenire.
2459 1987 2811 2081 Sitbjungitur
2840 2029 2853 2064 :

1929 2098 2092 2153 Vsus.
2122 2098 2211 2152 22.
2242 2097 2418 2153 Unum
2462 2110 2539 2154 est
2564 2103 2703 2172 quod
2730 2101 2936 2155 locutus
2963 2118 3079 2156 sum
3114 2119 3138 2158 ς
3185 2102 3444 2158 Innocen-

1863 2194 1968 2239 tem
1995 2196 2041 2240 et
2086 2187 2304 2256 impium
2335 2188 2441 2258 ipse
2467 2199 2754 2242 consumet.
2783 2219 2854 2229 —
2891 2189 2971 2244 Ac
3010 2190 3054 2243 si
3082 2200 3269 2260 aperte
3292 2192 3442 2247 diee—

1856 2286 2051 2332 retur:
2090 2277 2202 2332 Hoc
2238 2279 2378 2347 apud
2418 2293 2505 2332 me
2551 2279 2773 2332 verbum
2815 2279 3162 2349 cogitationis
3210 2280 3433 2350 protuli,

1852 2368 1984 2435 quia
2013 2379 2115 2420 nec
2147 2366 2427 2430 innocens,
2458 2366 2501 2421 si
2532 2366 2780 2421 districte
2808 2368 3102 2433 discutior,
3136 2370 3438 2439 apparebo;

1855 2472 1955 2512 nec
1979 2457 2194 2527 impius,
2220 2459 2264 2513 si
2287 2458 2427 2528 apud
2455 2473 2541 2512 me
2561 2458 2731 2513 latere
2753 2458 2993 2522 voluero,
3010 2473 3041 2512 a
3071 2461 3290 2529 superni
3314 2475 3442 2514 exa-

1860 2550 2022 2605 minis
2052 2552 2300 2605 acumine
2335 2551 2657 2605 abscondor.
2683 2550 2947 2606 lnuoceus
2975 2567 3105 2621 ergo
3126 2568 3155 2605 a
3184 2552 3441 2608 Creatore

1848 2645 2207 2711 consumitur,
2230 2645 2355 2715 quia
2387 2645 2724 2715 quantalibet
2750 2644 2869 2714 ejus
2893 2645 3214 2715 simplicitas
3244 2644 3433 2712 fuerit,

1852 2739 2048 2803 divina:
2092 2739 2480 2809 magnitudinis
2508 2740 2857 2810 simplicitate
2896 2740 3205 2795 devoratur.
3238 2738 3439 2809 Impius

1853 2848 2067 2902 quoque
2114 2849 2145 2887 a
2189 2832 2479 2889 Conditore
2523 2832 2899 2897 consumitur,
2927 2832 3052 2900 quia
3098 2832 3208 2887 Deo
3238 2841 3438 2886 euncta

1852 2924 2169 2986 ordinante,
2205 2925 2336 2992 ipsis
2369 2924 2482 2978 suis
2507 2938 2566 2977 se
2598 2924 2855 2977 versutiis
2878 2964 2894 2988 ,
2922 2923 3040 2994 ejus
3067 2924 3314 2992 impietas
3343 2923 3434 2993 ju-

1854 3012 2085 3068 dicatur.
2114 3013 2209 3067 Vel
2230 3022 2376 3069 certe
2400 3023 2452 3069 et
2482 3015 2817 3069 innocentem
2840 3024 2896 3069 et
2925 3015 3145 3083 impium
3172 3019 3285 3086 ipse
3311 3031 3441 3070 con-

1856 3119 2074 3161 sumere
2102 3106 2331 3171 dicitur,
2358 3107 2484 3175 quia
2511 3107 2759 3176 quamvis
2795 3106 2848 3159 in
2876 3107 3085 3161 meritis
3117 3108 3241 3161 vita:
3279 3108 3439 3163 divisi

1781 3182 1825 3247 ε
1856 3205 2005 3261 sunt,
2033 3211 2062 3248 a
2088 3195 2263 3266 primo
2283 3195 2454 3265 culpa:
2476 3195 2668 3250 merito
2689 3210 2841 3264 anque
2866 3196 2933 3251 ad
2950 3198 3136 3251 carnis
3161 3197 3440 3252 interitum

1853 3285 2264 3355 pertrahuntur.
2291 3284 2428 3341 Hinc
2450 3284 2703 3340 Salomon
2735 3285 2867 3339 dicit
2902 3302 2914 3339 :
2951 3305 2969 3337 ι
3002 3285 3228 3341 Moritur
3249 3288 3442 3342 doctus

1854 3380 2105 3435 similiter
2133 3389 2194 3435 ut
2239 3381 2487 3436 indoctus
2541 3379 2741 3451 (Eccle.
2797 3395 2858 3446 ll,
2896 3380 3004 3451 16).
3035 3381 3142 3454 »Ει
3176 3398 3386 3437 rursum
3418 3396 3440 3439 ε

1856 3487 1880 3522 ι
1920 3469 2128 3525 Cuncta
2175 3470 2721 3541 subjacentivanitati
2747 3510 2762 3535 ,
2810 3479 2865 3525 et
2892 3472 3069 3526 omnia
3102 3481 3335 3541 pergunt
3369 3470 3439 3527 ad

1853 3574 2019 3614 unum
2037 3560 2232 3616 locum.
2250 3562 2324 3615 De
2338 3573 2482 3617 terra
2505 3562 2643 3617 facta
2666 3571 2813 3627 sunt,
2838 3572 2896 3618 et
2923 3563 2975 3617 in
3007 3572 3205 3619 terram
3234 3566 3439 3635 pariter

1856 3660 2198 3705 revertentur
2224 3651 2421 3722 (Eccle.
2453 3668 2535 3716 ιιι,
2564 3653 2649 3717 19,
2679 3652 2796 3724 20).
2848 3673 2869 3705 ι
2901 3653 3157 3723 Sequitur
3184 3673 3198 3707 :

1926 3744 2094 3800 Vsus.
2128 3743 2218 3798 23.
2252 3743 2314 3798 Si
2355 3744 2587 3813 ﬂagellat
2637 3746 2840 3798 occidat
2890 3745 3048 3799 semel
3073 3786 3089 3811 ,
3140 3757 3324 3801 etnon
3371 3746 3436 3800 de

1854 3836 2016 3904 poenis
2050 3836 2405 3889 innocentium
2436 3836 2625 3890 rideat.
2656 3867 2727 3876 —
2755 3835 2886 3903 Quis
2921 3837 3036 3892 lucc
3079 3854 3181 3892 non
3213 3855 3310 3909 per
3337 3855 3431 3894 su-

1854 3925 2098 3994 perbiam
2147 3924 2355 3994 prolata
2394 3924 2685 3992 crederet,
2738 3928 2841 3981 nisi
2886 3929 3205 3982 sententiam
3239 3927 3440 3997 judicis

1857 4016 2090 4080 audiret,
2118 4015 2208 4084 qui
2238 4016 2313 4069 ait
2361 4034 2375 4071 :
2416 4034 2435 4067 ι
2470 4016 2588 4071 Νοιι
2615 4019 2749 4071 estis
2792 4016 2954 4072 locuti
2990 4033 3171 4072 coram
3218 4034 3303 4073 me
3351 4035 3440 4075 ι’θτ

1855 4115 2035 4170 etum,
2066 4106 2204 4161 sicut
2231 4120 2420 4161 servus
2455 4121 2604 4160 meus
2642 4106 2742 4161 Job
2771 4105 2892 4177 (Job
2945 4122 3053 4161 xui
3078 4143 3099 4175 ,
3142 4107 3220 4175 7).
3260 4128 3279 4161 ι
3331 4107 3441 4167 Sed

1858 4212 1958 4251 nos
1984 4197 2078 4265 qui
2112 4196 2225 4263 jam
2256 4212 2285 4250 a
2333 4195 2443 4252 Deo
2470 4206 2648 4251 mente
2672 4198 2993 4252 recessimus
3019 4238 3034 4263 ,
3066 4207 3119 4252 et
3157 4213 3322 4255 carne
3371 4201 3439 4256 ad

1856 4286 2134 4355 pulverem
2166 4285 2431 4350 redimus,
2463 4300 2618 4354 paena
2638 4286 2812 4355 dupla:
2841 4286 3033 4341 mortis
3057 4289 3435 4360 astringimur.

1863 4375 1970 4431 Sed
2022 4376 2170 4430 venit
2200 4374 2266 4427 ad
2292 4389 2391 4429 nos
2417 4375 2510 4445 qui
2545 4389 2643 4444 pro
2687 4375 2842 4430 nobis
2892 4376 3005 4430 sola
3055 4391 3219 4432 carne
3262 4394 3439 4435 more-

1864 4475 2037 4532 retur,
2067 4466 2158 4536 qui
2188 4464 2436 4534 simplam
2463 4480 2613 4520 suam
2646 4465 2818 4535 dupla)
2845 4475 3043 4522 nostra:
3070 4466 3445 4539 conjungeret,

1786 4534 1842 4595 Ῐ)
1866 4565 1921 4612 et
1944 4571 2043 4613 nos
2068 4534 2135 4611 ab
2160 4566 2390 4626 utraque
2419 4554 2692 4611 liberaret.
2722 4534 2799 4610 De
2828 4571 2932 4626 qua
2963 4572 3062 4627 per
3098 4534 3322 4614 Paulum
3353 4534 3447 4614 di;

1858 4647 2001 4703 citur
2026 4666 2039 4701 :
2071 4665 2090 4699 ι
2128 4644 2279 4712 Quod
2310 4653 2492 4700 autem
2519 4654 2766 4700 mortuus
2797 4653 2879 4700 est
2905 4654 3130 4715 peccato
3153 4687 3167 4710 ,
3196 4658 3445 4703 mortuus

1857 4745 1942 4792 est
1983 4734 2149 4791 semel
2192 4732 2365 4805 (Rom.
2415 4748 2489 4798 v1,
2534 4733 2643 4805 10).
2682 4751 2700 4784 ι
2733 4731 2905 4787 Omne
2954 4734 3277 4790 desiderium
3323 4749 3449 4789 cum

1859 4830 2201 4885 desideratur
2249 4843 2410 4899 paena
2438 4837 2541 4883 est.
2597 4829 2734 4883 Hinc
2784 4826 3043 4884 Salomon
3076 4828 3195 4882 ait:
3240 4845 3258 4877 ι
3314 4826 3451 4896 Spes

1858 4938 1984 4991 qua:
2004 4922 2251 4977 differtur
2273 4920 2457 4989 amigit
2482 4922 2717 4976 animam
2749 4914 2933 4987 (Prov.
2959 4933 3079 4982 xm,
3116 4916 3228 4986 ιε).
3275 4934 3296 4966 ι
3347 4914 3447 4967 Ri-

1863 5014 1993 5067 dere
2023 5014 2168 5069 enim
2195 5010 2287 5066 Dei
2320 5019 2405 5064 est
2432 5010 2683 5066 humanae
2707 5007 2903 5061 anima:
2923 5007 3065 5065 nolle
3088 5004 3351 5059 misereri.
3383 5002 3458 5058 Ut

1863 5101 1993 5157 illud
2046 5122 2059 5157 :
2115 5122 2134 5154 ι
2190 5101 2302 5172 Ego
2358 5115 2577 5173 quoque
2632 5101 2689 5155 in
2740 5097 2968 5153 interitu
3028 5105 3208 5150 vestro
3263 5094 3455 5149 ridebo

1865 5190 2025 5216 In----.
2078 5210 2094 5216 -
2172 5192 2266 5216 am
2326 5210 2342 5216 -
2395 5191 2463 5216 ΔΑ
2515 5195 2554 5216 -2
2602 5204 2726 5216 -..κη
2773 5202 2835 5216 Α..
2874 5203 3011 5216 ’νΑΛΑ
3047 5198 3227 5216 nni-nam
3254 5190 3342 5216 nisi
3373 5190 3423 5216 in
