3948 5398
584 392 689 450 199

1580 382 1641 437 s.
1680 380 1929 436 ODoms
1964 337 2263 436 ABBATIS‘
2290 378 2791 439 cwmceusrs
2819 379 2866 438 ιι
3711 388 3793 444 200

574 505 763 562 lzetitia
805 482 1052 574 appellat.
1085 500 1160 555 De
1187 496 1551 555 innocentium
1582 496 1757 568 pcenis
1783 495 2046 550 Dominus
2080 494 2153 548 ri-
2186 498 2232 557 Α
2260 495 2325 551 de
2385 498 2574 552 eadem
2652 498 2765 567 spei
2840 496 3187 567 perceptione
3268 498 3591 558 detulerunt.
3670 502 3794 571 Quod

573 596 705 651 dere
729 595 946 659 dicitur,
973 592 1101 661 quia
1131 606 1238 660 quo
1265 606 1292 644 a
1333 589 1488 644 nobis
1518 589 1807 643 ardentius
1848 588 2112 657 qumritur
2139 627 2156 653 ,

571 703 640 741 eo
668 687 888 741 suavius
918 684 984 738 de
1012 683 1167 737 nobis
1200 683 1432 735 laetatur.
1463 679 1629 747 Quasi
1659 680 1928 749 quoddam
1961 678 2159 748 quippe

575 794 641 831 ex
668 792 827 847 pmna
850 776 1103 847 gaudium
1123 773 1369 838 facimus,
1397 788 1517 827 cum
1544 786 1641 840 per
1668 780 1856 825 sancta
1893 769 2159 824 desideria

572 869 691 938 ejus
734 884 836 922 nos
891 883 1079 922 amore
1114 869 1463 937 castigamus.
1505 866 1643 920 Hinc
1691 864 1977 919 Psalmista
2023 864 2102 918 ait
2142 879 2157 916 :

575 977 599 1012 ‹
644 958 971 1014 Constituite
995 958 1135 1013 diem
1158 957 1454 1011 solemnem
1476 957 1528 1010 in
1555 954 1866 1019 condensis,
1905 972 1923 1004 ›
1949 963 2006 1009 et
2028 953 2156 1007 reli-

573 1066 679 1122 qua
713 1051 888 1121 (Psal.
918 1065 1087 1112 cxvn,
1109 1048 1222 1116 27).
1256 1048 1511 1117 Sequitur
1539 1064 1552 1077 '
2138 1036 2146 1042 ’

647 1140 812 1195 Vsus.
842 1140 932 1194 ’24.
974 1138 1136 1192 Terra
1183 1139 1308 1191 data
1333 1147 1405 1191 est
1444 1138 1499 1190 in
1528 1154 1713 1192 manus
1760 1137 1928 1206 impii,
1956 1135 2158 1190 vultum

566 1231 831 1301 judicum'
860 1231 975 1299 ejus
1002 1229 1192 1300 operis.
1222 1258 1293 1267 ——
1322 1228 1506 1283 Terrae
1547 1229 1763 1282 nomine
1801 1242 1929 1282 caro
1956 1225 2159 1281 Christi

577 1321 904 1390 exprimitur
928 1360 943 1383 ,
970 1319 1326 1389 appellatione
1355 1318 1503 1388 impii
1549 1317 1795 1372 diabolus
1823 1304 2157 1387 designatur.

582 1408 752 1476 Huius
799 1408 949 1478 impii
995 1423 1185 1462 manus
1226 1406 1442 1461 fuerunt
1474 1407 1524 1460 Ιιί
1553 1407 1641 1475 qui
1683 1407 1737 1459 in
1781 1404 2159 1473 Redemptoris

578 1502 746 1557 nostri
775 1510 947 1555 morte
981 1500 1211 1570 grassati
1237 1509 1383 1553 sunt.
1414 1499 1581 1553 Terra
1615 1499 1797 1567 itaque
1844 1496 1970 1550 data
1993 1507 2075 1551 est
2107 1497 2160 1550 in

575 1606 770 1647 manus
797 1591 969 1660 impii,
992 1591 1115 1660 quia
1142 1590 1397 1659 antiquus
1420 1589 1592 1642 hostis
1616 1587 1995 1656 Redemptoris
2012 1602 2160 1641 men-

578 1690 686 1736 tem
724 1695 1077 1749 corrumpere
1126 1693 1223 1748 per
1262 1694 1321 1732 se
1377 1678 1633 1733 tentando
1680 1691 1784 1729 non
1823 1675 2021 1740 valuit,
2067 1677 2159 1729 sed

576 1770 693 1839 ejus
706 1785 923 1824 carnem
949 1785 1043 1838 per
1068 1784 1193 1822 suos
1214 1767 1493 1832 satellites,
1510 1767 1575 1820 ad
1602 1765 1838 1820 triduum
1862 1764 2160 1833 permissus

2261 586 2404 640 enim
2452 586 2528 641 illi
2557 589 2920 657 exspectando
2964 589 3172 642 odorati
3219 601 3346 644 sunt
3373 631 3388 655 ,
3436 590 3537 645 hoc
3574 607 3663 647 nos
3698 610 3791 650 cer.

2271 675 2449 730 uendo
2487 685 2542 729 et
2566 677 2913 745 percipiendo
2942 679 3220 731 satiamur.
3272 678 3410 734 llinc
3435 680 3677 736 Dominus
3702 686 3793 740 ait:

2266 784 2285 816 ι
2328 767 2430 819 Alii
2481 767 2895 833 laboraverunt,
2951 778 3005 825 et
3048 784 3145 823 vos
3193 769 3245 822 in
3282 769 3495 825 labores
3521 787 3694 826 eorum
3734 777 3795 830 in-

2260 857 2469 911 troistis
2498 856 2676 928 (Joan.
2708 874 2780 922 IV,
2815 858 2926 929 38).
2961 877 2979 909 ι
3017 859 3110 912 Vel
3141 869 3288 914 certe
3315 860 3405 930 qui
3433 861 3651 917 navibus
3670 879 3795 932 poma

2260 953 2498 1015 portant,
2528 961 2651 1000 cum
2681 946 2852 1015 paleis
2890 963 3045 1017 poma
3074 949 3320 1013 miscent,
3353 958 3412 1002 ut
3434 948 3595 1004 illaesa
3623 967 3795 1020 perma-

2261 1044 2443 1090 neant.
2472 1035 2550 1089 Ita
2587 1036 2839 1091 nimirum
2864 1039 3226 1105 praecedentes
3250 1040 3302 1093 in
3328 1055 3392 1094 eo
3418 1042 3558 1109 quod
3585 1046 3795 1112 mysteria

2260 1125 2558 1195 Spiritualis
2611 1127 2734 1180 vitae
2790 1128 3147 1191 denuntiant,
3199 1142 3295 1197 per
3355 1129 3663 1184 interfusam
3707 1134 3796 1189 haec

2264 1217 2503 1272 Itis-toria:
2551 1217 2799 1285 stipulam
2849 1227 3100 1283 servant,
3145 1228 3200 1274 et
3250 1228 3499 1289 opertum
3537 1222 3679 1276 nobis
3713 1223 3797 1279 fru-

2260 1316 2406 1363 ctum
2454 1306 2678 1376 spiritus
2723 1305 3017 1372 defcrunt,
3067 1323 3189 1363 cum
3242 1308 3483 1363 carnalia
3527 1309 3793 1379 loquuntur.

2264 1397 2602 1453 Mouau'ren.
2635 1393 2808 1450 Naves
2836 1411 2958 1450 cum
2984 1412 3141 1466 poma
3172 1407 3387 1467 portant
3416 1397 3619 1454 fructus
3647 1410 3793 1466 terra),

2262 1488 2513 1543 videlicet
2537 1503 2633 1557 per
2657 1485 2852 1542 ﬂuctus
2878 1488 3079 1542 ferunt.
3109 1488 3276 1542 Terra
3305 1505 3434 1544 vero
3475 1490 3695 1544 hominis
3726 1507 3796 1561 pa-

2263 1577 2475 1632 radisus
2498 1578 2735 1642 exstitit;
2766 1594 2921 1647 poma
2944 1579 3105 1633 etiam
3132 1578 3352 1633 fuerunt
3382 1582 3614 1633 mandati
3634 1596 3792 1646 sermo,

2262 1684 2517 1724 concessa
2532 1667 2859 1739 possibilitas
2870 1670 3048 1738 Operis
3060 1679 3268 1724 natura:
3283 1670 3476 1734 indita,
3496 1671 3795 1744 intell'gentia

2264 1758 2597 1815 Conditoris.
2638 1760 2742 1814 Sed
2766 1761 2891 1829 quia
2921 1776 3017 1830 per
3038 1762 3217 1816 crucis
3247 1762 3661 1832 mysterium,ad
3680 1764 3796 1832 inge-

574 1858 849 1914 exstinxit.
898 1857 1066 1925 Hujus
1097 1866 1254 1911 terra:
1278 1857 1487 1924 judices
1511 1895 1525 1919 ,
1555 1856 1862 1909 sacerdotes
1886 1894 1901 1918 ,
1931 1862 1986 1907 et
2007 1854 2156 1922 prin-
2187 1868 2233 1927 Β
2264 1851 2374 1905 uita
2391 1861 2594 1905 natura:
2611 1850 3160 1922 boiiarestringimur,
3181 1854 3335 1921 quasi
3353 1853 3653 1922 perlignum
3670 1866 3793 1921 poma

581 1949 760 2019 cipes,
792 1948 995 2003 Pilatus
1016 1957 1070 2001 et
1097 1948 1342 2001 illusores
1368 1946 1603 2019 fuerunt.
1643 1944 1833 2000 Vultus
1858 1960 1986 2014 ergo
2019 1945 2166 2014 judi-

576 2018 698 2094 cum
732 2048 951 2109 opertus
982 2038 1191 2093 exstitit
1232 2037 1299 2091 ab
1347 2018 1512 2106 impii.
1549 2034 1751 2089 malitia
1781 2075 1797 2101 ,
1837 2036 1964 2105 quia
2008 2050 2163 2089 mens

577 2129 1016 2199 persequentium
1039 2141 1163 2179 eum
1189 2140 1348 2193 quem
1372 2140 1534 2179 carne
1559 2134 1740 2179 tenere
1766 2124 1963 2194 potuit,
1995 2124 2164 2177 Deum

576 2236 679 2276 nec
709 2237 804 2290 per
837 2218 1096 2274 miracula
1120 2218 1356 2290 agnovit.
1383 2215 1518 2272 Hinc
1540 2215 1739 2271 Paulus
1759 2217 1835 2270 ait
1866 2233 1879 2269 :
1924 2233 1942 2267 ι
1986 2214 2165 2285 Usque

579 2313 635 2368 in
664 2313 984 2369 hodiernum
1010 2313 1151 2366 diem
1174 2326 1297 2365 cum
1327 2310 1525 2381 legitur
1555 2309 1784 2381 Moyses,
1811 2309 2055 2364 velamen
2082 2315 2166 2364 est

577 2420 741 2475 super
788 2420 882 2459 cor
928 2418 1116 2458 eorum
1168 2402 1215 2473 (Ι
1250 2400 1369 2455 Cor.
1427 2416 1530 2467 ιιι,
1589 2402 1703 2473 15).
1759 2420 1777 2454 ι
1839 2399 2097 2471 Sequitur
2145 2416 2162 2455 :

580 2494 732 2561 Quod
753 2496 798 2549 si
829 2512 932 2549 non
963 2494 1051 2548 ille
1075 2503 1168 2557 est,
1201 2494 1319 2564 quis
1343 2509 1465 2563 ergo
1495 2502 1570 2546 est
1590 2493 1615 2546 ?
1638 2522 1707 2533 —
1736 2494 1819 2548 Ac
1845 2494 1890 2548 si
1926 2508 2055 2563 ergo
2079 2491 2162 2545 di-

579 2593 727 2639 ceret
754 2602 767 2637 :
792 2583 924 2650 Quis
950 2598 1191 2653 unquam
1216 2583 1414 2649 impius
1435 2597 1555 2637 esse
1585 2583 1856 2652 putandus
1877 2591 1979 2647 est,
2003 2582 2047 2636 si
2077 2580 2167 2636 ille

580 2673 813 2745 populus
843 2674 934 2744 qui
966 2674 1142 2744 ipsam
1169 2674 1423 2743 pietatem
1469 2680 1782 2743 persecutus
1807 2679 1927 2735 est,
1969 2671 2165 2741 impius

575 2780 685 2822 non
712 2767 831 2821 est?
855 2769 1089 2835 Repente
1103 2767 1248 2822 enim
1272 2766 1515 2835 privatur
1530 2779 1562 2818 a
1577 2764 1792 2821 diabolo
1812 2766 1880 2820 ad
1898 2779 2162 2834 sequaces

579 2853 718 2923 ejus.
755 2854 1015 2925 Sequitur
1046 2872 1059 2909 :

648 2946 815 3001 Vsus.
846 2947 936 3002 25.
966 2947 1089 3001 Dies
1129 2949 1230 3002 mei
1258 2947 1532 3002 velociores
1579 2948 1793 3017 fuerunt
1834 2963 2065 3001 cursore.
2092 2976 2164 2987 —

576 3034 826 3091 Cursoris
877 3034 1112 3092 olIicium
1159 3045 1243 3091 est
1303 3037 1446 3107 quod
1506 3038 1750 3107 sequitur
1811 3037 2158 3092 annuntiare.

580 3123 789 3181 Omnes
810 3126 976 3197 igitur
1006 3127 1164 3183 electi
1196 3128 1288 3198 qui
1317 3138 1443 3183 ante
1470 3129 1756 3183 adventum
1790 3129 2161 3197 Redemptoris

2268 1953 2566 2012 portamus,
2589 1952 2643 1996 et
2670 1942 2794 1995 dum
2827 1950 2903 1995 tot
2929 1942 3069 1996 bona
3103 1944 3391 1998 munerum
3430 1959 3642 1998 servare
3667 1944 3792 1997 etiam

2267 2048 2411 2086 nunc
2440 2033 2491 2085 in
2517 2034 2903 2087 tentatiouibus
2928 2048 3208 2098 conamur,
3237 2049 3368 2088 aura
3401 2035 3523 2088 vita:
3557 2034 3793 2104 praesentis

2266 2122 2610 2194 impellimur,
2633 2126 3011 2180 mutabilitatis
3026 2137 3222 2181 nostra:
3240 2125 3403 2181 ﬂuctu
3422 2126 3793 2197 fatigatnur.Ali-

2268 2226 2370 2272 ter.
2395 2217 2569 2272 Naves
2593 2234 2714 2273 cum
2745 2233 2901 2288 poma
2925 2228 3161 2288 portant,
3188 2219 3513 2275 suavitatem
3540 2222 3701 2276 odoris
3721 2221 3793 2274 ha-

2265 2305 2415 2371 bent,
2434 2307 2526 2361 sed
2545 2308 2941 2377 gravitudinem
2961 2309 3219 2380 ponderis
3233 2325 3337 2364 non
3357 2298 3795 2375 lia-bent,ethuma-

2266 2413 2393 2452 num
2407 2413 2576 2468 genus
2591 2414 2711 2452 cum
2727 2400 2793 2453 ad
2824 2415 3053 2470 superna
3072 2403 3356 2471 repetenda
3372 2418 3436 2457 se
3448 2403 3618 2472 erigit,
3647 2401 3794 2474 ﬂagrat

2266 2491 2481 2560 quidem
2509 2490 2675 2545 odore
2697 2492 2990 2556 memoriae,
3020 2492 3115 2546 sed
3131 2492 3310 2563 ignem
3324 2510 3433 2549 non
3450 2494 3792 2563 cxeritpondus

2268 2581 2412 2635 vitae.
2439 2580 2686 2636 Paradisi
2719 2581 3092 2637 celsitudinem
3106 2599 3229 2638 cum
3246 2585 3460 2639 ardoris
3477 2583 3792 2640 recordatione

2268 2672 2631 2736 meminimus,
2681 2682 2736 2727 et
2782 2672 3120 2742 importunos
3149 2676 3510 2730 tentationum
3539 2674 3709 2729 ﬂuctus
3743 2689 3790 2727 ex

2267 2778 2432 2819 carne
2457 2764 2765 2818 toleramus.
2784 2763 3045 2819 Subditur
3062 2780 3077 2817 :
3092 2764 3241 2820 Sicut
3256 2766 3438 2836 aquila
3468 2767 3634 2821 uolans
3658 2765 3715 2819 ad
3732 2781 3791 2818 a-

2267 2871 2407 2909 cam.
2429 2885 2499 2895 —
2528 2855 2680 2909 Sicut
2696 2856 2837 2911 enim
2857 2856 3032 2925 aquila
3051 2873 3169 2927 qua:
3182 2859 3247 2913 ad
3263 2858 3368 2912 alta
3384 2860 3576 2922 evolat,
3590 2867 3639 2913 et
3652 2868 3787 2911 tamen

2264 2961 2362 3017 pro
2390 2946 2667 3003 sumendis
2698 2948 2951 3003 carnibus
2977 2957 3176 3002 terram
3216 2950 3377 3018 petit,
3409 2950 3480 3004 ita
3506 2948 3692 3017 antiqui
3714 2946 3787 3000 Pa.

2267 3046 2375 3091 tres
2404 3036 2643 3101 fuerunt,
2684 3038 2776 3108 qui
2809 3037 3126 3107 inquantum
3154 3037 3509 3093 humanitatis
3556 3035 3788 3093 inﬁrmitas

2266 3127 2608 3193 admittebat,
2658 3126 2930 3183 Creatoris
2973 3128 3146 3183 lucem
3186 3138 3332 3183 recta
3382 3138 3559 3184 mente
3600 3136 3783 3183 contem

578 3215 688 3271 orti
712 3226 866 3282 sunt;
901 3217 1027 3285 quia
1050 3217 1194 3272 hunc
1220 3227 1313 3272 aut
1359 3217 1592 3273 videndo
1625 3218 1998 3273 tantummodo
2019 3256 2034 3282 ,
2064 3224 2159 3271 aut
2185 3219 2230 3282 C
2260 3215 2390 3285 plati
2418 3226 2564 3281 sunt,
2587 3217 2681 3271 sed
2709 3216 3096 3270 incarnandum
3125 3218 3265 3272 hunc
3295 3218 3348 3272 in
3380 3218 3557 3273 mundi
3580 3216 3671 3271 line
3693 3228 3787 3286 pra:-

578 3307 744 3363 etiam
771 3308 1041 3379 loquendo
1062 3309 1393 3374 nuntiarunt,
1426 3312 1577 3379 quasi
1600 3326 1850 3366 cursores
1871 3311 1925 3365 in
1955 3311 2157 3366 mundo

580 3399 821 3454 fuerunt.
869 3398 974 3454 Sed
1021 3399 1149 3469 quia
1194 3407 1321 3453 ante
1376 3400 1745 3469 praestolatum
1782 3402 2159 3471 Redemptoris

580 3499 793 3561 tempus
819 3491 1059 3546 subtrahi
1085 3490 1517 3561 praevidebantur
1541 3532 1556 3557 ,
1585 3494 1816 3549 transire
1839 3509 1897 3549 se
1922 3494 2159 3550 velocius

580 3598 807 3639 cursore
829 3583 1031 3648 dolent,
1061 3584 1283 3654 diesque
1307 3599 1433 3639 suos
1459 3599 1578 3639 esse
1611 3584 2009 3655 ingemiscant,
2032 3587 2159 3656 quia

580 3685 757 3741 usque
777 3671 844 3726 ad
870 3672 1150 3728 videndam
1180 3672 1556 3743 Redemptoris
1583 3673 1757 3730 lucem
1789 3676 2011 3732 minime
2038 3687 2157 3732 ten-

581 3760 800 3816 duntur.
830 3760 1087 3831 Sequitur
1130 3780 1143 3816 :
1178 3760 1452 3833 Fugerunt
1476 3803 1492 3830 ,
1543 3775 1592 3818 et
1628 3781 1732 3819 non
1782 3766 2019 3820 viderunt
2071 3767 2161 3821 bo-

583 3864 729 3904 num.
772 3880 842 3890 ——
889 3848 1085 3906 Omnia
1134 3867 1254 3921 qua:
1301 3862 1481 3907 creata
1509 3862 1669 3918 sunt,
1716 3853 1857 3908 bona
1892 3863 2056 3920 sunt,
2102 3862 2162 3910 ut

582 3936 713 3993 illud
743 3955 756 3991 :
787 3956 806 3989 ι
837 3938 980 3994 Vidit
1001 3939 1141 3994 Deus
1156 3949 1345 3995 cuncta
1360 3956 1478 4009 qua:
1498 3939 1719 4005 fecerat,
1744 3951 1798 3997 et
1819 3953 1978 3998 erant
2006 3943 2161 3999 valde

584 4026 726 4081 bona
756 4025 906 4099 (Gen.
936 4043 978 4093 ι,
1007 4027 1120 4099 5|).
1187 4048 1206 4082 ι
1259 4028 1367 4085 Sed
1410 4030 1513 4084 boc
1550 4030 1748 4085 bonum
1794 4032 2163 4101 principaliter

583 4118 785 4173 bonum
813 4129 896 4174 est
921 4158 941 4187 ,
976 4136 1077 4191 per
1103 4124 1245 4191 quod
1275 4124 1388 4178 haec
1417 4124 1598 4179 omnia
1639 4127 1779 4178 bona
1829 4135 1972 4179 sunt.
2026 4125 2164 4181 llinc

586 4206 801 4264 Veritas
824 4211 901 4263 ait
931 4228 944 4264 :
985 4229 1004 4262 ι
1041 4211 1210 4267 Nemo
1259 4213 1432 4270 bonus
1458 4216 1560 4271 nisi
1591 4216 1738 4270 solus
1772 4215 1914 4271 Deus
1945 4215 2160 4285 (Matth.

587 4312 645 4363 ιι,
672 4298 793 4366 18).
827 4316 847 4347 ι
873 4298 953 4353 Ac
981 4300 1026 4353 si
1057 4314 1186 4371 ergo
1205 4302 1406 4357 diceret
1440 4322 1453 4357 :
1484 4305 1625 4362 Ante
1643 4315 2010 4375 exspectatum
2028 4316 2164 4362 tem-

588 4402 688 4458 pus
713 4387 876 4457 elapsi
900 4398 1048 4456 sunt,
1075 4393 1165 4459 qui
1196 4393 1263 4446 ad
1277 4393 1653 4464 Redemptoris
1676 4400 2018 4468 priesentiam
2043 4414 2163 4469 per-

588 4476 774 4531 venire
797 4478 1175 4546 nequiverunt.
1212 4479 1552 4536 Μοιιιιιτειι.
1596 4487 1677 4540 Ad
1706 4488 1810 4541 hoc
1846 4489 2008 4544 homo
2034 4506 2161 4544 con-

2261 3305 2513 3371 scientes,
2537 3306 2690 3375 quasi
2721 3323 2751 3359 a
2775 3305 2903 3361 solis
2930 3307 3061 3360 radii
3085 3308 3151 3362 ad
3176 3316 3379 3362 terram
3408 3307 3587 3363 oculos
3608 3304 3787 3360 deﬂexe-

2259 3408 2405 3451 runt.
2456 3396 2626 3464 Quem
2676 3397 2803 3452 dum
2847 3412 2946 3466 pro
2994 3398 3230 3453 humano
3265 3414 3470 3469 genere
3513 3408 3784 3469 passurum,

2258 3487 2689 3557 moriturumque
2738 3488 3122 3557 conspiciunt,
3172 3490 3326 3559 quasi
3383 3491 3452 3545 de
3502 3492 3610 3559 ejus
3656 3493 3786 3543 morte

2260 3577 2577 3648 semetipsos
2604 3578 2869 3634 reﬁciunt.
2902 3578 3246 3635 Μοιιλιιτειι.
3285 3581 3480 3651 Aquila
3505 3579 3682 3637 etenim
3703 3577 3785 3631 alto
3882 3580 3883 3647 ξ

2259 3668 2416 3724 valde
2443 3670 2624 3725 volatu
2656 3673 3020 3741 suspenditur,
3050 3673 3145 3727 sed
3171 3688 3269 3743 per
3297 3675 3590 3744 appetitum
3620 3666 3781 3726 ventris

2262 3769 2463 3815 terram
2491 3763 2719 3832 expetit.
2752 3762 2844 3817 Sic
2878 3772 2934 3818 et
2963 3764 3257 3818 humanum
3284 3780 3486 3836 genus,
3519 3764 3570 3819 in
3609 3765 3783 3833 parente

2260 3853 2435 3921 primo
2466 3852 2533 3907 ad
2557 3855 2663 3908 ima
2685 3856 2750 3909 de
2770 3855 3088 3911 sublimibus
3115 3859 3340 3912 corruit.
3372 3857 3479 3914 Sed
3502 3858 3621 3929 quia
3644 3854 3781 3909 cibum

2260 3942 2487 3998 vetitum
2540 3945 2767 4015 contigit
2793 3986 2809 4011 ,
2857 3962 2953 4017 per
2994 3949 3201 4003 ventris
3240 3949 3704 4021 concupiscentiam
3733 3941 3782 3996 ad

2262 4039 2438 4091 terras
2468 4038 2614 4090 venit
2640 4078 2654 4102 ,
2685 4047 2740 4092 et
2768 4040 2923 4108 quasi
2963 4042 3220 4098 carnibus
3250 4045 3508 4112 pascitur.
3532 4058 3642 4098 cum
3665 4040 3783 4093 deor-
3878 4052 3879 4112 ζ

2262 4144 2379 4185 sum
2408 4130 2685 4198 corporeis
2712 4130 3077 4201 voluptatibus
3102 4131 3333 4187 laetatur.
3368 4133 3650 4204 Sequitur:

2339 4218 2497 4272 Vens.
2530 4216 2621 4272 27.
2663 4215 2795 4271 Cum
2844 4218 3026 4274 dixero
3055 4236 3073 4274 :
3122 4218 3465 4292 Nequaquam
3499 4223 3567 4275 ita
3600 4219 3779 4287 loquafo

2262 4321 2520 4365 commuto
2551 4310 2737 4379 facient
2778 4327 2945 4365 meam
2969 4350 2983 4377 ,
3014 4321 3060 4366 et
3087 4311 3265 4367 dolore
3291 4323 3549 4385 torqueor.
3576 4340 3637 4351 -—
3661 4305 3781 4361 Plebs

2263 4403 2460 4473 quippe
2508 4400 2730 4456 Judaica
2782 4400 2925 4471 loqui
2957 4409 3016 4456 ut
3062 4404 3215 4472 prius
3259 4404 3460 4470 noluit,
3505 4405 3781 4473 qutecunQIte

2264 4494 2610 4563 praedixerat,
2630 4492 2864 4562 negavit.
2892 4491 2999 4569 Sed
3016 4502 3342 4548 commutata
3372 4494 3509 4549 facie
3533 4496 3775 4559 torquetur.

589 4565 735 4621 ditus
763 4567 976 4631 fuit,'ut
1011 4568 1210 4622 bonum
1243 4572 1386 4638 quod
1413 4581 1498 4626 est
1522 4574 1723 4641 videre,
1753 4578 1934 4633 videre
1963 4582 2155 4648 possit,
2187 4568 2236 4626 ι)
2262 4584 2389 4652 quia
2420 4583 2546 4638 dum
2574 4582 2768 4637 interni
2793 4581 2874 4636 sui
2906 4566 3142 4637 hominis
3169 4595 3465 4653 aspectum,
3489 4597 3587 4652 quo
3608 4569 3779 4648 agnosd

583 4666 639 4711 et
670 4670 766 4727 per
811 4668 1097 4727 augmenta
1137 4667 1470 4728 temporum,
1518 4665 1662 4718 tendi
1691 4667 1863 4735 possit
1901 4666 2019 4736 ejus
2052 4671 2163 4724 vita

586 4745 980 4810 tantummodo,
1008 4761 1113 4800 non
1139 4746 1331 4801 evolvi.
1367 4746 1474 4803 Sed
1497 4750 1590 4818 qui
1620 4761 1812 4820 sponte
1842 4754 1909 4807 ad
1952 4754 2162 4824 culpam

2260 4689 2291 4727 a
2318 4673 2613 4729 Conditore
2650 4682 2935 4743 potuerat,
2986 4673 3232 4730 {mditate
3283 4675 3515 4747 perﬁdia!
3541 4667 3718 4742 polluit,
3753 4676 3776 4714 ι

2263 4763 2616 4834 praesentibus
2644 4763 2799 4817 malis
2828 4762 3126 4832 incipiens,
3159 4764 3257 4820 sub
3299 4774 3495 4820 aeterna
3538 4776 3591 4816 se
3619 4754 3778 4811 ultione
3872 4750 3873 4763 ‘

584 4835 792 4892 decidit
817 4874 832 4901 ,
862 4837 1004 4905 quod
1031 4836 1211 4907 attigit
1240 4838 1462 4893 vetitum
1490 4840 1710 4908 pertulit
1732 4837 2066 4906 ‘decursutn,
2111 4854 2167 4900 et
2261 4852 2557 4907 damnavit.
2594 4850 2760 4918 Quasi
2790 4853 2935 4907 enim
2962 4862 3293 4908 commutata
3324 4853 3457 4908 facie
3500 4852 3562 4905 ab
3590 4848 3775 4902 Auctore

583 4927 674 4995 qui
709 4937 859 4983 stare
880 4928 947 4982 ad
969 4929 1145 4983 lucem
1176 4931 1384 4997 noluit,
1425 4931 1677 5003 fugiendo
1718 4937 1902 4993 oculos
1948 4940 2162 5005 amisit,

587 5018 713 5086 quia
756 5018 913 5089 culpa
954 5020 1118 5090 cmpit
1159 5022 1225 5074 ad
1255 5022 1362 5076 ima
1393 5023 1682 5081 decurrere
1706 5066 1721 5091 ,
1758 5036 1808 5081 et
1842 5043 1901 5083 se
1924 5030 2164 5086 caecitate

589 5110 835 5180 perculit,
860 5128 928 5168 ne
965 5113 1111 5169 intus
1138 5113 1317 5168 lumen
1347 5115 1574 5170 videret.
1607 5116 1864 5187 Sequitur
1896 5137 1908 5172 :

661 5203 825 5258 Vsus.
855 5203 945 5258 26.
988 5203 1413 5260 Pertransierunt
1439 5207 1591 5277 quasi
1638 5226 1794 5264 naves
1839 5228 1995 5281 poma
2042 5228 2163 5283 por-

943 5298 955 5314 !
984 5298 1068 5316 ---Ξ
1096 5311 1249 5318 “-e---
1287 5298 1583 5320 J-l'-..---l--
1606 5301 1768 5322 μ--,ε-
1803 5310 2109 5324 ...μμ--..Αθαμ

2261 4955 2368 4995 non
2399 4941 2744 5010 cognoscitur
2763 4979 2778 5005 ,
2805 4957 2924 5009 quae
2952 4943 3163 5012 perdita
3190 4944 3343 4997 home
3367 4937 3681 4997 conscientia:
3699 4929 3774 4984 lide

2268 5031 2606 5100 reprobatur.
2641 5028 2979 5086 MORALITER.
3011 5033 3167 5103 Saepe
3203 5035 3345 5089 enim
3378 5032 3547 5088 tacitis
3575 5032 3776 5097 urgemur

2268 5122 2684 5190 cogitationibus
2708 5140 2722 5175 :
2744 5138 2840 5177 cur
2868 5125 3210 5193 omnipotens
3235 5126 3371 5180 Deus
3396 5119 3617 5179 condidit
3637 5109 3771 5171 homi-

2266 5229 2411 5280 nem,
2439 5230 2599 5284 quem
2624 5216 2925 5284 periturum
2953 5214 3262 5285 prmscivit?
3300 5233 3395 5273 cur
3432 5230 3533 5270 non
3560 5209 3695 5266 talem
3715 5199 3771 5253 ἵει·

3304 5318 3313 5324 .
3336 5308 3358 5324 n
3406 5302 3504 5324 οη]
3550 5312 3646 5324 -..ηε
3688 5294 3769 5324 tuor
