3948 5398
220 208 307 262 illi

213 588 361 658 culpat
393 590 584 645 merito
626 592 692 647 ad
734 594 1078 667 intelligenda
1123 617 1187 658 ea
1237 622 1357 675 quae
1395 609 1461 663 de
1487 588 1602 680 ipso

211 690 440 735 cacatur.
487 681 579 737 Ori
607 684 879 743 silentium
910 690 1133 756 indicit,
1180 698 1276 751 sed
1317 700 1586 758 excitatus
1609 704 1763 761 dolor

210 787 264 825 ex
292 771 398 841 ipso
422 787 526 841 quo
556 777 924 848 restringitur,
952 793 1200 854 augetur.
1228 786 1486 858 Sequitur
1519 810 1534 846 :

268 860 414 917 Vens.
451 864 537 918 28.
590 863 815 923 Verebar
838 874 1018 927 omnia
1045 892 1200 943 opera
1228 895 1366 933 mea.
1394 913 1466 922 —
1494 884 1624 952 Quae
1653 887 1763 944 sint

205 968 346 1024 opera
374 953 517 1008 beati
545 953 646 1011 Job
688 973 845 1016 sacer
882 961 1039 1032 hujus
1088 966 1330 1024 historia:
1360 980 1541 1028 textus
1578 988 1761 1033 osten-

205 1044 286 1097 dit.
333 1043 457 1112 Quae
510 1059 641 1115 ergo
691 1064 855 1119 opera
886 1054 1207 1123 verebatur,
1257 1060 1349 1129 qui
1401 1060 1490 1117 illa
1544 1080 1760 1136 semper

200 1133 439 1199 exhibuit,
467 1148 534 1189 ex
558 1137 755 1206 quibus
798 1140 1001 1211 placari
1044 1160 1173 1217 erga
1201 1148 1541 1219 iniquitatem
1579 1133 1759 1212 solet?

202 1222 316 1278 liinc
353 1223 530 1296 itaque
557 1228 894 1300 colligimus,
921 1242 983 1289 ut
1022 1235 1066 1289 si
1106 1240 1373 1296 veraciter
1406 1244 1622 1314 placere
1646 1247 1755 1305 Deo

197 1316 434 1384 cupimus,
459 1326 748 1391 postquam
768 1339 1031 1394 perversa
1057 1330 1367 1401 subegimus
1384 1375 1400 1399 ,
1429 1339 1591 1394 etiam
1618 1341 1755 1398 bene

198 1415 321 1475 gesta
356 1407 662 1467 timeamus.
695 1412 808 1469 Deo
828 1416 1028 1488 quippe
1054 1430 1181 1475 sunt
1214 1438 1334 1492 quae
1362 1426 1415 1480 in
1441 1427 1598 1485 bonis
1618 1445 1751 1500 ope-

198 1498 322 1552 ribus
343 1496 681 1558 formidanda
731 1514 862 1560 sunt
917 1509 1126 1565 desidia
1174 1513 1425 1572 videlicet
1468 1526 1523 1573 et
1574 1496 1746 1575 fraus.

197 1585 316 1641 lline
356 1590 615 1659 propheta
662 1593 782 1649 ait:
842 1614 861 1647 ι
900 1596 1216 1659 Maledictus
1258 1607 1435 1662 omnis
1477 1609 1570 1679 qui
1618 1610 1749 1667 facit

939 212 1241 311 EPITOMI‘;
1277 218 1640 281 NORALIUII
1679 225 1738 281 S.
1783 224 1989 283 GREG.
2027 227 2094 283 ΙΝ
2133 229 2272 288 JOB.
2310 264 2378 275 —
2417 235 2543 292 LiB.
2588 239 2677 294 lX.

219 334 405 377 summa
445 319 783 392 requirebat,
826 323 1197 387 infirmitatem
1247 349 1400 390 suam
1441 353 1768 407 agnoscens,
1799 347 1845 406 Α
1877 340 2049 408 diluit,
2074 347 2196 415 quia
2221 350 2466 409 caelestis
2490 361 3108 429 cnuipunctioinfundit.

218 408 443 465 venerari
473 410 658 481 incipit
704 415 847 484 quod
880 415 1183 487 ignorabat.
1220 422 1327 479 Sed
1375 426 1429 481 in
1463 428 1576 498 ipsa
1622 447 1769 486 com-

216 499 485 555 minutione
512 500 662 557 dolor
680 514 784 570 est,
805 507 930 576 quia
948 510 1103 565 valde
1125 511 1400 585 affligitur,
1417 521 1558 588 quod
1580 522 1768 592 prima:

1641 626 1767 670 sunt
1866 624 2128 692 sanguine
2162 624 2334 696 plena:
2363 639 2488 684 sunt
2516 630 2649 702 (Isa.
2681 650 2742 700 ιι,

3353 261 3461 317 ξω

3136 369 3239 427 Per
3264 394 3460 437 manus

1870 438 2015 493 enim
2045 442 2173 509 quid
2205 442 2349 499 aliud
2397 463 2557 518 quam
2585 466 2747 520 opera
2778 455 3173 527 designantur?
3206 466 3354 524 Unde
3389 474 3458 527 de

1868 530 2189 597 quibusdam
2224 550 2321 604 per
2357 540 2673 609 prophetam
2709 544 2949 603 dicitur:
2987 568 3004 601 ι
3041 551 3229 612 Manus
3265 570 3457 615 vestrm.

2774 635 2884 707 15).
2915 658 2934 691 ι
2968 639 3274 701 Notandum
3310 652 3456 719 quod

1866 727 1971 766 non
2004 713 2081 769 ait
2114 734 2126 769 :
2155 716 2425 775 Fulserint
2453 726 2855 793 mundissimm,
2898 731 2991 785 sed
3036 734 3180 790 velut
3211 741 3455 795 mundis-

1863 804 2034 870 simae,
2061 808 2183 877 quia
2206 826 2488 885 quousque
2517 830 2680 885 poena
2698 821 3063 889 corruptionis
3077 828 3451 899 astringimur,

1861 901 2157 969 quamlibet
2213 908 2378 962 rectis
2424 910 2679 978 operibus
2707 913 2949 970 vivamus
2970 957 2985 980 ,
3017 934 3200 975 veram
3232 926 3449 981 umndi-

1861 990 1988 1046 tiam
2024 1010 2128 1050 non
2157 1000 2644 1068 apprehendimus,
2679 1004 2772 1059 sed
2802 1005 3098 1064 imitamur.
3134 1012 3391 1085 Sequitur
3429 1035 3444 1071 :

1930 1122 2090 1177 Vens.
2138 1124 2225 1180 51.
2276 1125 2475 1182 Tamen
2529 1131 2770 1187 sordibus
2818 1134 3040 1207 intinges
3072 1145 3269 1195 mea;
3305 1146 3448 1202 Deus

1856 1223 1956 1264 nos
1974 1211 2235 1283 intingere
2252 1216 2471 1282 dicitur,
2489 1218 2742 1276 intinctos
2769 1225 3021 1282 sordibus
3043 1228 3443 1303 demonstrare,

1854 1304 1981 1371 quia
2026 1315 2228 1373 quanto
2256 1310 2321 1362 ad
2356 1309 2505 1364 illum
2555 1314 2737 1369 verius
2764 1330 2865 1385 per
2895 1319 3032 1374 bona
3075 1337 3239 1392 opera
3272 1327 3449 1398 surgi-

1853 1406 1994 1456 mus,
2021 1401 2171 1450 tauto
2199 1398 2451 1453 subtilius
2478 1401 2601 1456 vitae
2637 1415 2838 1461 nostra:
2864 1409 3051 1465 sordes
3072 1415 3440 1482 agnoscimus,

1852 1483 2045 1550 quibus
2097 1486 2165 1539 ab
2209 1488 2325 1558 ejus
2372 1493 2637 1547 munditia
2671 1496 3064 1557 discordamus.
3096 1504 3176 1559 Ac
3216 1505 3260 1560 si
3312 1522 3444 1578 ergo

1850 1583 2035 1642 aperte
2070 1576 2258 1631 dicat:
2292 1578 2548 1645 Quamvis
2591 1582 2843 1642 lamentis
2894 1604 3141 1659 supernae
3188 1609 3444 1666 compun-

190 1691 303 1744 opus
324 1676 528 1733 Domini
561 1681 936 1741 fraudulenter
981 1696 1037 1743 et
1084 1690 1353 1750 desidiose
1385 1666 1520 1769 (Jerl.
1549 1716 1739 1769 χινιιι,
1772 1697 1819 1756 Β
1847 1670 2043 1769 Sum.“
2083 1666 2374 1769 mrundar'.
2410 1685 2658 1740 quamv's
2688 1690 2786 1744 per
2829 1681 3007 1734 suum
3056 1691 3218 1740 rec“
3252 1701 3445 1756 Opem-

194 1765 284 1836 10).
314 1786 332 1820 ι
361 1767 629 1827 Desidiam
659 1774 856 1845 quippe
890 1778 1068 1833 miuor
1092 1780 1188 1835 Dei
1242 1765 1402 1840 amor
1423 1765 1738 1861 exaggerat.

190 1855 422 1913 Fraudem
447 1876 578 1917 vero
616 1864 755 1919 mala
787 1875 965 1922 mente
994 1871 1276 1939 possidens
1311 1878 1562 1947 pr0prius
1589 1896 1743 1937 amor

188 1958 329 2003 creat.
363 1948 557 2006 Contra
583 1954 727 2009 hanc
750 1956 986 2013 dicitur:
1021 1978 1038 2011 ι
1070 1960 1285 2018 Excutit
1308 1982 1497 2024 manus
1527 1986 1652 2027 suas
1673 1976 1742 2027 ab

186 2040 309 2093 omni
340 2057 560 2100 munere
606 2045 744 2116 (Isa.
774 2065 971 2117 χχχιιι,
1003 2053 1114 2124 15).
1164 2073 1183 2106 ι
1215 2055 1410 2114 Munus
1441 2076 1677 2133 namque
1708 2080 1740 2119 a

183 2131 320 2187 corde
336 2143 433 2198 est,
449 2146 609 2206 capta
627 2140 798 2210 gratia
810 2157 841 2195 a
861 2144 1417 2219 cogitationeqblunus
1433 2153 1502 2210 ab
1520 2131 1615 2212 ore
1632 2170 1736 2227 est,

183 2218 319 2289 gloria
332 2237 421 2293 per
445 2223 711 2284 favorem.
735 2229 929 2288 Munus
943 2249 1005 2290 ex
1030 2251 1190 2292 manu
1214 2251 1322 2306 est,
1343 2245 1622 2312 przemium
1645 2265 1740 2318 per

183 2313 449 2374 elationem.
480 2320 569 2375 Ac
591 2323 636 2376 si
666 2337 797 2396 ergo
832 2326 1020 2382 humili
1051 2329 1394 2390 confessione
1423 2336 1734 2396 diceretur:

184 2405 287 2471 Qum
306 2420 480 2476 aperte
505 2414 717 2482 egerim
743 2416 899 2471 video
925 2457 939 2481 ,
968 2419 1063 2473 sed
1106 2423 1233 2490 quid
1282 2423 1335 2478 in
1382 2426 1466 2481 bis
1502 2427 1739 2485 latenter

183 2497 456 2558 pertulerim
492 2501 707 2571 ignoro.
742 2502 1001 2575 Sequitur
1031 2525 1043 2562 :
1079 2508 1261 2565 Sciens
1287 2515 1426 2583 quod
1464 2533 1567 2572 non
1606 2536 1734 2588 par-

181 2601 291 2639 ceres
311 2587 783 2660 delinquenli.—Si
815 2598 958 2651 enim
984 2599 1311 2671 delinquenti
1340 2621 1443 2660 non
1467 2587 1731 2676 parcitur,

180 2675 276 2741 quis
297 2678 355 2732 ab
372 2689 576 2736 teterua
602 2694 772 2741 morte
802 2688 1048 2759 eripitur,
1077 2707 1199 2751 cum
1225 2710 1254 2749 a
1280 2675 1480 2753 delicto
1504 2702 1732 2757 mundus

179 2780 307 2823 nemo
346 2774 649 2841 reperitur?
692 2777 775 2831 Au
816 2780 1101 2848 ptenitenti
1147 2796 1366 2854 parcet,
1403 2788 1730 2860 delinquenti

178 2871 261 2911 non
279 2864 479 2929 parcet?
500 2864 645 2933 Quia
665 2882 786 2922 cum
810 2871 1001 2927 delicta
1018 2874 1342 2945 plangimus,
1359 2881 1731 2952 delinquentes

175 2960 259 2998 non
288 2955 493 3009 sumus?
520 2956 596 3010 Et
624 2973 745 3012 cum
771 2959 964 3016 Petrus
996 2980 1200 3033 negans
1234 2970 1541 3039 respicitur,
1563 2984 1618 3029 et
1659 2976 1727 3030 ad

175 3033 401 3108 lacrymas
443 3048 716 3102 vocatur?
770 3048 880 3105 Cur
924 3051 1122 3110 Paulus
1166 3072 1291 3112 cum
1325 3033 1721 3134 'Redemptoris
1751 3049 1795 3109 δ

175 3142 332 3185 nomen
378 3132 430 3188 in
482 3146 632 3192 terra
679 3151 969 3198 conaretur
995 3147 1359 3217 exstinguere,
1397 3151 1515 3222 ejus
1556 3155 1718 3213 verba

171 3220 334 3274 meruit
361 3223 424 3278 de
449 3227 595 3282 uelo
618 3230 847 3287 audire?
873 3233 977 3288 Sed
1006 3244 1184 3292 tamen
1209 3240 1364 3309 culpa
1406 3220 1460 3298 in
1492 3254 1721 3319 utroque

170 3307 319 3370 punita
365 3324 460 3368 est.
513 3316 860 3388 Delinquenti
915 3338 1044 3395 ergo
1082 3307 1340 3385 Dominus
1384 3349 1490 3388 non
1518 3307 1718 3407 parcit,

170 3398 268 3465 quia
312 3403 563 3463 delictum
613 3410 730 3466 sine
769 3412 972 3471 ultione
1017 3433 1124 3474 non
1174 3422 1395 3479 deserit.
1436 3398 1545 3481 Aut
1574 3398 1717 3485 enini

171 3486 260 3553 ipse
290 3491 384 3548 hoc
409 3496 579 3553 homo
625 3500 678 3554 in
706 3516 765 3556 se
804 3506 1074 3573 paenitens
1100 3511 1297 3578 punit,
1327 3522 1420 3567 aut
1448 3515 1550 3572 hoc
1575 3516 1719 3577 Deus

162 3590 265 3633 cum
293 3584 495 3643 homine
531 3589 811 3648 vindicans
841 3600 1092 3664 percutit.
1126 3600 1417 3670 Sequitur:

223 3667 362 3729 Vens.
386 3677 474 3732 29.
510 3678 575 3734 Si
596 3693 769 3737 autem
791 3694 839 3740 et
860 3687 934 3741 sic
958 3689 1146 3758 impius
1169 3667 1306 3758 sum,
1329 3713 1490 3766 quare
1512 3698 1715 3768 frustra

166 3754 546 3823 laboravi?—Si
581 3773 727 3826 enim
763 3784 967 3830 remota
994 3754 1195 3847 pietate
1216 3754 1552 3854 discutimur,
1578 3804 1713 3859 Opus

167 3860 371 3908 uestrum
392 3871 553 3926 pazna
594 3861 811 3933 dignum
845 3874 944 3931 est,
980 3884 1086 3938 quo
1117 3877 1450 3930 remunerari
1476 3882 1713 3948 praemiis

165 3943 518 4014 pneslolamur,
552 3965 658 4006 non
689 3954 831 4021 quod
857 3956 1001 4012 hunc
1033 3957 1307 4017 laborasse
1336 3943 1583 4032 paeni-tet,
1617 3970 1711 4025 sed

164 4033 279 4095 quod
314 4035 547 4096 incertus
584 4053 734 4098 esset
777 4045 843 4101 de
887 4050 1164 4118 praemiis,
1206 4061 1262 4107 et
1303 4054 1446 4111 inter
1494 4058 1710 4117 labores

164 4119 295 4177 dolet.
341 4126 629 4187 Sciendum
668 4150 795 4190 vero
834 4146 919 4192 est
943 4140 1068 4209 quia
1094 4143 1266 4197 sancti
1293 4145 1391 4200 viri
1420 4146 1494 4202 ita
1517 4149 1708 4206 incerti

161 4220 277 4275 sum,
299 4223 352 4268 ut
387 4220 691 4289 confidant;
719 4233 899 4296 ,atque
940 4227 1012 4282 ita
1056 4231 1372 4299 confidunt,
1416 4245 1477 4290 ut
1523 4246 1704 4295 tamen

159 4313 209 4352 ex
236 4311 509 4369 securitate
539 4330 644 4370 non
678 4327 947 4387 torpeant.
976 4321 1234 4393 Sequitur
1258 4344 1272 4379 :

1847 1752 2007 1809 tionis
2043 1771 2322 1825 exercear,
2361 1760 2413 1816 iu
2448 1771 2534 1817 tua
2574 1773 2753 1822 tamen
2803 1772 3065 1827 munditia
3110 1774 3266 1831 video
3307 1778 3437 1847 quia

1843 1845 2077 1900 mundus
2125 1862 2230 1903 non
2269 1864 2409 1905 sum.
2445 1851 2703 1922 Sequitur
2738 1875 2752 1911 :
2788 1858 2856 1912 Et
2886 1845 3440 1925 abominabuntur‘nte

1843 1936 2146 1991 vestimenta
2166 1955 2300 1994 mea.
2330 1973 2400 1981 —
2423 1944 2599 1999 Vestis
2623 1949 2839 2004 nomine
2865 1966 3062 2022 corpus
3098 1956 3433 2028 designatur,

1840 2038 1947 2091 qun
1985 2025 2170 2081 induta
2199 2031 2377 2086 anima
2412 2034 2625 2105 tegitur,
2658 2052 2727 2091 ne
2760 2038 2814 2093 in
2844 2040 3145 2099 subtilitate
3174 2025 3286 2103 sua:
3308 2025 3437 2105 sub;

1840 2114 2052 2171 stantia:
2065 2119 2205 2172 nuda
2222 2134 2340 2176 esse
2354 2123 2621 2180 videatur.
2646 2126 2781 2184 Hinc
2801 2129 3055 2188 Salomon
3078 2135 3155 2191 ait
3178 2155 3192 2191 :
3222 2158 3240 2190 ι
3266 2139 3429 2197 Omni

1841 2210 2080 2274 wnipore
2102 2208 2210 2263 sint
2229 2213 2553 2269 vestimenta
2581 2225 2668 2271 tua
2695 2222 2923 2276 candida
2950 2224 3147 2295 (Eecle.
3176 2244 3253 2296 ix,
3293 2231 3368 2300 8).
3406 2253 3427 2287 ι

1838 2293 1904 2348 Et
1938 2296 2105 2353 Isaias
2142 2316 2156 2353 :
2194 2319 2213 2351 ι
2253 2301 2644 2361 Vestimentum
2688 2310 2904 2366 mistum
2945 2293 3207 2386 sanguine
3240 2293 3344 2375 erit
3374 2322 3433 2378 in

1835 2385 2209 2444 combustione
2234 2390 2371 2460 (Isa.
2398 2408 2477 2458 ιχ,
2517 2394 2594 2465 5).
2626 2417 2645 2448 ι
2689 2398 2837 2454 More
2870 2402 3014 2456 enim
3053 2385 3193 2461 sacri
3225 2408 3430 2479 eloquii

1833 2478 2157 2533 vestimenta
2206 2491 2392 2537 nostra
2441 2501 2539 2541 nos
2591 2488 2891 2545 abominari
2941 2494 3274 2566 referuntur,
3299 2503 3427 2570 quia

1834 2566 2220 2627 abominabiles
2246 2574 2495 2642 reddunt,
2520 2578 2658 2633 sicut
2684 2598 2781 2650 per
2805 2582 3024 2640 Petrum
3045 2588 3112 2643 de
3130 2587 3267 2647 Juda
3291 2566 3426 2650 dici-

1834 2664 1921 2711 tur
1953 2675 1966 2712 :
2003 2679 2022 2711 ι
2059 2661 2159 2717 Hic
2186 2666 2466 2733 possidens
2491 2685 2680 2740 agrum
2727 2674 2793 2729 de
2824 2680 3074 2735 mercede
3116 2682 3421 2754 iniquitatis

1833 2745 1971 2815 (Act.
1998 2764 2014 2801 ι
2038 2789 2052 2812 ,
2089 2750 2195 2822 18).
2230 2771 2248 2805 ι
2287 2753 2456 2820 Quem
2489 2772 2679 2830 agrum
2719 2764 2955 2822 moriens
2992 2745 3274 2837 possideret
3310 2791 3420 2832 non

1829 2838 2024 2903 potuit,
2050 2841 2143 2892 sed
2163 2845 2413 2910 possedit,
2438 2847 2641 2903 dictum
2664 2861 2767 2915 est,
2791 2856 3069 2922 possidere
3090 2860 3236 2917 fecit.
3268 2863 3418 2920 lianc

1829 2927 2275 2988 vestimentorum
2334 2938 2549 2992 sordem
2603 2944 2876 3000 metuebat
2925 2947 3124 3008 Paulus
3169 2954 3353 3012 dicens
3398 2976 3414 3013 :

1835 3032 1855 3066 ι
1893 3015 2059 3072 Video
2082 3019 2242 3074 aliam
2269 3020 2439 3094 legem
2500 3028 2553 3082 in
2579 3033 2834 3091 membris
2875 3039 3028 3106 meis,
3067 3061 3088 3095 ι
3125 3052 3179 3100 et
3206 3047 3417 3119 reliqua

1827 3103 2002 3175 (Rom.
2036 3124 2133 3174 vti,
2160 3109 2273 3182 25).
2309 3115 2601 3186 Sequitur:

1895 3214 2056 3269 Vens.
2086 3216 2174 3271 52.
2211 3219 2393 3292 Neque
2422 3225 2560 3279 enim
2593 3232 2701 3284 viro
2728 3238 2818 3303 qui
2838 3239 3025 3294 similis
3049 3248 3151 3297 mei
3175 3255 3271 3313 est,
3303 3264 3413 3303 res-

1819 3305 2076 3372 pendebo,
2109 3324 2200 3362 nec
2237 3314 2328 3381 qui
2376 3330 2579 3393 megum
2607 3319 2660 3373 in
2699 3321 2907 3391 judicio
2946 3345 3011 3383 ea:
3058 3349 3206 3402 αιτιαο
3246 3342 3409 3405 possit

1820 3391 2112 3446 audiri.—
2141 3397 2274 3452 Dum
2334 3391 2471 3456 cum.
2510 3406 2752 3474 quolibet
2793 3427 2858 3467 ex
2910 3430 3064 3487 aequo
3110 3391 3163 3476 in
3202 3391 3409 3494 judicio

1819 3486 2214 3554 contendimus,
2257 3499 2313 3545 et
2355 3493 2499 3561 quod
2530 3507 2720 3555 contra
2765 3518 2865 3560 nos
2895 3508 3125 3577 dicatur,
3164 3486 3409 3585 agnosci-

1819 3589 1968 3642 mus;
1998 3587 2053 3632 et
2101 3580 2155 3634 in
2200 3581 2285 3637 his
2312 3599 2432 3652 qua:
2476 3586 2739 3657 dicimus,
2790 3597 3058 3655 audimus.
3106 3603 3240 3670 Quia
3277 3623 3406 3678 ergo

1818 3664 2101 3721 invisibilis
2127 3669 2298 3726 Judex
2320 3688 2441 3742 quae
2484 3675 2715 3735 facimus
2749 3683 2912 3751 videt,
2941 3691 3091 3756 quasi
3272 3664 3404 3752 dici-

1817 3772 1938 3813 mus
1965 3760 2131 3814 audit.
2159 3762 2263 3817 Sed
2291 3765 2414 3834 quia
2445 3766 2498 3821 id
2530 3771 2671 3838 quod
2705 3773 2755 3827 ei
2783 3776 3030 3846 displicet
3057 3798 3398 3855 nequaquam

1814 3851 1970 3920 plene
1994 3856 2389 3925 cognoscimus,
2412 3862 2568 3930 quasi
2598 3866 2741 3936 quod
2768 3866 2881 3939 ipse
2896 3870 3047 3937 dixit,
3068 3851 3397 3946 ignoramus.

1817 3940 2075 4012 Sequitur
2106 3962 2119 3999 :

1886 4056 2049 4112 Vsus.
2088 4060 2176 4114 55.
2211 4062 2333 4117 Νοη
2360 4077 2435 4120 est
2467 4071 2556 4140 qui
2587 4079 2862 4142 utrumque
2888 4079 3056 4132 valeat
3085 4097 3322 4150 arguere,
3351 4096 3402 4141 et

1811 4163 2002 4213 ponere
2038 4167 2253 4206 manum
2280 4171 2432 4208 suam
2480 4159 2535 4211 in
2566 4161 2836 4218 ambobus.
2866 4196 2936 4206 —
2964 4167 3164 4226 Durum
3201 4176 3397 4247 quippe

1812 4246 1971 4291 sonat
1994 4240 2138 4308 quod
2167 4241 2335 4298 Deum
2368 4247 2496 4302 dicit
2523 4266 2783 4323 arguere,
2812 4258 2906 4312 sed
2934 4260 3125 4317 durum
3159 4240 3262 4321 non
3292 4240 3399 4329 erit

1810 4329 1855 4384 si
1902 4335 2193 4388 recurrerit
2234 4338 2301 4392 ad
2336 4343 2689 4410 memoriam,
2739 4348 2880 4415 quod
2924 4348 3038 4420 ipse
3082 4370 3180 4424 per
3227 4358 3391 4418 alium

217 4394 356 4453 Vens.
381 4404 467 4457 50.
499 4405 561 4461 Si
586 4407 723 4463 lotus
748 4410 896 4479 {uero
923 4416 1074 4483 quasi
1105 4418 1254 4486 aquis
1285 4420 1435 4488 nivis,
1458 4433 1505 4476 et
1542 4423 1703 4493 fulse-

2519 4394 2559 4395 π
2589 4394 2689 4410 -ν-ν
2743 4394 2880 4415 ·ι““’““
2924 4394 3038 4420 ”Ι¹“’“”’
3082 4394 3168 4424 νυ·
3227 4394 3389 4418 ⁸¹¹¹¹ι¹¹¹¹

1834 4422 2124 4491 imphetam
2149 4424 2281 4481 dicit
2305 4445 2318 4480 :
2354 4428 2655 4497 «Quiescite
2682 4442 2842 4506 agere
2871 4454 3142 4508 perverse,
3168 4466 3185 4499 ι
3216 4455 3271 4502 et
3298 4466 3389 4505 re-

160 4482 241 4537 rint
278 4491 401 4546 velut
442 4497 799 4554 mundissimae
840 4519 1026 4558 manus
1075 4521 1224 4560 mere.
1252 4537 1323 4549 —-
1360 4511 1528 4580 Aqua:
1560 4515 1697 4570 nivis

159 4584 259 4630 sunt
294 4580 521 4639 lamenta
564 4588 905 4647 humilitatis.
944 4593 1075 4661 Quae
1104 4597 1347 4666 profecto
1393 4602 1692 4672 humilitas,

159 4664 256 4728 quia
286 4682 400 4728 ante
428 4675 655 4734 districti
703 4679 908 4739 Judicis
935 4664 1120 4741 oculos
1148 4691 1361 4746 caeteris
1407 4695 1697 4752 virtutibus

158 4761 443 4831 praeminet,
477 4771 625 4837 quasi
658 4787 758 4842 per
791 4777 972 4845 magni
1005 4779 1182 4834 meriti
1213 4781 1448 4840 colorem
1481 4788 1691 4845 candet.

160 4841 268 4902 Sunt
290 4867 408 4910 vero
434 4841 672 4918 nonnulli
707 4865 801 4934 qui
835 4841 1069 4924 lamenta
1096 4870 1315 4938 habent,
1347 4877 1439 4931 sed

159 4938 291 4994 talem
313 4959 411 5000 non
437 4947 653 5009 habent.
700 4953 768 5008 Hi
815 4954 1065 5012 nimirum
1108 4974 1276 5030 aquas
1321 4964 1559 5034 habent,
1597 4967 1693 5023 sed

158 5026 267 5087 nivis
293 5048 449 5106 aquas
490 5057 591 5100 non
619 5045 851 5103 habent.
878 5047 954 5103 De
982 5026 1176 5121 quibus
1218 5054 1371 5124 aquis
1408 5058 1547 5113 nivis
1575 5058 1695 5128 qui-

157 5114 253 5215 illam
301 5128 371 5183 ait
416 5146 430 5184 :
482 5151 500 5185 ι
531 5135 636 5193 Cor
685 5114 1092 5196 contritum-et
1142 5114 1527 5215 humiliatum,
1578 5157 1691 5204 etc.

157 5201 291 5269 (Psal.
318 5230 364 5280 ι,
404 5220 507 5291 19).
529 5243 547 5275 ι
582 5225 678 5280 Vel
703 5233 858 5280 certe
892 5242 1043 5297 aqua:
1069 5228 1231 5284 fontis
1253 5234 1333 5286 vel

157 5301 269 5356 lem
290 5308 545 5384 oriuntur,
587 5332 755 5391 aquae
785 5332 910 5373 vero
940 5321 1078 5375 nivis
1118 5336 1242 5376 aere
1270 5339 1558 5393 proruunt.
1590 5326 1694 5394 Qui

1805 4512 1952 4582 liqua
1994 4514 2128 4584 (Isa.
2164 4534 2201 4582 ι,
2235 4519 2344 4590 16).
2375 4522 2440 4575 Et
2488 4540 2701 4581 rursum
2736 4542 2751 4580 :
2808 4548 2825 4580 ι
2867 4529 2931 4585 Et
2963 4536 3141 4591 venite
3180 4547 3233 4592 et
3298 4555 3389 4597 aro

1799 4606 1946 4675 guite
1983 4624 2091 4674 me,
2132 4610 2261 4667 dicit
2294 4613 2551 4671 Dominus
2580 4616 2714 4689 (Isa.
2747 4635 2787 4682 ι,
2820 4622 2930 4692 18).
2961 4644 2979 4676 ι
3013 4625 3068 4679 In
3112 4628 3214 4683 hoc
3243 4632 3387 4684 enim

1804 4696 1946 4764 quod
1987 4697 2243 4754 Dominus
2272 4718 2331 4757 se
2377 4706 2622 4776 praecipit
2653 4724 2899 4776 arguere,
2933 4727 3120 4786 aperte
3154 4718 3395 4773 insinuat

1805 4796 2062 4857 quantam
2111 4790 2264 4846 bonis
2313 4794 2525 4851 actibus
2573 4798 2824 4852 fiduciam
2855 4814 3096 4872 praestet.
3148 4808 3283 4861 Hine
3313 4817 3397 4862 est

1803 4878 1946 4946 quod
1998 4879 2256 4938 Dominus
2309 4885 2439 4938 dicit
2486 4904 2499 4940 :
2547 4907 2565 4939 ‹
2595 4890 2828 4956 Qua-sivi
2875 4896 3052 4950 virum
3095 4899 3184 4966 qui
3234 4897 3399 4951 inter-

1804 4979 2031 5042 poneret
2090 4986 2272 5041 sepem
2308 5014 2323 5036 ,
2387 4983 2445 5029 et
2512 4989 2685 5034 staret
2747 4987 3027 5054 oppositus
3079 4995 3264 5039 contra
3314 5004 3400 5042 me

1803 5075 1869 5113 ne
1900 5060 2218 5130 dissiparem
2242 5080 2385 5130 eam,
2412 5075 2470 5122 et
2496 5086 2603 5126 non
2624 5072 2801 5125 inveni
2828 5074 3051 5140 (Ezecli.
3084 5092 3219 5139 χχιι,
3244 5077 3391 5149 50).»

1804 5147 1911 5201 Sed
1964 5162 2270 5220 quanquam
2307 5161 2596 5223 praesentis
2631 5160 2868 5217 motibus
2918 5165 3400 5224 animadversionis

1802 5237 2038 5302 obvient,
2065 5257 2168 5296 non
2195 5251 2371 5297 tamen
2400 5248 2578 5303 valent
2602 5252 2799 5304 virtute
2825 5260 3046 5323 propria
3071 5254 3136 5307 ab
3163 5254 3399 5315 humano

1802 5342 2000 5398 genere
2026 5332 2286 5398 supplicia
2309 5337 2503 5393 mortis
2526 5340 2815 5398 expellere.
2842 5338 3185 5398 Redemptor
3202 5348 3400 5398 uirium
