3948 5398
2033 242 2061 262 Ι

539 329 644 383 203

1451 329 1507 384 S.
1550 328 1798 386 ODONlS
1835 328 2121 385 ABBATIS
2158 327 2649 384 CLUNIACENSIS
2687 329 2728 385 ll

3659 340 3741 398 9.0a

542 446 675 509 suit,
715 444 840 515 quia
867 453 921 501 et
957 441 1201 513 exempla
1253 440 1561 497 hominibus
1611 457 1729 513 qure
1780 442 2121 497 imitarentur
2151 453 2194 507 Α
2226 442 2415 514 incipit
2437 443 2737 513 sequentia.
2774 442 2925 501 Unde
2956 442 3215 515 scriptum
3238 452 3358 500 est:
3393 445 3652 508 «Secundo
3669 469 3742 513 eos

545 534 797 607 praebuit,
829 545 881 591 et
911 536 1019 590 Deo
1057 536 1109 589 in
1150 550 1209 589 se
1249 549 1411 604 opera
1458 535 1653 604 quibus
1698 550 1827 606 erga
1874 535 2122 590 homines

548 626 899 695 placarentur
924 625 1208 679 moriendo
1235 625 1489 679 ostendit.
1521 623 1817 695 Sequitur:

613 716 773 772 Vens.
807 714 894 768 54.
925 715 1139 786 Auferat
1170 733 1200 768 a
1224 732 1304 769 me
1331 716 1529 786 virgam
1566 733 1735 780 suam,
1758 726 1803 769 et
1822 731 1983 786 pavor
2006 715 2121 785 ejus

546 821 653 858 non
695 820 777 858 me
817 814 1029 858 terreat.
1083 835 1141 844 —
1166 803 1268 859 Per
1307 804 1476 874 legem
1521 804 1719 874 quippe
1786 804 1936 874 virga
1979 803 2120 859 Deus

543 904 834 959 terruerat,
880 909 1002 948 cum
1045 894 1253 948 dicebat
1282 912 1294 947 :
1330 893 1386 948 Si
1414 895 1534 963 quis
1562 896 1674 948 tunc
1700 893 1782 948 vel
1811 893 1896 946 illa
1929 891 2121 947 fecerit

546 997 721 1040 morte
781 987 1066 1041 moriatur.
1117 985 1221 1039 Sed
1263 986 1574 1039 incarnatus
1619 987 1825 1056 virgam
1874 984 2116 1049 abstulit,

541 1062 667 1146 quia
691 1078 807 1132 vias
830 1078 954 1131 Villi:
985 1092 1082 1147 per
1103 1064 1568 1131 mansuetudinem
1594 1077 1848 1131 ostendit.
1876 1075 2011 1131 Hinc
2036 1085 2119 1130 est

537 1169 683 1240 quod
730 1168 780 1221 ei
834 1168 1052 1223 dicitur.
1111 1167 1401 1231 «Intende,
1459 1181 1718 1235 prospere
1779 1167 2011 1236 procede
2065 1175 2120 1220 ct

540 1273 725 1329 regna,
768 1266 988 1327 propter
1015 1257 1295 1311 veritatem
1322 1266 1376 1309 et
1403 1255 1867 1309 mansuetudinem
1893 1264 1948 1309 et
1972 1253 2119 1323 iusti-

538 1350 667 1404 tiam
713 1347 885 1420 (Psal.
921 1362 1063 1413 κων,
1107 1347 1225 1418 5).»
1275 1346 1476 1400 Timeri
1523 1346 1719 1416 quippe
1764 1346 1917 1415 quasi
1965 1346 2110 1399 Deus

538 1440 730 1504 noluit,
756 1440 848 1495 sed
873 1440 1027 1509 quasi
1059 1439 1219 1493 Pater
1242 1446 1300 1492 ut
1323 1447 1600 1492 amaretur
1627 1436 1929 1506 inspiravit.
1963 1434 2117 1501 Quod

534 1535 753 1604 liquido
800 1533 1000 1587 Paulus
1029 1532 1162 1586 dicit
1206 1549 1220 1585 :
1265 1549 1284 1583 t
1308 1530 1422 1584 Non
1453 1530 1596 1583 enim
1641 1527 1927 1597 accepistis
1955 1528 2116 1597 spiri-

539 1636 652 1679 lunt
675 1624 953 1679 servitutis
985 1623 1178 1676 iterum
1211 1621 1264 1675 in
1299 1622 1512 1684 timore,
1555 1618 1648 1672 sed
1681 1617 1966 1686 accepistis
2008 1618 2120 1687 spi-

536 1715 699 1768 ritum
747 1713 1050 1783 adoptionis
1095 1711 1345 1775 filiorum,
1396 1710 1450 1765 in
1486 1723 1594 1779 quo
1619 1708 1938 1772 clamamus,
1964 1706 2116 1761 Abba

527 1802 737 1877 [Pater]
762 1803 939 1874 (liam.
964 1817 1080 1865 vm,
1118 1800 1225 1871 15).
1250 1820 1268 1853 ι
1299 1800 1588 1869 Sequitur:

602 1894 761 1949 Vsus.
787 1892 877 1946 55.
902 1890 1135 1962 Loquar,
1156 1902 1202 1943 et
1228 1907 1330 1944 non
1351 1890 1539 1944 timebo
1560 1905 1698 1945 eum.
1716 1919 1781 1929 —
1798 1889 1895 1944 Vir
1911 1887 2109 1944 etenim

526 1993 770 2051 sanctus,
801 1985 924 2054 quia
952 1984 1175 2039 humani
1208 1982 1422 2053 generis
1458 1982 1876 2052 Itedemptorem
1925 1982 2112 2036 venire

533 2079 718 2131 mitem
764 2076 1051 2147 conspicit,
1104 2091 1209 2129 non
1256 2084 1455 2129 metum
1490 2090 1521 2128 a
1558 2073 1804 2137 Domino,
1854 2073 1948 2128 sed
1977 2071 2109 2128 θειο-

526 2180 673 2225 ctum
703 2186 732 2223 a
760 2169 920 2223 Patre
968 2169 1153 2233 sumit,
1193 2177 1247 2223 et
1279 2169 1528 2221 timorem
1562 2167 1812 2236 despicit,
1851 2165 1976 2236 quia
2014 2180 2111 2235 per

525 2260 831 2331 adoptionis
856 2260 1085 2329 gratiam
1115 2259 1180 2313 ad
1208 2273 1450 2312 antorem
1482 2259 1675 2329 surgit.
1705 2258 1840 2312 Hinc
1866 2257 2110 2312 Joannes

533 2352 649 2406 ait:
687 2370 705 2403 ι
726 2351 912 2405 Timor
937 2366 1040 2405 non
1064 2358 1150 2405 est
1180 2350 1233 2403 in
1260 2351 1550 2416 cbaritate,
1589 2351 1684 2405 sed
1718 2348 1955 2419 perfecta
1978 2348 2110 2404 eba-

524 2444 658 2498 ritas
689 2442 835 2498 foras
866 2443 1029 2497 mittit
1062 2444 1308 2499 timorem
1352 2443 1404 2513 (I
1425 2443 1588 2499 Joan.
1616 2460 1690 2511 iv,
1721 2444 1829 2514 18).
1870 2464 1888 2496 ι
1916 2444 1959 2499 Α
1988 2459 2110 2513 pec-

524 2534 632 2590 cati
659 2536 821 2606 igitur
851 2546 1025 2590 morte
1057 2535 1220 2590 timor
1249 2551 1347 2590 nos
1370 2537 1635 2591 suscitare
1663 2552 1771 2591 non
1800 2535 1987 2599 valuit,
2012 2535 2106 2590 sed

504 2629 588 2683 .ad
614 2639 814 2684 statum
838 2630 967 2684 vitae
990 2630 1228 2698 aspirata
1258 2628 1688 2684 mansuetudinis
1710 2629 1885 2699 gratia
1906 2631 2102 2682 erexit.

518 2717 781 2787 Sequitur
809 2738 823 2774 :
860 2718 1042 2789 Neque
1080 2719 1219 2771 enim
1261 2734 1473 2788 possunt
1506 2727 1737 2772 metuens
1770 2718 2101 2786 respondere.

501 2837 590 2848 -—
611 2808 957 2879 Respondere
991 2808 1188 2878 quippe
1213 2809 1436 2864 cuilibet
1467 2809 1717 2875 dicimus,
1775 2825 1897 2864 cum
1946 2809 2105 2865 t'actis

518 2897 666 2952 illius
697 2899 854 2968 digna
881 2913 1046 2967 opera
1078 2914 1570 2969 recompensamus.
1599 2899 1709 2954 Deo
1731 2915 1860 2971 ergo
1882 2915 2103 2970 respon-

519 2991 649 3043 dere
678 2998 781 3054 est,
821 2991 978 3044 donis
1014 2989 1130 3058 ejus
1173 2992 1601 3060 praecedentibus
1633 3002 1816 3047 nostra
1843 2994 2099 3063 obsequia

518 3077 772 3132 reddere.
823 3079 971 3133 Dona
1016 3080 1159 3133 enim
1206 3080 1362 3134 nobis
1409 3080 1653 3151 largitur,
1707 3083 2095 3153 benignitatem

2225 534 2314 603 qui
2370 550 2475 589 non
2530 534 2899 600 crediderunt,
2951 534 3186 603 perdidit
3242 532 3401 605 (Iud.
3442 536 3560 607 v).i
3611 539 3666 594 Et
3697 543 3742 598 in

2223 624 2431 695 psalmo
2459 642 2473 678 :
2512 645 2528 675 ‹
2551 623 2848 679 induantur
2872 624 3010 680 sicut
3033 623 3263 694 diploide
3285 625 3581 682 confusione
3604 628 3741 699 (Pent.

2221 715 2545 785 cxvttt,29).
2572 733 2591 766 ι
2640 715 2748 769 Διιι
2796 730 2917 770 cum
2957 724 3225 769 tormenta
3267 717 3535 785 sequentia
3562 718 3745 789 ﬂagellis

2222 806 2580 875 praesentibus
2624 806 2940 876 exstinguit.
2985 806 3121 860 Hinc
3147 805 3344 861 Paulus
3368 808 3476 861 ait:
3506 825 3523 858 t
3542 807 3658 863 Cum
3678 811 3746 877 ju-

2222 895 2470 949 dicamur
2516 911 2545 948 a
2586 893 2833 958 Domino,
2883 895 3231 965 corripitnur,
3270 904 3327 948 ut
3377 910 3479 950 non
3518 911 3626 952 cum
3665 899 3747 954 hoc

2222 985 2418 1041 mundo
2462 987 2783 1041 damnemur
2814 986 2864 1056 (I
2889 986 3011 1041 Cor.
3047 1002 3122 1051 χι,
3156 987 3268 1057 52).
3293 1006 3311 1039 ι
3342 988 3406 1040 Ει
3432 988 3553 1043 alibi
3579 1005 3592 1043 :
3624 1010 3640 1042 ι
3660 992 3747 1063 Ego

2220 1091 2356 1147 quos
2377 1090 2500 1130 amo
2519 1092 2706 1147 arguo,
2730 1085 2787 1131 et
2805 1078 3011 1146 castigo
3028 1076 3209 1148 (Apoc.
3232 1093 3312 1141 ιιι,
3337 1076 3441 1148 19).
3456 1097 3475 1129 ο
3500 1078 3745 1148 Sequitur:

2219 1164 2247 1219 Ι
2253 1166 2407 1220 ndica
2431 1166 2560 1220 mihi
2590 1182 2686 1220 cur
2720 1183 2800 1221 me
2827 1168 2900 1221 ita
2916 1169 3166 1238 judices?
3193 1171 3271 1224 Ac
3300 1171 3343 1224 si
3373 1172 3572 1227 diceret
3598 1187 3610 1224 :
3637 1171 3745 1240 Quia

2216 1254 2533 1328 ﬂagellando
2580 1272 2664 1311 me
2714 1256 2945 1327 judicas,
2991 1262 3214 1315 ostende
3255 1262 3396 1330 quod
3432 1261 3494 1315 ad
3529 1263 3750 1332 judicium

2217 1360 2314 1414 per
2353 1345 2618 1417 ﬂagellmn
2663 1362 2911 1402 securum
2958 1351 3171 1405 reddas.
3220 1351 3430 1406 Aliter:
3467 1351 3751 1423 Plermnquc

2216 1438 2360 1492 enim
2406 1438 2584 1508 justus
2628 1439 2834 1511 ﬂagella
2882 1442 2946 1495 ad
2994 1443 3363 1512 probationem
3404 1446 3636 1515 percipit,
3679 1448 3752 1501 sed

2216 1545 2314 1599 pro
2341 1544 2446 1599 qua
2477 1541 2655 1586 tamen
2699 1533 3007 1601 specialiter
3029 1534 3184 1604 culpa
3214 1537 3546 1605 percutiatur
3570 1538 3754 1594 minime

2206 1622 2512 1690 cognoscit,
2543 1631 2704 1692 atque
2734 1624 2904 1695 magis
2939 1624 2991 1677 in
3027 1626 3374 1694 percussione
3407 1628 3646 1697 trepidat,
3668 1645 3753 1698 quo

2219 1725 2435 1765 causam
2477 1726 2588 1766 sua:
2627 1714 2996 1783 percussionis
3027 1716 3258 1787 ignorat.
3287 1716 3431 1771 Petit
3459 1728 3517 1771 ut
3544 1706 3756 1788 seruiuit»

2147 1804 2194 1864 Β
2222 1818 2337 1858 sum
2366 1804 2464 1859 sibi
2485 1803 2651 1873 judex
2697 1807 2917 1872 iudicet,
2952 1819 3220 1877 quatemts
3250 1812 3397 1879 quod
3430 1810 3516 1864 ille
3544 1813 3754 1865 animad-

2213 1895 2471 1953 vertendo
2499 1896 2751 1966 percutit,
2784 1896 2885 1953 boc
2917 1898 2971 1952 in
2999 1914 3060 1982 se
3088 1899 3264 1954 ﬂendo
3304 1908 3361 1955 et
3405 1899 3518 1970 ipse
3546 1902 3755 1972 castiget.

2210 1985 2470 2054 Sequitur
2488 2003 2507 2040 :

2284 2071 2442 2126 Vens.
2473 2071 2528 2126 5.
2573 2072 2823 2142 Nunquid
2859 2075 3051 2129 bonum
3079 2077 3173 2131 tibi
3201 2078 3410 2134 videtur
3434 2080 3481 2133 ei
3505 2078 3756 2132 calumnie-

2212 2163 2304 2228 ris,
2332 2173 2378 2215 et
2404 2164 2667 2232 opprimas
2690 2180 2770 2218 me
2788 2181 3064 2235 pauperem
3081 2168 3106 2223 2
3122 2197 3188 2207 -
3209 2168 3288 2223 Ac
3309 2170 3355 2224 si
3381 2179 3568 2239 aperte
3589 2170 3758 2224 dicere-

2208 2260 2300 2306 tur
2324 2271 2336 2306 :
2369 2251 2448 2307 Tu
2478 2252 2569 2322 qui
2608 2269 2816 2309 summe
2841 2256 3013 2310 bonus
3035 2272 3116 2323 es,
3150 2258 3272 2313 novi
3301 2260 3431 2329 quia
3460 2261 3649 2315 bonum
3675 2276 3758 2313 non

2208 2346 2468 2411 aestimas,
2501 2356 2558 2400 ut
2584 2362 2875 2417 pauperem
2907 2364 3004 2418 per
3028 2350 3357 2406 calmnniam
3389 2367 3622 2423 premas.
3658 2351 3762 2409 Scio

2208 2450 2339 2507 ergo
2368 2439 2492 2506 quia
2536 2454 2641 2492 non
2683 2448 2768 2493 est
2799 2437 3005 2506 justum
3035 2441 3176 2511 quod
3201 2444 3406 2512 patior,
3446 2452 3503 2498 et
3530 2458 3592 2497 eo
3620 2445 3760 2512 magis

2207 2529 2379 2592 doleo,
2425 2530 2569 2599 quod
2610 2546 2811 2585 causas
2855 2531 3081 2603 iustitia:
3132 2535 3342 2604 ignoro.
3396 2535 3533 2590 Cum
3575 2550 3763 2590 verosc

2206 2637 2521 2692 pauperem,
2572 2639 2679 2677 non
2728 2626 3069 2680 innocentem
3121 2637 3412 2691 memorat,
3456 2644 3561 2682 non
3586 2628 3688 2695 jam
3710 2629 3761 2680 de

2206 2717 2313 2770 vita
2358 2717 2639 2771 audaciam
2684 2719 2902 2788 arripit,
2935 2720 3027 2774 sed
3056 2735 3216 2790 quain
3247 2736 3309 2776 se
3346 2720 3623 2775 infirmum
3660 2734 3763 2774 con-

2206 2807 2395 2878 spiciat
2415 2809 2671 2863 ostendit.
2693 2809 2951 2877 Sequitur
2975 2828 2988 2863 :
3017 2809 3161 2881 Opus
3184 2828 3447 2864 manuum
3476 2821 3761 2865 tuarum.—

2202 2893 2282 2949 Ac
2305 2896 2348 2950 si
2372 2908 2556 2965 aperte
2577 2897 2753 2952 dicat:
2780 2897 2946 2967 lmpie
2968 2900 3275 2969 opprimere
3302 2917 3415 2956 non
3443 2910 3611 2971 potes,
3632 2914 3762 2969 quem

2205 2991 2259 3037 te
2298 2982 2491 3040 fecisse
2521 2987 2756 3056 gratuito
2798 2989 3125 3045 recordaris.
3175 2988 3487 3060 Sequitur:
3517 2991 3583 3044 Et
3621 2987 3764 3043 cousi-

2205 3073 2335 3127 lium
2378 3077 2657 3146 impiorum
2701 3078 2960 3147 adjuves?
2995 3111 3064 3120 —
3093 3079 3238 3148 Quos
3292 3097 3536 3152 namque
3584 3084 3676 3136 hoc
3720 3080 3762 3133 in

513 3180 690 3232 suam,
726 3177 780 3223 et
800 3183 926 3239 erga
949 3169 1121 3224 malos
1147 3169 1331 3224 utitur.
1358 3169 1703 3241 Respondere
1724 3173 1883 3227 homo
1907 3183 1982 3228 tot
2005 3175 2098 3230 be-

2204 3164 2316 3219 loco
2359 3165 2573 3235 impios,
2621 3167 2721 3221 nisi
2752 3168 3012 3238 malignos
3051 3171 3272 3240 spiritus
3303 3173 3506 3227 vocat?
3544 3170 3640 3239 Qui
3663 3184 3764 3224 cum

490 3256 722 3313 =neli'ciis
754 3258 931 3323 debet,
977 3260 1071 3315 sed
1117 3269 1296 3315 tamen
1328 3264 1655 3332 reSpondere
1690 3275 1936 3320 metuens
1987 3282 2092 3322 non

492 3347 656 3402 ~valet
682 3364 697 3413 ;
736 3349 860 3419 quia
891 3350 1109 3404 humani
1156 3352 1373 3421 generis
1401 3351 1770 3420 Conditorem,
1802 3355 1893 3424 qui
1919 3356 2096 3411 adhuc

509 3438 783 3494 set-viliter
829 3438 1111 3505 formidat,
1154 3443 1347 3511 procul
1396 3444 1561 3498 dubio
1605 3461 1709 3500 non
1749 3455 1916 3499 amat.
1958 3445 2091 3500 Nam

516 3537 643 3583 tunc
687 3529 860 3585 solmn
901 3531 1008 3585 Deo
1045 3546 1173 3586 vera
1204 3532 1460 3601 obsequia
1501 3536 1795 3601 reddimus,
1837 3552 1958 3591 cum
1994 3553 2093 3593 eos

509 3628 728 3690 propter
750 3623 951 3677 amoris
982 3623 1235 3678 ﬁduciam
1265 3640 1368 3679 non
1418 3626 1687 3693 timemus,
1728 3643 1848 3681 cum
1889 3644 1986 3683 nos
2024 3630 2092 3684 ad

506 3714 648 3764 bona
677 3724 842 3781 opera
897 3712 1141 3778 allectus,
1183 3729 1288 3767 non
1321 3722 1522 3781 metus,
1550 3716 1756 3787 dirigit.
1793 3716 2088 3789 Sequitur:

1134 3805 1363 3862 CAPUT
1402 3806 1469 3861 Χ.

574 3892 738 3948 Vens.
767 3893 818 3947 1.
852 3892 1023 3948 Taedet
1061 3902 1293 3948 animum
1339 3913 1505 3951 meam
1547 3899 1664 3952 vita'
1689 3915 1836 3954 mere.
1861 3926 1933 3942 -——
1953 3899 2086 3956 Cum

502 3985 649 4040 enim
685 3986 738 4040 in
777 4000 962 4041 amore
1004 3984 1310 4041 Conditoris
1342 4001 1493 4041 mens
1523 3996 1705 4041 nostra
1755 3989 2086 4054 accenditur,

501 4086 662 4132 omne
709 4077 1037 4132 desiderium
1085 4078 1366 4148 praesentis
1396 4078 1520 4132 vita:
1550 4077 1834 4149 levigatur.
1883 4078 1940 4134 In
1996 4089 2086 4134 lt!!-

501 4168 648 4221 dinm
692 4166 980 4222 delectatio
1025 4170 1275 4232 vertitur,
1334 4178 1495 4238 atque
1547 4170 1686 4225 banc
1733 4185 1855 4224 cuia
1904 4186 2087 4226 errore

428 4304 440 4323 ι
501 4271 657 4310 mens
696 4256 912 4322 tolerat,
949 4258 1034 4311 cui
1066 4258 1205 4312 victa
1232 4258 1384 4327 prius
1413 4259 1642 4329 reprobo
1669 4275 1853 4315 amore
1881 4261 2086 4316 servic-

501 4348 613 4401 bat.
668 4347 927 4416 Sequitur
969 4364 983 4399 :
1034 4346 1310 4400 Dimittunt
1359 4348 1634 4402 aduersum
1690 4365 1773 4404 me
1821 4348 2086 4422 eloquium

500 4454 696 4491 meum.
726 4467 795 4477 —
820 4435 981 4502 Quasi
1012 4450 1110 4505 pro
1138 4452 1194 4490 se
1223 4436 1435 4506 eloquio
1462 4452 1560 4491 suo
1585 4439 1771 4501 utitur,
1799 4439 1888 4508 qui
1917 4454 2083 4509 prava

497 4544 620 4582 oua:
649 4527 838 4597 gessit,
888 4526 1174 4580 defendere
1220 4527 1659 4583 exettsationibus
1684 4537 1929 4582 conatur.
1973 4529 2080 4587 Sed

500 4620 786 4673 adversum
832 4632 890 4672 se
931 4616 1204 4686 eloquium
1252 4616 1493 4681 dimittit,
1531 4618 1621 4686 qui
1653 4633 1908 4673 accusare
1940 4619 1994 4673 in
2018 4633 2080 4676 se

499 4711 604 4764 lioc
631 4708 840 4778 incipit,
869 4709 1009 4778 quod
1040 4708 1262 4763 erravit.
1288 4707 1546 4778 Sequitur
1572 4727 1583 4761 :
1614 4707 1827 4779 Loquar
1848 4712 1903 4765 in
1928 4727 2079 4767 ama-

500 4799 731 4852 ritudine
773 4799 963 4852 animo:
1015 4815 1158 4853 mem.
1182 4828 1254 4840 --
1279 4798 1411 4865 Quis
1437 4799 1623 4870 culpas
1653 4816 1780 4855 suas
1809 4802 2081 4858 detestans

495 4887 758 4958 loquitur,
810 4898 983 4943 restat
1025 4903 1247 4943 necesse
1291 4899 1375 4943 est
1415 4899 1473 4944 ut
1521 4890 1695 4944 basin
1721 4892 2082 4947 amaritudine

493 4980 695 5033 animae
751 4978 1038 5048 loquatur,
1089 4988 1147 5033 ut
1197 4980 1312 5034 haec
1352 4979 1465 5051 ipsa
1514 4980 1819 5037 amaritudo
1869 4982 2078 5051 puniat,

499 5067 754 5104 ηηῖιΙηηῖιΙ
801 5068 975 5104 linnnn
1029 5084 1125 5104 non
1171 5070 1365 5104 monii:
1412 5067 1668 5104 ἷιιιΙῖιιῖηιη
1714 5081 1927 5104 ann-ncne
1984 5070 2081 5104 GL

2200 3257 2378 3311 redire
2408 3258 2507 3326 ipsi
2541 3259 2609 3313 ad
2632 3260 2796 3312 vitam
2826 3271 3122 3330 nequeunt,
3179 3264 3486 3320 crudeliter
3526 3266 3688 3320 socios
3710 3261 3764 3316 ad

2199 3356 2427 3402 mortem
2474 3360 2742 3418 qumrunt.
2770 3349 3008 3418 Quorum
3049 3354 3304 3408 nimirum
3340 3357 3631 3411 consilium
3666 3354 3764 3415 fuit,

2197 3444 2257 3491 ut
2296 3438 2512 3492 beatum
2538 3438 2639 3495 Job
2674 3440 2855 3494 divina
2876 3443 3145 3512 correptio
3189 3452 3470 3515 tangeret,
3521 3455 3576 3501 et
3603 3444 3694 3515 .qui
3721 3443 3762 3495 in

2198 3528 2589 3597 tranquillitate
2628 3529 2811 3597 justus
2867 3533 3172 3597 exstiterat,
3216 3535 3418 3591 saltem
3464 3552 3565 3607 per
3587 3534 3765 3607 ﬂagella

2192 3628 2469 3689 peccaret.
2533 3620 2640 3676 Sed
2691 3622 2978 3692 impiorum
3024 3624 3310 3680 consilium
3361 3626 3630 3682 Dominus
3678 3640 3764 3680 non

2195 3712 2423 3777 audivit,
2454 3712 2579 3781 quia
2612 3727 2799 3767 eorum
2830 3715 3220 3771 tentationibus
3247 3732 3482 3773 carnem
3508 3719 3637 3787 justi
3666 3732 3768 3786 pro-

2193 3799 2349 3865 didit,
2381 3802 2618 3855 animam
2649 3802 2883 3871 negavit.
2916 3802 3030 3858 Hoc
3058 3804 3220 3859 etiam
3251 3807 3553 3861 consilium
3580 3804 3768 3861 assidue

2194 3888 2454 3944 Dominus
2502 3890 2757 3955 destruit,
2804 3892 2934 3960 quia
2982 3894 3104 3963 pius
3133 3893 3405 3951 Conditor
3432 3913 3559 3951 cum
3590 3895 3768 3950 viribzs

2194 3978 2410 4050 ﬂagella
2472 3982 2819 4046 moderatur,
2877 3998 2946 4038 ne
2998 3985 3250 4039 virtutem
3295 3987 3584 4057 justorutn
3633 3999 3770 4057 pinna

2195 4080 2439 4127 transeat
2482 4074 2958 4143 persequentium,
3011 4084 3066 4130 et
3111 4092 3210 4146 per
3250 4064 3523 4133 astutiam
3573 4078 3767 4133 fortium

2192 4163 2429 4217 lmmana
2474 4162 2760 4218 infirmitas
2806 4166 3051 4220 excedat.
3093 4166 3230 4222 Hinc
3258 4168 3472 4225 Paulus
3503 4171 3581 4225 ait
3609 4188 3622 4225 :
3656 4188 3675 4222 ι
3700 4168 3771 4223 Fi-

2191 4254 2326 4310 delis
2380 4262 2561 4310 autem
2616 4256 2791 4323 Deus,
2849 4259 2943 4328 qui
3006 4275 3111 4313 non
3168 4262 3379 4330 patitur
3427 4279 3532 4318 vos
3587 4259 3769 4318 tentari

2189 4358 2352 4414 supra
2386 4346 2439 4401 id
2481 4348 2622 4416 quod
2667 4348 2911 4418 potestis,
2941 4368 2959 4401 ι
2984 4357 3041 4404 ct
3082 4349 3282 4421 reliqua
3331 4352 3387 4423 (1
3421 4351 3555 4408 Cor.
3588 4369 3640 4417 χ,
3674 4350 3769 4418 15).

2192 4436 2482 4505 Sequitur:

2256 4529 2419 4584 Vens.
2457 4528 2512 4595 4,
2540 4528 2594 4594 5,
2621 4529 2675 4595 6,
2702 4530 2754 4584 7.
2794 4529 3050 4600 Nunquid
3099 4534 3236 4587 oculi
3273 4536 3468 4589 cornei
3510 4535 3607 4589 tibi
3648 4542 3771 4592 sunt.

2183 4632 2272 4674 aut
2303 4621 2438 4675 sicut
2469 4622 2605 4675 videt
2634 4622 2785 4675 homo
2811 4634 2857 4675 et
2879 4634 2935 4676 tu
2966 4626 3102 4678 vides
3122 4626 3147 4678 .9
3190 4624 3463 4697 Nunquid
3511 4630 3646 4684 sicut
3680 4627 3774 4681 dies

2180 4712 2436 4775 hominis,
2490 4713 2599 4766 dies
2646 4714 2744 4779 tui,
2775 4724 2867 4768 aut
2907 4717 3035 4769 anui
3084 4718 3159 4770 tui
3199 4719 3334 4772 sicut
3381 4720 3632 4775 humana
3670 4725 3771 4773 sunt

2181 4811 2414 4873 tempora
2467 4815 2521 4857 ut
2570 4820 2777 4871 quietas
2816 4806 3145 4877 iniquitatem
3190 4826 3363 4863 meam
3408 4825 3462 4865 et
3519 4820 3773 4884 peccatum

2184 4911 2356 4948 meum
2407 4895 2680 4957 scr-uteris,
2704 4905 2750 4949 et
2799 4896 2933 4951 scias
2955 4900 3079 4969 quia
3116 4900 3249 4954 nihil
3275 4902 3515 4969 impium
3540 4898 3782 4974 fecerim!

2184 5013 2251 5024 —
2278 4984 2356 5038 Ac
2405 4985 2450 5037 si
2499 4984 2772 5039 humiliter
2824 4988 3113 5057 requirens
3163 4990 3416 5046 diceret:
3445 4992 3566 5047 Cur
3607 5006 3691 5046 me
3733 4990 3775 5041 in

2186 5084 2424 5104 Inonnnnn
2470 5090 2567 5104 una
2605 5075 2811 5104 “ann-nn
2864 5081 3139 5104 Ανη.ιιζ..ο.ι.

3214 5095 3372 5104 ...ιο-μ..
3418 5099 3527 5104 ιρι-
3556 5093 3569 5104 l
3597 5093 3641 5104 ο-
3672 5094 3757 5104 ..Α-
