3948 5398
140 224 258 284 ωδ

902 221 1203 281 animus
1238 217 1603 279 nonsuun
1640 217 1698 274 s.
1741 215 1949 276 caeo.
1986 219 2057 276 IN
2092 218 2232 279 τοι).
2274 252 2343 263 -
2378 221 2504 279 us.
2546 176 2665 279 lx.‘

3294 233 3399 295 είιι

156 345 349 392 nostra
391 349 516 407 qua
564 344 806 407 tempore
843 335 1121 406 incipitur,
1163 345 1219 391 et
1256 346 1496 404 tempore
1532 332 1736 388 ﬁnitur.
1769 338 1812 394 Α
1844 331 2125 389 formatur.
2157 333 2313 391 Sicut
2347 349 2565 392 caseum
2594 336 2940 408 coagulatur,
2971 338 3097 409 quia
3129 339 3184 397 in
3212 345 3411 401 consti-

153 427 267 483 Dco
308 428 511 499 quippe
557 443 658 483 nec
706 437 981 483 transacta
1033 436 1382 497 prmtereunt,
1431 441 1529 481 nec
1562 423 1738 480 adhuc

152 524 387 570 ventura
426 516 582 586 quasi
630 532 751 587 quae
779 533 883 571 non
919 523 1239 587 appareant,
1275 516 1487 569 desunt.
1525 512 1662 580 Quia
1693 512 1739 566 is

150 606 244 675 qui
271 621 496 676 semper
531 621 654 662 esse
696 607 877 671 liabet,
923 613 1117 662 cuncta
1153 604 1254 660 sibi
1285 604 1570 675 praesentia
1600 617 1734 656 con-

151 698 337 766 spicit,
380 713 505 752 cum
542 698 858 768 aspiciendo
902 706 1025 766 post
1073 706 1128 751 et
1166 705 1293 750 ante
1335 711 1442 750 non
1476 694 1733 750 tenditur.

153 787 463 858 Sequitur:
497 787 628 842 Cum
668 788 734 842 sit
782 803 932 842 nemo
986 788 1075 858 qui
1119 788 1183 840 de
1229 801 1392 840 manu
1435 795 1529 839 tua
1570 785 1735 856 possit

149 881 378 934 eruere?
408 909 473 920 —
497 881 574 936 Ac
601 880 649 937 si
675 889 861 950 aperte
908 881 1087 936 dicat:
1119 879 1256 946 Quid
1288 878 1382 933 tibi
1414 885 1600 939 restat,
1634 875 1735 930 nisi

145 986 402 1040 parcere,
448 973 602 1044 cujus
655 972 840 1028 virtuti
890 973 1067 1027 nullus
1129 971 1273 1026 valet
1322 968 1574 1026 obviare?
1615 969 1735 1036 Quo

138 1063 292 1117 enim
325 1079 491 1119 nemo
524 1071 631 1127 est,
661 1064 752 1134 qui
789 1063 1312 1118 animadversionem
1343 1068 1488 1116 tu'am
1515 1075 1581 1115 ex
1624 1075 1735 1114 me-

142 1162 253 1213 rito
298 1172 419 1212 suae
458 1156 674 1213 virtutis
716 1156 968 1221 retineat,
1000 1170 1066 1211 eo
1091 1164 1201 1210 ate
1233 1154 1447 1210 facilius
1488 1163 1578 1209 tua
1622 1154 1734 1224 pie-

144 1261 229 1306 tas
255 1250 452 1320 exigit,
475 1258 537 1303 ut
558 1263 771 1317 parcas.
802 1247 1097 1317 Sequitur:

221 1339 391 1393 Vsus.
422 1338 476 1393 8.
516 1336 710 1394 Manus
748 1348 855 1393 tua:
896 1336 1130 1407 fecerunt
1168 1353 1250 1393 me
1274 1348 1324 1394 et
1346 1338 1731 1409 plasmaveruut

142 1444 227 1482 me
255 1437 430 1480 totum
471 1426 527 1480 in
555 1427 806 1490 circuitu,
842 1435 892 1481 ct
934 1428 1011 1482 sic
1045 1438 1251 1497 repente
1277 1429 1575 1498 pra'cipitas
1615 1431 1735 1488 me?

139 1520 319 1574 --Ac
355 1521 404 1576 si
432 1519 711 1575 humiliter
748 1519 912 1574 dicat.
960 1518 1099 1587 Quia
1147 1520 1249 1575 sub
1289 1518 1439 1588 justo
1482 1524 1733 1578 examine

139 1610 373 1679 dignum
419 1624 528 1664 non
578 1617 662 1663 est
707 1618 810 1663 tua:
853 1609 1144 1678 placationi
1190 1610 1334 1678 quod
1383 1608 1514 1676 feci,
1561 1626 1730 1680 pensa

1838 427 2053 496 patione
2099 427 2502 499 pinguesccntis
2562 431 2903 501 cogitationis
2947 433 3259 503 astringitur
3287 475 3305 501 ,
3353 445 3415 493 ut

1840 531 2177 589 nequaquam
2224 520 2334 587 jam
2365 536 2462 589 per
2494 520 2756 577 desideria
2803 522 3037 587 deﬂuat,
3078 524 3172 579 sed
3202 525 3258 580 iu
3301 540 3409 580 uno

1836 622 2021 664 amore
2034 622 2093 661 se
2113 608 2389 680 colligens,
2411 611 2478 664 ad
2500 610 2722 666 solidam
2748 612 3180 670 reformationem
3202 625 3408 686 surgat.

1837 695 1981 753 Pelle
1998 698 2193 769 quippe
2224 709 2277 754 et
2305 700 2559 767 carnibus
2584 703 2807 757 interior
2828 704 2987 759 homo
3010 705 3258 771 vestitur,
3282 707 3409 776 quia

1835 803 1957 843 cum
1990 790 2056 843 ad
2083 805 2311 858 superna
2353 792 2579 862 erigitur
2600 832 2615 857 .
2646 794 2942 849 carnalium
2992 804 3231 851 motuum
3266 798 3411 853 obsi-

1836 880 1996 937 dione
2022 882 2274 938 vallatur.
2306 884 2574 941 Cornibus
2613 894 2669 941 et
2705 886 2845 957 pelle
2887 888 3169 954 vestimur,
3199 890 3296 945 sed
3322 904 3412 945 os-

1836 970 1986 1026 sibus
2005 981 2060 1027 et
2091 973 2272 1028 nervis
2299 975 2711 1047 compingimur,
2741 978 2865 1046 quia
2893 978 2992 1033 etsi
3015 975 3146 1033 foris
3171 978 3411 1034 irruente

1832 1063 2129 1135 tentatione
2165 1066 2529 1133 concutimur,
2574 1067 2718 1123 intus
2757 1077 2936 1125 tamen
2971 1085 3067 1125 nos
3102 1071 3410 1126 Conditoris

1837 1167 2027 1208 manus
2054 1154 2274 1210 roborat
2304 1168 2491 1212 contra
2522 1166 2874 1217 teutamenta.
2910 1161 3167 1231 Sequitur
3198 1180 3211 1216 :

1908 1244 2068 1298 Vens.
2101 1245 2186 1299 12.
2227 1244 2401 1301 Vitam
2421 1259 2469 1302 et
2491 1249 2903 1306 misericordiam
2925 1252 3154 1306 tribuisti
3173 1253 3319 1307 mihi.
3342 1281 3413 1293 —

1833 1332 2091 1405 Augustin
2140 1337 2336 1408 quippe
2380 1340 2475 1395 Dei
2523 1341 2641 1397 laus
2690 1350 2836 1398 esset
2887 1343 3119 1398 discreta
3164 1358 3196 1397 a
3245 1343 3417 1399 creati

1835 1427 2097 1495 corporis,
2149 1429 2252 1483 nisi
2291 1429 2456 1484 etiam
2509 1443 2797 1501 sequenter
2841 1432 3238 1502 exprimeretur
3276 1433 3414 1488 mira

1834 1515 2089 1586 aspiratio
2114 1516 2509 1574 viviﬁcationis.
2544 1519 2887 1577 Mommsen.
2941 1522 3064 1577 Vita
3089 1523 3288 1593 quippe
3318 1523 3417 1577 tri-

1834 1609 2039 1686 buitur,
2068 1625 2189 1665 cum
2219 1612 2467 1682 malignis
2492 1616 2764 1671 mentibus
2790 1615 3094 1685 benignitas
3121 1616 3411 1686 aspiratur.

141 1696 579 1753 misericorditer
601 1710 669 1751 ne
690 1706 900 1767 pereat,
926 1698 1069 1768 quod
1098 1697 1290 1753 fecisti.
1334 1698 1540 1766 Quibus
1567 1700 1729 1759 etiam
1763 1688 1807 1747 Β
1839 1699 1945 1754 Sed
1976 1684 2081 1754 viia
2107 1701 2223 1757 sine
2253 1702 2620 1760 misericordia
2662 1707 2832 1777 accipi
2863 1684 3203 1777 nequaquam
3234 1706 3411 1772 valet,

140 1790 331 1845 verbis
380 1803 695 1859 perversum
740 1788 1023 1844 Manichmi
1062 1789 1256 1860 dogma
1285 1789 1602 1858 destruitur,
1641 1793 1734 1862 qui

144 1879 258 1932 duo
296 1879 569 1950 principia
590 1892 711 1934 esse
736 1878 1027 1943 mentiens,
1071 1892 1101 1931 a
1132 1879 1241 1933 Deo
1276 1879 1543 1950 spiritum,
1582 1897 1610 1935 a
1638 1879 1735 1936 Sa-

138 1976 270 2020 tana
296 1980 434 2019 vero
464 1980 686 2020 carnem
728 1963 998 2019 conditam
1046 1980 1292 2020 asserere
1334 1976 1582 2023 conatur.
1614 1968 1736 2023 Pla-

134 2068 385 2112 smatum
429 2072 562 2111 vero
599 2072 659 2113 se
685 2066 908 2127 propter
948 2058 1237 2128 imaginem
1276 2058 1477 2122 retulit,
1528 2060 1733 2116 factum

134 2162 274 2201 vero
304 2155 481 2201 totum
518 2145 578 2200 in
609 2146 864 2210 circuitu,
894 2146 947 2201 in
968 2161 1036 2201 eo
1060 2148 1292 2216 quodex
1315 2149 1495 2204 carnis
1524 2158 1736 2206 constat

133 2237 470 2292 indumento
523 2237 866 2291 memoravit.
916 2236 1220 2292 Notandum
1273 2254 1406 2295 vero
1458 2235 1565 2305 est,
1607 2242 1733 2312 quia

137 2346 243 2400 per
272 2331 380 2385 hoc
410 2330 737 2399 plasmatum
771 2328 863 2383 Dei
890 2328 1142 2386 manibus
1178 2331 1394 2394 asserit,
1427 2332 1736 2389 misericoro

135 2425 245 2479 diu:
299 2421 515 2484 Judicis
568 2421 885 2492 dignitatem
927 2438 1041 2478 sure
1086 2424 1415 2480 conditionis
1454 2426 1726 2496 supponit.

133 2515 211 2570 Ac
242 2514 289 2570 si
315 2522 511 2583 aperte
534 2513 678 2568 dicat
705 2530 719 2567 :
746 2512 857 2569 Cur
878 2521 1031 2567 tanta
1060 2513 1266 2569 vilitate
1289 2515 1544 2585 despicis,
1567 2531 1730 2587 quem

132 2617 294 2664 tanta
340 2608 610 2678 dignitate
648 2607 971 2663 mudidisti?
1013 2608 1081 2664 Et
1124 2625 1286 2679 quem
1326 2611 1536 2666 ratione
1576 2620 1735 2669 caete-

132 2700 208 2755 ris
265 2700 438 2755 rebus
483 2696 732 2768 praders,
768 2713 866 2753 cur
921 2714 989 2766 es
1034 2699 1222 2756 dolore
1264 2701 1567 2772 supponis?
1628 2701 1732 2759 Se-

128 2795 358 2864 quitur:

206 2886 383 2941 Vsus.
416 2881 470 2939 9.
502 2881 783 2947 Memento,
807 2899 1005 2954 quwso,
1029 2884 1175 2954 quod
1199 2883 1333 2939 sicut
1357 2883 1524 2939 lutum
1546 2884 1745 2955 feceris

132 2993 234 3031 me.
268 3005 348 3017 ——
369 2975 455 3030 Ac
501 2975 547 3030 si
587 2983 773 3043 aperte
815 2975 959 3029 dicat
988 2974 1401 3030 :lnlirmitatem
1434 2975 1639 3041 carnis,
1677 2984 1734 3031 et

133 3078 354 3123 reatum
389 3067 695 3136 iniquitatis
721 3066 862 3122 laxa.
888 3066 1040 3123 Sicut
1060 3066 1229 3121 lutum
1262 3067 1444 3138 itaque
1469 3067 1632 3123 homo
1650 3077 1735 3123 est

134 3159 418 3221 conditus,
447 3157 517 3212 de
552 3156 680 3211 limo
723 3164 993 3227 sumptus,
1029 3158 1158 3227 quia
1200 3159 1354 3228 quasi
1386 3172 1525 3228 aqua
1555 3158 1737 3214 infun-

137 3250 218 3304 dit
275 3247 611 3319 pulverem,
660 3261 787 3303 cum
837 3247 1016 3302 anima
1061 3248 1204 3319 rigat
1252 3264 1492 3304 carnem.
1536 3248 1732 3305 Lutum

132 3340 346 3410 quippe
376 3338 462 3402 ﬁt,
491 3354 617 3393 cum
661 3353 719 3394 se
755 3353 894 3408 aqua
935 3346 1094 3393 terra:
1120 3339 1450 3409 conspergit.
1482 3338 1607 3396 Haec
1633 3356 1732 3395 au-

134 3441 246 3487 tem
272 3447 406 3502 quae
433 3430 502 3485 de
521 3429 777 3485 exteriori
807 3429 1025 3484 homine
1051 3430 1270 3495 dicitur,
1296 3430 1460 3485 etiam
1486 3431 1732 3487 interiori

133 3527 326 3588 potest
355 3532 684 3589 congruere.
711 3516 866 3573 Sicut
890 3517 1058 3573 lutum
1085 3519 1284 3589 quippe
1315 3518 1477 3575 homo
1508 3520 1737 3575 interior

131 3610 376 3675 exstitit,
426 3608 555 3679 quia
596 3624 721 3663 cum
773 3608 998 3677 spiritus
1044 3608 1232 3677 gratia:
1282 3617 1513 3664 terrenae
1562 3609 1732 3665 menti

134 3700 476 3765 infunditur,
505 3707 564 3752 ut
586 3699 654 3753 ad
673 3697 1007 3753 intellectum
1031 3698 1112 3753 sui
1136 3696 1444 3753 Conditoris
1471 3698 1731 3770 erigatur.

135 3793 401 3847 Humana
445 3803 682 3859 namque
724 3788 980 3859 cogitatio
1020 3803 1140 3857 quae
1177 3788 1386 3856 peccati
1422 3787 1506 3843 sui
1538 3788 1737 3843 sterili-

137 3890 257 3939 tate
284 3882 459 3944 aruit,
490 3894 591 3951 per
614 3880 721 3934 vim
749 3879 921 3935 sancti
955 3879 1190 3948 Spiritus
1212 3878 1506 3934 viridescit.
1536 3878 1736 3957 Sequi-

136 3984 235 4031 tur
275 3988 295 4028 :
334 3970 399 4027 Et
424 3973 478 4025 in
516 3970 778 4041 pulverem
835 3970 1048 4025 reduces
1093 3987 1197 4026 me.
1222 3971 1391 4025 -Ac
1420 3971 1465 4026 si
1488 3979 1738 4042 patenter

135 4063 395 4135 postulet
440 4061 625 4116 dicens
653 4074 667 4113 :
699 4059 1001 4126 Materiam,
1026 4075 1232 4129 qtueso,
1263 4060 1489 4131 originis
1516 4069 1571 4115 et
1610 4074 1733 4130 pte-

135 4172 274 4209 nam
313 4153 442 4206 ﬁnis
470 4152 673 4222 aspice,
710 4159 767 4205 et
797 4149 972 4220 culpis
999 4150 1160 4205 citius
1191 4149 1522 4206 transeuntis
1553 4165 1734 4219 parce.

137 4244 501 4299 Moesus-sa.
548 4241 682 4296 Cum
723 4240 868 4296 enim
903 4254 1002 4310 per
1037 4240 1463 4297 subtractionem
1500 4240 1727 4310 spiritus

138 4351 308 4390 mens
336 4334 531 4396 electa,
581 4332 647 4387 ad
687 4330 1079 4402 aliquantulum
1111 4332 1165 4385 in
1195 4332 1548 4388 tentationem
1570 4332 1734 4397 ,dese-

138 4428 314 4488 ritur,
364 4424 520 4492 quasi
561 4423 630 4478 ab
667 4424 893 4478 humore
931 4422 1160 4494 pristino
1189 4432 1339 4477 terra
1376 4423 1636 4488 siccatur,
1677 4432 1737 4477 ut

140 4516 531 4571 inﬁrmitatem
556 4528 709 4570 suam
728 4514 984 4570 derelicta
1007 4512 1228 4579 sentiat,
1248 4520 1304 4568 et
1321 4514 1439 4570 sine
1468 4514 1737 4571 inlusione

139 4620 408 4677 supernae
441 4605 627 4677 gratia:
662 4614 924 4677 quantum
957 4606 1121 4662 homo
1144 4606 1309 4671 aruit,
1339 4616 1617 4680 agnoscat.
1639 4606 1739 4663 Se-

142 4701 347 4773 quitur
374 4718 388 4754 :

218 4791 398 4848 Vsus.
426 4790 514 4857 10,
541 4792 626 4847 li.
657 4790 849 4845 Nonne
869 4790 1001 4844 sicut
1025 4789 1109 4844 lac
1136 4789 1361 4845 mulsisti
1400 4806 1501 4856 me,
1526 4800 1573 4844 et
1606 4789 1741 4844 sicut

145 4899 370 4940 caseum
400 4899 482 4936 me
518 4881 810 4954 coagulasti
833 4881 860 4934 Ρ
885 4880 1031 4935 Pelle
1054 4890 1103 4935 et
1132 4881 1377 4936 carnibus
1418 4881 1610 4936 vestiin
1637 4896 1744 4945 me,

145 4976 365 5031 ossibus
391 4984 443 5029 et
468 4976 634 5031 nervis
664 4973 971 5043 compegisti
996 4988 1095 5026 me.
1122 5003 1194 5013 —
1215 4971 1521 5028 Plasmatus
1546 4974 1749 5044 quippe

148 5069 359 5128 homo,
388 5068 525 5122 sicut
560 5068 733 5124 lutum
762 5064 936 5119 lactus
961 5074 1044 5119 est
1068 5103 1083 5129 ,
1114 5072 1441 5136 propagatus
1460 5073 1660 5129 autem,
1692 5070 1751 5116 et

150 5157 313 5213 sicut
354 5156 434 5212 lac
481 5159 750 5230 mulgetur
775 5154 1002 5219 semine,
1033 5162 1090 5209 et
1117 5157 1256 5211 sicut
1291 5169 1507 5210 caseum
1547 5167 1752 5226 coagu-

151 5248 318 5302 latur
341 5245 394 5299 in
418 5262 588 5305 carne.
619 5243 898 5305 Carnibus
941 5252 997 5298 et
1043 5243 1179 5314 pelle
1229 5244 1488 5311 induitur,
1533 5245 1753 5301 ossibus

155 5339 453 5398 nervisque
500 5343 773 5398 subditur.
814 5333 1152 5391 Monum-sa.
1195 5337 1345 5393 Mens
1388 5340 1588 5394 etenim
1622 5349 1751 5393 cum

1833 1777 1961 1861 quia
1988 1792 2056 1847 ad
2082 1793 2372 1849 obtinenda
2407 1795 2634 1865 justitia:
2663 1800 2799 1853 bona
2834 1798 3092 1854 Dominus
3118 1814 3224 1854 non
3261 1799 3416 1868 adju-

1834 1892 1946 1948 vat,
1974 1883 2020 1938 si
2050 1884 2201 1953 prius
2229 1885 2653 1945 misericorditer
2677 1901 2801 1946 ante
2822 1900 2971 1947 actas
3001 1894 3270 1963 nequitias
3302 1910 3411 1951 non

1834 1971 2061 2026 relaxat.
2094 1972 2188 2029 Vel
2215 1984 2362 2031 certe
2398 1977 2560 2033 vitam
2585 1988 2641 2034 et
2677 1980 3103 2038 misericordiam
3135 1986 3290 2041 nobis
3320 1987 3417 2040 tri-

1832 2062 1970 2131 buit,
1997 2065 2127 2136 quia
2163 2081 2282 2122 eam
2307 2084 2410 2139 qua
2451 2086 2551 2127 nos
2579 2072 2948 2131 misericordia
2973 2076 3041 2130 ad
3066 2076 3203 2131 bene
3229 2079 3416 2135 viveno

1833 2154 1961 2211 dum
2004 2159 2302 2227 praevenit,
2348 2160 2512 2216 etiam
2554 2165 2948 2235 subsequenter
2995 2169 3252 2224 custodit.
3300 2168 3419 2225 Nisi

1832 2249 1978 2315 enim
2005 2249 2429 2306 misericordiam
2453 2254 2725 2325 subroget,
2752 2257 2957 2312 servari
2986 2274 3092 2313 non
3131 2260 3271 2315 valet
3308 2262 3417 2316 vita

1833 2355 1993 2411 quam
2018 2342 2239 2412 praebet.
2268 2341 2568 2413 Sequitur:
2624 2346 2692 2400 Et
2717 2348 2943 2403 visitatio
2994 2359 3087 2403 tua
3138 2352 3419 2406 custodiuit

1831 2433 2075 2503 spiritum
2123 2449 2314 2488 meum.
2345 2464 2411 2475 -—
2453 2434 2726 2492 incassum
2780 2438 2923 2493 enim
2963 2439 3117 2495 nobis
3160 2440 3418 2496 Conditor

1833 2523 1973 2578 bona
1996 2523 2205 2590 tribuit,
2228 2524 2272 2579 si
2296 2540 2403 2580 non
2438 2540 2596 2581 omne
2624 2526 2767 2596 quod
2795 2527 3064 2593 tribuerit,
3093 2527 3209 2598 ipse
3236 2540 3419 2585 casto-

1833 2616 2015 2673 dierit.
2054 2616 2397 2674 MORALITER.
2440 2618 2743 2676 Humanum
2784 2621 2983 2691 quippe
3033 2623 3284 2692 spiritum
3327 2638 3419 2678 su-

1834 2721 2000 2776 perna
2023 2709 2257 2765 visitatio
2280 2710 2533 2775 custodit,
2554 2726 2676 2766 cum
2699 2712 2841 2766 hunc
2860 2712 3147 2768 virtutibus
3170 2714 3418 2778 dilatum,

1833 2798 1920 2853 vel
1964 2798 2172 2870 ﬂagello
2230 2810 2538 2870 percutere,
2589 2799 2676 2857 vel
2713 2815 3078 2874 compungere
3102 2818 3285 2859 amore
3310 2820 3418 2859 nou

1836 2890 2052 2946 desinit.
2080 2890 2339 2961 Sequitur
2370 2905 2387 2946 :

1907 2978 2070 3035 Vsus.
2102 2980 2189 3035 15.
2220 2980 2361 3036 Licet
2388 2982 2500 3037 lucc
2534 2969 2664 3037 celes
2688 2984 2745 3037 in
2772 2984 2928 3037 corde
2959 2993 3074 3048 tuo,
3114 2993 3289 3038 tanien
3312 2984 3423 3039 scio

1834 3070 1957 3141 quia
1984 3071 2339 3126 universorum
2371 3073 2686 3126 memineris.
2711 3102 2783 3112 —
2802 3072 2880 3128 Ac
2918 3072 2964 3128 si
3008 3080 3190 3143 aperte
3226 3073 3375 3128 dicat
3402 3091 3419 3127 :

1835 3155 1943 3211 Cur
1972 3158 2039 3212 de
2073 3173 2159 3213 me
2186 3158 2428 3227 trepido,
2460 3158 2628 3228 quiet
2653 3159 2932 3215 universas
2955 3169 3145 3231 gentes
3172 3160 3415 3230 colligas.

1835 3249 1967 3304 scio.
2016 3248 2168 3317 Quod
2222 3259 2399 3306 tamen
2450 3251 2501 3305 in
2542 3251 2704 3306 corde
2742 3252 2888 3307 celas
2911 3293 2925 3315 ,
2958 3253 3083 3323 quia
3107 3254 3210 3308 hoc
3242 3253 3418 3309 adhuc

1834 3348 2021 3409 aperto
2048 3355 2296 3395 sermone
2340 3356 2448 3396 non
2495 3341 2721 3397 indicas.
2754 3341 2859 3398 Sed
2886 3344 3012 3414 quia
3040 3345 3421 3400 universorum

1836 3429 2220 3498 reminisceris,
2248 3445 2335 3485 me
2356 3433 2543 3504 procul
2567 3434 2729 3489 dubio
2750 3434 2818 3491 de
2842 3435 2996 3490 venia
3023 3446 3229 3492 certum
3258 3436 3416 3495 iacis.

1837 3519 2096 3590 Sequitur
2130 3538 2144 3575 :

1908 3611 2071 3667 Vsus.
2103 3611 2189 3669 Η.
2218 3612 2281 3669 Si
2311 3616 2540 3685 peccavi,
2569 3625 2617 3669 et
2655 3617 2725 3671 ad
2756 3616 2937 3673 horam
2962 3621 3233 3688 pepercis‘i
3256 3622 3416 3686 milii,

1834 3719 1931 3757 cur
1953 3703 2017 3757 ab
2046 3704 2318 3775 iniquitate
2355 3722 2471 3759 mea
2501 3707 2755 3761 mundum
2794 3724 2877 3763 me
2912 3724 3021 3763 esse
3052 3726 3155 3764 non
3180 3714 3372 3780 pateris
3397 3716 3423 3769 7

1832 3820 1904 3834 --
1937 3792 2016 3848 Ad
2047 3793 2234 3848 horam
2265 3794 2524 3851 Dominus
2549 3806 2770 3866 peccato
2794 3799 3005 3869 parcit,
3038 3815 3160 3855 cum
3209 3812 3417 3858 reatum

1835 3886 2006 3955 culpa:
2019 3888 2290 3943 concessis
2302 3886 2516 3944 ﬂetibus
2533 3889 2706 3944 diluit.
2726 3888 2831 3946 Sed
2853 3892 2921 3946 ab
2939 3891 3219 3962 iniquitate
3233 3903 3421 3951 nostra

1837 3977 2067 4033 mundos
2093 3992 2191 4033 nos
2216 3992 2337 4034 esse
2383 3995 2489 4034 non
2530 3981 2756 4050 patitur,
2781 3983 2907 4051 quia
2935 3982 3178 4039 volentes
3204 3984 3418 4056 culpam

1837 4068 2064 4125 fecimus
2089 4110 2105 4136 ,
2136 4070 2229 4126 sed
2259 4085 2640 4141 nonnunquam
2686 4073 2931 4129 nolentes
2953 4072 3071 4141 ejus
3098 4076 3419 4132 memoriam

1839 4178 1961 4218 eum
1994 4161 2346 4217 delectatione
2376 4160 2685 4217 toleramus.
2718 4181 2736 4213 ε
2756 4161 3217 4234 Computruerunt
3242 4174 3299 4221 et
3327 4166 3423 4222 dc—

1839 4249 2233 4305 lerioravernnt
2248 4248 2530 4319 cicatrices
2551 4265 2704 4317 mem,
2726 4268 2758 4307 a
2777 4252 2913 4308 facie
2937 4254 3260 4324 insipientia:
3286 4271 3422 4312 mea)

1839 4339 2012 4411 (Psal.
2046 4356 2229 4395 xxxvii
2253 4381 2269 4405 ,
2298 4340 2373 4411 6).
2413 4359 2430 4392 ι
2462 4338 2544 4398 Ac
2593 4344 2636 4399 si
2669 4353 2853 4413 aperte
2900 4345 3045 4401 dicat
3073 4364 3088 4401 :
3122 4345 3177 4402 Si
3203 4347 3421 4418 culpam

1839 4432 1997 4488 venia
2031 4431 2284 4498 abstulit,
2311 4448 2409 4489 cur
2444 4443 2501 4489 et
2527 4451 2557 4489 a
2577 4437 2841 4494 memoria
2876 4452 2982 4492 nou
3022 4428 3293 4509 detergit?
3319 4439 3422 4495 Se-

1843 4522 2028 4595 quitur
2055 4539 2070 4577 :

1917 4611 2081 4669 Vsus.
2113 4610 2201 4668 15.
2230 4609 2299 4667 Et
2334 4612 2379 4667 si
2408 4613 2599 4686 impius
2647 4614 2826 4686 fuero,
2859 4631 2936 4671 va:
2972 4616 3103 4669 mihi
3141 4624 3249 4681 est,
3297 4625 3345 4670 et
3379 4617 3428 4683 si

1849 4703 2063 4772 iustus,
2107 4719 2209 4758 non
2252 4702 2429 4759 levabo
2480 4715 2657 4775 caput.
2705 4732 2777 4745 -—-
2818 4704 3021 4774 Impius
3068 4720 3300 4774 namque
3345 4719 3427 4757 v:e

1848 4792 2233 4864 habethjustus
2253 4792 2552 4859 miseriam,
2578 4794 2702 4865 quia
2728 4802 2927 4847 aeterna
2950 4794 3221 4848 damnatio
3246 4807 3433 4859 repro-

1846 4884 1978 4955 ‘bum
2008 4884 2283 4955 sequitur,
2314 4892 2369 4938 et
2396 4882 2603 4941 electus
2641 4883 2871 4955 quisque
2919 4884 3190 4939 doloribus
3235 4882 3436 4935 transi-

1857 4977 2006 5032 toria:
2031 4975 2373 5032 adversitatis
2407 4978 2682 5046 expiatur.
2723 4974 2926 5044 Impius
2954 4982 3113 5044 caput
3146 4972 3313 5032 levat,
3339 4973 3439 5028 sed

1854 5065 2029 5121 elatus
2050 5066 2281 5121 evadere
2308 5081 2413 5130 vze,
2443 5070 2593 5134 quod
2622 5064 2893 5134 sequitur,
2924 5079 3028 5119 non
3068 5060 3227 5112 valet.
3254 5057 3443 5113 Justus

1857 5155 2059 5214 laboris
2102 5156 2186 5213 sui
2238 5155 2546 5216 certamine
2601 5158 2866 5217 aﬂiiCIus,
2917 5159 3078 5222 caput
3128 5149 3305 5200 levare
3333 5161 3446 5202 non

1855 5247 2073 5313 sinitur,
2100 5247 2194 5302 sed
2227 5259 2451 5318 pressus
2492 5262 2526 5301 a
2569 5251 2833 5320 perpetua
2856 5239 3140 5294 aﬂlictione
3165 5234 3444 5289 liberatur.

1838 5318 1933 5393 Ἀθ
1962 5338 2009 5393 si
2047 5353 2176 5398 ergo
2215 5336 2401 5398 aperte
2445 5318 2704 5398 denioret
2742 5330 2972 5384 dicens:
3014 5328 3119 5382 Aut
3143 5326 3449 5380 substratus
