3948 5398
553 306 653 361 207

1632 295 1881 354 ODONIS
1916 297 2206 354 ABBATIS
2245 298 2742 359 CLUNIACENSIS
2781 305 2824 360 ll
3679 324 3755 382 ξοδ

582 478 589 486 .
626 417 901 509 νεκεῖίῧ.
931 415 997 469 Et
1028 423 1238 486 prapter
1258 412 1579 509 superbiam,
1609 409 1947 509 quasi-(emno
1969 413 2141 509 capies
2171 419 2214 476 Α
2251 432 2267 464 ι
2297 413 2474 479 Quare
2521 431 2625 471 non
2665 419 2717 472 in
2767 419 2922 474 vulva
2967 432 3210 479 mortuus
3242 439 3361 481 sum
3388 426 3501 501 (Job
3536 432 3626 504 tu),
3649 454 3665 489 ι
3688 442 3756 509 qui

549 527 650 565 me.
690 508 974 567 —Le.',ena
1004 519 1126 560 cum
1150 519 1327 558 escam
1361 501 1558 558 catulis
1577 501 1837 572 exquirit,
1873 501 2144 557 inhianter

549 606 604 658 in
653 603 862 658 foveam
914 598 1184 668 captionis
1223 597 1388 652 cadit.
1450 595 1541 650 Sic
1595 596 1852 649 nimirum
1907 595 2139 649 humana

546 708 701 749 mens
751 699 906 762 capta
941 699 1057 755 est,
1090 704 1211 759 qua:
1261 690 1313 743 in
1365 687 1619 742 libertate
1667 685 1875 741 arbitrii
1920 687 2138 741 condita

542 784 813 840 desideria
833 782 1017 838 carnis
1047 781 1257 835 nutrire
1285 780 1530 849 appetiit,
1563 779 1718 849 quasi
1744 778 1910 832 leaena
1943 778 2138 833 catulis

540 893 721 933 escam
757 875 1026 947 qtursivit,
1044 882 1205 943 atque
1218 872 1270 926 in
1288 872 1552 942 captionis
1566 887 1678 926 suae
1692 870 1901 925 foveam
1917 870 2136 935 cecidit,

538 983 661 1037 qua:
676 967 934 1021 suadente
948 966 1105 1019 hoste
1117 963 1183 1016 ad
1196 963 1375 1016 cibum
1389 960 1716 1030 prohibitum
1735 976 1950 1015 manum
1966 970 2139 1016 teten-

539 1061 638 1113 dit.
671 1056 835 1126 Quasi
861 1055 1029 1110 leaena
1055 1068 1186 1123 ergo
1209 1065 1400 1122 captus
1419 1060 1502 1107 est
1532 1066 1629 1122 per
1658 1052 1984 1122 superbiam,
2009 1052 2133 1122 quia

540 1149 665 1206 inde
696 1150 842 1204 hunc
871 1145 1152 1218 disciplina
1177 1160 1288 1200 sua:
1313 1142 1669 1213 correptionis
1694 1132 1968 1212 deprimit,
1995 1143 2136 1196 unde

537 1239 1027 1313 transgressionem
1044 1236 1298 1308 praecepti
1315 1250 1419 1289 nou
1435 1236 1652 1299 timens,
1668 1233 1924 1287 audacter
1937 1232 2132 1287 saltum

536 1340 590 1392 in
618 1336 826 1392 foveam
851 1335 1017 1389 dedit.
1048 1334 1293 1403 Dumque
1323 1330 1487 1386 etiam
1510 1328 1736 1397 quisque
1766 1334 2009 1380 uestrum
2039 1340 2134 1394 per

535 1429 749 1498 culpam
805 1426 1008 1495 aliquid
1052 1423 1303 1494 appetit,
1334 1421 1462 1492 quid
1499 1417 1645 1473 aliud
1688 1431 1850 1486 quam
1894 1415 2131 1484 praedam

534 1520 589 1573 in
626 1517 834 1573 foveam
864 1513 1230 1586 concupiscit?
1260 1512 1431 1579 Quem
1470 1517 1651 1564 tamen
1699 1522 1933 1577 superna
1965 1506 2128 1559 mise-

531 1610 673 1664 ratio
702 1617 919 1679 captum
951 1622 980 1660 a
1009 1604 1160 1661 fovea
1204 1603 1407 1667 evehit,
1447 1600 1575 1670 quia
1625 1598 1771 1652 hunc
1814 1595 2130 1651 infirmitate

530 1700 746 1772 cognita
780 1699 845 1753 ad
876 1696 1088 1751 veniam
1113 1692 1339 1749 reducit.
1399 1691 1501 1758 Qui
1528 1691 1661 1745 dum
1693 1689 1890 1742 virtute
1912 1685 2129 1741 extolli-

2249 508 2350 562 hoc
2376 523 2589 578 quoque
2614 512 2756 580 quod
2784 511 2873 567 hic
2905 514 3087 584 adjicit
3116 519 3346 574 subdens
3373 539 3385 576 :
3412 521 3624 580 Fuissem
3641 508 3756 598 quasi

2245 612 2349 651 non
2376 615 2560 677 essem,
2587 601 2653 655 de
2679 613 2823 656 utero
2866 605 3156 660 translatus
3213 609 3281 663 ad
3325 612 3581 669 tumulum.
3602 619 3758 677 —Illic

2244 689 2421 743 verbis
2446 690 2565 746 aliis
2590 693 2878 750 nonaliter
2909 697 3152 769 adjungit
3182 698 3403 756 dicens:
3434 721 3452 754 ‹
3482 703 3617 761 Sicut
3641 711 3760 766 abor-

2243 780 2407 835 tivum
2439 782 2813 839 ahscouditum
2837 800 2939 841 non
2965 789 3333 857 subsisterem,
3362 793 3441 847 vel
3464 796 3544 864 qui
3569 803 3759 869 concepti

2242 887 2346 926 non
2390 874 2643 930 viderunt
2684 876 2855 933 lucem
2899 879 3087 950 (Ibid.,
3122 882 3232 952 16).
3265 901 3282 935 ι
3347 883 3475 951 Quia
3531 902 3643 942 vero
3676 891 3762 944 haec

2240 966 2486 1033 superius
2544 968 2661 1024 late
2738 970 3062 1042 digessimus
3099 1015 3115 1039 ,
3173 991 3272 1045 pro
3334 978 3541 1034 vitando
3598 980 3764 1038 lectoris

2237 1054 2455 1111 fastidio
2512 1060 2754 1129 exposita
2814 1062 3078 1132 replicare
3129 1065 3446 1123 devitamus.
3509 1069 3761 1139 Sequitur:

2307 1149 2470 1206 Vsus.
2503 1150 2592 1206 20.
2637 1151 2893 1225 Nunquid
2932 1171 3036 1211 non
3079 1161 3319 1228 paucitas
3352 1162 3544 1215 dictum
3579 1179 3761 1217 meorum

2233 1237 2448 1306 ﬁnietur
2491 1240 2766 1296 brevi?—
2800 1244 3029 1301 Cautum
3082 1263 3141 1303 se
3198 1264 3264 1305 ac
3307 1251 3579 1307 sollicitum
3625 1257 3765 1312 vivere

2233 1331 2489 1396 ostendit,
2521 1334 2613 1403 qui
2637 1335 2958 1393 brevitatem
2992 1342 3278 1409 prtesentis
3307 1343 3428 1398 vita:
3455 1346 3765 1412 considerans,

2233 1436 2338 1475 non
2378 1422 2495 1492 ejus
2536 1437 2714 1492 usum,
2763 1428 2859 1483 sed
2898 1431 3189 1485 terminum
3216 1434 3498 1503 conspicit,
3528 1444 3582 1490 ut
3612 1452 3666 1490 ex
3688 1436 3766 1492 ﬁne

2231 1509 2449 1581 colligat
2473 1512 2604 1567 nihil
2626 1530 2749 1570 esse
2770 1518 2912 1586 quod
2940 1520 3210 1576 transiens
3232 1522 3478 1578 delectat.
3507 1524 3630 1580 Hinc
3651 1541 3767 1579 nam-

2231 1615 2334 1669 que
2362 1617 2460 1672 per
2497 1601 2840 1663 Salomonem
2869 1608 3106 1665 dicitur:
3143 1630 3163 1663 ι
3195 1611 3252 1667 Si
3281 1614 3465 1669 multis
3491 1616 3633 1670 anuis
3650 1617 3763 1671 vixe-

2231 1690 2303 1743 rit
2348 1691 2532 1760 homo,
2583 1703 2640 1750 et
2682 1695 2737 1750 in
2783 1697 2869 1752 his
2904 1699 3154 1755 omnibus
3181 1700 3593 1770 laztatusil'uerit,
3622 1706 3770 1760 memi-

530 1800 620 1845 tur
650 1790 832 1860 lapsus
869 1787 935 1843 ad
967 1786 1235 1842 desideria
1276 1785 1329 1838 in
1367 1781 1671 1838 humilitate
1699 1779 1976 1849 religatur.
2028 1776 2125 1833 Se.
2156 1775 2201 1835 Β
2229 1781 2374 1837 uisse
2396 1783 2554 1839 debet
2579 1786 2848 1843 tenebrosi
2879 1791 3156 1860 temporis,
3186 1802 3243 1848 et
3270 1793 3477 1848 dierum
3506 1793 3766 1857 multorum,

530 1881 716 1951 quitur
743 1898 757 1933 :
789 1878 1143 1949 Reversusque
1174 1874 1488 1929 mirabiliter
1526 1889 1606 1926 me
1643 1871 1869 1925 crucias.
1892 1899 1962 1910 ——
1985 1869 2123 1924 Cum

530 1974 824 2026 Auctorem
852 1968 1240 2037 relinquimus,
1264 1980 1365 2020 nec
1389 1965 1500 2034 ipsa
1526 1962 1791 2016 ullatenus
1822 1960 2124 2015 destitutio-

530 2065 616 2118 nis
653 2063 847 2117 damna
878 2062 1165 2116 sentimus.
1207 2059 1325 2126 Quo
1354 2059 1497 2112 enim
1528 2056 1686 2127 longe
1723 2056 1986 2111 Conditor
2031 2057 2124 2110 de-

530 2153 684 2216 serit,
726 2165 792 2207 eo
828 2166 981 2206 mens
1029 2159 1213 2207 nostra
1257 2147 1657 2205 insensibilibus
1684 2147 2012 2202 obdurescit.
2050 2147 2122 2200 At

527 2245 575 2301 si
606 2244 785 2298 aﬂlatu
835 2242 1012 2299 sancti
1065 2241 1299 2312 Spiritus
1343 2240 1599 2311 tangitur,
1634 2239 1697 2294 ad
1731 2237 2121 2295 consideratio-

508 2351 650 2392 nem
682 2337 929 2408 protinus
958 2336 1196 2406 evigilat,
1240 2336 1293 2389 in
1330 2334 1631 2390 ctelestium
1677 2332 2027 2402 inquisitione
2062 2347 2122 2389 se

513 2429 755 2494 excutit,
795 2427 996 2482 amoris
1017 2425 1212 2481 summi
1242 2425 1465 2480 aestibus
1495 2422 1816 2489 inardescit;
1850 2423 1975 2492 quia
2005 2438 2122 2478 om-

525 2519 776 2589 nipotens
821 2520 985 2584 Deus,
1033 2517 1178 2572 unde
1217 2523 1453 2570 mentem
1494 2525 1734 2568 nostram
1777 2514 2004 2569 visitans
2051 2514 2121 2569 ad

524 2620 763 2667 amorem
789 2624 947 2666 suum
975 2609 1153 2680 erigit,
1183 2608 1304 2663 inde
1330 2608 1471 2662 hanc
1497 2620 1594 2675 per
1617 2605 1885 2674 lacrymas
1902 2605 2120 2675 gravius

522 2701 733 2773 atlligit.
776 2700 845 2755 Et
885 2700 1011 2755 dum
1057 2696 1285 2768 perﬂata
1332 2710 1485 2751 mens
1522 2694 1589 2749 ad
1630 2710 1840 2750 summa
1887 2696 2113 2765 rapitur,

522 2792 952 2864 compunctionis
1000 2806 1112 2847 suae
1151 2803 1365 2861 pinnam
1403 2786 1643 2859 gaudens
1694 2786 1943 2842 miratur.
2020 2788 2118 2844 Se-

502 2883 709 2953 ».quitur
740 2900 758 2937 :

594 2974 759 3031 Vens.
785 2976 867 3029 l7.
910 2973 1189 3030 lnslauras
1223 2984 1373 3029 testes
1401 2981 1730 3029 tuos-centra
1751 2988 1854 3036 me.
1890 2982 1939 3029 et
1985 2973 2117 3028 mul-

520 3064 725 3138 tiplices
751 3067 887 3119 iram
908 3074 1054 3118 tuam
1079 3064 1356 3118 adversum
1390 3080 1490 3131 me,
1520 3072 1567 3117 et
1601 3079 1763 3132 poma:
1787 3061 2014 3118 militant
2058 3065 2114 3118 in

2227 1872 2319 1940 qui
2367 1889 2488 1929 cum
2549 1878 2789 1933 venerint
2821 1919 2836 1945 ,
2888 1882 3142 1938 vanitatis
3191 1894 3490 1956 arguentur
3535 1887 3770 1956 praeterita

2227 1961 2424 2032 (Eccle.
2457 1980 2535 2030 χι,
2569 1967 2647 2037 8).
2677 1986 2696 2019 ι
2749 1966 3042 2038 Sequitur:
3072 1971 3289 2028 Dimitte
3326 1991 3460 2045 ergo
3488 1991 3564 2029 me
3588 1983 3636 2028 ut
3658 1978 3769 2045 plau-

2223 2069 2341 2121 gam
2380 2055 2655 2123 paululum
2682 2058 2912 2114 dolerent
2938 2077 3133 2116 meum.
3156 2093 3227 2103 -—
3245 2064 3326 2119 Ac
3347 2066 3392 2120 si
3419 2074 3595 2135 aperte
3620 2064 3765 2118 dicat:

2224 2145 2454 2217 Flagella
2495 2157 2599 2204 tua:
2641 2153 3003 2219 percussionis
3032 2164 3290 2225 tempera,
3325 2167 3385 2212 ut
3417 2157 3770 2212 moderatisdo-

2222 2237 2428 2293 laribus
2484 2243 2759 2298 :estimare
2817 2245 2956 2301 mala
3005 2263 3125 2317 quas
3170 2250 3348 2318 patior
3398 2249 3571 2305 ﬂendo
3609 2264 3767 2305 conva-

2222 2328 2443 2385 lescant.
2491 2331 2643 2388 Sicut
2681 2336 2825 2391 enim
2865 2336 3141 2393 moderata
3174 2338 3393 2396 alllictio
3432 2340 3680 2413 lacrymas
3699 2354 3769 2395 ex-

2220 2423 2425 2491 primit,
2463 2423 2537 2479 ita
2582 2426 2939 2485 immoderata
2986 2432 3235 2487 subduc'it
3260 2474 3273 2498 ,
3305 2435 3432 2504 quia
3462 2450 3651 2491 mceror
3687 2435 3772 2502 ipse

2221 2514 2375 2582 quasi
2404 2515 2522 2570 sine
2546 2531 2781 2573 maerore
2810 2519 2892 2585 lit,
2925 2523 3015 2591 qui
3055 2522 3240 2578 amicti
3275 2536 3516 2581 mentem
3545 2526 3769 2581 devorans

2219 2619 2435 2660 sensum
2465 2606 2666 2665 doloris
2694 2611 2849 2666 tollit.
2891 2612 3049 2669 Flere
3073 2616 3313 2671 dolorem
3334 2633 3494 2673 suum
3519 2634 3617 2674 non
3644 2617 3769 2676 valet.

2220 2697 2308 2765 qui
2338 2712 2517 2767 prava:
2539 2701 2754 2771 quidem
2785 2706 3160 2761 consuetudini
3180 2709 3460 2766 contraire
3484 2710 3679 2773 nititur,
3700 2707 3772 2762 sed

2222 2798 2397 2845 tamen
2418 2792 2593 2848 adhuc
2621 2799 3088 2854 succrescentibus
3109 2799 3396 2857 desideriis
3424 2803 3602 2857 carnis
3620 2814 3773 2872 grava-

2220 2889 2327 2945 tur,
2354 2881 2479 2950 quia
2510 2881 2613 2937 nisi
2635 2899 2665 2937 a
2693 2893 2843 2939 reatu
2866 2885 3036 2955 culpa:
3064 2902 3162 2942 nos
3187 2887 3478 2958 ligavimus
3508 2890 3773 2945 misericor-

2218 2971 2359 3026 diter
2392 2972 2746 3039 dimittamnr,
2774 2976 3013 3045 perfecte
3040 2975 3169 3034 ﬂere
3210 2994 3318 3033 non
3365 2995 3645 3050 possumus
3681 2980 3774 3042 hor,

2217 3060 2360 3129 quod
2394 3060 2468 3115 in
2516 3061 2672 3118 nobis
2712 3063 2846 3133 ipsis
2900 3073 3089 3121 contra
3135 3068 3506 3138 nosmetipsos
3550 3068 3773 3124 dolemus.

521 3174 712 3213 me.——
736 3157 927 3212 Testes
966 3158 1108 3211 enim
1161 3156 1255 3210 Dei
1310 3163 1471 3219 sunt,
1520 3156 1610 3225 qui
1657 3171 1755 3225 per
1794 3155 2112 3210 exercitium
2139 3142 2186 3205 C
2220 3153 2516 3222 Sequitur:

520 3249 646 3304 boni
710 3248 890 3319 cperis
954 3254 1223 3301 testantur
1267 3260 1386 3315 quae
1434 3244 1635 3300 electos
1693 3252 1944 3300 secutura
2007 3246 2116 3300 sint

498 3338 741 3410 apt-zamia
769 3337 1033 3392 veritatis.
1079 3336 1230 3392 Unde
1251 3336 1350 3413 hos
1373 3350 1586 3404 quoque
1608 3350 1743 3405 quos
1767 3350 1865 3403 pro
1887 3335 2115 3390 veritate

519 3445 710 3500 passos
744 3428 1110 3500 agnoscimus,
1150 3426 1339 3482 Graaco
1376 3426 1589 3495 eloquio
1616 3427 1897 3503 μάρτυρες,
1928 3424 2112 3489 ἰᾶιθει,

523 3530 689 3578 testes
716 3535 994 3575 vocamus.
1035 3518 1225 3573 Testes
1260 3517 1459 3588 quippe
1496 3532 1623 3571 suos
1658 3525 1849 3571 contra
1882 3531 1979 3570 nos
2006 3516 2112 3570 Do—

430 3640 433 3643 ·
520 3617 699 3671 minus
725 3615 1014 3678 instaurat,
1041 3627 1163 3667 eum
1189 3610 1485 3666 electorum
1523 3610 1687 3664 vitam
1727 3609 1979 3680 pravitati
2022 3624 2117 3665 no-

515 3718 648 3765 stra:
689 3708 757 3763 ad
787 3707 1089 3778 arguendos
1133 3720 1233 3760 nos
1282 3705 1732 3773 instruendosque
1773 3702 2113 3773 multiplicat,

519 3810 577 3854 ut
602 3799 693 3869 qui
735 3797 1018 3867 praeceptis
1058 3811 1161 3850 non
1203 3795 1571 3856 accendimur,
1613 3791 1802 3847 saltem
1856 3792 2117 3860 exemplis

516 3892 837 3946 excitemur.
889 3886 1189 3957 Sequitur:
1223 3886 1292 3940 Et
1332 3885 1648 3955 multiplicas
1684 3886 1819 3937 iram
1859 3895 2023 3937 tuam.
2046 3914 2117 3923 —

514 3982 598 4037 Eo
626 3979 973 4050 multiplicari
1015 3979 1095 4033 ira
1137 3977 1229 4033 Dei
1281 3977 1476 4032 dicitur
1522 3990 1629 4043 quo
1670 3989 1791 4029 esse
1838 3973 2117 4044 multiplex

502 4072 816 4135 .‘indicatur,
859 4071 984 4140 quia
1014 4084 1079 4124 ex
1121 4084 1184 4124 ea
1234 4083 1376 4122 nunc
1413 4068 1678 4122 bonorum
1707 4066 1815 4120 vita
1848 4074 1904 4120 et
1930 4065 2118 4119 labore

519 4165 917 4235 cognoscimus,
946 4162 993 4216 si
1017 4162 1319 4225 emendari,
1343 4160 1470 4214 dum
1497 4169 1707 4228 tempus
1733 4167 1814 4213 est
1844 4158 2115 4225 nolumus,

494 4258 717 4324 quanta
747 4261 868 4322 post
892 4250 1654 4307 animadversionel'eriamur.
1686 4249 1898 4303 Electos
1920 4250 2119 4320 quippe

508 4349 611 4404 'Dei
633 4346 907 4403 cernimus
928 4352 981 4399 et
1005 4345 1091 4415 pia
1112 4344 1293 4413 agerc;
1321 4354 1376 4399 et
1400 4344 1639 4399 crudelia
1665 4343 1831 4398 multa
1863 4344 2113 4399 tolerare.

519 4435 658 4493 Hine
694 4450 823 4507 ergo
863 4432 1133 4503 colligitur
1154 4433 1629 4490 districtus‘ludex
1659 4444 1859 4503 quanta
1893 4433 2000 4489 illic
2037 4433 2112 4488 fe‘

2291 3243 2452 3298 Vsus.
2485 3244 2575 3298 21.
2623 3245 2916 3317 Antequam
2940 3248 3126 3303 vadam
3148 3258 3197 3302 e‘.
3222 3266 3327 3306 non
3354 3266 3586 3307 revertar
3616 3249 3680 3304 ad
3694 3258 3778 3303 me

2218 3351 2333 3388 ram
2377 3338 2700 3389 tenebrosam
2744 3346 2792 3390 et
2815 3347 3068 3406 opertam
3093 3338 3314 3410 caligine
3340 3336 3780 3407 mortis.~—.Quid

2216 3427 2359 3482 enim
2382 3434 2542 3481 terrae
2559 3427 2853 3483 tenebrosa:
2866 3429 3102 3495 nomine,
3129 3431 3233 3485 nisi
3258 3440 3421 3489 terra:
3445 3433 3649 3488 Tartari
3669 3432 3780 3486 duit-

2218 3525 2329 3571 stra
2364 3517 2646 3587 signantur
2671 3517 2694 3570 ?
2737 3516 2909 3584 Quam
2937 3528 3154 3574 aeterna:
3183 3524 3378 3578 mortis
3418 3524 3593 3594 caligo
3623 3522 3778 3592 opetit.

2217 3608 2342 3677 quia
2389 3608 2675 3663 damnatos
2712 3624 2956 3680 quosque
2996 3611 3050 3664 in
3097 3623 3421 3682 perpetuum
3463 3630 3495 3669 a
3539 3615 3656 3669 vita:
3682 3611 3781 3665 luce

2217 3697 2525 3766 disiungit?
2572 3697 2680 3753 Nec
2743 3700 3016 3755 immerito
3075 3702 3320 3757 infernus
3378 3700 3529 3759 terra
3582 3703 3781 3762 dicitur,

2218 3788 2344 3857 quia
2371 3788 2570 3858 quique
2602 3789 2669 3841 ab
2698 3803 2762 3843 eo
2782 3791 2925 3859 capti
2953 3790 3171 3857 fuerint,
3212 3795 3492 3851 stabiliter
3529 3802 3773 3851 tenentur.

2220 3879 2490 3949 Scriptum
2517 3880 2714 3951 quippe
2751 3890 2872 3955 est_:
2908 3900 2926 3934 ι
2961 3882 3254 3940 Generatio
3283 3888 3559 3955 praeterit,
3581 3894 3634 3941 et
3652 3895 3787 3953 gene-

2222 3973 2361 4044 ratio
2381 3973 2619 4039 advenit,
2648 3950 2804 4028 terra
2836 3950 3014 4029 autem
3066 3975 3119 4028 in
3162 3950 3433 4031 aeternum
3480 3950 3593 4032 stat
3618 3950 3785 4046 (Exte.

2221 4080 2261 4129 ι,
2286 4063 2363 4136 4).
2398 4084 2416 4118 ι
2447 4063 2561 4118 Νοη
2596 4066 2722 4135 quia
2755 4067 2821 4121 ad
2843 4076 3068 4121 «terram
3099 4068 3446 4123 tenebrosam
3479 4070 3572 4139 qui
3603 4066 3784 4134 culpam

2220 4154 2403 4220 deﬂet,
2440 4156 2615 4210 iturus
2651 4166 2763 4223 est;
2806 4158 2899 4213 sed
2937 4159 3062 4227 quia
3111 4160 3179 4213 ad
3232 4161 3376 4214 hanc
3416 4160 3611 4231 procul
3654 4155 3787 4213 dubio

2220 4248 2309 4317 qui
2339 4247 2595 4318 plangere
2632 4249 2874 4319 negligit,
2927 4249 3095 4303 vadit.
3130 4248 3439 4306 Subditur:
3481 4250 3609 4305 Non
3648 4260 3786 4301 rever-

2220 4351 2326 4395 tar.
2369 4370 2439 4379 —-
2459 4339 2594 4407 Quia
2638 4354 2916 4409 nunquam
2952 4340 3093 4395 ultra
3130 4341 3515 4396 misericordia
3541 4336 3785 4411 piamentis

2220 4430 2433 4495 liberat,
2464 4444 2601 4501 quos
2635 4430 2800 4487 semel
2832 4431 2885 4485 in
2915 4430 3048 4486 locis
3073 4431 3379 4502 pcenalibus
3423 4431 3643 4501 justitia
3664 4425 3786 4501 judi-

500 4528 628 4583 ‘riat
666 4494 1018 4582 districtione
1044 4539 1181 4594 quos
1219 4524 1486 4595 reprobat,
1531 4524 1575 4578 si
1619 4494 1709 4578 hic
1736 4524 1944 4580 cruciat
1972 4540 2109 4594 quos
2142 4494 2188 4553 θ
2216 4523 2376 4578 candi
2405 4494 2649 4577 damnat.
2687 4521 2988 4591 Sequitur:

517 4629 686 4684 amat,
699 4616 875 4673 .Petro
902 4624 1212 4678 attestante,
1244 4614 1334 4683 qui
1375 4615 1491 4667 ait:
1523 4633 1541 4665 ι
1564 4613 1801 4686 Tempus
1824 4622 1909 4670 est
1939 4624 1997 4670 ut
2016 4615 2108 4686 ju-

516 4707 718 4763 dicium
763 4705 985 4775 incipiat
1036 4704 1104 4760 de
1148 4705 1308 4759 domo
1348 4702 1440 4758 Dei
1468 4701 1800 4772 (IoPetrxtv,
1834 4704 1940 4775 l7).
1977 4723 1996 4759 ι
2050 4705 2107 4760 Si

518 4807 699 4855 autem
742 4798 974 4870 primum
1012 4813 1043 4851 a
1086 4797 1261 4862 nobis,
1302 4797 1426 4866 quis
1461 4795 1594 4849 ﬁnis
1635 4808 1819 4849 eorum
1862 4796 1956 4866 qui
2000 4811 2107 4852 non

517 4892 749 4947 credunt
779 4889 870 4944 Dei
902 4887 1290 4958 Evangelinm?
1342 4885 1598 4957 Sequitur
1630 4903 1643 4939 :
1676 4886 1745 4939 Et
1784 4904 1947 4957 plena;
1972 4888 2109 4942 mili-

410 5002 415 5009 -
514 4988 631 5056 [aut
690 4979 742 5031 in
794 4992 897 5031 nte.
931 5005 996 5017 —
1040 4976 1409 5032 Consideratis
1466 4977 1664 5047 quippe
1714 4976 1810 5031 Dei
1867 4980 2114 5046 testibus,

518 5082 693 5142 poma:
722 5072 777 5126 in
813 5072 968 5127 nobis
996 5071 1250 5136 militant,
1284 5074 1409 5142 quia
1452 5073 1579 5127 dum
1620 5071 1862 5128 miranda
1902 5072 2115 5128 illorum

1160 5164 1324 5202 vilnm
1374 5172 1611 5202 nnclmm
1655 5179 1773 5202 num
1812 5179 1876 5202 ριν
1927 5180 2112 5202 ρηνιπη

520 5162 623 5202 Tum
636 5179 663 5202 ει
718 5164 955 5202 nnncmini
965 5180 1011 5202 m
1020 5179 1082 5202 ne

2286 4615 2451 4671 νείκει.
2479 4612 2571 4668 22.
2603 4642 2675 4655 -—-
2702 4612 2865 4668 Terra
2891 4613 3120 4669 miseriae
3147 4623 3197 4669 et
3225 4617 3594 4669 tenebrarum.
3618 4642 3686 4654 —
3705 4607 3788 4664 Mi-
3878 4607 3879 4669 l

2213 4707 2354 4763 seria
2400 4706 2468 4761 ad
2512 4705 2774 4771 dolorem,
2824 4707 3061 4761 tenebras
3104 4706 3170 4760 ad
3212 4708 3544 4762 caecitatem.
3581 4706 3653 4760 Ea
3682 4715 3789 4769 ergo

2214 4816 2335 4870 quae
2362 4807 2710 4866 a-conspectu
2733 4797 2966 4853 districti
2985 4796 3185 4865 judicis
3212 4796 3470 4867 expulsos
3516 4804 3687 4861 tenet,
3706 4793 3790 4846 mi-
3878 4793 3879 4841 ξ

2215 4890 2371 4946 seria:
2421 4897 2477 4943 et
2522 4888 2872 4944 tenebrarum
2924 4898 3071 4943 terra
3115 4887 3461 4959 perhibetur,
3501 4888 3633 4957 quia
3681 4881 3790 4937 foris

2209 4976 2376 5035 dolor
2415 4978 2639 5043 cruciat,
2687 4994 2824 5049 quos
2870 4978 3072 5034 divisos
3131 4995 3162 5033 a
3212 4994 3339 5035 vero
3398 4979 3557 5034 intus
3600 4976 3791 5033 caacitas

2219 5072 2476 5129 obseurat
2522 5070 2750 5137 lumine,
2797 5072 3046 5141 quamvis
3088 5072 3322 5126 miseriae
3364 5079 3428 5124 et
3458 5069 3790 5124 tenebrarum

2212 5171 2361 5202 uxr-ra
2385 5169 2433 5202 ρΙ
2460 5159 2618 5202 nlilpr
2635 5160 2858 5202 intullioi
2887 5168 3083 5202 nnlml,
3117 5159 3251 5202 Nam
3285 5162 3395 5202 hmo
3419 5174 3647 5202 numnum
3670 5167 3792 5202 terra
