3948 5398
185 429 284 485 209

930 433 1229 489 EPITOME
1266 431 1626 489 MOIIALIUM
1663 431 1719 487 S.
1753 427 1959 484 GREG.
2002 426 2068 481 IN
2105 425 2246 482 JOB.
2287 454 2354 465 —-
2394 423 2520 478 LIB.
2563 421 2628 476 Χ.

3316 414 3423 471 Iit)

182 540 413 596 miseria:
444 549 497 594 et
536 544 875 598 tenebrarum
919 553 1061 599 terra
1104 556 1204 611 est,
1237 545 1362 614 quia
1392 545 1636 615 quisquis
1681 543 1747 597 ad
1778 551 1820 604 Α
1852 540 2135 596 tormentis
2165 540 2327 593 timor
2358 537 2597 593 dolorem
2627 535 2811 600 habet,
2858 534 3012 589 dolor
3037 534 3285 589 timorem
3318 549 3425 589 non

182 629 454 685 toleranda
482 631 599 700 ejus
643 632 782 687 mala
811 633 1174 700 descenderit,
1221 650 1561 705 nequaquam
1615 635 1750 688 ulte-

180 720 289 773 rius
317 720 388 775 ad
441 720 612 775 lucem
658 722 852 777 reddit.
888 723 1183 793 Sequitur:
1216 722 1313 777 Ubi
1345 725 1529 778 unibra
1568 724 1749 778 mortis

175 820 220 863 et
243 811 424 865 nulla:
452 813 603 867 ordo.
629 843 700 852 -—
737 813 889 870 Sicut
913 831 1057 870 mors
1089 818 1325 870 exterior
1353 817 1421 871 ab
1449 817 1629 869 anima
1671 816 1752 870 di-

176 900 310 953 vidit
335 915 579 967 carnem,
619 903 690 957 ita
728 919 876 959 mors
904 906 1133 960 interior
1167 922 1198 960 a
1237 905 1347 960 Deo
1390 915 1605 975 separat
1636 906 1751 961 ani-

173 1002 340 1040 mam.
390 989 586 1044 Umbra
622 1007 752 1061 ergo
781 994 969 1049 mortis
1012 1004 1094 1049 est
1119 995 1424 1051 obscuritas
1453 996 1747 1061 divisionis,

171 1077 295 1145 quia
354 1078 643 1134 damnatus
690 1082 917 1152 quisque
963 1099 1083 1137 cum
1145 1093 1350 1139 aeterno
1409 1088 1753 1142 succenditur

169 1168 316 1236 igne,
367 1170 438 1223 ab
468 1170 678 1225 interno
721 1172 923 1227 lumine
981 1172 1313 1228 tenebratur.
1364 1173 1567 1229 Natura
1626 1191 1753 1231 vero

170 1258 312 1326 ignis
336 1269 422 1312 est
450 1267 507 1311 ut
534 1275 566 1313 a
591 1261 770 1329 seipse
789 1269 842 1314 et
871 1260 1045 1316 lucem
1079 1263 1332 1316 exhibeat
1364 1273 1419 1317 et
1440 1279 1753 1320 concrema-

170 1337 398 1407 tiouem.
428 1354 536 1410 Sed
581 1364 1040 1428 transgressorum
1076 1357 1164 1412 illa
1199 1359 1364 1413 ultrix
1389 1358 1605 1413 ﬂamma
1623 1374 1751 1414 con-

165 1445 557 1500 cremationem
584 1447 766 1511 habet,
810 1457 865 1501 et
889 1447 1071 1501 lumen
1100 1463 1207 1502 non
1234 1450 1417 1503 habet.
1446 1448 1581 1503 Hinc
1606 1449 1749 1502 enim

164 1548 241 1594 est
267 1541 418 1608 quod
446 1540 513 1595 de
535 1542 778 1611 reprobis
804 1541 1017 1597 Veritas
1043 1543 1175 1598 dicit
1199 1562 1209 1596 :
1241 1563 1259 1595 ι
1284 1543 1550 1599 Discedite
1580 1559 1611 1597 a
1644 1557 1747 1606 me,

165 1631 462 1696 maledicti,
485 1633 536 1687 in
553 1634 729 1703 ignem
744 1643 1024 1702 :eternum,
1050 1655 1066 1686 ι
1086 1644 1141 1690 et
1156 1636 1360 1705 reliqua
1382 1636 1599 1708 (Matth.
1623 1652 1749 1703 xxv,

161 1724 276 1793 41).
316 1724 454 1780 Hinc
496 1726 659 1779 etiam
691 1742 787 1795 per
840 1726 1179 1782 Psalmistam
1231 1728 1430 1782 dicitur
1462 1745 1477 1781 :
1515 1747 1532 1779 ι
1576 1727 1752 1797 Super

159 1829 255 1869 eos
279 1815 491 1869 cecidit
518 1816 675 1887 ignis,
697 1824 752 1870 et
779 1831 885 1871 non
928 1818 1178 1872 viderunt
1200 1817 1366 1872 solem
1413 1815 1584 1888 (Paul.
1618 1834 1746 1883 Lm,

1852 631 2035 695 habet,
2065 630 2192 700 quia
2222 643 2561 699 nequaquam
2587 636 2819 682 mentem
2853 637 3028 681 motus
3049 626 3275 690 cruciat,
3304 640 3425 679 cum

1851 718 1961 786 pati
1992 717 2218 786 eruperit
2237 717 2351 787 jam
2396 715 2538 786 quod
2575 716 2867 771 metuebat.
2908 715 3180 769 lufernum
3216 729 3346 770 vero
3374 726 3430 770 et

1853 808 2041 863 umbra
2071 810 2261 864 mortis
2286 810 2562 874 obscurat,
2593 818 2642 862 et
2685 808 3030 877 sempiternus
3052 809 3241 862 horror
3275 808 3429 861 inha-

1851 902 2001 965 bitat,
2025 902 2150 972 quia
2172 901 2290 970 ejus
2321 902 2533 973 ignibus
2557 901 2764 965 traditi,
2803 909 2863 954 et
2888 901 2941 954 in
2971 900 3249 970 suppliciis
3278 900 3428 954 dolo-

1852 1009 1968 1048 rem
1990 995 2249 1058 sentiuut,
2276 1005 2329 1049 et
2352 995 2404 1048 in
2448 992 2651 1049 doloris
2672 992 2913 1060 angustia
2944 991 3176 1061 pulsanti
3207 1004 3267 1046 se
3286 1005 3429 1047 sem-

1852 1100 1948 1155 per
1978 1097 2176 1155 pavore
2210 1083 2498 1149 feriuntur,
2527 1092 2585 1136 ut
2603 1090 2661 1136 et
2683 1084 2828 1151 quod
2861 1083 3072 1148 timent,
3097 1082 3345 1146 tolerent,
3374 1089 3429 1135 et

1853 1189 2040 1228 rursus
2068 1174 2211 1243 quod
2240 1173 2497 1237 tolerant,
2530 1172 2647 1226 sine
2672 1171 2976 1227 cessatione
3023 1170 3427 1241 pertimescant.

1852 1263 1927 1316 De
1958 1264 2040 1317 his
2070 1268 2270 1317 etenim
2298 1264 2560 1332 scriptum
2606 1271 2690 1318 est
2723 1281 2738 1318 :
2776 1281 2795 1313 ι
2850 1262 3060 1317 Veriuis
3105 1276 3292 1318 eorum
3321 1277 3430 1316 non

1851 1356 2131 1419 morietur,
2154 1364 2208 1409 et
2231 1356 2369 1426 ignis
2389 1369 2575 1410 eorum
2598 1370 2701 1410 non
2722 1354 3100 1426 exstinguetur
3128 1354 3322 1426 (Marc.
3349 1370 3430 1418 rx,

1850 1446 1962 1516 48).
2002 1465 2019 1496 ι
2049 1446 2184 1512 Quia
2217 1462 2346 1516 ergo
2377 1455 2432 1501 et
2459 1462 2606 1501 mors
2639 1447 2867 1538 perii‘nit
2895 1455 3081 1502 etnon
3110 1447 3425 1517 exstinguit,

1852 1537 2003 1593 dolor
2024 1538 2252 1602 cruciat,
2278 1540 2372 1593 sed
2401 1539 2705 1593 nullatenus
2733 1537 2985 1608 pavorem
3015 1538 3185 1610 fugat,
3214 1538 3429 1592 ﬂamma

1850 1628 2123 1683 comburit
2156 1630 2249 1684 sed
2290 1643 2631 1698 nequaquam
2667 1629 2921 1683 tenebras
2965 1629 3218 1693 discutit;
3257 1643 3430 1697 quan—

1853 1728 1964 1774 tum
1988 1735 2086 1790 per
2108 1720 2358 1774 notitiam
2399 1718 2684 1789 prmsentis
2714 1720 2833 1772 vita:
2855 1719 3147 1788 colligitur,
3170 1716 3429 1788 supplicia

1850 1811 2094 1866 ordinem
2118 1827 2225 1866 non
2252 1812 2478 1871 habent,
2502 1825 2622 1880 quae
2645 1827 2751 1865 non
2781 1826 2933 1865 suam
2961 1826 3059 1880 per
3083 1812 3264 1866 omnia
3297 1826 3430 1880 qua-

159 1904 234 1974 9).
272 1924 293 1957 ι
346 1904 543 1959 Mirum
574 1922 702 1960 vero
726 1914 809 1962 est
837 1907 989 1962 valde
1016 1908 1167 1976 quod,
1190 1908 1406 1972 dicitur,
1461 1908 1549 1960 ubi
1574 1908 1749 1963 nulla:
1779 1901 1823 1959 Β
1852 1900 2056 1956 litatem
2087 1912 2290 1957 tenent.
2328 1901 2585 1968 Quamvis
2618 1902 2729 1956 illic
2753 1902 2891 1973 ignis
2934 1911 2989 1956 et
3014 1903 3081 1956 ad
3101 1902 3430 1957 consolatio-

159 1996 314 2048 ordo.
355 1994 542 2065 Neque
586 1997 731 2050 enim
769 1998 1109 2066 oumipoteus
1136 1997 1396 2067 Deusqui
1442 1998 1583 2052 mala
1610 1998 1747 2054 bene

157 2087 342 2157 punit,
373 2088 678 2141 inordinata
712 2103 833 2143 esse
867 2088 974 2143 ullo
1017 2088 1176 2142 modo
1198 2088 1281 2143 vel
1309 2098 1578 2143 tormenta
1622 2097 1749 2143 sunt

155 2176 370 2249 [sinit].
427 2176 706 2243 Quomodo
736 2192 970 2247 namque
1018 2177 1069 2231 in
1108 2177 1385 2248 suppliciis
1443 2178 1577 2233 ordo
1641 2194 1748 2233 non

157 2268 292 2331 erit,
347 2267 479 2321 dum
510 2269 820 2334 damnatum
851 2282 1174 2337 quemquam
1197 2266 1351 2335 juxta
1400 2269 1614 2323 modum
1643 2270 1751 2324 cri-

158 2358 353 2421 minis,
399 2366 455 2410 et
500 2358 785 2413 retributio
805 2358 1050 2427 sequitur
1079 2357 1338 2413 ultionis?
1386 2359 1522 2415 llinc
1552 2359 1750 2430 quippe

157 2449 431 2517 scriptum
484 2456 569 2501 est
625 2465 640 2501 :
682 2465 700 2497 ι
748 2446 1003 2502 Potentes
1035 2457 1284 2516 potenter
1342 2457 1608 2503 tormenta
1657 2464 1751 2518 pa—

161 2537 382 2588 tiuntur
410 2534 566 2604 (Sap.
596 2550 671 2601 vi,
696 2536 802 2607 7),»
830 2534 1215 2591 etfortioribus
1230 2534 1420 2591 fortior
1444 2536 1608 2590 instat
1629 2552 1752 2591 cru—

156 2626 349 2678 ciatio.
381 2624 494 2679 Sed
541 2634 760 2679 sanctus
803 2625 889 2679 vir-
910 2634 1034 2695 post
1058 2627 1304 2681 umbram
1333 2626 1520 2680 mortis
1546 2626 1747 2691 intulit,

158 2724 372 2784 quanta
406 2715 477 2768 sit
498 2714 743 2769 confusio
766 2715 817 2770 in
842 2716 1219 2771 damnatorum
1243 2723 1421 2770 mente
1452 2716 1749 2787 subjungit,

160 2806 291 2875 quia
319 2805 437 2874 ipsa
474 2821 691 2875 quoque
724 2805 983 2877 supplicia
1017 2821 1134 2875 qua:
1179 2806 1425 2860 ordinata
1468 2821 1563 2875 per
1594 2805 1754 2876 justi-

161 2896 295 2948 tiam
321 2895 573 2960 veniunt,
623 2895 871 2950 ordinata
905 2894 1091 2966 procul
1141 2895 1303 2950 dubio
1332 2896 1386 2949 in
1424 2897 1585 2951 corde
1639 2911 1754 2951 mo-

161 2988 427 3042 rientium
457 3003 566 3041 non
597 2998 742 3043 sunt.
780 2990 1038 3060 Repulsis
1078 3005 1207 3061 ergo
1242 2990 1294 3044 in
1320 2989 1595 3060 suppliciis
1620 2991 1753 3046 ordo

160 3094 270 3132 non
298 3080 429 3143 erit,
461 3080 586 3148 quia
615 3080 669 3133 iu
698 3095 888 3135 eorum
932 3090 1106 3136 morte
1145 3080 1385 3135 atrocius
1421 3082 1535 3150 ipsa
1560 3080 1749 3135 confu-

160 3170 247 3223 sio
271 3169 479 3223 mentis
524 3170 696 3224 saevit.
727 3171 936 3238 Quanta
963 3172 1107 3226 enim
1153 3173 1288 3226 mira
1326 3173 1564 3241 potentia
1600 3170 1749 3241 judi-

1850 2008 1973 2048 nem
2000 2009 2107 2048 non
2136 1993 2305 2059 lucet,
2335 2002 2390 2050 et
2415 2003 2590 2048 tamen
2627 1994 2798 2063 magis
2840 2001 3108 2063 torqueat,
3138 1992 3204 2047 ad
3232 1992 3433 2061 aliquid

1849 2085 2010 2141 lucet.
2060 2085 2195 2140 Nam
2247 2100 2509 2156 sequaces
2559 2099 2803 2153 quosque
2848 2100 2976 2140 suos
3007 2099 3190 2138 secum
3239 2086 3291 2137 in
3323 2093 3434 2137 tor-

1851 2186 2033 2232 mento
2058 2176 2275 2247 reprobi
2314 2175 2528 2229 ﬂamma
2560 2176 2867 2230 illustrante
2902 2175 3071 2229 visuri
3120 2184 3266 2239 sunt,
3295 2189 3433 2244 quod

1853 2283 1969 2321 rum
2014 2282 2199 2322 amore
2225 2267 2587 2336 deliquerunt,
2618 2276 2885 2336 quatenus
2914 2269 3004 2336 qui
3033 2281 3220 2321 eorum
3263 2268 3435 2320 vitam-

1851 2359 2146 2414 carnaliter
2193 2367 2387 2413 contra
2429 2366 2699 2427 praecepta
2739 2358 3049 2413 Conditoris
3088 2368 3430 2423 amaverunt,

1851 2448 2087 2517 ipsorum
2114 2461 2326 2517 quoque
2353 2462 2447 2502 eos
2468 2447 2718 2502 interitus
2743 2447 2797 2500 in
2822 2455 3113 2518 augmento
3135 2463 3246 2503 suae
3274 2448 3439 2501 damw

1851 2539 2086 2593 nationis
2113 2537 2331 2608 alﬂigat.
2365 2538 2519 2604 Quod
2561 2540 2803 2608 profecto
2836 2537 3129 2609 Evangelio
3161 2546 3297 2592 teste
3322 2538 3433 2591 col-

1852 2625 2095 2697 legimus,
2145 2628 2199 2680 in
2243 2642 2371 2696 quo,
2397 2626 2628 2680 veritate
2654 2628 2963 2692 nuntiante,
2987 2628 3137 2682 dives
3157 2627 3249 2681 ille
3267 2642 3430 2697 quem

1852 2719 2079 2789 contigit
2129 2720 2197 2774 ad
2237 2719 2474 2774 incendii
2522 2718 2710 2772 aeterni
2750 2727 3018 2772 tormenta
3065 2720 3430 2783 descendere,

1853 2812 2089 2880 quinque
2135 2811 2363 2865 fratrum
2408 2810 2735 2865 describitur
2760 2810 3088 2865 meminisse.
3121 2810 3274 2865 Sicut
3301 2825 3439 2880 ergo

1854 2903 2089 2959 caelestis
2109 2903 2248 2971 ignis
2288 2903 2481 2958 ardere
2524 2903 2676 2957 novit
2721 2903 2790 2957 ad
2836 2902 3090 2957 solatium
3139 2916 3431 2972 puerorum

1856 3003 1913 3047 ut
1947 2993 2159 3048 vincula
2200 2994 2537 3059 incenderet,
2587 3000 2640 3047 et
2677 3000 2859 3045 tamen
2905 2992 3099 3046 ardere
3128 2993 3197 3046 ad
3237 2991 3435 3061 suppli-

1853 3086 1995 3140 cium
2032 3086 2218 3155 nescitJ
2244 3093 2301 3138 ut
2328 3085 2648 3139 vestimenta
2696 3084 3027 3150 incenderet,
3069 3084 3140 3138 ita
3160 3099 3192 3139 e
3217 3084 3447 3139 diverso-

1853 3173 2112 3243 gehennze
2140 3172 2356 3227 ﬂamma
2384 3174 2648 3243 reprobis,
2678 3183 2734 3228 et
2788 3189 3129 3245 nequaquam
3172 3173 3316 3229 lucet
3362 3177 3430 3228 ad

163 3260 344 3313 mntis
392 3259 624 3328 aequitas
684 3260 922 3324 ordinat,
967 3271 1025 3315 ut
1076 3276 1236 3332 paena
1299 3262 1538 3317 animum
1594 3263 1751 3332 quasi
1779 3247 1824 3306 ί)
1855 3264 2244 3319 consolationis
2294 3264 2546 3335 gratiam,
2595 3272 2651 3318 et
2692 3271 2872 3318 tamen
2909 3264 3051 3318 lucet
3087 3265 3156 3318 ad
3188 3278 3428 3334 penam,

166 3351 481 3404 inordinata
511 3349 822 3404 confundat.
866 3350 959 3405 Vel
995 3360 1143 3407 certe
1169 3352 1357 3407 abesse
1395 3352 1526 3406 ordo
1548 3352 1750 3421 suppli-

164 3442 265 3495 ciis
303 3441 531 3506 dicitur,
568 3441 696 3510 quia
733 3441 1062 3510 quibuslibet
1092 3441 1253 3497 rebus
1290 3443 1343 3496 in
1388 3456 1604 3512 ptenam
1631 3457 1751 3496 sur-

166 3534 422 3603 gentibus
453 3534 672 3604 propria
720 3533 949 3603 qualitas
981 3549 1086 3587 non
1130 3543 1396 3588 servatur.
1442 3534 1699 3603 Sequitur
1732 3550 1747 3586 :

170 3625 231 3676 tit
270 3624 625 3694 sernpiternua
676 3624 864 3679 horror
897 3624 1171 3680 inhabitat.
1213 3655 1280 3666 -
1318 3626 1375 3680 In
1425 3624 1581 3695 hujus
1625 3626 1750 3682 vita:

1855 3367 1916 3410 ut
1943 3356 2321 3409 damnatorum
2371 3354 2544 3409 oculis
2574 3354 2712 3438 ignis
2752 3355 2999 3425 supplicii
3043 3363 3099 3409 et
3138 3355 3283 3409 nulla
3320 3354 3433 3409 cla-

1856 3445 2019 3500 ritate
2045 3445 2294 3510 candeat,
2327 3452 2381 3499 et
2402 3445 2468 3499 ad
2497 3444 2703 3500 doloris
2729 3444 3006 3500 cumulum
3046 3445 3229 3501 dilecti
3258 3445 3432 3515 quali-

1859 3546 1939 3591 ter
1959 3538 2292 3604 cruciantur,
2319 3536 2587 3593 ostendat.

1340 4026 1637 4103 LIBER
1695 4027 2168 4106 DECIMUS.
2252 4058 2261 4073 ν

685 4320 688 4324 Α
785 4359 1009 4417 CAPUT
1049 4361 1138 4418 xr.

231 4458 407 4512 Vens.
448 4455 514 4519 I,
544 4454 600 4508 2.
652 4452 993 4525 Respondeas
1040 4465 1215 4509 autem
1261 4454 1470 4525 Sophar
1515 4456 1758 4512 Naama-

1862 4382 1983 4422 rum
2025 4364 2253 4431 ambitu,
2312 4366 2387 4423 ita
2431 4368 2518 4423 vir
2564 4368 2657 4438 qui
2700 4383 2808 4423 non
2863 4375 3039 4438 potest
3066 4367 3122 4423 in
3165 4368 3435 4438 loquendo

1862 4457 2113 4517 cohibere
2161 4459 2412 4527 spiritum
2467 4475 2622 4514 suum
2687 4458 2869 4529 (Prov.
2918 4476 3047 4523 xxv,
3088 4460 3202 4532 28).
3251 4482 3270 4513 ι
3328 4463 3434 4516 Sed
3497 4496 3502 4503 η

166 4551 340 4614 thim,
357 4550 535 4602 dixit:
562 4546 818 4616 Nunquid
841 4548 929 4617 qui
953 4546 1119 4601 multa
1138 4547 1392 4617 loquitur,
1413 4564 1515 4603 non
1532 4550 1707 4603 audiet
1726 4552 1751 4604 2
1781 4532 1829 4592 Ι)
1858 4549 2032 4603 virtus
2053 4565 2195 4605 verae
2216 4552 2498 4606 sententiae
2531 4551 2939 4620 perditur,.qu:e
2964 4555 3066 4607 sub
3090 4552 3435 4609 discretionis

168 4636 232 4691 Et
264 4640 343 4691 vir
366 4638 615 4692 verbosus
641 4636 970 4705 justi/ictum
991 4639 1017 4691 7
1037 4666 1109 4677 —
1138 4637 1252 4693 Mos
1281 4654 1401 4695 esse
1439 4642 1752 4710 procaeium

164 4729 323 4792 solet,
359 4737 420 4781 ut
466 4736 614 4782 recte
640 4727 799 4781 dictis
830 4742 861 4780 e
888 4728 1100 4783 diverso
1130 4743 1346 4798 semper
1372 4734 1754 4799 respondeant,

164 4838 232 4877 ne
264 4824 311 4876 si
340 4827 409 4877 ad
424 4822 643 4892 prolata
689 4823 1032 4877 consentiant
1069 4823 1357 4880 inferiores
1390 4840 1510 4881 esse
1534 4829 1758 4884 videan-

165 4924 274 4968 tur.
308 4913 520 4980 Quibus
543 4911 822 4982 justorum
867 4914 1053 4980 verba,
1086 4917 1383 4987 quamlibet
1430 4917 1572 4973 facta
1600 4916 1754 4992 [alte]

163 5004 486 5066 sonuerint,
528 5003 697 5055 multa
738 4999 935 5073 [muta]
987 5012 1129 5067 sunt,
1183 5006 1313 5074 quia
1355 5021 1582 5073 quorum
1624 5007 1756 5061 vitia

166 5098 444 5154 resccant,
471 5092 716 5146 auditum
755 5100 1000 5157 gravant.
1037 5092 1187 5148 Unde
1211 5104 1265 5150 et
1291 5096 1358 5149 ad
1387 5096 1589 5151 crimen
1642 5108 1759 5151 tra-

165 5182 344 5247 hitur,
368 5183 471 5237 hoc
489 5186 629 5253 quod
662 5192 816 5237 recta
836 5185 1144 5250 praedicatio
1162 5197 1351 5243 contra
1379 5190 1606 5244 crimina
1629 5205 1758 5260 pro-

167 5272 347 5304 ras-bur
388 5271 491 5304 Nnn
511 5274 761 5304 Ianua...“
793 5272 1001 5304 Iuli-Inus
1037 5276 1246 5304 enni”...
1285 5280 1600 5304 ηηκιηοιιέιι...
1626 5295 1721 5304 -..η

1855 4641 2095 4702 custodia
2118 4656 2224 4696 non
2257 4641 2548 4712 profertur.
2586 4641 2842 4713 Sequitur
2881 4661 2901 4698 :

1927 4728 2089 4786 Vsus.
2136 4733 2191 4785 5.
2244 4730 2357 4784 Tibi
2402 4731 2502 4786 soli
2575 4732 2815 4787 tacebunt
2870 4733 3143 4799 homines,
3199 4744 3249 4787 et
3316 4749 3434 4787 cum

1857 4829 2070 4874 cancros
2101 4821 2356 4887 irriseris,
2393 4840 2425 4876 a
2479 4822 2626 4877 nullo
2663 4823 3063 4890 confutaberia?
3086 4855 3158 4867 —-
3185 4826 3435 4893 Imperita

1858 4924 2030 4974 mens,
2063 4920 2122 4964 ut
2143 4911 2403 4975 diximus,
2436 4913 2682 4972 veritatis
2725 4915 3025 4971 sententias
3050 4917 3289 4986 graviter
3312 4914 3439 4966 tole-

1857 5007 1963 5063 rat,
2008 5008 2065 5054 et
2106 5000 2381 5055 silentium
2432 5017 2647 5069 poenam
2704 5010 2875 5071 putat.
2906 5003 3074 5060 Ferre
3103 5018 3286 5057 vocem
3333 5018 3438 5055 non

1859 5086 2021 5152 valet,
2049 5091 2176 5159 quia
2222 5097 2369 5143 tenta
2397 5090 2452 5143 in
2500 5090 2725 5145 vulnere
2751 5091 2835 5145 sui
2876 5104 3069 5149 reatus
3105 5091 3272 5154 dolet,
3302 5090 3443 5144 unde

1860 5193 1984 5232 mox
2012 5196 2071 5235 se
2092 5181 2156 5235 ad
2179 5179 2551 5236 defensionem
2596 5190 2881 5250 praeparat,
2911 5192 2975 5237 ut
3015 5191 3196 5238 reatus
3227 5182 3308 5235 sui
3348 5195 3443 5232 ve-

1860 5272 2173 5304 rnans-unum
2202 5285 2300 5304 nal-
2326 5270 2486 5304 vna-Ita
2538 5286 2717 5304 noenum
2750 5270 3090 5304 mnf-nlnlinuiu
3123 5278 3260 5304 Ion-al
3317 5270 3447 5304 Dan-
