3948 5398
1527 345 1587 402 8.
1626 343 1877 402 ODONIS
1914 340 2204 399 ABBATIS
2239 340 2736 401 CLUNIACENSIS
2772 343 2813 400 ll

3683 351 3765 404 εΗ

564 460 688 529 (Job
740 472 814 521 tv,
860 455 974 525 20.)
1006 454 1099 510 Sic
1124 452 1323 519 habet:
1349 454 1452 510 hoc
1498 468 1791 525 pravorum
1826 451 2054 518 malitia,
2088 459 2146 506 ut
2172 455 2220 517 Α
2249 462 2428 506 reatur
2451 454 2699 524 iniquitas
2727 464 2839 511 tua.
2874 485 2947 496 --
2978 455 3139 511 Dolor
3162 457 3358 528 quippe
3383 456 3577 528 ﬂagello
3602 466 3763 531 tempe-

566 565 690 605 cum
717 562 840 602 vera
869 547 922 601 in
953 561 1013 602 se
1036 544 1164 601 ﬁere
1196 543 1335 600 mala
1366 544 1565 611 renuit,
1589 543 1758 615 ﬁngat
1785 543 1981 598 aliena.
2008 540 2144 596 Nam

565 637 723 707 quasi
747 636 940 693 solatio
967 634 1227 691 facinoris
1248 635 1439 700 utitur,
1463 635 1507 690 si
1538 634 1692 691 falsis
1719 633 1942 691 vocibus
1959 640 2015 687 et
2034 633 2144 688 vita

562 729 910 800 eorripientis
949 728 1279 799 inquinetur.
1316 725 1576 797 Sequitur
1608 742 1622 781 :

638 824 802 878 Vens.
835 822 890 877 5.
924 823 1087 891 Atque
1113 821 1317 875 utinam
1348 819 1485 874 Deus
1525 819 1824 890 loqueretur
1857 826 2027 872 tecum
2048 856 2062 881 ,
2095 826 2145 871 et

561 916 785 985 aperiret
814 913 954 969 labia
982 929 1080 967 sua
1124 911 1241 967 tibi.
1271 940 1343 952 -
1365 910 1484 981 Ipse
1518 910 1718 981 quippe
1741 910 1901 966 homo
1933 907 2034 963 sibi
2062 907 2143 963 lo-

562 1008 773 1075 quitur,
804 1020 924 1059 cum
947 1019 1046 1074 per
1083 1003 1188 1058 hoc
1207 1003 1350 1072 quod
1379 1003 1547 1058 sentit
1584 1015 1927 1071 nequaquam
1950 998 2145 1056 divini-

560 1098 696 1151 tatis
719 1097 913 1166 Spiritu
930 1111 961 1150 a
983 1093 1216 1151 carnalis
1233 1094 1531 1166 prudentiae
1546 1092 1820 1148 intellectu
1836 1097 2141 1161 separatur.

565 1186 721 1242 Unde
756 1196 810 1240 et
838 1187 1014 1241 adhuc
1033 1184 1218 1251 Petro,
1261 1185 1364 1240 hoc
1404 1193 1616 1239 terrena
1648 1180 1899 1253 sapienti,
1938 1179 2145 1234 Veritas

565 1279 693 1334 dicit
726 1295 739 1331 :
779 1298 795 1330 ι
828 1278 943 1333 Non
982 1278 1126 1332 enim
1162 1277 1309 1347 sapis
1328 1291 1449 1347 qua:
1487 1274 1578 1330 Dei
1606 1283 1752 1337 sunt,
1782 1273 1873 1328 sed
1897 1286 2017 1341 quae
2048 1271 2140 1326 bo-

563 1373 773 1428 minum
801 1372 1015 1443 (Matth.
1043 1387 1154 1436 xvt,
1175 1371 1289 1443 2f»).
1320 1390 1339 1423 ι
1370 1368 1467 1424 Cui
1491 1378 1669 1424 tamen
1694 1374 1840 1421 recta
1864 1364 2144 1420 conﬁtenti

565 1463 766 1517 dicitur
800 1432 817 1515 ἐ
855 1480 873 1513 ι
904 1460 1045 1517 Caro
1067 1469 1122 1516 et
1143 1432 1364 1532 saiiguis
1385 1458 1645 1515 revelavit
1668 1456 1789 1521 tibi,
1814 1476 1833 1510 ι
1865 1465 1921 1510 et
1941 1454 2153 1524 reliqua

564 1553 778 1624 (Matth.
813 1569 933 1617 xw,
972 1551 1080 1623 17).
1121 1551 1260 1619 Quid
1301 1559 1481 1605 autem
1520 1548 1616 1604 Dei
1651 1547 1824 1611 labia,
1868 1546 1970 1601 nisi
2005 1542 2146 1613 judi-

563 1643 649 1698 cia
672 1644 789 1714 cjus
819 1643 1152 1714 accipimus?
1187 1630 1355 1698 Labia
1394 1643 1578 1712 itaque
1630 1655 1726 1697 sua
1768 1640 1909 1695 Deus
1946 1637 2141 1708 aperit,

564 1752 686 1791 cum
713 1736 1040 1791 voluntatem
1080 1750 1232 1790 suam
1262 1735 1572 1790 hominibus
1598 1748 1696 1804 per
1734 1741 1918 1805 aperta
1941 1715 2144 1802 judicia

561 1829 819 1883 ostendit.
875 1827 1039 1897 Quasi
1083 1827 1227 1882 enim
1270 1836 1511 1881 reserato
1559 1841 1656 1880 ore
1709 1824 1965 1894 loquitur,
2022 1835 2145 1876 cum

561 1931 775 1976 remota
819 1921 1152 1977 obscuritate
1189 1918 1559 1988 dispositionis
1593 1919 1797 1973 intima:
1847 1915 2027 1972 renuit
2054 1930 2159 1977 ορ(

561 2010 770 2066 cultare
792 2011 935 2079 quod
962 2010 1095 2064 vult.
1138 2008 1273 2063 Nam
1326 2009 1470 2064 velut
1506 2007 1704 2063 clausis
1741 2007 1897 2062 labiis
1924 2020 2142 2061 sensura

558 2101 715 2156 nobis
750 2116 907 2157 suum
954 2116 1059 2156 non
1101 2100 1322 2165 indicat,
1388 2115 1508 2154 cum
1544 2098 1752 2155 occulta
1793 2097 1998 2168 judicia
2046 2112 2146 2151 cur

559 2193 690 2264 quid
714 2194 881 2250 faciat
915 2194 1075 2249 celat.
1105 2193 1186 2247 Ac
1221 2193 1266 2248 si
1299 2208 1427 2263 ergo
1451 2193 1722 2284 pat'ienter
1755 2191 2003 2247 diceret:
2036 2188 2144 2244 Int-

556 2285 767 2356 peritia:
790 2293 893 2340 tua:
917 2285 1097 2355 potius
1121 2300 1283 2355 quam
1308 2298 1481 2353 preme
1519 2280 1840 2353 compatior,
1878 2281 2001 2352 quia
2029 2280 2145 2336 sola

557 2376 741 2432 carnis
791 2377 1075 2447 prudentia
1113 2376 1420 2445 praeditum,
1487 2390 1519 2428 a
1566 2374 1810 2428 veritatis
1853 2383 1905 2427 te
1949 2371 2142 2442 spiritu

555 2479 788 2521 vacuum
817 2481 1073 2537 agnosco.
1102 2464 1159 2521 Si
1190 2465 1334 2520 enim
1360 2464 1454 2520 Dei
1477 2464 1687 2519 occulta
1710 2464 1912 2534 judicia
1939 2476 2142 2531 cogno-

555 2570 762 2623 sceres,
820 2565 932 2612 tam
974 2571 1232 2627 procaces
1281 2564 1474 2610 contra
1508 2553 1658 2608 illum
1709 2553 2005 2609 sententias
2034 2566 2142 2606 non

554 2664 803 2705 sanares.
846 2650 1105 2718 Sequitur
1134 2664 1149 2702 :

631 2741 798 2795 Vens.
828 2739 882 2793 ϐ.
935 2737 1001 2794 Ut
1053 2739 1346 2793 ostenderet
1400 2738 1493 2792 tibi
1521 2748 1718 2792 secreta
1774 2735 2045 2806 sapientiae
2093 2744 2142 2789 et

555 2831 697 2901 quod
725 2829 1000 2895 multiplex
1047 2830 1113 2884 sit
1157 2829 1243 2884 lca:
1287 2830 1423 2900 ejus.
1476 2859 1549 2870 —-
1602 2828 1823 2884 Publica
1875 2826 2142 2899 sapientia

557 2937 792 2993 superna
840 2932 966 2977 sunt
1004 2937 1192 2993 opera,
1238 2937 1361 2977 cum
1431 2924 1771 2994 omnipotens
1817 2924 1961 2978 Deus
2006 2921 2145 2993 regit

557 3032 697 3088 quos
725 3024 895 3082 creat,
924 3015 1136 3086 perﬁcit
1162 3016 1302 3071 bona
1329 3031 1450 3086 quae
1497 3017 1750 3082 inchoat,
1780 3027 1835 3071 et
1856 3015 2144 3085 aspirando

538 3110 782 3180 adjuvat
838 3123 1003 3178 quos.
1042 3108 1374 3164 visitationis
1442 3124 1554 3163 sua:
1608 3108 1812 3164 lumine
1888 3107 2141 3163 illustrat.

558 3201 782 3256 Secreta
833 3214 962 3254 vero
1003 3199 1265 3268 sapientia
1330 3213 1564 3270 superna
1610 3208 1738 3254 sunt
1781 3213 1980 3269 opera,
2019 3213 2142 3253 cum
2171 3177 2216 3239 ε

558 3292 823 3347 Dominus
861 3305 999 3359 quos
1044 3291 1252 3346 creavit
1284 3291 1504 3367 deserit,
1544 3306 1668 3345 cum
1707 3291 1846 3345 bona
1873 3304 1993 3359 quae
2021 3303 2146 3358 pro-

560 3382 830 3436 venieudo
850 3390 1114 3450 coeperat,
1137 3396 1476 3451 nequaquam
1505 3380 1877 3452 prosequendo
1898 3393 2147 3435 consum-

561 3481 699 3536 mat,
731 3487 854 3526 cum
883 3472 1026 3526 dona
1070 3486 1193 3541 quae
1245 3457 1473 3525 contulit
1502 3470 1725 3525 minime
1759 3470 2013 3524 custodit.
2063 3467 2147 3524 Ad

563 3562 680 3617 tunc
724 3577 784 3617 se
809 3561 1012 3616 Paulus
1067 3562 1348 3631 sapientia;
1395 3561 1538 3616 illius
1585 3570 1794 3616 secreta
1847 3559 2151 3615 tetenderat

566 3671 690 3708 cum
752 3654 1011 3710 dicebat:
1065 3671 1085 3706 ι
1131 3653 1176 3709 Ο
1225 3654 1454 3709 altitudo
1505 3654 1819 3709 divitiarum
1872 3652 2152 3723 sapientia:

573 3746 692 3815 Dei,
729 3767 749 3800 ι
780 3756 837 3803 et
872 3747 1079 3817 reliqua
1107 3745 1281 3815 (Rom.
1308 3762 1384 3810 x1,
1408 3746 1521 3817 35).
1552 3745 1812 3817 Sequitur
1841 3764 1856 3800 :

632 3841 703 3896 Et
729 3845 867 3913 quod
894 3840 1169 3911 multiplex
1194 3841 1258 3894 sit
1289 3839 1373 3894 lex
1392 3841 1525 3910 ejus.
1544 3870 1612 3881 -—
1628 3840 1767 3907 Quid
1796 3842 1899 3897 hoc
1918 3840 2037 3896 loco
2058 3838 2153 3896 Dei

564 3935 651 3988 lex
682 3934 875 4005 accipi,
928 3933 1034 3988 nisi
1063 3932 1300 3989 charilas
1353 3931 1553 3988 debet?
1588 3947 1687 4003 per
1728 3948 1889 4003 quam
1944 3947 2157 4002 semper

565 4026 818 4094 leguntur
841 4025 893 4078 in
916 4033 1100 4080 mente
1129 4031 1396 4095 praecepta
1431 4023 1554 4078 vitae
1594 4022 1826 4094 qualiter
1853 4024 1907 4078 in
1946 4023 2158 4079 actione

566 4127 875 4173 teneantur.
907 4117 982 4172 De
1008 4118 1110 4172 hac
1133 4115 1335 4171 etenim
1358 4115 1475 4185 lege
1497 4114 1752 4170 Veritatis
1772 4129 1905 4169 voce
1926 4114 2157 4169 dicitur:

570 4232 590 4261 ι
627 4209 743 4263 lloc
792 4219 876 4263 est
931 4218 1256 4278 praeceptum
1309 4222 1488 4262 meum
1542 4216 1599 4262 ut
1643 4208 1879 4277 diligatis
1926 4207 2157 4262 invicem

570 4299 756 4369 (Joan.
801 4315 893 4362 xv,
939 4299 1052 4369 19.).
1084 4317 1104 4351 ι
1157 4299 1235 4354 De
1276 4298 1376 4353 hac
1422 4297 1620 4353 Paulus
1669 4298 1746 4352 ait
1780 4316 1794 4352 :
1828 4317 1847 4349 ι
1877 4296 2161 4353 Plenitudo

567 4393 703 4465 legis
737 4391 953 4448 dilectio
983 4391 1162 4461 (Rom.
1192 4407 1310 4456 xm,
1344 4391 1451 4461 l0).
1489 4410 1509 4443 ι
1566 4391 1672 4445 Sed
1707 4392 1823 4448 luce
1856 4393 2045 4448 eadem
2074 4392 2159 4448 lex

568 4485 850 4556 multiplex
872 4485 1091 4550 dicitur,
1119 4484 1244 4554 quia
1269 4485 1507 4539 studiosa
1543 4484 1900 4539 sollicitudine
1921 4484 2161 4539 cbaritas

571 4582 638 4638 ad
675 4590 873 4638 cuncta
908 4580 1169 4635 virtutum
1213 4578 1357 4635 facta
1402 4578 1677 4633 dilatatur.
1732 4580 1862 4645 Quae
1895 4593 1924 4632 a
1954 4578 2164 4634 duobus

572 4675 789 4746 quidem
818 4674 1103 4745 praeceptis
1141 4672 1348 4742 incipit,
1384 4672 1588 4749 sedase
1641 4671 1709 4726 ad
1757 4671 2164 4726 innumerabilia

572 4765 831 4821 extendit.
876 4762 1046 4831 Hujus
1085 4776 1319 4832 namque
1364 4762 1495 4833 legis
1545 4762 1755 4817 initium
1782 4802 1798 4827 ,
1840 4761 2052 4818 dilectio
2081 4770 2165 4818 est

575 4857 694 4923 Dei,
737 4871 802 4910 ac
838 4854 1055 4910 dilectio
1089 4854 1342 4925 proximi.
1392 4852 1495 4909 Sed
1536 4852 1632 4908 Dei
1665 4852 1879 4908 dileetio
1918 4867 2017 4922 per
2063 4854 2162 4907 tria

574 4949 943 5020 diStinguitur,
990 4947 1222 5018 proximi
1252 4956 1431 5001 autem
1470 4946 1537 5002 ad
1569 4945 1676 5000 duo
1711 4954 1975 5016 praecepta
2020 4945 2165 5000 deri-

575 5052 751 5098 vatur.
780 5041 886 5097 Sed
907 5040 1024 5095 lnec
1049 5039 1304 5094 nimirum
1326 5039 1430 5093 duo
1452 5036 1581 5092 dum
1608 5036 1835 5092 sollicita
1862 5036 2167 5103 cogitantur

580 5133 898 5199 intentione,
925 5146 1021 5187 cor
1047 5131 1114 5185 ad
1140 5110 1420 5184 innumera
1446 5128 1703 5182 virtutum
1740 5126 1997 5198 mysteria
2048 5133 2166 5179 ten-

581 5227 731 5292 dunt,
762 5240 830 5280 ne
850 5224 936 5279 vel
970 5222 1038 5278 ad
1074 5220 1351 5277 inferenda
1377 5233 1497 5289 qua:
1519 5233 1624 5272 non
1668 5218 1845 5282 debet,
1887 5214 2171 5270 desideriis

582 5316 818 5385 inquieta
846 5330 999 5371 mens
1018 5316 1257 5377 ferveat,
1280 5311 1503 5379 velerga
1526 5309 1826 5363 exhibenda
1848 5320 1966 5375 qua:
1989 5304 2169 5368 debet,

2247 552 2422 610 ratur,
2442 559 2567 599 cum
2592 545 2747 616 culpa
2769 547 3132 618 cognoscitur.
3184 547 3241 603 Si
3283 556 3459 605 autem
3497 550 3659 619 culpas
3675 567 3769 622 perv

2246 636 2550 707 pendimus,
2583 637 2828 708 profecto
2850 640 3228 710 aequanimiter
3262 641 3463 713 ﬂagella
3507 643 3769 711 toleramus,

2245 741 2349 781 nec
2375 743 2441 783 ex
2468 728 2652 785 dolore
2692 730 2760 785 ad
2795 730 3184 801 impatientiam
3211 735 3419 805 proruit
3443 774 3457 800 ,
3482 749 3593 789 cum
3617 751 3697 790 suo
3708 737 3771 804 ju.

2244 820 2386 876 dicio
2413 822 2745 877 conscientia
2790 824 3011 881 addicit.
3066 824 3172 881 Sed
3218 826 3428 896 Sophar
3475 826 3638 883 sciens
3675 829 3771 897 quid

2245 912 2469 977 diceret,
2517 911 2610 969 sed
2653 914 2740 969 cui
2776 914 2982 971 diceret
3021 916 3270 972 nesciens
3296 957 3310 982 ,
3342 931 3443 972 non
3480 916 3588 972 sine
3622 933 3771 988 magna

2245 1004 2529 1075 iniquitate
2553 1005 2675 1072 fuit,
2703 1007 2792 1076 qui
2821 1007 2995 1063 virum
3021 1006 3226 1077 justum
3256 1023 3426 1079 usque
3467 1009 3530 1063 ad
3566 1008 3773 1077 objectio-

2245 1111 2367 1152 nem
2396 1097 2695 1167 iniquitatis
2729 1098 3046 1169 increpavit.
3102 1099 3417 1170 Quanquam
3450 1098 3584 1154 enim
3607 1097 3774 1168 Sopbar

2245 1190 2488 1261 iniquum
2531 1200 2707 1258 vocet,
2754 1207 2913 1262 quem
2950 1207 3178 1263 superna
3202 1193 3465 1247 sententia
3495 1191 3772 1254 laudaverat,

2245 1301 2355 1341 non
2413 1294 2593 1340 tamen
2638 1301 2669 1341 a
2718 1285 2875 1341 venia
2921 1286 3240 1356 reprobatus
3278 1284 3590 1349 exoluditur,
3627 1283 3703 1354 qui
3725 1283 3773 1337 ad

2245 1386 2408 1441 verba
2452 1385 2793 1441 contumeliae
2817 1425 2832 1451 ,
2864 1385 3028 1440 divini
3058 1384 3260 1441 amoris
3301 1383 3416 1438 zelo
3455 1389 3775 1452 promovetur.

2246 1474 2420 1530 Citius
2457 1476 2601 1531 enim
2627 1476 2781 1547 culpa
2812 1476 3120 1540 dimittitur,
3156 1490 3275 1543 qua:
3304 1487 3628 1546 nequaquam
3654 1471 3776 1527 mali—

2248 1568 2336 1623 tiae
2360 1569 2539 1623 studio
2571 1578 2931 1639 perpetratur.
2975 1568 3231 1639 Sequitur
3260 1586 3273 1621 :

2319 1662 2485 1717 Vnus.
2509 1662 2562 1715 7.
2587 1703 2593 1709 .
2620 1659 2868 1714 Forsitan
2916 1660 3129 1730 uestigia
3173 1659 3270 1713 Dei
3312 1655 3701 1729 comprehendet,
3741 1667 3779 1710 et

2248 1771 2410 1826 usque
2438 1754 2507 1807 ad
2538 1754 2820 1824 perfectum
2847 1751 3260 1821 Omnipotentem
3307 1748 3571 1821 reperies?
3593 1746 3777 1814 —Qnid

2252 1843 2499 1913 vestigia,
2537 1842 2639 1896 nisi
2682 1840 3067 1912 benignitatem
3099 1838 3243 1893 illius
3265 1835 3586 1892 visitationis
3610 1832 3785 1889 vocat?

2249 1935 2455 2004 Quibus
2498 1935 2752 1990 nimirum
2800 1931 3050 2003 progredi
3089 1931 3155 1985 ad
3190 1943 3423 2000 superna
3458 1939 3777 1999 provocamur,

2246 2043 2368 2083 cum
2400 2025 2516 2095 ejus
2549 2025 2772 2097 Spiritus
2802 2022 2983 2077 amata
3016 2021 3319 2091 tangimur,
3361 2028 3418 2076 et
3455 2027 3599 2074 extra
3639 2014 3781 2070 carnis

2245 2118 2540 2187 angustias,
2573 2114 2832 2170 sublevati
2881 2127 2978 2183 per
3024 2126 3283 2177 amorem,
3333 2107 3663 2178 agnoscimus
3697 2103 3776 2157 Au-

2244 2209 2414 2264 ctoris
2451 2207 2621 2263 nostri
2669 2203 3135 2273 contemplandum
3181 2200 3419 2271 speciem
3445 2212 3599 2269 quam
3631 2208 3785 2262 sequa-

2246 2316 2388 2355 mur.
2430 2298 2563 2354 Nam
2593 2313 2714 2354 cum
2743 2306 2979 2351 mentem
3029 2302 3269 2350 nostram
3305 2288 3599 2362 spiritualis
3633 2283 3779 2356 patria:

2246 2406 2401 2446 amor
2439 2388 2763 2451 inﬂammat,
2816 2385 2969 2456 quasi
3022 2383 3374 2454 sequentibus
3429 2371 3530 2436 iter
3576 2377 3779 2433 insinuat.

2246 2482 2376 2551 Qua:
2406 2482 2550 2538 enim
2577 2480 2803 2536 necdum
2828 2478 3124 2542 cernimus,
3155 2483 3325 2531 restat
3355 2486 3577 2529 necesse
3618 2474 3706 2532 est,
3739 2472 3781 2518 ut

2245 2573 2471 2644 vestigia
2502 2571 2583 2627 sui
2615 2568 2817 2624 amoris
2865 2568 3198 2638 indagemus,
3238 2573 3510 2635 quatenus
3550 2572 3697 2630 usque
3734 2554 3781 2608 ad

2245 2660 2720 2734 contemplationis
2771 2659 3008 2730 speciem
3062 2656 3387 2727 quandoque
3430 2669 3577 2708 mens
3623 2647 3780 2704 veniat.

2246 2769 2406 2825 quem
2430 2767 2575 2807 nunc
2596 2750 2750 2822 quasi
2780 2758 2930 2820 tergo
2953 2747 3286 2817 subsequens
3322 2760 3425 2814 per
3465 2750 3641 2798 sancta
3678 2736 3786 2792 desi-

2247 2842 2394 2899 deria
2417 2839 2680 2912 explorat.
2724 2838 2864 2894 Hinc
2886 2836 3167 2892 Psalmista
3204 2835 3281 2890 ait
3308 2848 3323 2889 :
3352 2853 3369 2885 ι
3402 2826 3787 2889 Adhzcsitanima

2246 2949 2368 2990 mea
2406 2940 2527 3003 post
2553 2945 2638 2985 me
2664 2926 2839 3000 (Psal.
2879 2942 3010 2989 an,
3050 2926 3124 2997 9).
3170 2943 3189 2977 ι
3250 2923 3408 2978 Tunc
3435 2921 3623 2994 quippe
3656 2912 3789 2971 mani-

2246 3026 2382 3082 feste
2410 3023 2766 3093 Omnipotens
2792 3020 3080 3090 reperitur,
3107 3012 3230 3073 cum
3259 3014 3605 3071 mortalitatis
3629 3016 3787 3065 nostra:

2247 3116 2488 3171 fmditus
2522 3111 2868 3181 corruptione
2896 3108 3125 3172 calcata,
3150 3108 3217 3162 ab
3244 3105 3538 3174 assumptis
3581 3099 3712 3157 nobis
3748 3098 3791 3150 in

2246 3205 2547 3264 divinitatis
2582 3219 2693 3258 suae
2728 3202 2976 3258 claritate
3016 3198 3363 3269 conspicitur.
3424 3196 3574 3251 Nunc
3595 3200 3742 3248 autem
3765 3200 3786 3239 a

2247 3296 2455 3355 carnali
2503 3293 2829 3363 cogitatione
2877 3289 3117 3344 animum
3170 3286 3333 3343 infusi
3375 3285 3609 3356 Spiritus
3654 3276 3789 3352 gratia

2246 3393 2512 3458 sublevat,
2561 3400 2616 3446 et
2663 3389 2719 3444 in
2767 3396 3135 3457 contemptum
3184 3398 3368 3439 rerum
3403 3375 3792 3454 prtetereunliutu
3882 3375 3883 3443 ξ

2248 3484 2471 3540 exaltat.
2511 3478 2965 3548 lncircumscripti
2996 3474 3212 3531 luminis
3244 3473 3411 3544 jubar
3439 3468 3627 3528 intueri
3667 3479 3789 3522 cona-
3882 3506 3883 3548 ἢ

2252 3586 2339 3631 ιιιι·
2375 3584 2431 3629 ct
2467 3560 2574 3627 non
2603 3570 2772 3634 valet,
2805 3568 2948 3640 quod
2978 3565 3292 3622 inﬁrmitate
3337 3577 3560 3634 pressus
3602 3557 3791 3615 animus,

2250 3674 2306 3722 et
2349 3678 2691 3735 nequaquam
2735 3667 3019 3736 penetrat,
3059 3666 3116 3714 et.
3154 3666 3335 3711 tamen
3385 3652 3628 3726 repulsus
3666 3651 3796 3702 amat.

2254 3756 2512 3827 Sequitur
2539 3769 2553 3808 :

2324 3848 2488 3902 Vens.
2521 3846 2575 3907 8.
2596 3845 2651 3900 9.
2693 3840 2967 3897 Επειδὶον
2999 3838 3125 3895 caelo
3150 3847 3247 3902 est,
3273 3846 3320 3891 et
3342 3836 3472 3908 quid
3497 3833 3649 3905 facies
3667 3829 3795 3896 2pm-

2256 3938 2471 4009 {undior
2513 3934 2761 4004 inferno,
2812 3942 2860 3988 et
2904 3931 3043 3986 unde
3092 3928 3416 4000 cognosces?
3463 3925 3658 3995 longior
3688 3928 3795 3971 terra

2255 4044 2500 4084 mensura
2537 4027 2676 4096 ejus,
2703 4035 2751 4079 et
2781 4024 2940 4078 latior
2981 4023 3135 4076 mari.
3158 4050 3228 4061 —
3252 4018 3379 4074 Haec
3424 4017 3635 4088 quidem
3679 4014 3796 4096 tanto

2257 4094 2607 4190 spiritualiler
2654 4113 2851 4169 debent
2893 4110 3134 4181 intelligi,
3182 4118 3387 4180 quanto
3425 4108 3493 4163 de
3538 4105 3641 4159 Deo
3677 4094 3796 4196 quid;

2259 4224 2423 4278 quam
2459 4206 2614 4261 nefas
2648 4212 2732 4259 est
2769 4202 2924 4272 juxta
2971 4214 3230 4269 corporea
3270 4199 3594 4252 lineamenta
3631 4196 3795 4280 sentin:

2262 4298 2368 4354 Sed
2415 4294 2540 4351 caelo
2587 4303 2662 4349 est
2694 4290 2965 4355 excelsior,
3013 4287 3135 4360 quia
3178 4281 3715 4354 incircumscriptionc
3736 4285 3797 4327 sat

2262 4385 2486 4457 spiritus
2507 4391 2699 4439 cuncta
2735 4378 3088 4435 transcendit.
3120 4375 3337 4447 Inferna
3358 4372 3679 4447 profundior,
3701 4361 3799 4436 quia
3882 4361 3883 4413 ἒ

2264 4475 2696 4533 transcendendo
2737 4470 3006 4527 subvehit.
3056 4468 3218 4523 Terra
3265 4468 3488 4537 longior,
3519 4463 3636 4534 quia
3677 4468 3796 4513 crea-
3882 4506 3883 4521 1

2269 4579 2402 4625 tura:
2449 4568 2664 4622 modum
2711 4564 3052 4636 perenuitatc
3100 4578 3211 4615 sua:
3254 4558 3571 4614 aeternitatis
3614 4547 3797 4609 excedit.

2269 4660 2413 4717 Mari
2439 4657 2616 4719 latior,
2654 4657 2778 4726 quia
2822 4669 3003 4709 rerum
3044 4650 3414 4721 temporalium
3446 4647 3635 4702 fluctus
3654 4642 3720 4696 sic
3739 4650 3801 4691 ω’

2270 4768 2401 4825 gens
2434 4749 2692 4820 possidet,
2723 4742 2781 4801 nt
2810 4748 2907 4802 bos
2947 4747 3048 4801 sub
3093 4742 3398 4800 omnimoda
3447 4737 3685 4809 potentiae
3720 4740 3801 4826 sua?

2269 4816 2555 4916 praesentia
2592 4837 2992 4911 coangustanth
3022 4837 3336 4892 circumdet.
3391 4832 3622 4888 Possunt
3644 4834 3693 4881 et
3710 4816 3800 4916 etin

2270 4932 2650 5006 appellatione,
2695 4928 2891 5001 angeli,
2944 4938 2999 4984 et
3042 4927 3236 4982 inferni
3281 4923 3544 4981 vocabulo
3586 4921 3801 4975 dtcmoma

2270 5024 2582 5094 designari;
2638 5036 2735 5093 per
2786 5032 2984 5076 terram
3034 5034 3186 5082 vero,
3235 5016 3365 5086 justi
3413 5014 3689 5074 boniines;
3735 5014 3805 5073 ρετ

2271 5133 2421 5174 mare
2465 5125 2643 5171 autem
2689 5121 3004 5185 peccatores
3050 5110 3295 5179 intelligi.
3360 5106 3626 5162 Excelsior
3663 5101 3804 5162 itaque

2273 5209 2398 5264 coelo
2427 5219 2526 5273 est,
2565 5206 2654 5277 qui
2704 5207 2802 5276 ipsi
2847 5218 3062 5273 quoque
3104 5202 3259 5257 ειυςιί
3306 5199 3545 5270 spiritus,
3590 5190 3803 5277 visione“

2274 5308 2438 5355 tantae
2456 5274 2791 5355 celsitudinis
2813 5294 3049 5365 perfecte
3071 5309 3174 5348 non
3203 5296 3502 5361 penetrant.
3529 5274 3804 5365 Pro/audior

3388 5378 3563 5398 3.---..“
3623 5360 3805 5398 σιριηιῖἒὶς
