3948 5398
567 410 673 466 215

1516 410 1582 484 ,8.
1624 410 1871 468 ODONIS
1912 411 2197 468 ABBATIS
2236 412 2735 470 CLUNIACENSIS
2769 415 2810 470 ll

3679 422 3769 481 2l6

568 526 803 579 bomtms
829 538 977 581 meus
1004 531 1118 588 est;
1173 538 1225 577 in
1254 537 1360 592 qua
1391 524 1645 577 mmirum
1678 524 2135 591 recognoscimus,
2166 536 2212 595 Α
2244 524 2624 593 conspicimus,
2666 526 2795 595 quid
2827 526 2893 580 de
2952 526 3232 597 majestate
3260 531 3379 583 veri
3408 529 3616 587 luminis
3641 538 3766 590 aesti-

566 625 627 669 ut
647 616 715 670 ab
735 624 955 669 auclore
981 622 1166 667 nostro
1186 613 1489 683 diligamur.
1518 612 1693 680 Quam
1712 612 1921 668 scilicet
1942 612 2136 667 faciem

564 708 743 760 levare
770 714 853 760 est
879 706 933 759 in
965 705 1072 760 Deo
1098 705 1335 759 animum
1363 721 1459 775 per
1482 705 1657 759 studia
1686 704 1949 760 orationis
1978 704 2139 761 atto}-

564 797 697 851 lere.
749 795 854 850 Sed
881 795 1149 850 clevatam
1174 794 1364 849 faciem
1399 794 1607 849 macula
1635 794 1920 864 inquinat,
1969 795 2013 848 si
2059 795 2140 848 in-

564 883 877 938 tendentem
919 893 1151 938 mentem
1190 891 1373 937 reatus
1406 884 1487 938 sui
1528 884 1860 938 conscientia
1900 892 2135 937 accusat.

563 973 693 1039 Quae
735 973 809 1028 ab
849 973 963 1042 spei
991 973 1181 1028 fiducia
1228 973 1472 1042 protinus
1508 972 1793 1042 frangitur,
1845 974 1888 1027 si
1935 974 2139 1028 intenta

565 1063 820 1130 precibus
851 1063 1078 1117 necdum
1108 1064 1332 1118 devicta:
1354 1062 1522 1132 culpa:
1551 1064 1807 1117 memoria
1838 1063 2134 1117 mordetur.

562 1149 701 1205 llinc
748 1166 844 1221 per
883 1150 1142 1206 Joannem
1192 1152 1427 1206 dicitur:
1462 1170 1479 1202 ι
1514 1151 1570 1206 Si
1615 1168 1708 1207 cor
1750 1165 1991 1207 nostrum
2031 1169 2137 1208 non

564 1242 971 1309 reprehenderit
1003 1258 1118 1306 nos,
1164 1242 1413 1298 fiduciam
1447 1244 1706 1298 habemus
1734 1243 1799 1296 ad
1832 1245 1997 1298 Deum
2020 1284 2034 1306 ,
2084 1254 2140 1298 et

563 1332 823 1399 quidquid
862 1333 1173 1401 petierimus
1203 1333 1271 1387 ab
1299 1348 1384 1394 eo,
1429 1334 1755 1403 accipiemus
1782 1333 1834 1402 (ι
1859 1332 2023 1387 laan.
2053 1350 2136 1398 ιιι,

561 1422 652 1485 21,
681 1421 793 1489 22).
830 1445 848 1472 ο
907 1422 1043 1476 Hinc
1073 1422 1326 1477 Salomon
1358 1424 1472 1477 ait:
1508 1441 1525 1473 ε
1560 1423 1659 1489 Qni
1711 1424 1907 1477 avertit
1954 1438 2139 1481 aurem

563 1527 716 1567 suam
747 1527 815 1567 ne
843 1513 1026 1567 audiat
1056 1512 1250 1583 legem,
1273 1522 1328 1568 et
1351 1512 1763 1585 reliqua-(Prov.
1792 1528 1983 1577 xxviii,
2011 1514 2087 1584 9).
2114 1532 2132 1565 ι

564 1604 637 1659 Ut
664 1620 795 1674 ergo
831 1606 897 1659 ad
928 1619 1145 1675 precem
1181 1603 1349 1659 facies
1384 1604 1500 1658 sine
1536 1602 1744 1658 macula
1778 1602 1985 1657 levetur
2014 1612 2141 1658 ante

562 1695 822 1750 orationis
852 1703 1090 1763 tempora
1110 1734 1125 1760 ,
1167 1708 1382 1764 semper
1410 1694 1570 1749 debet
1599 1693 1828 1748 sollicite
1854 1694 2095 1764 conspici
2122 1733 2137 1760 ,

561 1785 818 1855 quidquid
849 1794 1026 1854 potest
1054 1786 1106 1838 in
1133 1786 1383 1839 oratione
1412 1785 1713 1854 reprobari,
1739 1793 1795 1838 et
1821 1793 1948 1839 tunc
1975 1786 2137 1839 etiam

558 1889 688 1930 vere
711 1875 830 1930 sine
854 1875 1060 1929 macula
1088 1873 1281 1929 faciem
1307 1875 1566 1937 levamus,
1598 1888 1720 1928 cum
1748 1889 1846 1930 nec
1870 1875 2137 1944 prohibita

563 1963 701 2016 mala
737 1978 835 2017 nos
866 1964 1253 2018 committimus
1277 2002 1291 2027 ,
1347 1977 1445 2017 nec
1492 1977 1611 2031 qua:
1656 1963 1812 2018 nobis
1837 1964 2137 2023 commissa

563 2060 691 2106 sunt
725 2066 794 2106 ex
833 2052 1052 2121 proprio
1079 2051 1215 2115 zelo,
1250 2050 1564 2104 retinemus.
1618 2049 1875 2119 Sequitur
1898 2065 1919 2103 ι
1945 2049 2014 2104 Et
2040 2052 2142 2105 eris

518 2141 793 2207 .stabilis,
844 2153 892 2197 et
940 2158 1043 2195 non
1091 2140 1404 2194 timebis.—
1438 2139 1611 2195 Tanto
1660 2139 1916 2193 nimirum
1968 2141 2143 2195 minus

562 2232 794 2300 quisque
820 2240 948 2285 ante
969 2230 1200 2300 judicem
1236 2229 1494 2298 trepidat,
1517 2236 1720 2298 quanto
1746 2228 1800 2282 in
1826 2228 1983 2283 bonis
2008 2230 2143 2284 acti-

560 2323 671 2378 bus.
689 2324 912 2379 solidius
940 2332 1067 2377 stat.
1106 2322 1377 2376 Timorem
1411 2321 1609 2390 quippe
1641 2329 1877 2390 superat,
1911 2320 2002 2391 qui
2032 2330 2141 2375 sta-

559 2414 826 2469 bilitatem
856 2421 1055 2477 servat,
1079 2412 1204 2482 quia
1233 2412 1357 2466 dum
1388 2410 1651 2465 sollicitus
1679 2411 1855 2466 studet
1886 2425 2143 2480 peragere

560 2506 705 2575 quod
754 2516 1032 2559 mansuete
1059 2505 1321 2559 :conditor
1361 2503 1625 2572 imper-at,
1676 2518 1900 2559 securus
1944 2504 2144 2573 cogitat

561 2600 724 2654 etiam
751 2598 893 2667 quod
924 2596 1236 2652 terribiliter
1269 2596 1533 2651 intendat.
1571 2595 1863 2665 Sequitur:

628 2706 792 2760 Vens.
830 2704 916 2760 16.
971 2704 1200 2758 Miseria:
1244 2719 1455 2774 quoque
1495 2702 1844 2765 obliviscaris,
1896 2711 1945 2755 et
1991 2701 2142 2772 quasi

558 2811 813 2866 aquarum
826 2811 941 2863 quae
959 2794 1319 2863 prwterierunt
1345 2791 1871 2846 recordaberis—aiio
1892 2791 1935 2844 si
1959 2799 2142 2859 aperte

559 2888 707 2941 dicat
737 2904 752 2941 :
778 2886 835 2940 Si
877 2885 1129 2955 degustes
1172 2883 1428 2952 gaudium
1457 2882 1601 2952 quod
1639 2874 1786 2937 intus
1814 2890 2137 2951 permanet,

560 2976 675 3030 leve
703 2975 759 3028 fit
787 2974 1030 3043 protinus
1057 2988 1218 3029 omne
1248 2974 1391 3042 quod
1414 2972 1545 3028 foris
1574 2972 1746 3038 dolet;
1778 2972 1915 3026 mala
1945 2973 2143 3042 quippe

560 3066 686 3119 vitae
712 3064 995 3135 pmsentis
1035 3072 1185 3118 tanto
1219 3063 1405 3118 durius
1439 3064 1654 3118 animus
1688 3062 1895 3127 sentit,
1939 3070 2141 3131 quanto

561 3170 788 3224 pensare
818 3156 1014 3209 bonum
1043 3155 1186 3222 quod
1213 3155 1483 3223 sequitur,
1515 3154 1752 3225 negligit.
1789 3153 1866 3208 Ac
1896 3153 1941 3207 si
1971 3152 2139 3207 semel

561 3248 793 3315 quisque
821 3260 889 3299 se
909 3247 975 3299 ad
1004 3255 1204 3299 arterna
1232 3246 1446 3316 erigat,
1493 3259 1662 3314 prope
1706 3245 1843 3298 nihil
1887 3242 2141 3299 essebic

564 3337 831 3406 conspicit
864 3335 1122 3405 quidquid
1158 3336 1225 3389 ad
1261 3336 1421 3391 finem
1451 3334 1643 3389 currit.
1695 3331 1987 3387 Praesentis
2016 3332 2139 3386 vitae

559 3428 788 3485 adversa
817 3425 1043 3491 tolerat,
1082 3433 1137 3480 et
1162 3426 1315 3495 quasi
1346 3424 1479 3479 nihil
1504 3438 1626 3479 esse
1651 3437 1813 3477 omne
1837 3421 1978 3492 quod
2007 3421 2141 3476 labi-

563 3523 675 3580 tur,
724 3524 933 3586 pensat.
987 3515 1130 3569 Bene
1173 3522 1349 3568 autem
1399 3512 1681 3582 praesentis
1720 3512 1847 3566 vita:
1896 3511 2142 3566 miserias

564 3608 720 3677 aquis
740 3607 1194 3676 praetereuntibus
1207 3612 1503 3674 comparat,
1518 3605 1642 3673 quia
1659 3603 1941 3658 calamitas
1966 3611 2142 3656 trans-

563 3699 681 3754 iens
710 3699 866 3753 electi
897 3708 1129 3753 mentem
1158 3711 1495 3766 nequaquam
1520 3696 1877 3751 concussione
1908 3696 2138 3759 subruit,

562 3790 658 3844 sed
709 3799 889 3843 tamen
939 3797 1086 3843 tactu
1136 3787 1385 3842 maeroris
1415 3784 1659 3857 [doloris]
1698 3784 1948 3839 infundit.
2006 3782 2139 3837 Nam

561 3882 803 3936 minatur
829 3880 1047 3949 quidem
1076 3893 1172 3949 per
1192 3893 1440 3933 cruorem
1466 3877 1728 3940 vuineris,
1756 3885 1808 3930 et
1836 3890 1865 3928 a
1892 3888 2003 3930 suae
2027 3889 2142 3929 cer»-

565 3972 795 4026 titudine
822 3985 929 4024 non
956 3968 1224 4038 frangitur
1250 3967 1459 4021 saiutis.
1495 3965 1757 4034 Sequitur
1784 3981 1798 4017 :

639 4060 801 4115 Vens.
836 4059 920 4112 17.
969 4056 1040 4110 Et
1087 4057 1236 4127 quasi
1276 4054 1596 4109 meridianus
1646 4053 1825 4122 fulgor
1869 4060 2141 4119 consurget

563 4150 653 4203 tibi
685 4150 753 4202 ad
784 4164 1068 4216 vespierum.
1090 4175 1161 4186 —-
1206 4145 1402 4214 Fulgor
1427 4143 1626 4213 quippe
1654 4141 1988 4196 meridianus
2016 4149 2136 4203 est,

563 4240 618 4292 in
646 4253 868 4307 vespere
892 4237 1104 4290 virtutis
1134 4236 1411 4290 renovatio
1438 4234 1491 4286 in
1521 4232 1847 4296 tentatione,
1868 4241 1927 4284 ut
1951 4246 2140 4299 repen-

567 4329 679 4381 tino
708 4326 988 4380 cliaritatis
1016 4324 1227 4379 fervore
1256 4339 1409 4378 mens
1437 4324 1647 4392 vigeat,
1674 4338 1793 4391 quae
1814 4320 1926 4389 jam
1956 4320 2137 4375 lumen

565 4416 666 4471 sibi
718 4416 906 4485 gratiae
956 4414 1275 4469 occubuisse
1322 4412 1666 4468 formidabat.
1725 4411 2023 4480 Sequitur:
2071 4410 2139 4463 Et

563 4524 682 4563 cum
705 4516 752 4560 te
771 4514 1132 4576 consumptum
1142 4504 1371 4573 putabis,
1394 4505 1577 4557 orieris
1603 4511 1658 4556 ut
1680 4500 2139 4570 Lucifer.-——Satpe

564 4608 799 4663 namque
830 4603 908 4649 tot
937 4600 1262 4648 tentamenta
1295 4591 1561 4655 obsident,
1596 4597 1656 4643 ut
1684 4588 1797 4658 ipsa
1829 4604 1926 4643 nos
1949 4603 2134 4642 eorum

563 4682 926 4739 numerositas
954 4694 1092 4750 pene
1125 4680 1192 4734 ad
1224 4678 1432 4747 lapsum
1464 4676 1855 4746 desperationis
1893 4674 2133 4729 inclinet.

564 4773 674 4829 Sed
706 4771 957 4826 maeroris
978 4770 1150 4826 nostri
1180 4768 1464 4839 caliginem
1499 4767 1748 4822 conditor
1777 4764 2061 4841 conspicit,
2083 4775 2138 4819 et

564 4864 830 4921 subtracti
864 4863 1086 4918 luminis
1117 4863 1297 4917 radios
1332 4859 1597 4923 infundit,
1637 4858 1710 4913 ita
1741 4866 1800 4912 ut
1838 4866 1983 4911 recta
2009 4872 2136 4925 pro-

577 4970 724 5014 tmus
751 4968 847 5025 per
867 4957 1006 5009 dona
1035 4968 1186 5009 mens
1210 4954 1408 5020 vigeat,
1429 4965 1590 5020 quam
1619 4949 1776 5019 paulo
1802 4957 1927 5001 ante
1955 4947 2138 5002 decer-

566 5050 735 5106 tantia
759 5048 887 5101 vitia
917 5046 1181 5117 superbiae
1206 5044 1354 5101 calce
1380 5042 1769 5112 deprimebant.
1799 5039 1983 5095 Justus
2007 5054 2138 5106 ergo

569 5155 685 5164 Α-.-υι
711 5153 768 5164 -.ιι
790 5143 1159 5166 ΔΑ..ΑΙ.Μ“.ΙΙΙ“
1186 5134 1449 5168 Ἃιδθιιινιὶυςί
1503 5141 1555 5168 III
1590 5130 1804 5168 ,λιθίνην
1827 5131 2019 5170 nrillll‘,

2241 628 2465 668 menius.
2514 616 2721 669 Aliter:
2758 615 3063 671 Peccatoris
3086 618 3229 672 enim
3260 618 3438 674 lumen
3474 621 3526 674 in
3551 622 3631 677 die
3666 636 3765 690 est,

2239 704 2546 759 obscuritas
2565 705 2617 759 in
2643 720 2883 776 vespere,
2915 708 3041 776 quia
3072 707 3123 761 in
3149 709 3527 777 praesentivita
3548 710 3767 770 felicitate

2240 793 2522 857 attollitur,
2575 795 2668 849 sed
2716 797 3058 851 adversitatis
3104 798 3338 853 tenebris
3379 798 3433 852 in
3475 799 3579 855 fine
3604 802 3767 858 debac-

2240 882 2449 937 cbatur.
2484 882 2639 939 Justo
2666 894 2842 939 autem
2872 886 3202 941 meridianus
3229 887 3405 958 fulgor
3432 890 3499 942 ad
3524 904 3770 959 vesperum

2238 970 2411 1040 surgit
2436 1010 2451 1031 ,
2495 972 2621 1041 quia
2652 981 2849 1041 quanta
2878 974 2980 1028 sibi
3010 974 3226 1029 claritas
3254 984 3506 1043 maneat,
3546 992 3656 1032 cum
3679 977 3769 1046 jam

2238 1057 2418 1113 lumen
2449 1061 2773 1117 occumbere
2803 1064 3362 1133 cmperit,-agnoscit.
3415 1064 3550 1120 Hinc
3574 1081 3771 1138 namque

2239 1150 2495 1220 scriptum
2523 1160 2646 1205 est:
2679 1171 2697 1202 ι
2730 1151 3275 1215 Timenti.Dominum
3314 1155 3453 1211 bene
3489 1158 3590 1212 erit
3618 1158 3665 1211 in
3691 1174 3771 1213 ex-

2242 1240 2426 1294 tremis
2455 1240 2645 1311 (Eccli.
2675 1257 2716 1306 ι,
2742 1241 2854 1313 15).
2884 1261 2903 1294 ι
2939 1242 3004 1296 Ει
3029 1242 3313 1297 Psalmista
3338 1262 3351 1298 :
3387 1263 3407 1295 ι
3438 1245 3569 1300 Cum
3596 1247 3772 1301 dederit

2240 1331 2446 1387 dilectis
2474 1333 2587 1387 suis
2614 1347 2883 1399 somnum,
2915 1350 3043 1389 ecce
3072 1335 3363 1391 hzereditas
3391 1336 3598 1391 Domini
3626 1338 3773 1407 (Psal‘.

2238 1436 2419 1489 cxxvt,
2448 1424 2523 1496 5).
2558 1444 2577 1477 ι
2615 1424 2719 1492 Qui
2761 1425 2814 1480 in
2853 1424 3012 1493 hujus
3036 1442 3250 1496 quoque
3279 1429 3404 1482 vita:
3430 1429 3603 1484 adhuc
3628 1439 3773 1484 certa-

2242 1514 2385 1568 mine
2429 1514 2638 1583 positus
2660 1553 2676 1580 ,
2724 1530 2847 1569 cum
2876 1529 2936 1569 se
2964 1525 3352 1586 consumptum
3386 1519 3684 1588 putaverit,
3726 1529 3773 1572 ut

2239 1600 2456 1657 Lucifer
2482 1603 2678 1669 oritur,
2700 1604 2791 1674 qui
2819 1603 2952 1659 foris
2979 1606 3205 1671 cadens,
3231 1607 3375 1665 intus
3403 1607 3696 1672 innovatur,
3732 1619 3776 1662 et

2239 1706 2347 1759 quo
2376 1692 2547 1762 magis
2571 1694 2810 1749 exterius
2832 1694 3058 1749 adversa
3089 1693 3308 1758 tolerat,
3337 1710 3405 1750 eo
3433 1696 3611 1751 verius
3633 1698 3776 1751 virtu.

2244 1788 2354 1833 tum
2386 1780 2587 1836 lumine
2615 1782 2851 1838 interius
2865 1790 3149 1849 coruscat,
3177 1781 3347 1838 Paulo
3376 1792 3677 1850 attestante,
3700 1786 3773 1854 qui

2173 1893 2213 1951 Β
2241 1872 2355 1926 ait:
2392 1891 2410 1923 ‹
2445 1872 2551 1928 Sed
2582 1873 2709 1928 licet
2735 1874 2781 1929 is
2809 1874 2900 1944 qui
2940 1873 3073 1929 foris
3115 1883 3236 1939 est,
3282 1882 3470 1930 noster
3497 1875 3649 1930 homo
3674 1890 3773 1930 cor.

2241 1972 2539 2033 rumpatur,
2578 1973 2757 2021 tamen
2800 1966 2845 2021 is
2884 1965 2976 2035 qui
3017 1965 3161 2020 intus
3201 1974 3285 2020 est
3312 1974 3606 2021 renovatur
3628 1966 3780 2021 dedie

2242 2053 2295 2107 in
2326 2053 2465 2109 diem
2493 2052 2578 2126 (ΙΙ
2605 2054 2726 2110 Cor.
2756 2072 2831 2123 tv,
2858 2055 2967 2124 16).
2997 2072 3017 2107 ι
3055 2054 3348 2125 Sequitur:
3408 2050 3417 2061 ’

2312 2184 2474 2239 Vens.
2506 2186 2590 2240 18.
2632 2183 2698 2239 Et
2724 2184 2933 2239 habebis
2958 2184 3207 2253 ﬁduciam
3227 2225 3241 2251 ,
3284 2186 3550 2255 proposita
3578 2184 3664 2238 tibi
3690 2202 3773 2254 spe.

2240 2302 2307 2314 —-
2346 2273 2517 2327 Tanto
2565 2289 2796 2344 namque
2847 2289 2970 2344 spes
3022 2275 3076 2328 in
3126 2273 3294 2328 Deum
3346 2275 3571 2329 solidior
3605 2275 3777 2343 surgit,

2242 2374 2443 2434 quanto
2478 2364 2705 2434 quisque
2749 2379 2846 2433 pro
2889 2363 2979 2418 illo
3022 2365 3267 2434 graviora
3312 2365 3633 2433 pertulerit,
3676 2364 3776 2433 quia

2242 2468 2579 2522 nequaquam
2607 2451 2981 2507 retributionis
3008 2450 3260 2523 gaudiu‘m
3288 2453 3354 2507 de
3381 2454 3675 2507 aeternitate
3696 2452 3780 2505 colo

2242 2543 2443 2615 ligitur.
2477 2546 2619 2614 quod
2647 2558 2752 2599 non
2786 2545 2873 2599 hic
2903 2545 3051 2613 prius
3085 2545 3169 2613 pia
3201 2543 3548 2599 tribulatione
3577 2544 3776 2599 semina-

2244 2640 2351 2686 tur.
2387 2633 2523 2686 Hinc
2548 2648 2642 2702 per
2664 2631 3004 2687 Psalmistam
3036 2633 3272 2686 dicitur:
3305 2652 3323 2684 ι
3358 2632 3565 2686 Euntes
3588 2633 3718 2686 ibant
3737 2640 3779 2683 ct

2242 2724 2470 2788 ﬂebant,
2503 2724 2779 2778 mittentes
2809 2724 3015 2777 semina
3045 2737 3161 2778 sua.
3195 2723 3491 2777 Venientes
3518 2732 3684 2777 autem
3708 2734 3778 2773 vc-

2242 2813 2391 2866 nient
2418 2826 2538 2865 cum
2574 2812 2931 2866 exsultatione
2953 2852 2967 2877 ,
3018 2821 3297 2881 portantes
3340 2813 3639 2883 manipulos
3677 2824 3778 2865 suos

2243 2899 2415 2970 (Psal.
2444 2915 2606 2965 cxxv,
2636 2900 2713 2969 6).
2749 2919 2774 2953 ι
2828 2900 2965 2956 Hinc
2993 2901 3189 2957 Paulus
3220 2902 3334 2956 ait:
3369 2921 3388 2953 ι
3426 2902 3483 2958 Si
3524 2901 3777 2957 commori-

2243 3010 2385 3059 mur,
2427 3004 2482 3049 et
2522 2995 2892 3059 convivemus,
2924 2995 2967 3049 si
2998 2994 3325 3050 sustinemus
3366 3005 3429 3049 et
3465 2990 3781 3065 conreguabi-

2243 3099 2361 3138 mus
2389 3082 2474 3154 (11
2504 3082 2637 3137 Tim:
2668 3098 2737 3149 ll,
2775 3084 2884 3153 12).
2920 3104 2938 3136 ι
3002 3085 3174 3140 Tanto
3219 3098 3349 3155 ergo
3400 3084 3572 3155 major
3613 3084 3773 3140 fiducia

2242 3182 2476 3228 mentem
2511 3175 2760 3241 roborat,
2801 3182 3004 3245 quanto
3038 3176 3177 3230 banc
3218 3177 3419 3231 fortior
3457 3193 3554 3248 pro
3590 3177 3779 3233 veritate

2168 3231 2212 3293 ο
2243 3262 2458 3319 afﬂictio
2506 3274 2774 3331 angustat.
2818 3231 3090 3336 .Sequitur
3131 3285 3145 3322 :
3202 3266 3269 3321 Et
3314 3231 3558 3337 defos‘sus
3601 3282 3778 3323 secum

2240 3356 2484 3409 dormies.
2532 3385 2605 3395 —
2661 3355 2813 3411 Sicut
2860 3358 3005 3411 enim
3057 3357 3212 3412 malis
3265 3373 3509 3428 praesens
3556 3357 3781 3415 securitas

2242 3444 2481 3499 laborem
2499 3484 2514 3510 ,
2545 3445 2618 3499 ita
2648 3446 2803 3501 bonis
2830 3459 3068 3515 prmsens
3096 3445 3247 3500 labor
3273 3457 3588 3517 perpetuam
3614 3442 3781 3500 securi-

2242 3542 2407 3589 tatem
2442 3536 2602 3605 parit.
2659 3535 2940 3591 Dofossum
2991 3552 3051 3592 se
3096 3542 3345 3591 securum
3381 3536 3621 3593 dormire
3652 3549 3783 3606 posse

2233 3624 2347 3695 jam
2376 3635 2630 3691 noverat,
2678 3627 2770 3696 qui
2800 3627 3011 3682 dicebat
3037 3644 3051 3680 :
3084 3646 3102 3679 ι
3136 3626 3247 3697 Ego
3274 3628 3420 3683 enim
3447 3629 3558 3699 jam
3588 3625 3779 3688 delibur,

2239 3728 2294 3770 et
2326 3724 2537 3786 tempus
2563 3717 2907 3772 resolutionis
2936 3732 3067 3772 meas
3089 3717 3273 3772 instat.
3305 3718 3517 3773 Bonum
3543 3724 3778 3773 certamen

2240 3810 2469 3875 certavi,
2500 3829 2518 3860 ι
2564 3816 2621 3863 et
2652 3809 2856 3878 reliqua
2888 3808 2974 3878 (ll
3005 3808 3139 3863 Tim.
3170 3822 3244 3874 1v;
3269 3808 3343 3877 6).
3376 3808 3592 3865 Aliter:
3633 3806 3779 3862 Rebus

2241 3914 2473 3968 namque
2523 3900 2848 3955 transitoriis
2897 3900 3145 3970 occupati
3194 3914 3425 3970 pensare
3472 3898 3778 3973 negligimus,

2238 4004 2336 4059 per
2364 3996 2568 4058 quanta
2602 4002 2911 4057 pensamus.
2964 3987 3071 4043 Sed
3100 3989 3146 4044 si
3177 3990 3399 4043 reducto
3429 3985 3778 4043 consideratis-

2242 4078 2326 4132 nis
2350 4078 2516 4142 cultu,
2546 4092 2764 4132 vomere
2793 4092 2923 4147 ager
2947 4078 3242 4142 excutitur,
3268 4078 3527 4153 quidquid
3556 4077 3607 4131 in
3631 4081 3777 4129 mente

2242 4168 2443 4225 latebat
2473 4168 2762 4223 invenitur.
2798 4168 2990 4225 Etfossi
3021 4182 3150 4239 ergo
3178 4168 3491 4233 dormiunt,
3529 4166 3647 4236 quia
3674 4163 3774 4216 dum

2241 4274 2336 4313 sua
2368 4258 2555 4311 intima
2586 4257 2871 4327 vigilanter
2897 4266 3212 4327 penetrant,
3254 4272 3284 4310 a
3315 4257 3597 4311 laboriosis
3623 4248 3779 4307 mundi

2239 4350 2498 4405 oneribus
2525 4351 2628 4405 sub
2651 4349 2848 4419 quietis
2875 4351 2988 4405 otio
3013 4347 3371 4403 occultantur.
3412 4347 3690 4417 Sequitur:

2312 4487 2476 4543 Vens.
2499 4486 2587 4541 19.
2616 4485 2941 4554 Requiesces,
2961 4493 3011 4539 et
3033 4501 3136 4538 non
3156 4484 3363 4556 erit_qui
3389 4496 3436 4538 te
3458 4487 3744 4553 exterreat.-
3770 4502 3776 4513 ~

2170 4563 2215 4620 ί)
2242 4577 2497 4647 Quisquis
2520 4586 2841 4646 praesentem
2871 4574 3096 4644 gloriam
3124 4575 3337 4644 quaerit,
3362 4572 3597 4645 profecto
3618 4569 3779 4634 despe-

2240 4680 2383 4725 ctum
2414 4669 2636 4736 metuit;
2668 4677 2725 4722 at
2751 4677 2942 4722 contra
2989 4666 3233 4735 quisquis
3261 4665 3333 4735 .in
3376 4662 3570 4735 popqu
3594 4653 3775 4715 :eterni—

2242 4767 2351 4813 tate
2404 4758 2673 4812 desiderio
2722 4755 2923 4826 ﬁgitur,
2972 4768 3072 4808 nec
3119 4754 3477 4823 prosperitate
3524 4748 3773 4805 attollitur.

2240 4863 2343 4903 uec
2368 4846 2693 4902 adversitate
2722 4852 3028 4915 quassatur.
3072 4844 3207 4896 Dum
3238 4841 3310 4895 nil
3340 4841 3499 4895 habet
3529 4840 3579 4894 in
3608 4833 3773 4892 mundo

2242 4940 2387 5008 quod
2415 4933 2733 5005 appetat,nil
2780 4942 2863 4988 cst
2908 4933 3050 5002 quod
3101 4934 3155 4987 in
3208 4932 3405 4986 mundo
3437 4930 3771 4999 pertimescat-

2244 5028 2379 5083 llinc
2405 5026 2605 5081 etenim
2628 5023 2880 5079 Salomon
2905 5024 3016 5077 ait:
3052 5042 3070 5074 ί
3104 5023 3217 5077 Νοιι
3240 5022 3575 5077 contristabit
3595 5020 3771 5089 justum

2242 5116 2502 5170 auiduuid
2531 5116 2581 5170 ei
2608 5115 2870 5170 acciderit
2900 5111 3082 5170 (Prov.
3110 5129 3209 5170 xu.
3236 5112 3349 5170 Si).
3381 5131 3400 5165 ι
3456 5111 3519 5164 Ει
3552 5119 3763 5164 rursum:
