3948 5398
166 431 276 489 ἑῒἹ

900 431 1202 488 EPITOMB
1241 431 1606 489 MORALIUM
1645 432 1705 488 S.
1743 433 1951 490 GIlEG.
1988 435 2057 490 IN
2095 434 2234 492 .IOB.
2274 466 2343 476 -—-
2380 435 2505 491 LIB.
2547 437 2616 492 Χ.

3324 440 3432 496 218

169 548 458 616 loquentes
486 545 627 615 quod
655 544 759 615 ipsi
785 554 1084 615 appetunt,
1133 545 1237 600 hoc
1276 545 1396 600 aliis
1424 559 1521 617 pro
1551 560 1747 616 magno
1775 549 1822 607 Α
1853 562 1971 603 mus
1993 559 2306 604 constanter
2332 549 2598 613 innititur,
2641 558 2696 606 et
2739 538 2918 607 tamen
2946 553 3198 609 humanis
3221 554 3434 614 irrisio-

164 636 517 706 pollicentur.
553 633 812 705 Sequitur
835 653 848 689 :

240 726 413 781 Vens.
440 726 530 781 20.
569 726 721 781 Oculi
749 736 921 781 autem
948 726 1227 796 impiorum
1254 726 1515 794 deﬁcient,
1544 734 1592 780 et
1619 725 1751 795 επη-

166 817 314 885 gium
341 817 526 886 peribit
556 817 621 870 ab
648 817 743 871 eis.
765 846 837 857 —-
875 815 1027 884 Quod
1077 817 1359 872 oculorum
1403 818 1622 871 nomine
1671 817 1752 872 vis

166 910 493 965 intentionis
518 910 842 981 exprimitur
860 924 958 980 per
975 910 1324 979 Evangelium
1348 911 1562 966 Veritas
1581 910 1709 966 dicit
1733 927 1747 964 :

168 1022 191 1052 ¢
224 1000 285 1055 Si
318 1001 510 1056 oculus
542 1011 665 1055 tuus
690 1001 918 1071 simplex
950 1000 1139 1065 fuerit,
1173 1010 1343 1055 totum
1374 1016 1571 1071 corpus
1602 1010 1752 1055 tuum

161 1088 410 1146 lucidum
442 1090 546 1145 erit
575 1090 790 1162 (Matth.
815 1106 894 1156 vi,
916 1091 1031 1161 ‘22).
1062 1110 1081 1144 ι
1129 1090 1281 1147 Oculi
1310 1106 1440 1163 ergo
1466 1094 1750 1162 impiorum

161 1190 299 1235 sunt
332 1182 660 1236 intentiones
686 1182 738 1236 in
767 1182 847 1237 eis
876 1182 1171 1237 carnalium
1202 1183 1615 1239 desideriorum.
1649 1183 1751 1250 Qui

161 1270 377 1326 idcirco
402 1271 662 1327 deficiunt
684 1272 810 1341 quia
837 1281 1038 1327 aeterna
1069 1272 1366 1343 negligunt,
1389 1281 1444 1327 et
1468 1272 1582 1328 sola
1611 1287 1753 1327 sem-

162 1377 267 1431 per
288 1363 602 1417 transitoria
624 1362 1020 1433 praestolamur.
1033 1364 1226 1418 Carnis
1244 1364 1351 1417 vita
1371 1379 1467 1434 per
1482 1374 1751 1419 momenta

161 1452 373 1518 deﬁcit,
396 1463 451 1509 et
477 1463 653 1508 tamen
678 1454 893 1509 carnale
916 1454 1241 1510 desiderium
1266 1455 1480 1509 crescit.
1510 1454 1750 1521 Quorum

160 1543 381 1598 scilicet
402 1545 543 1599 oculi
570 1554 698 1600 tunc
719 1560 953 1615 superna
973 1545 1179 1600 ultione
1200 1544 1481 1609 deficiunt,
1502 1545 1625 1614 quia
1654 1560 1752 1600 suo

152 1633 372 1702 judicio
395 1650 424 1690 a
454 1645 669 1691 terrena
697 1637 787 1692 hic
812 1636 1043 1692 deficere
1066 1636 1421 1691 delectatione
1444 1636 1750 1690 noluerunt.

160 1728 309 1782 IIinc
334 1727 621 1784 Psalmista
650 1729 763 1784 ait:
795 1746 814 1780 ι
844 1729 901 1783 In
934 1728 1024 1782 illa
1052 1728 1137 1783 die
1168 1729 1419 1798 peribunt
1446 1743 1638 1783 omnes
1663 1741 1753 1780 co.

158 1823 459 1889 gitatiunes
484 1837 671 1878 eorum
698 1821 870 1893 (Psal.
896 1838 1050 1887 θην,
1073 1822 1151 1891 4).
1175 1841 1194 1874 ι
1230 1822 1271 1875 Α
1302 1822 1496 1890 quibus
1519 1828 1573 1875 et
1594 1835 1756 1875 omne

158 1909 425 1981 eﬂ'ugium
447 1912 607 1979 perit,
624 1912 746 1982 quia
765 1926 953 1965 eorum
976 1909 1182 1964 malitia
1202 1910 1268 1963 ab
1285 1908 1753 1963 animadversione
1781 1884 1827 1943 Β

156 1999 405 2055 districti
424 1999 626 2070 judicis
655 2016 760 2069 quo
784 2016 843 2055 se
867 1999 1141 2055 occultare
1167 1999 1367 2060 valeat,
1393 2012 1498 2052 non
1524 1998 1750 2052 invenit.

157 2087 306 2142 Nam
338 2104 481 2144 nunc
510 2098 590 2144 tot
621 2090 708 2144 hic
735 2090 935 2144 habent
962 2087 1157 2159 eﬂ‘ngia
1185 2128 1199 2153 ,
1247 2096 1376 2159 quot
1414 2088 1513 2143 sibi
1550 2103 1753 2157 praepa-

155 2187 293 2232 rant
312 2178 728 2234 delectamenta.
750 2177 854 2233 Sed
877 2181 1200 2248 quandoque
1222 2179 1301 2233 eis
1319 2177 1570 2250 effugium
1593 2179 1751 2247 perit,

155 2268 294 2337 quia
321 2282 509 2322 eorum
538 2283 690 2322 mens
712 2268 927 2322 amissis
965 2268 1219 2322 omnibus
1247 2284 1306 2322 se
1331 2267 1668 2322 solummodo
1700 2275 1753 2321 et

151 2358 402 2429 judicem
435 2358 720 2428 conspicit.
750 2357 1038 2428 Sequitur:
1063 2356 1129 2411 Et
1151 2374 1265 2427 spes
1285 2373 1464 2412 eorum
1486 2358 1755 2411 abomina-

154 2451 236 2505 tio
263 2452 477 2505 animae.
515 2480 588 2491 -—
625 2450 763 2518 Quid
795 2450 879 2505 hic
904 2457 1159 2519 peccator
1190 2448 1315 2504 totis
1338 2449 1755 2520 cogitationibus

156 2551 372 2612 sperat,
416 2543 609 2596 nisiut
650 2550 917 2611 potestate
958 2551 1184 2596 cancros
1222 2541 1498 2596 transeat?
1531 2540 1755 2595 Cunctis

158 2647 348 2688 rerum
384 2631 774 2702 multiplicitate
795 2631 1213 2701 obsequentibus
1244 2632 1523 2686 mirandus
1546 2632 1755 2686 innote-

158 2722 320 2777 seat?
373 2719 521 2775 Bene
573 2735 705 2790 ergo
757 2736 881 2790 spes
933 2735 1120 2774 eorum
1182 2721 1512 2776 abominatio
1563 2720 1757 2775 dicitur

158 2813 387 2878 animae,
418 2813 543 2882 quia
589 2827 654 2867 ea
707 2827 827 2881 quas
878 2813 1126 2867 carnales
1166 2813 1430 2877 ambiunt,
1485 2811 1757 2881 spiritales

161 2904 371 2973 quique
406 2902 611 2972 judicio
657 2902 992 2957 rectitudinis
1031 2904 1402 2958 adversantur.
1444 2903 1577 2957 Nam
1614 2902 1756 2972 quod

160 3003 483 3062 peccatores
509 2992 835 3060 voluptatem
867 2994 1158 3058 aestimant,
1184 2995 1284 3049 hoc
1301 2994 1430 3064 justi
1454 2994 1636 3062 procul
1659 2995 1757 3047 du-

158 3083 252 3137 bio
282 3096 502 3151 poenam
533 3093 745 3153 putant.
776 3083 848 3139 Ut
865 3083 1007 3138 enim
1031 3097 1160 3138 caro
1186 3082 1453 3149 mollibus,
1475 3082 1553 3137 sic
1576 3083 1755 3136 anima

159 3176 317 3229 duris
367 3176 621 3230 nutritur.
662 3174 799 3246 Spes
854 3176 1031 3245 itaque
1081 3174 1378 3229 carnalium
1425 3173 1754 3228 abominatio

157 3267 383 3331 dicitur,
415 3269 541 3337 quia
572 3267 696 3322 inde
724 3267 778 3321 in
799 3274 1114 3337 perpetuum
1139 3266 1361 3336 spiritus
1387 3265 1591 3333 interit,
1610 3265 1753 3320 unde

156 3357 227 3413 ad
258 3366 474 3429 tempus
492 3370 622 3413 caro
653 3357 892 3412 suaviter
913 3356 1063 3410 vivit.
1099 3355 1354 3427 Sequitur
1384 3370 1398 3409 :

776 3448 1005 3505 CAPUT
1057 3448 1168 3504 XII.

226 3539 399 3598 Vens.
441 3542 494 3605 l,
521 3541 577 3597 2.
622 3540 956 3611 Respondeas
972 3551 1147 3594 autem
1165 3540 1286 3605 Job,
1312 3540 1445 3595 dixit
1469 3537 1649 3608 :Ergo
1664 3555 1753 3593 vos

159 3633 282 3686 estis
308 3631 410 3685 soli
433 3631 686 3695 homines,
730 3640 779 3686 et
826 3631 1088 3684 vobiscum
1110 3632 1360 3685 morietur
1387 3631 1602 3683 scientia
1619 3630 1647 3683 ?
1680 3658 1752 3668 —

157 3721 421 3793 Quisquis
444 3737 502 3776 se
528 3723 721 3793 praeire
750 3736 939 3776 omnes
968 3721 1173 3801 ratione
1200 3720 1455 3783 restituat,
1485 3720 1613 3788 quid
1651 3720 1753 3774 iste

159 3818 305 3872 aliud
363 3831 526 3886 quam
582 3814 753 3869 solum
812 3827 936 3893 esse
972 3827 1039 3868 se
1079 3812 1348 3867 hominem
1394 3811 1666 3866 exsultat?
1699 3820 1754 3867 et

157 3921 304 3975 sepe
332 3905 615 3976 contingit,
646 3914 704 3958 ut
730 3919 859 3958 cum
882 3918 979 3974 per
1007 3917 1279 3957 rumorem
1316 3916 1472 3956 mens
1500 3901 1553 3954 in
1583 3902 1750 3956 altum

156 3995 400 4059 ducitur,
432 3994 484 4048 in
508 3995 820 4063 despectum
848 3992 1164 4055 humanum,
1194 3998 1251 4044 et
1278 3990 1359 4045 sui
1391 3989 1752 4045 admiratione

156 4087 495 4143 sublevatur.
524 4085 583 4140 In
620 4085 944 4161 cogitatione
968 4086 1166 4139 etenim
1188 4084 1397 4154 proprii
1424 4083 1623 4139 favoris
1649 4084 1752 4140 ori-

157 4186 249 4230 tur
279 4176 524 4239 scientia,
558 4175 768 4246 sibique
788 4175 855 4230 de
892 4174 1268 4245 singularitate
1294 4176 1571 4245 sapientire
1597 4176 1746 4229 blan-

155 4269 328 4322 ditur.
359 4268 460 4334 Qui
487 4283 617 4339 ergo
653 4267 823 4322 solum
854 4280 913 4321 se
943 4280 1135 4337 sapere
1165 4268 1417 4331 aestimat,
1450 4268 1577 4337 quid
1605 4268 1750 4322 aliud

155 4373 321 4428 quam
386 4358 526 4413 hanc
567 4358 811 4412 eamdem
861 4371 1047 4413 secum
1085 4356 1217 4411 oriri
1267 4357 1584 4427 sapientiam
1649 4374 1750 4427 pu-

156 4460 230 4506 tat
245 4452 275 4505 ?
306 4450 568 4523 Sequitur
592 4468 605 4504 :
1329 4463 1332 4466 '

224 4543 397 4596 Vens.
438 4541 494 4595 3.
534 4539 605 4594 Et
632 4540 849 4595 mihiest
879 4556 968 4593 cor
987 4539 1121 4592 sicut
1144 4547 1192 4592 et
1212 4537 1373 4601 vobis,
1404 4553 1495 4591 nec
1526 4535 1747 4604 inferior

154 4634 313 4689 vestri
340 4649 481 4686 sum.
518 4661 592 4673 --
629 4631 701 4687 Ut
737 4631 1037 4707 amicorum
1088 4630 1396 4699 superbiam
1443 4629 1589 4684 beati
1645 4628 1746 4684 Job

155 4722 413 4793 corrigat,
441 4736 561 4776 esse
589 4737 648 4776 se
686 4721 1019 4790 superiorem
1052 4729 1212 4776 tacet.
1254 4718 1363 4774 Nec
1388 4718 1742 4788 praeferendo,

151 4818 245 4871 sed
270 4815 603 4871 conferendo
624 4813 846 4877 indicat,
877 4814 1019 4883 quod
1045 4813 1111 4867 de
1145 4827 1207 4866 se
1247 4811 1280 4866 ii
1326 4812 1418 4880 qui
1460 4812 1559 4867 sibi
1590 4811 1745 4880 longe

150 4916 281 4962 sunt
309 4907 548 4975 impares
572 4905 805 4960 discant.
832 4903 1091 4973 Sequitur
1126 4921 1140 4958 :
1177 4903 1306 4969 Quis
1335 4904 1472 4957 enim
1494 4905 1605 4958 lucc
1626 4918 1745 4973 qua:

152 4999 318 5051 nostis
346 4994 597 5065 ignorat?
616 4993 697 5048 Ae
732 4993 777 5047 si
805 5003 989 5063 aperte
1019 4993 1161 5048 dicat
1192 5007 1206 5046 :
1235 4991 1371 5048 Cum
1394 4995 1604 5048 cunctis
1636 4993 1745 5046 sint

153 5096 279 5140 nota
304 5100 427 5154 quae
457 5083 657 5148 dicitis,
703 5081 779 5135 de
817 5083 1096 5137 doctorum
1136 5082 1361 5138 scientia
1394 5082 1743 5155 singulariter

152 5174 412 5229 tumetis?
444 5174 702 5245 Sequitur
731 5189 744 5224 :

222 5270 386 5325 Vsus.
428 5271 481 5323 4.
525 5268 631 5335 Qui
673 5266 943 5320 deridetur
982 5268 1046 5321 ub
1075 5268 1244 5321 amico
1288 5281 1405 5331 suo,
1453 5264 1585 5320 sicut
1626 5278 1742 5332 ego,

344 5362 411 5382 L3.
462 5360 738 5382 h----.’---.._
822 5367 862 5382 ΑΙ
913 5359 1146 5382 -.ρ---λξ-ι
1202 5372 1306 5382 --.ι-μ

1477 5356 1632 5382 anna
1667 5356 1716 5382 ζ..

1851 638 2009 693 nibus
2033 650 2270 710 urgetur,
2288 651 2340 697 et
2360 656 2425 695 eo
2447 641 2680 710 seipsum
2710 644 2977 699 robustius
3004 645 3057 699 in
3082 645 3192 700 Deo
3215 646 3430 717 solidat,

1850 745 1958 800 quo
2005 731 2137 787 foris
2184 748 2290 788 non
2342 733 2546 788 invenit
2589 750 2697 805 quo
2748 738 3079 806 requiescat;
3115 738 3277 806 fitque
3323 739 3433 794 Deo

1851 832 1999 878 tanto
2025 825 2320 893 proximus,
2357 835 2560 896 quanto
2608 834 2662 881 et
2708 822 2739 880 ξι
2785 829 2956 898 gratia
2990 830 3205 883 humani
3235 830 3433 887 favoris

1851 915 2077 971 alienus.
2105 917 2161 971 In
2184 934 2398 988 precem
2415 919 2662 989 protinus
2678 918 2935 985 funditur,
2963 929 3011 973 et
3039 936 3258 991 pressus
3281 930 3434 977 exte-

1851 1007 1965 1062 rius
1986 1008 2051 1062 ad
2085 1010 2408 1078 penetranda
2433 1025 2551 1078 qua:
2574 1010 2719 1065 intus
2740 1018 2865 1064 sunt
2891 1011 3141 1065 mundius
3170 1011 3428 1080 loquitur.

1852 1099 1982 1165 Qum
2008 1101 2133 1154 dum
2160 1110 2480 1170 compuncta
2514 1115 2631 1156 sese
2656 1103 2707 1154 in
2740 1102 2988 1170 precibus
3018 1102 3270 1173 accingit,
3303 1103 3430 1159 inde

1853 1190 1991 1245 intra
2042 1207 2099 1247 se
2140 1207 2384 1263 superna:
2420 1192 2752 1248 exauditioni
2787 1191 3052 1264 jungitur.
3094 1192 3245 1249 Unde
3277 1201 3431 1249 extra

1856 1244 1859 1245 ,
1968 1244 1989 1245 η
2044 1244 2093 1247 η
2141 1244 2380 1263 erm---
2427 1244 2709 1248 νην--.-ν
2746 1244 2749 1245 ν
3103 1244 3241 1249 ,μη
3285 1244 3431 1249 -____

1852 1294 1911 1334 se
1967 1281 2035 1335 ab
2084 1280 2316 1336 humana
2359 1282 2517 1336 laude
2562 1290 2863 1350 separatur.
2915 1280 3218 1336 Notandum
3277 1244 3466 1369 verm!

1850 1383 2010 1438 quam
2037 1369 2254 1439 provide
2294 1369 2655 1440 interponitur
2679 1370 2811 1423 sicut
2834 1387 2949 1440 ego.
2982 1370 3115 1438 Quia
3147 1380 3271 1425 sunt
3297 1382 3455 1426 nonv'

1852 1459 1978 1513 nulli
2001 1474 2136 1528 quos
2161 1471 2214 1514 et
2238 1462 2487 1515 humana:
2512 1460 2790 1516 irrisiones
2819 1462 3146 1531 deprimunt,
3171 1473 3225 1515 et
3247 1471 3432 1517 tamen

1851 1550 2049 1604 divinis
2087 1551 2308 1605 auribus
2362 1551 2693 1606 exaudibiles
2745 1567 2852 1607 non
2900 1560 3045 1610 sunt.
3094 1551 3230 1607 llinc
3284 1552 3432 1607 Elias

1852 1639 2168 1707 quibusdam
2225 1641 2478 1695 dicebat:
2512 1658 2531 1692 ι
2567 1639 2815 1696 Clamare
2877 1657 3010 1698 voce
3050 1641 3239 1711 majori
3289 1644 3435 1697 Deus

1852 1730 1994 1783 enim
2015 1738 2117 1795 est,
2158 1739 2212 1785 et
2248 1729 2474 1785 forsitan
2515 1730 2787 1802 loquetur,
2823 1743 2914 1786 aut
2942 1733 2994 1787 in
3026 1732 3324 1791 diversorio
3349 1741 3434 1787 est

1855 1817 1975 1888 (Ill
2010 1818 2135 1889 Reg.
2166 1836 2320 1885 xvm,
2340 1820 2455 1889 27).
2487 1840 2506 1872 ι
2539 1819 2644 1875 Sed
2674 1821 2821 1875 illum
2868 1820 2995 1875 facit
3022 1822 3254 1876 humana
3285 1821 3432 1875 deri-

1855 1908 1937 1964 sio
1990 1910 2098 1964 Deo
2146 1911 2473 1983 proximum,
2511 1925 2670 1979 quem
2700 1911 2767 1965 ab
2793 1911 3041 1966 humanis
3078 1912 3434 1981 pravitatibus

1855 1999 1979 2053 vine
2007 2000 2309 2055 innocentia
2337 2009 2515 2055 servat
2538 2000 2791 2055 alienum.
2818 2001 3075 2070 Sequitur
3105 2019 3118 2055 :
3149 2001 3433 2055 Deridetur

1855 2091 1989 2145 enim
2016 2091 2140 2158 iusti
2162 2090 2493 2160 simplicitas.
2533 2121 2601 2131 —
2639 2090 2808 2158 Ilujus
2833 2091 3015 2145 mundi
3056 2092 3317 2161 sapientia
3346 2099 3432 2146 est

1855 2197 1949 2236 cor
1982 2182 2469 2238 machinationibus
2509 2190 2708 2253 tegere,
2754 2198 2969 2238 sensum
3008 2184 3189 2238 verbis
3228 2183 3431 2247 velare,

1855 2286 1974 2340 quze
2001 2272 2131 2326 falsa
2178 2280 2323 2336 sunt,
2357 2288 2481 2326 vera
2515 2274 2833 2339 ostendere;
2883 2289 3000 2343 quzc
3043 2290 3194 2339 vera,
3226 2273 3434 2329 fallacia

1856 2364 2245 2418 demonstrare.
2285 2362 2355 2416 At
2381 2371 2566 2417 contra
2590 2362 2858 2431 justorum
2900 2365 3164 2435 sapientia
3208 2356 3311 2430 est,
3356 2365 3433 2421 nil

1855 2467 1951 2521 per
1991 2450 2402 2506 ostentationem
2451 2452 2669 2520 lingere,
2716 2466 2933 2506 sensum
2982 2454 3162 2508 verbis
3199 2454 3433 2524 aperire,

1859 2556 1981 2595 vera
2038 2548 2094 2593 ut
2139 2548 2281 2605 sunt,
2331 2540 2721 2604 demonstrare,
2772 2541 2902 2596 falsa
2949 2543 3211 2607 devitare,
3264 2545 3433 2614 gratis

1855 2630 1993 2684 bona
2022 2628 2298 2693 exhibere,
2326 2629 2465 2682 mala
2494 2629 2746 2685 libentius
2778 2629 3010 2686 tolerare
3033 2646 3194 2701 quam
3225 2631 3429 2696 facere,

1857 2721 2060 2776 nullam
2098 2720 2167 2776 de
2216 2719 2407 2788 injuria
2441 2720 2697 2775 ultionem
2737 2736 3000 2790 quaerere,
3058 2736 3154 2791 pro
3205 2722 3435 2776 veritate

1854 2810 2231 2867 contumeliam
2254 2812 2363 2881 pati
2394 2812 2601 2865 lucrum
2626 2821 2836 2881 putare.
2868 2811 2977 2866 Sed
3009 2818 3119 2866 lucc
3156 2811 3427 2882 justorum

1856 2902 2173 2972 simplicitas
2201 2902 2492 2962 deridetur,
2523 2903 2648 2971 quia
2671 2902 2738 2956 ab
2763 2900 3069 2971 hujusmodi
3096 2903 3436 2972 sapientibus

1856 2992 2106 3062 puritatis
2143 2992 2312 3046 virtus
2344 2991 2563 3045 fatuitas
2589 2992 2845 3045 creditur.
2894 2989 3065 3046 Omne
3107 2992 3250 3046 enim
3290 2990 3436 3060 quod

1856 3083 2170 3136 innocenter
2207 3082 2405 3150 agitur,
2438 3083 2506 3137 ab
2543 3082 2623 3138 eis
2651 3081 2839 3152 procul
2883 3082 3045 3137 dubio
3085 3081 3308 3137 stultum
3336 3096 3437 3151 pu-

1858 3180 2021 3227 tatur.
2051 3172 2310 3242 Sequitur
2337 3190 2350 3227 :

1780 3239 1826 3302 C
1928 3265 2089 3319 Vsus.
2127 3239 2181 3317 ἐ.
2220 3262 2447 3335 Lampus
2469 3272 2760 3334 contentpta
2793 3264 2934 3334 apud
2980 3266 3316 3337 cogitationes
3351 3264 3442 3318 di-

1855 3353 2034 3407 vitum.
2075 3382 2147 3392 —
2180 3351 2319 3419 Quid
2347 3353 2449 3408 hoc
2487 3353 2606 3408 Ioco
2650 3353 2985 3424 signiﬁcatur
3028 3355 3244 3409 nomine
3297 3355 3436 3408 divi—

1856 3453 1992 3511 tum,
2036 3444 2137 3501 nisi
2165 3445 2328 3500 elatio
2354 3445 2748 3517 superborum]?
2782 3444 2884 3512 Qui
2925 3453 3212 3499 venturum
3230 3444 3435 3516 judicis

1853 3548 2128 3608 aspectum
2162 3554 2268 3593 non
2302 3538 2521 3600 habent,
2551 3538 2674 3592 dum
2706 3538 2949 3607 superbis
2975 3539 3113 3609 apud
3142 3552 3200 3592 se
3227 3536 3437 3608 cogita-

1853 3630 2090 3686 tionibus
2118 3636 2342 3684 tument.
2373 3628 2735 3699 Quoscunque
2783 3629 2963 3697 itaque
2998 3629 3274 3699 sequentis
3312 3627 3437 3681 vitae

1851 3739 2013 3778 amor
2032 3738 2136 3778 non
2164 3723 2430 3788 httmiliat,
2462 3724 2563 3778 hoc
2607 3721 2660 3776 in
2700 3722 2817 3777 loco
2841 3736 2997 3776 sacer
3023 3737 3204 3776 sermo
3240 3720 3438 3775 divites

1852 3814 2106 3885 appellat,
2132 3814 2258 3883 quia
2306 3814 2361 3868 in
2406 3813 2818 3884 judiciiquique
2845 3812 3046 3866 ultione
3092 3827 3199 3866 non
3232 3812 3436 3866 discre-

1850 3914 2001 3976 pant,
2048 3914 2229 3960 utrum
2264 3920 2332 3960 an
2383 3905 2512 3960 solis
2562 3904 2804 3961 moribus
2853 3904 3234 3959 intumescant.
3286 3903 3434 3956 Bene

1852 3996 2034 4066 itaque
2064 3995 2196 4065 justi
2242 3995 2558 4066 simplicitas
2606 4004 2661 4049 et
2704 3997 2907 4063 lampas
2953 4007 3075 4048 esse
3116 3992 3337 4055 dicitur,
3378 3999 3437 4046 et

1850 4098 2162 4157 contempta.
2194 4087 2442 4158 Lampas,
2475 4086 2600 4158 quia
2628 4087 2853 4142 interius
2884 4085 3025 4141 lucet
3054 4099 3069 4139 :
3097 4093 3428 4155 contempta,

1849 4179 1974 4248 quia
2005 4179 2245 4233 exterius
2274 4195 2378 4233 non
2408 4179 2569 4233 lucet.
2612 4177 2762 4232 Intus
2806 4177 2961 4231 ardet
3003 4176 3217 4231 ﬂamma
3254 4176 3434 4232 chari-

1853 4269 1999 4333 tatis,
2036 4267 2167 4323 foris
2195 4269 2341 4323 nulla
2369 4267 2535 4338 gloria
2580 4267 2887 4338 resplendet
2924 4266 3156 4322 decoris.
3199 4266 3434 4337 [.ampas

1848 4373 1978 4429 ergo
2004 4367 2312 4427 contempta
2334 4357 2512 4426 justus
2538 4366 2639 4422 est,
2676 4358 2803 4427 quia
2825 4357 3041 4426 superbi
3066 4358 3266 4426 quique
3300 4357 3429 4410 dum

1848 4462 2079 4517 pensare
2119 4446 2261 4502 bona
2310 4447 2591 4516 sequentia
2645 4456 2923 4518 nequeunt
2977 4462 3113 4517 pene
3164 4447 3240 4501 nil
3292 4448 3433 4501 acsti-

1779 4580 1826 4639 υ
1851 4550 1998 4596 mant
2026 4557 2161 4611 quos
2190 4559 2294 4597 non
2317 4543 2502 4598 vident
2532 4545 2730 4599 habere
2775 4544 2918 4614 quod
2950 4552 3155 4599 amant.
3197 4543 3431 4615 Lampus

1852 4647 1981 4702 ergo
2035 4632 2201 4688 David
2262 4649 2358 4704 per
2410 4634 2773 4689 innocentiam
2830 4633 3042 4702 fuerat,
3103 4636 3196 4690 sed
3252 4642 3433 4689 tamen

1851 4723 2007 4779 valde
2052 4732 2384 4794 contempta,
2426 4724 2551 4792 quia
2603 4724 2872 4780 exteriora
2921 4724 3270 4779 cernentibus
3327 4737 3432 4776 non

1851 4812 2085 4869 lucebat.
2123 4813 2263 4880 Quid
2297 4813 2462 4882 igitur
2484 4813 2703 4876 Paulus,
2746 4814 2846 4867 nisi
2890 4822 3198 4883 contempta
3229 4813 3436 4880 lampas

1848 4907 1988 4975 apud
2019 4906 2249 4962 divitum
2277 4906 2726 4977 congregationes
2758 4905 2891 4960 fuit?
2914 4907 2981 4962 de
3002 4922 3110 4978 quo
3131 4905 3386 4959 dicebant
3418 4917 3433 4956 :

1852 5017 1870 5050 ι
1907 4997 2162 5067 Epistola:
2190 5012 2381 5069 graves
2423 5007 2541 5051 sunt
2593 5006 2648 5052 et
2690 4996 2881 5062 fortes,
2917 4996 3204 5068 praesentia
3257 5000 3439 5048 autem

1846 5090 2091 5157 corporis
2128 5088 2365 5151 inﬁrma,
2419 5097 2471 5142 et
2513 5102 2691 5142 sermo
2729 5089 3148 5159 contemptibilis
3177 5083 3266 5157 (II
3315 5082 3440 5136 Cor.

1846 5195 1904 5243 Χ,
1939 5181 2048 5253 10).
2079 5199 2099 5232 ι
2155 5178 2410 5247 Sequitur
2442 5197 2457 5233 :
2496 5177 2696 5234 Parata
2741 5179 2809 5232 ad
2842 5189 3043 5250 tempus
3075 5184 3346 5234 statutum.
3370 5202 3446 5214 —

1853 5268 2123 5326 Statutum
2146 5270 2343 5338 quippe
2365 5278 2687 5339 contemptae
2706 5269 2972 5339 lampadis
2996 5281 3208 5338 tempus
3237 5276 3324 5321 est
3345 5278 3445 5317 ex-

2215 5360 2225 5382 :
2265 5359 2679 5382 nn“-'--nfﬁ-a_--
2714 5359 2821 5382 ,ιτα-ιι.
2881 5375 2979 5382 α.---
3016 5360 3185 5382 ξ---ι..ρ.
3216 5359 3446 5382 ιιι-,ξι-ιι-ιιη
