3948 5398
489 305 597 362 Ωἰδ

1472 306 1531 362 S.
1569 304 1820 364 ODONlS
1856 299 2144 359 ABBATIS
2177 300 2672 360 CLUNIACENSIS
2707 303 2751 360 ιι

3611 312 3691 367 εει

495 438 601 494 que
629 430 684 475 et
727 437 850 475 eum
907 420 997 490 qui
1037 420 1323 491 decipitur,
1379 424 1505 493 quia
1542 439 1686 493 stepe
1731 422 2079 478 committunt
2109 421 2156 480 Λ
2190 437 2342 477 races
2370 432 2549 487 erant,
2599 424 2726 477 dum
2767 422 3081 493 temporalia
3115 422 3392 493 diligentes
3429 424 3490 478 ad
3524 434 3694 484 terrena

498 515 743 572 homines
772 511 910 566 mala
940 529 1058 582 quae
1101 513 1299 579 sciunt,
1349 523 1404 569 et
1443 513 1645 570 idcirco
1695 513 2082 585 permittuntur

508 604 705 673 decipi,
732 611 792 657 ut
812 603 1010 657 cadant
1044 602 1097 656 in
1127 601 1266 657 mala
1289 603 1451 658 etiam
1486 618 1608 673 qua:
1635 602 1904 658 nesciunt.
1930 601 2081 668 Quod

510 706 687 748 tamen
720 693 956 761 deceptis
983 691 1272 762 aliquando
1288 693 1352 747 ad
1376 693 1774 763 purgationem,
1797 692 2085 762 aliquando

498 787 566 840 ad
603 785 821 840 ultionis
846 785 1057 839 initium
1091 784 1205 839 ﬁeri
1238 785 1395 840 solet.
1431 786 1725 855 Sequitur:

576 876 743 930 Vens.
774 876 859 929 l7.
881 874 1106 928 Adducit
1132 875 1464 931 consiliarios
1492 876 1547 929 in
1576 874 1792 929 stultum
1811 875 1991 945 ﬁnem.
2017 905 2087 915 ——

501 966 736 1020 Adducit
778 974 958 1019 autem
999 964 1339 1020 consiliarios
1386 965 1440 1021 in
1494 964 1717 1019 stultum
1749 964 1935 1031 linem,
1964 981 2087 1020 cum

499 1055 665 1108 etiam
714 1054 913 1108 bonum
972 1052 1248 1123 quodlibet
1297 1069 1403 1109 non
1455 1053 1595 1108 bona
1661 1055 1960 1109 intentione
2008 1054 2088 1110 l'a-

502 1145 673 1206 ciunt,
699 1144 790 1198 sed
823 1143 1233 1214 ad_temporalis
1263 1144 1501 1199 muneris
1530 1145 1941 1200 retributionem
1973 1152 2090 1198 ten-

504 1235 659 1289 dunt.
693 1235 855 1288 Recte
883 1235 1047 1287 etiam
1090 1233 1429 1289 consiliarios
1466 1234 1849 1303 praedicatores
1888 1234 2089 1304 accipi-

508 1341 645 1389 mus,
674 1327 766 1396 qtti
816 1326 929 1381 suis
972 1325 1309 1380 auditoribus
1347 1325 1635 1380 consilium
1666 1325 1790 1382 vita:
1824 1326 2087 1395 praebent.

508 1419 615 1474 Sed
640 1433 761 1472 cum
790 1419 1111 1487 pnedicator
1142 1418 1373 1489 quisque
1414 1419 1538 1473 ideo
1577 1428 1781 1474 aeterna
1810 1419 2090 1488 praedicat.

438 1530 443 1535 λ
511 1519 571 1563 ιιι
607 1509 922 1579 temporalia
970 1509 1120 1563 lucra
1151 1518 1550 1580 consequatur,
1596 1508 1844 1579 profecto
1874 1510 1928 1563 in
1961 1509 2095 1564 stul-

512 1608 626 1653 tuttt
655 1598 815 1653 tinem
847 1600 1153 1664 deducitur,
1182 1600 1303 1670 quia
1350 1600 1440 1654 illo
1485 1614 1582 1669 per
1609 1599 1848 1655 laborem
1884 1599 2093 1663 tendit,

511 1687 655 1741 unde
688 1702 783 1757 per
814 1688 1009 1743 mentis
1051 1689 1428 1744 rectitudinetn
1460 1687 1646 1757 fugere
1670 1689 1871 1744 debuit.
1904 1689 2096 1759 Sequi-

2168 521 2447 577 ,corruunt
2494 513 2697 568 labium
2728 514 3003 568 veracium
3034 523 3425 578 commutatur,
3473 524 3523 571 et
3548 531 3695 575 senum

2182 601 2426 657 doctrina
2459 602 2683 665 tollitur,
2714 604 2839 672 quia
2871 602 3158 673 diligentes
3186 602 3588 672 temporalia.....
3610 622 3701 663 suo-

2185 708 2303 746 rum
2348 702 2619 762 prazcepta
2655 703 2958 762 sequuntur
2998 701 3057 747 ut
3092 692 3268 747 locum
3303 693 3561 764 regitniuis
3583 700 3702 765 quasi

2182 782 2252 836 ad
2281 780 2514 837 fructum
2538 782 2834 852 voluptatis
2865 792 3106 848 teneant,
3138 798 3244 837 non
3273 784 3338 837 ad
3365 799 3509 838 usum
3530 785 3703 863 laboris.

2186 870 2340 938 Quod
2373 883 2551 925 tamen
2593 872 2833 940 apertius
2867 873 2933 926 de
2962 871 3162 927 Judmis
3192 872 3333 927 valet
3376 872 3614 944 intelligi,
3638 879 3706 945 qui

2188 972 2316 1017 ante
2348 962 2781 1017 incarnationem
2833 962 3047 1017 Domini
3078 976 3303 1017 veraces
3349 961 3585 1027 fuerunt,
3613 967 3709 1034 quia

2188 1054 2335 1109 hunc
2355 1065 2641 1109 venturum
2664 1070 2784 1110 esse
2810 1055 3157 1110 crediderunt
3180 1064 3341 1125 atque
3361 1056 3711 1112 nuntiaverunt.

2191 1144 2296 1201 Sed
2327 1158 2613 1216 postquam
2644 1146 2698 1201 in
2732 1161 2896 1201 carne
2919 1147 3198 1216 apparuit,
3238 1146 3379 1201 ltunc
3399 1162 3513 1202 esse
3535 1163 3719 1218 negare.

2191 1247 2335 1290 runt.
2384 1235 2607 1289 Labiqu
2646 1236 2827 1305 itaque
2864 1236 3137 1291 veracium
3190 1244 3455 1290 mutatum
3481 1245 3587 1302 est,
3619 1240 3717 1307 quia

2191 1340 2352 1396 quem
2378 1335 2672 1380 venturum
2709 1326 2990 1392 dixerant,
3042 1335 3382 1398 negaverunt
3411 1336 3718 1396 praesentem,

2192 1424 2248 1472 et
2272 1417 2515 1472 doctrina
2562 1432 2755 1472 senum
2797 1418 2974 1473 ablata
3019 1426 3135 1484 est,
3180 1419 3308 1489 quia
3338 1434 3651 1489 nequaquam
3674 1434 3720 1474 ea

2194 1506 2467 1561 credendo
2496 1508 2669 1563 secuti
2695 1517 2823 1563 sunt
2841 1549 2856 1573 ,
2884 1525 3005 1578 qua:
3030 1518 3214 1578 patres
3242 1524 3372 1565 suos
3413 1509 3725 1563 meminerunt

2194 1599 2533 1670 praedixisse.
2577 1598 2673 1655 Sin
2715 1616 2844 1655 vero
2871 1615 3033 1656 senes
3068 1600 3289 1656 eosdem
3317 1614 3529 1669 quoque
3554 1598 3726 1654 Judaos

2198 1688 2517 1758 accipimus,
2562 1690 2655 1759 qui
2703 1692 2964 1746 suadente
2991 1691 3256 1761 perﬁdia,
3310 1690 3565 1745 Veritatis
3597 1690 3728 1744 verbo

512 1789 641 1833 tur:
682 1777 747 1832 Et
785 1779 1018 1865 jadices.
1038 1791 1323 1851 stuporem.
1366 1811 1438 1821 -—
1482 1780 1683 1838 Omnes
1722 1782 1867 1835 enim
1909 1781 2002 1851 qui
2042 1781 2095 1835 itt
2128 1764 2175 1827 Β
2205 1780 2483 1836 contraire
2515 1782 2696 1837 conati
2736 1791 2897 1848 sunt;
2939 1782 3184 1836 doctrina
3221 1795 3411 1836 senum
3451 1779 3616 1833 ablata
3640 1787 3730 1839 est,

511 1870 889 1925 examinandis
913 1871 1144 1926 aliorum
1172 1872 1413 1926 moribus
1438 1881 1697 1942 praesunt,
1723 1880 1871 1927 recte
1888 1873 2100 1943 judices

514 1971 797 2016 vocantur.
828 1960 933 2017 Sed
965 1978 1088 2017 cum
1134 1962 1179 2015 is
1204 1962 1294 2032 qui
1321 1971 1515 2033 praeest
1541 1963 1903 2034 subjectorum
1933 1962 2097 2018 vitam

517 2067 861 2122 nequaquam
894 2053 1122 2107 sollicite
1153 2052 1413 2118 discutit,
1455 2068 1632 2122 neque
1659 2052 1891 2121 qualiter
1930 2052 2105 2106 corri-

517 2153 608 2213 gat
653 2146 934 2214 agnoscit,
964 2146 1016 2200 in
1048 2154 1325 2215 stuporem
1348 2145 1513 2215 judex
1545 2144 1808 2199 deductus
1833 2152 1948 2210 est,
1974 2143 2099 2212 quia

517 2238 609 2307 qui
641 2237 892 2308 judicare
936 2236 1074 2292 mala
1110 2245 1231 2291 acta
1264 2236 1468 2299 debuit,
1500 2250 1842 2306 nequaquam
1869 2250 1937 2290 ea
1980 2251 2102 2304 qua:

515 2322 803 2399 iudicanda
832 2334 978 2392 sunt,
1010 2327 1383 2397 deprehendit.
1415 2326 1676 2397 Sequitur
1702 2345 1716 2382 :

592 2418 753 2474 Vens.
790 2418 871 2474 18.
914 2417 1157 2471 Balteum
1204 2435 1383 2487 regum
1426 2418 1697 2481 dissolvit,
1743 2427 1791 2471 et
1834 2416 2104 2485 pra’cingit

520 2510 646 2577 {uite
678 2528 822 2564 renes
852 2527 1053 2565 eorum.
1095 2540 1166 2551 —
1195 2509 1334 2576 Quid
1390 2510 1444 2564 in
1500 2509 1633 2564 fune
1676 2509 1971 2579 accipitur,
2001 2508 2103 2562 nisi

521 2612 800 2672 peccatqu
830 2642 845 2667 ,
878 2603 1016 2657 sicut
1044 2603 1097 2656 in
1136 2602 1425 2657 Salomone
1453 2602 1654 2669 dicitur
1685 2617 1699 2655 :
1738 2620 1755 2652 ι
1791 2600 2106 2671 lniquitates

520 2706 634 2745 sua:
660 2691 882 2760 capiunt
908 2692 1159 2761 impium,
1189 2699 1243 2747 et
1272 2690 1490 2746 funibus
1519 2702 1862 2762 peccatorum
1886 2707 2106 2746 suorum

522 2782 910 2852 constringitur
932 2780 1114 2861 (Prov.
1139 2799 1193 2848 v,
1218 2783 1331 2853 22).
1364 2802 1382 2835 t
1410 2785 1465 2838 In
1490 2784 1709 2839 renibus
1729 2794 1903 2839 autem
1930 2785 2109 2838 carnis

529 2872 819 2925 delectatio
846 2872 1155 2941 accipitur.‘
1182 2873 1385 2945 Regum
1416 2875 1597 2944 itaque
1628 2875 1866 2930 balteum
1910 2874 2109 2929 dissol-

528 2960 626 3023 vit,
667 2965 881 3029 quando
915 2961 967 3015 in
998 2961 1083 3017 his
1111 2963 1200 3033 qui
1246 2963 1386 3019 bene
1415 2980 1602 3035 regere
1628 2979 1725 3018 sua
1765 2965 2007 3018 membra
2033 2963 2115 3018 vi,

529 3050 818 3117 debantur,
858 3063 1080 3123 propter
1105 3054 1356 3110 elationis
1381 3057 1618 3125 culpam,
1651 3057 1924 3111 castitatis
1949 3056 2002 3110 in
2031 3056 2112 3111 eis

2200 1880 2483 1939 postquam
2515 1871 2653 1926 hanc
2687 1871 2931 1926 Ecclesia
2952 1886 3016 1927 ex
3047 1870 3296 1940 gentibus
3326 1870 3568 1925 videlicet
3587 1867 3734 1937 juven-

2200 1961 2320 2015 cula
2354 1962 2599 2035 accepit,
2650 1978 2772 2033 quae
2820 1978 2919 2033 per
2948 1956 3289 2018 Psalmislant
3321 1962 3498 2016 dicit:
3533 1979 3551 2012 ι
3599 1960 3738 2029 Super

2200 2067 2360 2109 senes
2392 2054 2625 2109 intellexi
2655 2054 2827 2125 (Psal.
2857 2071 3024 2111 cxvttt
3046 2097 3060 2121 ,
3095 2055 3272 2127 100).»
3306 2054 3598 2125 Sequitur:

2274 2141 2439 2197 Vsus.
2464 2143 2556 2197 2|.
2598 2143 2890 2213 E/fundeus
2917 2145 3295 2215 despectionem
3324 2160 3483 2214 super
3504 2142 3740 2212 principes,

2203 2241 2250 2287 et
2298 2249 2384 2287 eos
2431 2234 2520 2303 qui
2559 2234 2790 2304 oppressi
2840 2235 3051 2304 fuerant
3080 2234 3334 2290 relevans.
3366 2265 3440 2275 —
3467 2234 3594 2290 Cum
3629 2233 3743 2288 enim

2203 2318 2510 2377 ludteorum
2542 2323 2776 2391 populus
2804 2323 2855 2376 iu
2888 2323 3023 2394 legis
3052 2320 3310 2379 mandato
3334 2331 3679 2394 permaneret,
3705 2329 3746 2383 et

2207 2423 2399 2469 cuncta
2435 2414 2706 2482 gentilitas
2754 2415 2898 2469 nulla
2926 2415 3018 2469 Dei
3047 2424 3315 2485 praecepta
3339 2422 3691 2485 cognosceret,
3710 2422 3751 2465 et

2210 2504 2282 2558 illi
2350 2518 2447 2573 per
2517 2504 2676 2559 ﬁdem
2726 2506 3021 2574 principari
3081 2506 3450 2569 videbantur,
3498 2513 3552 2558 et
3593 2503 3668 2558 isti
3710 2503 3749 2555 iu

2209 2594 2474 2664 profundo
2526 2596 2697 2665 pressi
2738 2594 3024 2663 jacueraut
3079 2610 3179 2665 per
3239 2595 3628 2651 inﬁdelitatem.
3671 2592 3754 2646 Sed

2210 2704 2333 2743 cum
2358 2687 2751 2743 incarnationis
2781 2687 3071 2743 Dominicte
3089 2688 3407 2758 mysterium
3430 2685 3606 2741 Judtea
3627 2699 3757 2753 nega-

2211 2782 2310 2846 vit,
2346 2782 2620 2849 gentilitas
2647 2782 2898 2847 credidit,
2930 2790 2984 2836 et
3013 2783 3286 2851 principes
3312 2782 3365 2836 in
3397 2779 3758 2851 despectionem

2214 2874 2550 2939 ceciderunt,
2582 2883 2638 2928 et
2666 2874 2719 2929 bi
2748 2874 2836 2944 qui
2865 2875 3106 2944 oppresizi
3134 2874 3186 2928 in
3217 2874 3373 2943 culpa
3415 2872 3643 2944 perﬁdia:
3668 2870 3759 2925 fue-

2214 2971 2357 3026 rant,
2384 2964 2436 3017 in
2467 2956 2611 3019 verte
2642 2964 2765 3018 ﬁdei
2794 2963 3045 3018 libertate
3064 2963 3225 3018 levati
3248 2971 3397 3017 sunt.
3416 2962 3615 3019 Aliter:
3638 2959 3762 3015 Priu-

2217 3054 2363 3122 cipcs
2386 3053 2587 3108 etenim
2612 3069 2717 3109 non
2750 3054 3024 3108 immerito
3047 3063 3308 3109 vocantur
3328 3053 3423 3122 qui
3455 3053 3566 3108 suis
3587 3064 3765 3119 semper

530 3140 808 3210 cingulum
848 3142 1117 3207 destruit,
1168 3152 1228 3197 ut
1276 3116 1488 3200 eorum.
1519 3146 1778 3202 membris
1823 3145 2111 3201 delectatio
2140 3116 2185 3178 C
2220 3146 2640 3217 cogitationibus
2663 3146 3368 3216 principantur,omnesque
3400 3145 3594 3201 stultos
3619 3152 3767 3198 motus

529 3249 662 3302 pr‘cc
682 3234 739 3287 ιιί
767 3235 1095 3289 dominetur.
1126 3234 1383 3306 Sequitur
1410 3254 1424 3291 :

605 3321 767 3378 Vsus.
800 3324 884 3379 i9.
925 3323 1082 3378 Ducit
1106 3326 1397 3380 sacerdotes
1423 3325 1750 3396 ingloriosos,
1774 3335 1822 3381 et
1845 3326 2117 3397 optimates

534 3411 852 3480 supplantat.
873 3441 944 3453 -—-
962 3412 1151 3483 Magna
1181 3416 1481 3470 sacerdotis
1508 3415 1674 3487 gloria
1713 3425 1815 3482 est,
1850 3416 2119 3472 rectitude

484 3526 492 3532 -
535 3502 895 3556 subditorum.
948 3502 1101 3559 Unde
1143 3506 1281 3561 bene
1308 3506 1560 3577 egregius
1598 3506 1923 3573 praedicator
1950 3507 2115 3561 disci-

538 3592 679 3661 pulis
707 3593 839 3648 dicit
865 3612 877 3648 :
914 3614 933 3646 ‹
970 3595 1100 3663 Qua:
1129 3606 1213 3652 est
1243 3606 1426 3652 nostra
1456 3613 1579 3669 spes
1604 3639 1619 3663 ,
1651 3609 1703 3653 et
1733 3599 1986 3669 gaudium
2027 3584 2120 3654 aut

544 3701 746 3740 corona
777 3688 979 3756 gloriae.
1011 3687 1198 3744 Nonne
1221 3706 1315 3745 vos
1340 3700 1465 3746 ante
1480 3691 1830 3746 Dominum?»
1862 3690 1911 3761 (1
1938 3689 2117 3746 Thess.

545 3791 605 3841 tt,
656 3777 770 3849 19.)
842 3777 948 3834 Sed
996 3796 1116 3833 cum
1150 3780 1477 3835 .sacerdotes
1525 3783 1687 3836 vitam
1735 3780 2121 3851 discipulorum

545 3867 861 3937 negligunt,
910 3879 966 3923 et
1005 3870 1207 3925 nullutn
1256 3872 1322 3927 de
1369 3887 1561 3927 eorum
1605 3873 1952 3942 provectibus
1996 3881 2125 3925 ante

544 3955 713 4011 Deum
744 3957 979 4012 fructum
1025 3960 1240 4027 lerunt,
1287 3962 1418 4033 quid
1445 3962 1591 4016 aliud
1634 3977 1799 4031 quam
1846 3961 2125 4031 ingloriosi

553 4046 869 4102 ducuntur?
913 4049 1049 4117 Quia
1092 4064 1217 4106 ante
1238 4053 1564 4121 [districtum
1604 4051 1838 4122 judicrm
1870 4052 2124 4105 nimirum

546 4136 770 4207 gloriam
807 4148 935 4195 tunc
975 4158 1078 4195 non
1109 4144 1419 4208 inveniunt,
1464 4160 1625 4215 quam
1658 4146 1817 4199 modo
1847 4144 1900 4197 in
1943 4142 2127 4198 subdi-

493 4225 507 4242 '
549 4236 727 4282 torum
771 4244 991 4284 suorum
1052 4235 1291 4313 moribus
1335 4236 1732 4304 prmdicationis
1785 4235 1963 4291 studio
2020 4251 2125 4289 non

546 4323 861 4392 exquirunt.
906 4324 1213 4393 Sequitur:
1268 4326 1336 4380 Et
1382 4330 1655 4396 optimates
1702 4328 2027 4399 supplantat.
2058 4357 2129 4367 —-

547 4413 686 4481 Quia
724 4430 846 4468 cunt
896 4426 1131 4472 mentem
1166 4420 1467 4487 regentium
1507 4418 1657 4487 justo
1680 4419 1889 4488 judicio
1926 4420 2130 4475 deserit

551 4508 689 4573 lucc,
717 4508 987 4563 iuternuut
1025 4511 1397 4567 retributionis
1429 4514 1708 4583 prmmiunt
1736 4530 1839 4568 non
1867 4512 2130 4582 requirit,

551 4606 607 4652 et
638 4598 688 4651 in
730 4614 795 4653 eo
825 4602 1202 4671 supplantatur
1242 4604 1387 4674 quod
1437 4602 1661 4668 fallitur,
1694 4612 1753 4656 ut
1782 4618 1880 4671 pro
1926 4611 2134 4657 aeterna

553 4689 742 4759 gloria,
769 4692 834 4744 de
862 4693 1161 4765 principatu
1195 4695 1473 4765 temporali
1498 4694 1818 4765 gratuletur.
1847 4693 2133 4765 Sequitur:

2217 3245 2484 3305 potestate
2532 3235 2812 3306 sapientiae
2860 3236 3241 3306 comprimunt.
3268 3234 3375 3291 Sed
3420 3249 3564 3306 stupe
3591 3232 3770 3290 contin-

2219 3328 2327 3400 git,
2372 3337 2429 3383 ut
2478 3328 2530 3381 in
2563 3328 2780 3383 occulto
2824 3328 3034 3383 animus
3060 3329 3125 3383 de
3153 3328 3267 3398 ipsa
3309 3342 3409 3383 sua
3457 3327 3704 3399 sapientia
3728 3323 3770 3377 in

2219 3418 2470 3473 elationis
2500 3418 2639 3473 fastu
2691 3418 3017 3483 sublevetur,
3051 3428 3107 3475 et
3150 3420 3251 3474 sub
3283 3419 3363 3475 eis
3398 3419 3548 3474 vitiis
3569 3424 3771 3473 corruat.

2220 3509 2287 3564 de
2315 3509 2510 3579 quibus
2540 3525 2599 3564 se
2624 3511 2884 3564 victorem
2913 3509 3083 3564 fuisse
3110 3510 3398 3580 gaudebat.
3432 3509 3540 3566 Sed
3565 3521 3777 3564 nonnun-

2222 3616 2386 3670 quam
2410 3600 2464 3654 lti
2495 3602 2585 3670 qui
2612 3600 2663 3654 in
2696 3600 2842 3655 vitiis
2863 3598 3050 3668 jacere
3076 3599 3353 3664 videntur,
3376 3600 3445 3654 ad
3479 3594 3778 3668 poenitentia:

2224 3691 2455 3744 lamenta
2480 3698 2728 3754 currunt,
2757 3704 2922 3759 seque
2952 3697 3143 3745 contra
3175 3688 3380 3759 culpas,
3402 3689 3602 3758 quibus
3630 3686 3782 3755 subja-

2224 3784 2439 3848 celtant,
2489 3782 2734 3852 erigunt;
2782 3790 2836 3836 et
2876 3781 2976 3855 sub
3014 3798 3074 3836 se
3106 3782 3451 3851 postmodum
3481 3781 3659 3836 carnis
3693 3790 3782 3832 sate

2228 3884 2403 3931 motus
2450 3874 2777 3943 deprimunt,
2810 3888 2841 3926 a
2891 3873 3088 3942 quibus
3118 3880 3241 3929 ante
3274 3874 3673 3943 premebantur.
3704 3869 3782 3922 Se-

2227 3969 2410 4037 quitur
2434 3982 2447 4018 :

2303 4058 2466 4113 Vens.
2494 4055 2584 4112 22.
2628 4056 2733 4123 Qui
2761 4055 2950 4112 revelat
2974 4056 3237 4126 profunda
3263 4057 3328 4112 de
3356 4056 3602 4119 tenebris,
3625 4062 3669 4108 et
3691 4067 3787 4122 pro-

2228 4151 2374 4205 ducit
2404 4151 2457 4204 ἔτι
2479 4149 2646 4203 lucem
2674 4149 2913 4203 umbram
2940 4150 3142 4204 mortis.
3174 4179 3247 4189 ——
3273 4147 3406 4203 Cum
3430 4148 3579 4201 enim
3607 4153 3793 4216 quoque

2231 4241 2457 4314 mystica
2485 4240 2550 4295 de
2595 4238 2822 4295 occultis
2850 4238 3235 4308 prophetarum
3262 4237 3440 4292 verbis
3482 4251 3514 4289 a
3546 4228 3794 4289 credenti-

2232 4332 2333 4387 bus
2361 4338 2746 4402 agnoscuntur,
2791 4329 2920 4399 quid
2968 4327 3114 4382 aliud
3142 4342 3302 4397 quam
3331 4324 3601 4396 profunda
3631 4324 3693 4377 de
3732 4330 3794 4373 le-

2235 4421 2415 4477 nebris
2445 4419 2789 4475 revelantur?
2838 4418 2977 4473 llinc
3014 4417 3274 4471 Dominus
3319 4416 3434 4469 ait:
3492 4434 3511 4466 ‹
3544 4415 3672 4481 Qua:
3697 4411 3797 4464 dico

2237 4514 2389 4569 vobis
2435 4514 2490 4567 in
2535 4512 2794 4578 tenebris,
2825 4510 2989 4566 dicite
3010 4510 3065 4565 in
3095 4508 3299 4563 lumine
3327 4505 3542 4578 (Matth.
3568 4522 3624 4571 χ,
3646 4502 3750 4572 27).
3779 4518 3795 4549 ι

2240 4606 2441 4663 Umbra
2475 4614 2655 4661 autem
2692 4603 2885 4659 mortis
2905 4611 3023 4658 erat
3052 4601 3186 4671 legis
3212 4599 3410 4654 duritia
3434 4639 3451 4664 ,
3482 4613 3604 4667 qua:
3633 4605 3799 4650 unum-

2239 4710 2506 4764 quemque
2536 4702 2850 4764 peccantem
2902 4698 3075 4745 morte
3104 4688 3345 4758 corporis
3393 4687 3584 4757 punire
3621 4681 3802 4741 sancie-

561 4834 573 4849 ,
610 4780 790 4836 'Vuus.
819 4782 907 4837 20.
949 4783 1284 4839 Commutaus
1319 4785 1517 4838 labium
1565 4784 1845 4849 veracium,
1878 4794 1926 4839 et
1952 4784 2143 4839 doctri-

556 4887 677 4924 nam
704 4888 883 4925 senum
912 4874 1258 4940 auferens.-—
1277 4873 1411 4928 Cum
1437 4875 1693 4930 sacerdos
1728 4890 1835 4929 non
1862 4874 1975 4945 agit
2001 4874 2140 4929 bona

558 4978 679 5031 qua:
701 4963 958 5032 loquitur,
1000 4964 1048 5018 ei
1079 4965 1241 5018 etiam
1282 4978 1460 5020 sermo
1492 4965 1857 5030 subtrahitur,
1899 4979 1967 5018 tte
1995 4963 2140 5033 loqui

561 5051 759 5105 audeat
781 5053 921 5119 quod
953 5068 1057 5106 non
1091 5062 1348 5123 operatur
1368 5096 1383 5120 ,
1414 5055 1555 5109 sicut
1582 5071 1680 5125 per
1707 5053 2034 5125 PrOpltetam
2061 5052 2144 5107 di-

562 5141 703 5195 citur
728 5161 741 5195 :
767 5162 785 5191 ι
819 5142 1095 5199 Peccatori
1129 5157 1307 5200 autem
1333 5147 1470 5203 dixit
1498 5149 1639 5202 Deus
1663 5166 1676 5200 :
1701 5148 1879 5215 Quare
1908 5156 1960 5201 tu
1988 5161 2145 5201 enar-

562 5247 652 5288 ras
678 5232 917 5300 justitias
956 5252 1140 5302 meas,
1176 5247 1230 5293 et
1256 5241 1490 5294 assumis
1539 5246 1921 5292 testamentum
1966 5250 2147 5290 meum

565 5338 661 5391 per
686 5340 747 5378 os
778 5334 927 5381 tuum
950 5330 1010 5382 ‘lt
1043 5328 1215 5398 (Psal.
1251 5347 1409 5398 χιιι,
1442 5330 1552 5398 16.)
1591 5331 1655 5383 Ει
1680 5329 1996 5398 plerumque
2022 5326 2142 5380 doc-

2241 4787 2353 4842 bat.
2408 4784 2516 4840 Sed
2559 4792 2844 4853 postquam
2875 4779 3205 4850 Redemptor
3246 4787 3430 4832 uoster
3473 4774 3803 4844 aSperitatetn

2245 4872 2429 4944 legalis
2476 4870 2773 4927 sanctionis
2813 4883 2910 4940 per
2964 4865 3431 4922 mansuetudinem
3482 4857 3804 4933 temperavit.

2242 4979 2348 5018 non
2372 4963 2484 5032 jam
2518 4976 2616 5030 pro
2642 4959 2798 5029 culpa
2835 4964 3063 5011 mortem
3096 4955 3279 5009 carnis
3304 4952 3496 5007 inferni
3520 4946 3803 5038 constituit.

2241 5056 2336 5111 sed
2376 5069 2522 5109 mors
2555 5060 2813 5120 quantum
2845 5047 3079 5102 timenda
3107 5054 3253 5102 esset
3300 5044 3579 5100 indicavit.
3611 5042 3665 5096 In
3706 5041 3807 5091 luce

2242 5146 2433 5218 procul
2461 5144 2624 5199 dubio
2651 5143 2895 5196 umbram
2941 5140 3134 5194 mortis
3161 5138 3431 5208 produxit.
3477 5134 3589 5190 lsta
3628 5129 3808 5187 etenitu

2249 5254 2399 5295 mors
2431 5239 2484 5291 in
2529 5250 2635 5305 qua
2666 5249 2796 5288 caro
2820 5239 3104 5301 separatur
3133 5232 3200 5286 ab
3228 5231 3430 5293 anima;
3462 5227 3655 5280 umbra
3682 5220 3812 5276 illius

2251 5327 2439 5383 mortis
2465 5332 2567 5387 est,
2595 5323 2648 5375 in
2680 5336 2783 5391 qua
2822 5321 3001 5374 anima
3043 5329 3327 5388 separatur
3354 5333 3385 5371 a
3431 5317 3563 5369 Deo.
3610 5313 3663 5365 lu
3709 5308 3813 5360 luce
