3948 5398
150 264 266 320 225

151 379 224 429 de
252 391 582 447 unoquoque
608 392 727 447 qua:
745 377 944 432 sentiat
966 378 1236 433 ostendat.
1267 377 1402 443 Quia
1438 374 1584 430 enim
1607 372 1754 428 videt
1782 376 1831 434 Α

146 486 304 525 nunc
330 470 564 526 Creator
598 471 805 535 omnia,
832 478 887 525 et
915 470 1029 541 ipse
1069 472 1122 525 in
1170 470 1412 526 consiliis
1456 483 1563 522 non
1595 465 1748 521 vide-

151 570 270 627 tur,
305 575 455 617 recte
485 563 549 617 de
595 561 684 616 illo
728 577 826 631 per
856 562 1201 617 Psalmistam
1241 561 1476 616 dicitur:
1517 578 1535 611 ι
1566 557 1754 613 Posuit

152 652 416 709 tenebras
466 653 744 709 latibulum
773 670 929 709 suum
957 653 1129 726 (-Psal.
1166 670 1300 718 xvn,
1328 654 1438 725 l2}.
1473 673 1492 707 ι
1550 652 1751 708 Umbra

148 744 305 799 enim
338 747 531 801 mortis
557 756 641 802 est
667 763 831 817 prava
866 746 1133 817 Operatio,
1174 761 1294 815 quae
1339 747 1404 801 de
1454 746 1754 801 imitatione

149 835 373 905 antiqui
417 837 588 891 hostis
615 837 769 907 quasi
797 837 865 891 de
904 836 1149 905 corporis
1198 835 1541 891 lineamentis
1568 834 1751 903 expri-

148 928 350 982 mitur.
394 929 472 983 De
509 944 616 998 quo
658 929 825 983 etiam
875 928 976 983 sub
1024 926 1303 996 cujusdam
1356 927 1753 998 significatione

150 1020 399 1075 dicitur:
447 1040 466 1071 ς
498 1020 564 1075 Et
604 1036 800 1075 nomen
849 1020 925 1074 illi
975 1035 1122 1075 mors
1158 1018 1343 1090 (Apoc.
1393 1036 1472 1086 vt,
1499 1019 1576 1090 8).
1617 1039 1636 1073 ι
1691 1019 1756 1073 Et

149 1106 485 1178 plerumque
528 1110 644 1180 ejus
672 1109 905 1178 maligna
930 1110 1188 1180 cogitatio
1233 1118 1442 1165 mentes
1474 1110 1752 1165 hominum

151 1195 315 1261 latet,
346 1205 509 1267 atque
534 1213 634 1268 per
662 1199 763 1255 hoc
786 1200 931 1268 quod
956 1200 1199 1254 nescitur
1223 1200 1453 1269 amplius
1475 1199 1748 1269 praevalet.

151 1284 368 1341 Umbra
412 1304 544 1359 ergo
588 1289 641 1343 in
688 1289 862 1345 lucem
907 1289 1245 1359 producitttr,
1281 1290 1408 1344 dum
1440 1299 1751 1344 sanctorum

150 1377 439 1433 mentibus
472 1379 711 1451 maligna
740 1382 982 1451 operatio
1016 1381 1226 1451 antiqui
1253 1379 1425 1436 hostis
1450 1389 1511 1435 ut
1546 1381 1754 1437 destrui

148 1470 333 1541 possit
361 1471 623 1541 aperitur.
654 1471 913 1542 Sequitur
936 1490 950 1526 :

230 1561 399 1615 Vens.
431 1561 521 1617 25.
561 1562 665 1627 Qui
687 1562 998 1631 multiplicat
1036 1571 1236 1633 gentes,
1266 1572 1316 1618 et
1352 1563 1520 1634 perdit
1555 1579 1665 1629 eas,
1706 1571 1756 1619 et

147 1649 437 1704 subversas
472 1653 525 1705 in
577 1652 835 1722 integrum
872 1654 1117 1706 restituit.
1147 1683 1219 1693 —
1254 1652 1476 1724 lntelligi
1525 1653 1755 1707 fortasse

913 265 1215 323 EPITOME
1253 260 1617 320 uomuun
1661 260 1717 315 s.
1759 258 1972 314 nunc.
2015 258 2081 313 IN
2121 257 2260 314 ποθ.
2300 246 2369 300 J—
2406 261 2531 317 LIB.
2574 261 2664 317 XI.

3331 264 3439 321 226

2439 373 2668 430 CAPUT
2709 374 2840 429 XIII.

1928 463 2091 518 Vens.
2123 465 2175 520 l.
2216 465 2353 520 Ecce
2379 468 2553 521 omnia
2583 468 2694 522 Iure
2720 470 2844 524 vidit
2869 470 3052 526 oculus
3079 488 3243 541 meus,
3268 481 3319 529 et
3338 492 3441 530 au-

1854 559 1979 613 divit
2006 562 2152 615 auris
2172 577 2309 616 mea.
2328 591 2396 602 —
2419 561 2477 617 In
2500 562 2591 617 illo
2610 565 2754 619 enim
2778 580 2842 620 ea
2868 583 2999 638 quae.
3014 579 3266 625 secutura
3286 581 3444 628 erant

1855 649 2077 705 videbat
2123 651 2476 719 assistentia,
2527 654 2614 709 cui
2656 672 2756 711 nec
2800 657 2982 713 futura
3026 662 3290 729 veniunt,
3343 680 3446 719 nec

1856 744 2132 810 prazterita
2160 744 2466 812 discedunt,
2500 748 2593 802 sed
2632 759 2829 805 cuncta
2877 752 3037 807 simul
3087 764 3213 810 ante
3257 757 3446 814 oculos

1855 828 1974 898 ejus
2004 833 2282 889 assistunt.
2320 834 2426 890 Sed
2472 836 2761 892 utilitatem
2806 840 2948 895 dicta
2994 858 3100 897 non
3150 845 3370 910 habent,
3398 849 3444 902 si

1854 922 2129 979 intellectu
2159 935 2366 982 carent.
2400 926 2659 999 Sequitur
2689 947 2703 983 :
2735 929 2805 984 Et
2835 932 3069 988 intellexi
3096 951 3189 1003 per
3211 936 3443 1007 singula.

1854 1043 1927 1054 —
1950 1013 2084 1069 Cum
2111 1015 2258 1070 enim
2287 1016 2489 1086 aliquid
2516 1020 2821 1074 ostenditur
2850 1021 2935 1076 vel
2959 1024 3195 1088 auditur,
3220 1025 3263 1080 si
3289 1026 3448 1081 intel-

1855 1102 2030 1158 lectus
2064 1120 2173 1160 non
2228 1106 2504 1173 tribuitur,
2542 1111 2822 1180 prophetia
2875 1114 3096 1169 minime
3142 1124 3245 1170 est.
3303 1118 3444 1172 Vidit

1857 1209 2098 1267 namque
2148 1196 2361 1253 Pharao
2405 1214 2504 1269 per
2550 1202 2818 1257 somnium
2866 1219 2988 1273 qua:
3022 1216 3179 1261 erant
3212 1205 3447 1279 Egypto

1854 1293 2086 1339 ventura
2120 1284 2273 1356 (Gen.
2306 1304 2418 1354 xu,
2448 1289 2559 1360 l7).
2595 1289 2701 1346 Sed
2731 1293 2855 1361 quia
2882 1296 3124 1365 nequivit
3148 1298 3447 1369 intelligere

1856 1375 2001 1443 quod
2051 1377 2229 1445 vidit,
2280 1381 2542 1450 propheta
2612 1383 2820 1439 scilicet
2874 1401 2979 1443 non
3027 1386 3146 1442 fuit.
3217 1390 3446 1462 Aspexit
3488 1398 3493 1403 ‘

1855 1466 2141 1525 Balthasar
2176 1486 2271 1526 rex
2306 1472 2590 1528 articulum
2621 1490 2814 1532 manus
2841 1478 3128 1535 scribentis
3155 1481 3209 1535 in
3238 1483 3447 1552 pariete

1859 1558 2021 1629 (Dan.
2056 1577 2107 1624 v,
2134 1563 2227 1633 25)
2251 1603 2266 1628 ,
2323 1565 2418 1620 sed
2467 1566 2730 1636 propheta
2776 1584 2882 1624 non
2930 1570 3049 1636 fuit,
3081 1573 3207 1642 quia
3236 1574 3448 1631 intelle-

1860 1656 2005 1702 ctum
2039 1650 2115 1704 rei
2149 1666 2309 1720 quam
2341 1653 2551 1710 viderat
2578 1672 2684 1711 non
2714 1659 2940 1728 accepit.
2973 1660 3043 1716 Ut
3070 1661 3233 1732 igitur
3255 1663 3444 1720 beatus

153 1743 326 1808 valet,
346 1744 599 1813 quoniam
627 1754 818 1816 gentes
846 1744 1106 1801 Dominus
1125 1744 1451 1815 multiplicat
1472 1753 1527 1799 et
1553 1743 1750 1814 perdit,
1783 1732 1828 1791 Β
1855 1736 1956 1791 Job
1982 1738 2276 1808 prophetiae
2326 1743 2577 1811 spiritum
2612 1760 2672 1799 se
2698 1746 2901 1803 habere
2929 1757 3180 1815 testetur,
3213 1766 3320 1806 non
3353 1767 3439 1807 so-

151 1832 286 1903 qnia
334 1845 632 1889 nascuntur
677 1836 916 1905 quotidie
948 1836 1243 1892 morituri.~
1277 1834 1342 1889 Et
1378 1836 1650 1891 subversas
1700 1836 1754 1890 in

150 1923 423 1992 integrum
452 1926 707 1989 restituet,
739 1925 864 1994 quia
907 1938 1197 1996 resurgunt
1225 1927 1316 1995 qui
1351 1925 1570 1980 fuerunt
1611 1939 1756 1979 mor-

152 2015 261 2069 tui.
297 2014 451 2082 Quod
476 2024 658 2071 tamen
705 2017 897 2074 melius
940 2018 1260 2088 accipimus,
1293 2019 1335 2072 si
1370 2018 1494 2082 hoc,
1521 2016 1757 2086 qualiter

152 2104 216 2159 in
240 2120 432 2160 earum
477 2116 661 2161 mente
690 2106 890 2178 agitur,
915 2117 1235 2163 sentiamus.
1269 2107 1590 2177 Multiplicat
1609 2107 1753 2161 enim

153 2208 355 2270 gentes
383 2210 436 2255 et
464 2203 679 2273 perdit,
705 2202 831 2272 quia
858 2217 953 2258 eas
981 2211 1036 2256 et
1058 2218 1157 2273 per
1184 2200 1568 2257 fecunditatem
1596 2202 1757 2256 sobo-

146 2291 228 2347 lis
258 2294 533 2356 extendit,
566 2302 621 2348 et
659 2303 834 2349 tamen
877 2294 932 2348 in
984 2293 1204 2363 propria
1255 2291 1568 2347 infidelitate
1596 2290 1755 2346 dere-

142 2380 381 2452 ‘linquit.
409 2382 517 2438 Sed
541 2382 813 2438 subversas
832 2384 888 2437 in
914 2383 1172 2453 integrum
1194 2382 1449 2445 restituet,
1473 2381 1599 2452 quia
1621 2394 1757 2451 quas

150 2475 218 2529 in
242 2474 577 2531 infidelitatis
604 2491 735 2530 casu
757 2476 1049 2546 reliquerat
1070 2476 1395 2545 quandoque
1416 2474 1484 2530 ad
1507 2473 1759 2529 lideista-

152 2574 279 2620 tum
314 2566 554 2621 reducet.
581 2564 841 2636 Sequitur
868 2579 883 2619 :

222 2652 403 2709 'Vztts.
428 2654 517 2709 24.
551 2655 655 2721 ρειὶ
693 2656 936 2709 immutat
973 2671 1065 2709 cor
1100 2656 1395 2725 principum
1442 2652 1622 2725 populi
1646 2663 1758 2708 ter-

151 2761 261 2809 ror,
284 2755 336 2800 et
366 2746 555 2816 decipit
594 2762 682 2800 eos
719 2754 776 2799 ut
800 2745 1009 2814 frustra
1028 2747 1271 2801 incedant
1296 2762 1389 2817 per
1416 2746 1655 2800 invicem.
1685 2775 1756 2786 —

150 2834 273 2890 Cor
300 2836 445 2890 enim
476 2836 777 2907 principum
823 2846 980 2890 terra:
1020 2837 1359 2891 immutatum
1400 2845 1517 2900 est,
1548 2851 1669 2890 cum
1702 2835 1755 2890 in

155 2927 350 2983 Judzea
376 2930 572 2984 summi
616 2929 925 2985 sacerdotes
950 2940 1004 2983 et
1037 2930 1280 2983 seniores
1310 2929 1489 2999 pepuli
1538 2929 1612 2982 illi
1658 2942 1757 2983 suo

157 3019 397 3075 consilio
421 3022 761 3075 conabamur
786 3020 1075 3083 obsistere,
1104 3035 1263 3089 quem
1295 3021 1443 3090 prius
1470 3028 1755 3074 venturum

150 3124 287 3165 esse
314 3111 704 3180 przedicabant.
733 3109 978 3180 Cumque
1005 3108 1121 3179 ejus
1150 3126 1344 3165 nomen
1380 3111 1753 3180 persequendo
1782 3092 1827 3155 (ἶ

166 3200 495 3255 molirentur
543 3201 928 3272 exstinguere,
975 3202 1187 3271 decepti
1251 3216 1348 3257 sua
1397 3202 1603 3256 malitia
1677 3202 1757 3257 in-

156 3292 360 3347 cedere
381 3308 481 3362 per
513 3292 745 3348 invicem
776 3291 977 3346 frustra
1007 3294 1365 3348 conabantur.
1393 3292 1682 3363 Sequitur:

233 3381 406 3437 Vsus.
436 3382 528 3436 ‘15.
572 3382 875 3453 Palpabunt
911 3384 1062 3454 quasi
1091 3386 1145 3438 in
1176 3384 1401 3439 tenebris
1426 3425 1441 3448 ,
1473 3394 1521 3439 et
1562 3401 1666 3439 non
1702 3384 1758 3439 in

162 3474 300 3529 luce.
332 3505 406 3515 —
436 3474 537 3541 Qui
562 3474 708 3528 enim
728 3474 875 3528 inter
901 3484 980 3529 tot
1009 3474 1268 3530 miracula
1294 3484 1478 3545 aperta
1504 3475 1755 3545 trepidat,

162 3566 318 3633 quasi
348 3566 402 3619 in
432 3564 674 3619 tenebris
696 3563 897 3635 palpat,
929 3564 1054 3634 quia
1085 3566 1228 3633 quod
1261 3565 1431 3633 tangit
1458 3581 1563 3620 non
1588 3565 1756 3620 videt.

158 3657 357 3713 Omnis
384 3670 514 3711 vero
542 3656 632 3726 qui
664 3664 832 3720 errat,
856 3671 998 3709 nunc
1025 3656 1149 3720 huc,
1183 3670 1326 3710 nunc
1354 3656 1479 3711 illuc
1503 3656 1755 3717 ducitur:

163 3757 219 3803 et
257 3749 386 3819 quia
441 3746 734 3817 aliquando
781 3746 1140 3801 ostendebant
1188 3748 1409 3801 credere
1449 3761 1574 3802 cum
1613 3747 1759 3801 dice-

162 3847 329 3892 rent:
383 3855 403 3887 t
435 3835 549 3890 Nisi
605 3836 693 3890 hic
741 3843 886 3891 esset
936 3851 967 3889 a
1014 3834 1145 3898 Deo,
1192 3850 1299 3889 non
1342 3844 1554 3904 poterat
1581 3834 1760 3891 facere

165 3929 465 3997 quidquam
494 3927 680 3998 (Joan.
709 3942 784 3991 Ix,
819 3926 933 3998 25).
977 3945 996 3978 ι
1048 3926 1352 3997 Aliquando
1381 3941 1511 3982 vero
1542 3929 1683 3983 hanc
1728 3944 1758 3982 a

164 4017 280 4072 Deo
325 4032 451 4072 esse
498 4016 856 4087 denegabant,
899 4031 1022 4071 cum
1069 4016 1428 4086 despicientes
1474 4017 1754 4072 dicerent:

170 4130 189 4162 ι
229 4108 422 4164 Nonne
447 4110 534 4165 hic
557 4118 641 4164 est
669 4108 806 4164 fabri
837 4108 1021 4164 ﬁlius?
1046 4108 1236 4165 Nonne
1273 4119 1448 4165 mater
1475 4111 1593 4181 ejus
1617 4110 1758 4166 dici-

165 4210 258 4255 tur
303 4199 497 4265 Maria,
549 4208 605 4255 et
654 4198 851 4254 fratres
903 4200 1019 4269 ejus
1065 4198 1298 4255 Iacobus
1340 4210 1392 4255 et
1430 4200 1654 4271 Joseph,
1700 4209 1756 4256 et

166 4290 358 4347 Simon
375 4289 628 4354 ctJudas,
653 4298 932 4346 etsorores
955 4290 1071 4360 ejus
1087 4305 1263 4345 nonne
1285 4290 1425 4360 apud
1443 4306 1539 4345 uos
1556 4299 1680 4346 sunt
1698 4291 1752 4343 ἰν»

165 4382 388 4452 (Matth.
437 4397 561 4448 xm,
593 4381 714 4447 55.)
780 4381 1074 4451 Sequitur:
1125 4379 1194 4434 Et
1246 4397 1427 4435 errare
1469 4398 1556 4435 eos
1600 4382 1757 4451 faciet

160 4474 319 4547 quasi
344 4474 538 4528 ebrios.
562 4502 637 4515 —
671 4472 934 4528 Videbunt
981 4472 1179 4542 quippe
1230 4486 1352 4527 eum
1396 4482 1451 4527 et
1491 4474 1757 4529 suscitare

164 4572 432 4628 mortuos,
480 4571 535 4616 et
562 4571 745 4616 tamen
790 4575 912 4615 csse
935 4560 1245 4626 mortalem,
1266 4561 1393 4629 quia
1433 4578 1539 4617 non
1568 4564 1757 4619 crede-

163 4664 287 4711 rent
307 4653 499 4719 Deum,
523 4667 687 4722 quem
712 4652 1118 4722 conspiciebant
1144 4652 1409 4707 suscitare
1448 4656 1756 4710 mortuum?

164 4744 516 4801 Sed-rursum
539 4759 665 4799 cum
696 4742 842 4797 hunc
881 4743 1161 4798 mortalem
1202 4745 1604 4814 conspicerent,
1630 4747 1754 4802 des-

163 4837 433 4907 piciehant
456 4838 690 4892 credere
720 4834 866 4889 hunc
896 4835 1257 4890 immortalem
1286 4852 1406 4892 esse
1433 4840 1623 4895 Deum.
1650 4840 1755 4895 Per

164 4930 267 4985 hoc
303 4944 433 5001 ergo
476 4927 622 5000 quod
667 4925 1011 4995 omnipotens
1056 4926 1196 4984 Deus
1244 4927 1408 4983 talem
1456 4946 1516 4986 se
1563 4945 1754 4987 eorum

165 5024 331 5079 oculis
384 5022 685 5085 exhibuit,
730 5020 822 5088 qui
896 5020 1063 5089 possit
1120 5031 1174 5077 et
1231 5020 1412 5077 divina
1469 5025 1759 5081 ostendere

168 5124 219 5171 et
267 5117 494 5173 humana
540 5114 681 5188 pati,
736 5125 922 5167 errare
957 5126 1052 5167 eos
1080 5115 1234 5183 quasi
1282 5114 1461 5173 ebrios
1506 5119 1662 5180 facit,
1700 5123 1757 5169 ut

169 5220 347 5263 eorum
375 5210 662 5279 superbia,
694 5217 820 5272 qua:
858 5203 1245 5261 incarnationis
1277 5203 1394 5275 ejus
1433 5208 1755 5280 mysterium

169 5298 429 5369 despicere
463 5297 664 5354 maluit
708 5307 872 5361 quam
909 5288 1090 5363 Sequi,
1120 5306 1176 5353 et
1204 5304 1391 5352 contra
1443 5298 1755 5355 humanita-

1857 1826 1967 1881 lum
2011 1830 2227 1885 audisse
2262 1842 2329 1887 et
2365 1830 2611 1913 yidisse,
2655 1836 2751 1891 sed
2790 1837 2956 1893 etiam
3014 1824 3346 1898 intellexisse
3388 1855 3448 1898 se

1858 1917 2039 1971 omnia
2076 1921 2294 1975 asserit.
2337 1921 2639 1993 Sequitur:

1927 2029 2089 2086 Vens.
2123 2031 2178 2086 2.
2222 2032 2523 2090 Secundum
2550 2039 2823 2094 scientiam
2849 2050 3075 2097 vestram
3107 2052 3155 2098 et
3177 2060 3270 2115 ego
3299 2047 3443 2111 novi,

1852 2134 1950 2173 nec
1989 2120 2211 2189 inferior
2246 2127 2404 2178 vestri
2454 2143 2591 2180 sum.
2619 2159 2693 2169 —
2741 2128 2952 2196 Quibus
2992 2133 3239 2189 videlicet
3286 2135 3448 2192 dictis

1856 2208 2088 2263 innotuit
2113 2222 2331 2281 quanta:
2380 2214 2701 2274 humilitatis
2737 2219 2862 2288 fuit,
2892 2224 2984 2292 qui
3022 2239 3082 2279 se
3108 2226 3188 2280 eis
3224 2226 3445 2284 inferio-

1855 2319 1971 2359 rem
2017 2317 2219 2377 negat,
2268 2325 2495 2379 quorum
2556 2313 2724 2369 vitam
2770 2328 2959 2373 sancte
3001 2319 3232 2376 vivendo
3287 2321 3446 2393 longe

1858 2399 2296 2454 transcenderat.
2345 2400 2479 2456 Nam
2512 2412 2567 2458 et
2607 2406 2902 2461 secundum
2931 2423 3120 2463 eorum
3158 2412 3441 2467 scientiam

1857 2502 1917 2541 se
1968 2503 2128 2544 nosse
2176 2491 2504 2559 confirmat,
2557 2496 2650 2565 qui
2692 2498 2912 2554 sciendo
2961 2501 3205 2557 caelestia
3253 2518 3441 2558 eorum

1859 2585 2104 2634 terrenas
2125 2581 2487 2650 cogitationes
2511 2600 2611 2657 per
2650 2590 2947 2659 prophetiae
2977 2591 3227 2661 spiritum
3263 2603 3443 2652 trans-

1853 2666 1994 2722 ibat.
2027 2667 2286 2740 Sequitur
2313 2690 2327 2727 :

1930 2776 2093 2835 Vens.
2135 2780 2188 2838 5.
2231 2781 2337 2837 Sed
2380 2793 2555 2839 tamen
2606 2804 2721 2841 cum
2761 2796 3123 2857 Ummpotente
3160 2796 3368 2866 loquar,
3396 2806 3445 2853 et

1859 2870 2126 2940 disputare
2154 2890 2274 2927 cum
2314 2873 2422 2929 Deo
2466 2878 2636 2947 cupio.
2663 2907 2732 2918 —
2766 2880 2898 2934 Cum
2942 2880 3323 2952 Omnipotente
3367 2887 3449 2943 lo-

1859 2962 2098 3032 quimur,
2124 2965 2251 3021 dum
2281 2965 2399 3035 ejus
2441 2969 2868 3026 misericordiam
2900 2973 3275 3044 deprecamur.
3308 2978 3444 3036 Cum

1858 3067 1925 3108 eo
1961 3069 2093 3109 vero
2126 3055 2500 3126 disputamus,
2550 3060 2676 3114 dum
2723 3078 2823 3118 nos
2869 3063 3011 3120 illius
3059 3068 3448 3142 conjungentes

1854 3146 2098 3216 justitiaz,
2132 3147 2275 3203 facta
2303 3160 2487 3205 nostra
2517 3153 2700 3208 subtili
2738 3155 3081 3227 indagatione
3107 3161 3445 3217 discutimus.

1864 3236 1957 3291 Vel
1984 3251 2132 3293 certe
2160 3254 2284 3294 cum
2315 3240 2425 3297 Deo
2455 3242 2734 3312 disputare
2764 3255 2849 3300 est
2895 3262 3017 3302 eum
3066 3250 3158 3320 qui
3209 3251 3295 3307 hic
3330 3252 3449 3320 ejus

1861 3331 2142 3401 prrcceptis
2168 3333 2371 3402 paruit,
2400 3350 2522 3389 cum
2551 3335 2639 3389 illo
2666 3339 3006 3406 postmodum
3037 3341 3103 3396 ad
3124 3341 3448 3412 judicandos

1859 3421 2083 3491 populos
2104 3422 2341 3492 judicent
2380 3427 2586 3493 venire,
2626 3428 2767 3483 sicut
2793 3440 2987 3486 cuncta
3018 3433 3447 3502 relinquentihus

1856 3512 2308 3581 pratdicatoribus
2337 3514 2538 3570 dicitur
2571 3534 2584 3571 :
2622 3536 2641 3568 ι
2672 3517 2780 3574 Vos
2830 3521 2921 3589 qui
2975 3522 3145 3577 secuti
3177 3525 3306 3579 estis
3338 3541 3446 3591 me,

1863 3601 1915 3654 ia
1958 3604 2369 3673 regeneratione
2398 3623 2520 3662 cum
2560 3608 2761 3664 sederit
2790 3611 2929 3665 Illius
2973 3612 3208 3670 hominis
3237 3616 3290 3669 in
3320 3616 3448 3672 sede

1862 3692 2161 3760 majestatis
2205 3709 2355 3760 sunt,
2408 3696 2664 3751 sedebitis
2712 3706 2768 3752 et
2806 3714 2904 3754 vos
2955 3715 3117 3770 super
3160 3703 3446 3759 duodecim

1863 3782 2109 3848 thronos,
2147 3783 2452 3854 judicantes
2491 3786 2774 3842 duodecim
2808 3790 2982 3847 tribus
3018 3792 3180 3847 Israel
3224 3792 3445 3863 (Matth.

1861 3892 1972 3938 xu,
1994 3876 2108 3950 28).
2141 3896 2160 3931 ι
2222 3877 2395 3950 Loqui
2424 3893 2554 3952 ergo
2580 3882 2646 3936 ad
2674 3884 2971 3939 orationem
2998 3925 3014 3951 ,
3056 3885 3335 3956 disputare
3379 3891 3446 3944 ad

1854 3966 2117 4037 judicium
2173 3972 2427 4040 pertinet.
2492 3972 2587 4027 Vir
2654 3974 2819 4045 igitur
2871 3985 3094 4031 sanctus
3159 3978 3319 4034 modo
3375 3980 3445 4034 ad

1861 4057 2296 4129 Omnipotcntem
2339 4060 2602 4141 loquitur,
2644 4074 2703 4117 ut
2744 4080 2865 4119 cum
2895 4066 3277 4138 Omnipotente
3302 4079 3450 4141 post-

1861 4150 2078 4203 modum
2100 4152 2352 4220 disputet.
2371 4139 2621 4220 Quia'ille
2648 4171 2768 4212 cum
2795 4156 2905 4212 Deo
2924 4160 3261 4229 postmodum
3278 4139 3443 4231 judex

1862 4238 2025 4303 venit,
2058 4241 2149 4309 qui
2187 4242 2275 4297 hic
2301 4243 2351 4296 ei
2380 4242 2540 4299 modo
2569 4245 2622 4299 in
2655 4260 2815 4316 prece
2841 4245 3126 4305 familiaris
3155 4251 3442 4308 exstiterit.

1862 4330 2120 4401 Sequitur
2152 4347 2167 4387 :

1788 4444 1834 4502 D
1934 4446 2095 4502 Vens.
2122 4447 2178 4502 4.
2221 4446 2383 4504 Prms
2424 4466 2512 4506 vos
2545 4460 2820 4508 ostendens
2860 4454 3202 4523 fabricatores
3229 4462 3446 4515 menda-

1863 4538 1952 4605 cii,
1970 4552 2015 4593 et
2039 4540 2273 4596 cultores.
2282 4560 2640 4612 perttcrsorum
2667 4546 2990 4615 dogmatum.
3005 4580 3072 4590 —
3087 4549 3278 4619 Liquet
3300 4553 3442 4607 enim

1862 4628 1988 4699 quia
2013 4631 2402 4688 catholicorum
2435 4634 2662 4706 figuram
2692 4651 2796 4690 non
2822 4646 3058 4703 teneant,
3090 4640 3180 4710 qui
3212 4641 3446 4696 cultores

1861 4736 2239 4789 perversorum
2286 4726 2596 4796 dogmatum
2643 4738 2925 4786 vocantur.
2983 4732 3097 4798 Qua
3148 4733 3200 4786 in
3253 4748 3310 4787 re
3343 4734 3449 4788 hoe

1858 4828 2073 4883 quoque
2097 4824 2312 4885 oportet
2343 4818 2572 4882 intendi,
2614 4818 2757 4886 quod
2790 4822 3055 4875 mendacii
3092 4820 3447 4878 fabricatores

1865 4903 2139 4960 dicuntur.
2207 4904 2359 4961 Sicut
2419 4910 2566 4963 enim
2641 4909 2821 4976 paries
2893 4912 3190 4966 aediﬁcatur
3259 4910 3454 4978 lapidi-

1862 4994 2006 5063 bus,
2052 5000 2125 5052 ita
2166 4996 2514 5055 mendacium
2576 4999 2914 5056 sermonibus
2968 5000 3282 5063 fabricatur.
3353 5000 3457 5056 Se-

1860 5086 2050 5153 quitur
2090 5106 2104 5141 :

1932 5197 2099 5255 Vens.
2133 5197 2188 5253 5.
2222 5200 2392 5270 Atque
2418 5207 2628 5258 utinam
2653 5202 2913 5265 taceretis,
2942 5198 3323 5267 utputaremini
3342 5215 3462 5259 esse

1858 5289 2140 5356 sapientes.
2165 5319 2236 5328 —
2272 5288 2427 5351 Sicut
2459 5295 2642 5349 clausa
2672 5287 2836 5356 janua
2876 5288 2930 5340 in
2964 5287 3125 5342 domo
3149 5300 3268 5354 qua:
3306 5285 3464 5347 intus

1925 5382 2023 5398 --__I
2084 5395 2095 5398 _
2141 5378 2295 5398 ‘_n-__
2326 5388 2339 5398 Α
2400 5380 2412 5391 ⁸
2574 5388 2685 5398 .ι.-..
2740 5376 2813 5398 Αξιι
2842 5377 3153 5398 ..1ΑΑ--..-ι--.Α
3188 5376 3380 5398 ιιι--11.--
3449 5383 3460 5395 ⁵

1861 5382 2023 5398 n‘--__l
2084 5395 2095 5398 _
2141 5382 2295 5398 I_n-__
2326 5388 2339 5398 Α
2400 5382 2412 5391 ⁵
2574 5388 2685 5398 .ι.-..
2740 5382 2813 5398 μζιι
2842 5382 3153 5398 ...Αμ---.-¹--.Α
