3948 5398
542 340 648 397 227

1524 331 1584 389 s.
1622 312 1875 389 dooms
1909 326 2199 383 ABBATIS
2229 326 2724 385 cwmscussrs
2755 326 2800 383 ιι
3663 332 3743 389 ra

533 460 724 515 citur:
761 472 781 509 ‹
810 450 1040 517 Stultus,
1064 448 1110 507 si
1130 445 1384 513 tacuerit,
1401 445 1621 518 sapiens
1642 443 1921 516 putabitur
1943 438 2127 513 (Prov.
2159 445 2207 502 Α
2237 438 2576 495 rectitudinis
2625 439 2741 508 ejus
2788 438 3057 496 districtio
3080 480 3098 506 ,
3145 456 3251 511 qua
3298 441 3518 498 humana
3558 447 3749 515 pravitas

539 564 679 612 xvn,
707 546 821 618 ‘28).
856 563 876 596 ι
928 542 1187 612 Sequitur
1217 556 1234 595 :

616 640 778 691 Vens.
809 635 863 688 6.
903 633 1096 687 Audite
1129 647 1251 702 ergo
1290 628 1640 697 correptiones
1687 641 1829 680 meas
1851 665 1866 690 ,
1900 634 1947 679 et
1978 623 2131 694 judi-

538 731 677 784 cium
724 728 984 781 (abierunt
1036 737 1272 778 meorum
1320 720 1590 774 attendite.
1639 748 1709 758 —
1767 715 1911 771 Bene
1947 724 2127 769 autem

538 821 690 891 prius
723 817 1144 887 correptiouem,
1176 824 1231 869 et
1255 812 1597 884 postmodum
1633 809 1894 878 judicium
1929 806 2125 870 intulit,

538 912 664 982 quia
696 911 799 965 nisi
831 924 932 980 per
961 907 1357 977 correptionem
1387 905 1536 974 prius
1565 912 1746 957 tumor
1771 899 1917 956 stulti
1951 898 2128 969 depri-

541 1009 739 1065 matur,
784 1013 1126 1068 nequaquam
1166 993 1516 1065 intelligentia
1556 992 1820 1062 judicium
1857 988 1989 1059 justi
2037 1004 2128 1044 c0-

535 1089 842 1161 gnoscitur.
865 1086 1131 1156 Sequitur
1163 1099 1176 1138 :

611 1179 776 1234 Vens.
806 1179 860 1232 7.
898 1176 1154 1247 Nunquid
1183 1175 1322 1229 Deus
1349 1172 1540 1243 indiget
1564 1183 1730 1228 uestro
1752 1169 2047 1236 mendacio,
2069 1178 2127 1224 ut

538 1286 635 1341 pro
673 1269 764 1323 illo
801 1267 1088 1339 loquamini
1136 1266 1330 1320 dolos?
1375 1295 1447 1307 --
1498 1264 1641 1319 Deus
1689 1263 1972 1319 mendacio
2020 1276 2125 1316 non

537 1368 686 1431 eget,
714 1360 844 1430 quia
868 1359 1068 1414 veritas
1091 1356 1266 1411 fulciri
1293 1371 1395 1411 non
1418 1356 1612 1425 quaerit
1631 1354 1831 1409 auxilio
1851 1352 2121 1407 falsitatis.

501 1478 505 1480 -
534 1449 792 1505 Hreretici
823 1456 1005 1502 autem
1035 1446 1162 1517 quia
1188 1459 1308 1514 qua:
1336 1459 1501 1514 prave
1537 1445 1604 1499 de
1651 1444 1760 1497 Deo
1798 1442 2123 1512 intelligunt,

528 1557 608 1597 ex
666 1540 900 1595 veritate
951 1538 1086 1593 tueri
1155 1553 1260 1591 non
1320 1543 1584 1605 possunt,
1637 1534 1791 1604 quasi
1862 1534 1929 1588 ad
2001 1547 2129 1603 pro-

531 1631 776 1687 trandum
825 1629 1036 1685 radium
1085 1627 1305 1683 luminis
1354 1625 1610 1680 falsitatis
1664 1624 1967 1693 requirnnt.
2028 1622 2127 1678 Se-

524 1723 725 1793 quitur
761 1739 776 1777 :

2236 531 2448 588 feritur.
2476 532 2615 589 Justi
2646 544 2826 589 autem
2856 533 2959 588 viri
2998 542 3125 589 ante
3151 533 3318 589 Deum
3350 544 3595 601 metuunt,
3622 554 3751 607 quam

2234 626 2350 695 ejus
2382 627 2462 680 ira
2493 635 2683 681 contra
2709 641 2804 681 eos
2831 634 3134 692 moveatur,
3166 635 3222 680 et
3247 640 3312 680 ne
3336 636 3637 681 commotum
3661 644 3752 684 seu.

2232 716 2390 780 tiant,
2426 716 2772 786 tranquillum
2806 717 3016 772 timent.
3069 717 3138 771 At
3179 726 3370 771 contra
3409 719 3626 787 perversi
3659 728 3756 775 tunc

2228 803 2341 874 jam
2372 804 2518 860 feriri
2545 806 2953 874 pertimescunt,
2983 821 3103 881 eum
3142 804 3426 868 feriuntur.
3456 821 3636 876 eosque
3660 818 3756 863 tunc

2235 902 2414 948 terror
2449 894 2566 963 ejus
2595 909 2624 947 a
2652 908 2841 949 somno
2888 895 2970 949 sui
3020 894 3282 964 temporis
3327 884 3626 958 exsuscitat,
3662 911 3756 949 cum

2232 986 2470 1040 vindicta
2518 988 2819 1056 perturbat.
2890 986 3042 1042 Unde
3091 1001 3187 1054 per
3214 987 3525 1056 prophetam
3556 986 3754 1040 dicitur:

2239 1092 2259 1126 ι
2304 1075 2373 1130 Et
2429 1086 2578 1131 tanto
2625 1076 2738 1130 sola
2785 1076 3002 1131 vexatio
3043 1075 3370 1131 intellectum
3415 1075 3558 1132 dabit
3597 1077 3760 1132 aeditui

2235 1164 2369 1238 (Isa.
2400 1182 2591 1230 xxviii,
2623 1167 2733 1237 l9).
2764 1185 2782 1218 ι
2815 1165 3109 1236 Sequitur:

2307 1255 2470 1311 Vens.
2501 1257 2589 1311 η.
2627 1256 2886 1311 Memoria
2924 1267 3089 1310 vestra
3116 1256 3504 1326 comparabitur
3524 1255 3762 1310 cineri.—

2232 1346 2434 1403 Omncs
2460 1347 2549 1417 qui
2582 1347 2912 1415 cogitatione
2944 1355 3158 1401 terrena
3205 1347 3331 1401 huic
3360 1346 3551 1400 sacculo
3581 1343 3762 1399 confor-

2235 1446 2471 1501 mantur,
2501 1450 2595 1507 per
2621 1452 2783 1491 omne
2810 1435 2951 1507 quod
2979 1443 3182 1506 agunt,
3232 1435 3355 1490 huic
3403 1437 3593 1490 mundo
3635 1435 3763 1490 relin-

2234 1542 2401 1597 quere
2430 1530 2511 1583 sui
2537 1528 2854 1582 memoriam
2883 1536 3167 1582 conantur.
3195 1527 3299 1581 Alii
3329 1525 3584 1582 bellorum
3612 1527 3763 1605 titulis,

2230 1618 2324 1670 alii
2355 1617 2482 1671 altis
2508 1616 2856 1671 :ediiiciorum
2885 1615 3175 1671 moenibus.
3215 1615 3359 1670 Aura
3407 1616 3546 1671 cnim
3576 1616 3764 1670 cinerem

2235 1708 2458 1778 spargit,
2485 1710 2625 1762 sicut
2646 1708 2905 1777 scriptmu
2932 1718 3053 1762 est:
3085 1726 3105 1759 ‹
3136 1707 3250 1763 Non
3276 1709 3355 1764 sic
3381 1709 3549 1778 impii,
3573 1725 3668 1765 non
3691 1710 3766 1773 sic.

609 1814 774 1869 Vens.
807 1814 863 1869 8.
902 1810 1157 1882 Nunquid
1187 1810 1375 1881 faciem
1402 1807 1516 1878 ejus
1546 1807 1803 1877 accipitis,
1831 1816 1881 1862 et
1902 1823 1995 1876 pro
2022 1806 2127 1861 Deo
2161 1810 2202 1869 Β
2233 1801 2325 1854 sed
2356 1809 2611 1869 tanquam
2662 1798 2835 1869 pulvis
2876 1815 3036 1867 quem
3086 1800 3302 1871 proiicit
3352 1811 3546 1858 ventus
3588 1819 3617 1857 a
3659 1801 3768 1858 iacio

516 1904 776 1975 judicare
822 1903 1049 1956 nitimini
1067 1903 1092 1954 ?
1113 1930 1188 1941 —
1209 1897 1371 1953 Stulti
1423 1912 1542 1952 cum
1592 1896 1936 1967 prudentium
1983 1895 2125 1950 facta
2235 1898 2393 1945 terra:
2420 1890 2590 1961 (Psal.
2617 1907 2656 1957 ι,
2678 1890 2758 1961 4).
2793 1910 2811 1942 ι
2840 1890 3006 1946 Recte
3034 1907 3161 1963 ergo
3187 1892 3475 1948 Stultorum
3500 1893 3768 1950 memoriam

530 1995 899 2064 conspiciunt,
934 1995 1049 2047 lucc
1082 1992 1162 2046 eis
1193 1990 1373 2045 omnia
1407 2004 1528 2044 esse
1559 1988 2011 2058 reprehensibilia
2042 1988 2125 2041 vi-
2228 1981 2397 2035 cineri
2447 1990 2761 2051 comparat,
2816 1983 2943 2051 qnia
2998 1983 3105 2038 illic
3151 1984 3387 2055 ponitur,
3423 1987 3511 2041 ubi
3560 1987 3623 2040 ab
3667 2001 3768 2040 aura

532 2086 756 2148 dentur,
807 2099 1024 2154 sumque
1053 2083 1340 2152 imperitiae
1382 2091 1545 2151 atque
1577 2081 1909 2136 infirmitatis
1950 2080 2124 2143 obliti.
2232 2073 2464 2143 l'apilur-
2517 2072 2772 2142 Sequitur
2805 2073 2921 2127 εἰίι
2951 2076 3249 2145 redigentur
3286 2077 3342 2130 in
3390 2075 3558 2130 lutum
3594 2078 3770 2131 ceruices

527 2185 690 2230 lauto
719 2176 978 2230 intentius
1001 2174 1068 2229 de
1090 2174 1281 2229 alienis
1298 2174 1567 2243 judicant,
1593 2171 2123 2242 quantoprofundius

2231 2172 2431 2216 vestrm.
2455 2192 2527 2202 —
2552 2163 2705 2218 Sicut
2733 2177 2831 2232 per
2868 2162 3081 2217 oculum
3121 2164 3288 2229 visus,
3318 2165 3399 2220 sic
3422 2181 3523 2234 per
3549 2165 3770 2219 cervicem

532 2282 635 2321 sua
667 2267 941 2336 ignorant.
986 2265 1056 2320 At
1087 2276 1276 2320 contra
1306 2265 1461 2335 justi,
1490 2273 1546 2317 et
1573 2279 1696 2319 cum
1729 2278 2015 2334 pravorum
2044 2261 2127 2317 fa-
2230 2254 2372 2309 solet
2398 2255 2649 2325 superbia
2680 2254 2972 2325 designari.
3016 2255 3213 2311 Cet-vix
3243 2257 3427 2327 itaque
3459 2260 3510 2313 in
3538 2258 3689 2311 lutum
3710 2271 3773 2310 re-

524 2366 626 2413 cta
677 2359 1048 2426 redarguunt,
1098 2373 1312 2427 semper
1359 2372 1471 2412 suae
1514 2356 1855 2411 inﬁrmitatis
1897 2354 2122 2417 conscii,
2238 2346 2457 2415 digilur.
2490 2361 2611 2400 cum
2642 2348 2905 2415 superbus
2933 2347 3164 2417 ψιὶείμιθ
3190 2348 3508 2403 humilium?
3538 2351 3586 2404 in
3619 2357 3771 2413 Ιηοτιεν

530 2462 665 2509 eos,
710 2448 809 2502 etsi
843 2447 1084 2502 exterius
1113 2448 1386 2502 saeviendo
1430 2456 1608 2502 tamen
1657 2448 1884 2501 imm-ins
1909 2461 2126 2516 compa-
2227 2447 2281 2491 et
2307 2438 2445 2491 elata
2474 2452 2603 2493 caro
2646 2440 2875 2495 tabescit
2915 2440 2967 2493 in
2992 2441 3299 2510 putredine.
3339 2440 3645 2499 intueamur
3664 2440 3774 2495 enim

528 2536 739 2601 tiendo,
772 2539 1208 2608 reprehendunt;
1248 2540 1375 2608 quia
1412 2539 1554 2593 illius
1584 2539 1750 2594 solius
1792 2546 1875 2592 cst
1899 2545 2126 2608 peccata
2228 2531 2406 2602 qttalia
2457 2531 2510 2584 in
2554 2531 2815 2601 sepulcris
2871 2529 3055 2600 iacent
3095 2532 3321 2588 divitum
3378 2535 3656 2590 cadavera.
3697 2531 3774 2587 Se-

530 2628 811 2683 liominum
836 2631 953 2685 sine
975 2631 1352 2700 compassione
1383 2630 1677 2694 discutere,
1708 2631 1799 2701 qui
1828 2645 1894 2685 ex
1921 2638 2126 2683 natura:
2237 2622 2423 2689 ςιιὶἰιτ
2452 2638 2464 2674 ε

522 2734 646 2774 sua‘
671 2721 1060 2790 omnipotentia
1091 2723 1304 2790 ignorat
1330 2735 1579 2790 peccare.
1610 2721 1748 2787 Quia
1775 2721 1938 2791 igitur
1965 2720 2124 2773 amici
2305 2710 2472 2768 V8118.
2508 2711 2596 2766 15.
2642 2712 2827 2768 Tacete
2856 2714 3142 2785 paulisper,
3176 2724 3233 2769 ut
3260 2714 3455 2787 loquar
3482 2714 3778 2788 quodcunque

532 2810 675 2865 beati
698 2809 801 2866 Job
832 2812 904 2866 ita
935 2813 1052 2881 ejus
1084 2812 1221 2866 facta
1269 2813 1770 2882 reprehenderant,
1808 2829 1871 2868 ac
1900 2813 1943 2867 si
1987 2813 2041 2868 in
2067 2827 2127 2867 se
2226 2802 2354 2855 mihi
2384 2817 2528 2856 mens
2552 2802 2882 2873 suggesserit-
2908 2834 2979 2844 —
3009 2802 3240 2861 Sensum
3278 2806 3469 2863 carnis
3506 2806 3696 2861 locutos
3716 2804 3776 2857 in-

526 2901 640 2970 ipsi
671 2902 1096 2971 reprehensibile
1123 2902 1255 2956 nihil
1287 2903 1569 2958 haberent.
1605 2902 1863 2973 Sequitur
1891 2921 1906 2959 :

2231 2894 2396 2949 dicat.
2428 2894 2575 2963 Quos
2602 2895 2811 2951 idcirco
2840 2895 3111 2951 silentium
3158 2899 3482 2969 restringit,
3526 2908 3585 2954 ut
3609 2912 3664 2952 ea
3687 2910 3778 2966 qua

607 2992 770 3047 Vens.
796 2992 851 3047 9.
888 2992 993 3046 Aut
1018 2992 1237 3061 placebit
1265 2996 1311 3047 ei
1337 3010 1487 3063 quem
1514 2993 1682 3047 celare
1713 2994 1787 3048 nil
1803 2995 2012 3064 potest?
2032 3006 2124 3050 aut
2228 2987 2304 3042 illi
2341 3003 2491 3044 mens
2516 2989 2846 3059 snggesserit
2898 2989 3059 3055 dicat.
3106 2990 3187 3044 Ac
3214 2990 3258 3045 si
3289 2999 3483 3061 aperte
3506 2992 3657 3045 dicat.
3690 2986 3777 3042 Non

518 3084 822 3152 accipietur
844 3094 898 3136 ut
923 3084 1076 3138 homo
1103 3086 1283 3139 vestris
1308 3085 1726 3155 frandulentiis?
1751 3118 1822 3126 —
1853 3087 2121 3142 Fraudem

2231 3095 2328 3151 ego
2358 3081 2672 3147 carnaliter,
2702 3080 2797 3137 sed
2825 3080 3142 3151 spiritaliter
3170 3081 3380 3150 loquor,
3412 3083 3543 3153 quia
3570 3097 3660 3152 per
3684 3096 3779 3135 sen-

532 3174 645 3229 Dco
686 3174 923 3228 haeretici
956 3174 1228 3236 exhibent,
1262 3175 1352 3244 qui
1381 3188 1445 3230 ea
1479 3184 1749 3243 astruunt,
1775 3191 1895 3245 quin
1922 3192 2124 3246 nequa-
2151 3184 2195 3245 (ζ
2228 3190 2345 3230 sum
2377 3175 2600 3245 spiritus
2627 3176 2787 3231 audio
2809 3214 2825 3241 ,
2871 3191 2992 3247 qua:
3030 3191 3129 3247 per
3178 3176 3546 3232 ministerium
3575 3172 3781 3246 corporis

531 3281 694 3335 quam
727 3265 826 3334 ipsi
858 3280 955 3336 pro
977 3280 1085 3334 quo
1108 3265 1424 3334 loquuntur,
1455 3264 1699 3334 placent;
1734 3281 1968 3335 eumque
1997 3268 2121 3321 dum
2222 3265 2465 3337 profero.
2506 3265 2765 3336 Sequitur
2795 3282 2811 3323 ;

532 3356 689 3424 quasi
718 3354 1007 3410 defendere
1038 3357 1304 3420 nituntur,
1330 3354 1610 3411 oll'cndunt
1634 3358 1759 3411 dum
1802 3357 1853 3411 in
1884 3358 2125 3413 adversi-

531 3456 644 3502 tale
677 3447 794 3513 ejus
825 3456 1107 3510 corruunt,
1141 3446 1226 3501 cui
1259 3446 1511 3500 videntur
1536 3462 1600 3501 ex
1628 3447 2016 3517 pnedicatiouc
2047 3446 2125 3501 fa-

536 3537 752 3592 mulari.
827 3537 978 3593 Unde
1035 3548 1091 3592 et
1140 3553 1238 3607 per
1282 3537 1627 3592 Psalmistam
1673 3538 1873 3593 dicitur
1922 3553 1936 3592 :
1985 3556 2004 3591 ι
2056 3538 2126 3594 Ut

533 3630 782 3684 destrnas
810 3630 1085 3684 inimicum
1114 3638 1168 3685 et
1192 3629 1421 3685 ultorem
1461 3627 1634 3695 (Psal.
1667 3646 1784 3693 vnl,
1820 3630 1898 3699 5).
1935 3649 1952 3681 ι
1986 3630 2123 3696 Quia

532 3731 712 3775 autem
761 3720 930 3776 latere
968 3720 1136 3774 Deum
1178 3721 1250 3774 nil
1300 3729 1514 3790 potest,
1560 3720 1664 3774 hoc
1708 3722 1758 3775 in
1789 3721 1867 3775 eis
1890 3719 2123 3789 judicat,

531 3813 676 3885 quod
715 3813 858 3867 intus
886 3814 1151 3878 sentiunt,
1184 3827 1291 3867 non
1320 3811 1462 3881 quod
1490 3810 1748 3866 famulari
1777 3811 1913 3868 foris
1942 3811 2124 3866 viden-

531 3913 640 3960 tur.
682 3903 943 3973 Sequitur
971 3916 1001 3957 :'
1132 3890 1137 3893 ’

604 3994 766 4049 Vens.
806 3995 890 4047 10.
929 3992 1049 4057 Ipse
1075 4010 1162 4047 vos
1204 4004 1405 4064 arguet,
1441 3996 1691 4065 quoniam
1731 3993 1786 4047 in
1819 3991 2122 4047 abscondito

531 4087 720 4157 facim
762 4086 876 4155 ejus
908 4086 1164 4156 accipitis.
1198 4116 1269 4126 —
1297 4084 1438 4140 Sunt
1471 4102 1707 4158 namque
1749 4085 1990 4141 nonnulli
2029 4085 2123 4154 qui

537 4183 595 4230 et
624 4174 903 4229 veritatem
952 4175 1005 4228 in
1034 4175 1196 4231 corde
1234 4176 1497 4239 sentiunt,
1533 4185 1587 4231 et
1620 4187 1798 4232 tamen
1842 4190 1961 4245 quas
1990 4173 2123 4229 falsa

536 4272 666 4318 sunt
693 4264 760 4318 de
797 4263 907 4317 Deo
940 4263 1071 4319 foris
1098 4265 1408 4335 loquuntur.
1452 4265 1531 4322 Ne
1555 4267 1700 4322 enim
1732 4267 1874 4321 vinei
1904 4266 2125 4321 videan-

533 4365 642 4421 tur,
674 4364 729 4410 et
750 4366 1081 4427 cognoscunt
1106 4358 1388 4413 veritatem
1422 4359 1674 4424 interius,
1705 4368 1761 4415 et
1786 4369 1962 4415 tamen
1984 4358 2124 4413 hanc

532 4448 760 4503 interius
788 4446 1074 4521 [exterius]
1120 4449 1455 4519 itnpuguant.
1507 4452 1587 4506 Ae
1622 4452 1666 4506 si
1694 4467 1823 4523 ergo
1867 4452 2071 4508 diceret
2102 4468 2118 4506 :

2299 3357 2464 3412 Vens.
2491 3356 2579 3411 H.
2604 3356 2782 3422 Quare
2802 3355 2976 3410 lacero
3000 3372 3190 3411 carnes
3216 3373 3358 3411 meas
3379 3356 3625 3412 dentibus
3651 3351 3783 3409 meis!

2219 3477 2292 3490 -—
2313 3449 2370 3503 lu
2399 3448 2678 3519 Scriptura
2707 3463 2864 3503 sacra
2893 3449 3085 3503 dentes
3112 3448 3404 3520 aliquando
3430 3450 3606 3507 sancti
3628 3446 3784 3519 praedi-

2221 3550 2437 3596 catores
2468 3541 2640 3611 accipi
2669 3541 2862 3605 solent,
2897 3549 2958 3595 ut
3003 3542 3132 3596 illud
3165 3559 3178 3596 :
3226 3561 3253 3594 ‹
3303 3543 3510 3600 Dentes
3554 3544 3647 3608 tui,
3675 3544 3785 3597 sicut

2224 3645 2417 3702 greges
2441 3639 2745 3695 tonsarum,
2770 3647 2888 3700 quae
2909 3634 3273 3689 ascenderunt
3301 3635 3366 3690 de
3390 3635 3616 3692 lavacro
3641 3633 3782 3705 (Cant.

2223 3737 2302 3786 vi,
2332 3722 2411 3787 5).
2450 3740 2468 3774 ι
2517 3721 2821 3791 Aliquando
2853 3722 3053 3777 biterni
3083 3725 3253 3793 accipi
3285 3739 3486 3780 sensus
3534 3724 3715 3786 solent,
3741 3728 3784 3774 ut
3882 3722 3883 3793 ί

2222 3812 2352 3867 illud
2397 3811 2647 3867 Ieremia:
2678 3830 2692 3866 :
2727 3830 2749 3862 ι
2781 3812 2963 3883 Fregit
2994 3814 3062 3867 ad
3095 3830 3383 3871 numerum
3427 3817 3635 3872 dentes
3660 3824 3787 3879 unus
3882 3811 3883 3883 ἓ

2225 3902 2440 3972 (Thr-en.
2468 3918 2553 3966 ιιι,
2585 3902 2696 3975 16).
2728 3922 2747 3955 ι
2799 3902 2912 3959 lloc
2964 3905 3129 3975 igitur
3175 3904 3318 3971 loco,
3351 3906 3485 3977 quia
3518 3907 3699 3962 dentes
3724 3904 3786 3957 in-

2233 4001 2419 4048 ternus
2449 4008 2643 4048 sensus
2670 3994 2987 4066 accipimus,
3031 3996 3123 4067 qui
3168 3996 3379 4068 singula
3408 4013 3535 4068 qua:
3559 3997 3786 4068 cogitant,

2226 4083 2379 4151 quasi
2424 4083 2692 4137 mandunt
2728 4092 2785 4138 et
2829 4086 3235 4151 comminuunt,
3278 4096 3441 4158 atque
3471 4091 3542 4144 ad
3581 4097 3786 4142 ventrem

2233 4175 2511 4229 memoria:
2549 4175 2938 4240 transmittunt,
2969 4177 3312 4233 considerare
3338 4195 3664 4253 magnopere
3687 4176 3790 4247 quid

2225 4278 2390 4334 agere
2459 4263 2591 4333 justi
2668 4264 2879 4320 soleant
2904 4306 2919 4331 ,
2977 4268 3273 4337 debemus;
3346 4273 3441 4343 qui
3510 4272 3790 4342 plerumque

2226 4356 2271 4409 si
2324 4370 2429 4424 qua
2503 4356 2558 4410 in
2637 4371 2697 4411 se
2767 4359 3068 4428 quamlibet
3138 4362 3330 4418 leviter
3401 4364 3644 4418 carnalia
3691 4371 3789 4414 esse

2226 4445 2680 4516 deprehendunt,
2747 4447 2862 4503 haec
2922 4449 3153 4507 internis
3207 4452 3456 4510 sensibus
3516 4461 3786 4509 retraetam
3882 4456 3883 4467 ‘

532 4537 709 4591 Tanto
737 4538 906 4607 magis
931 4538 996 4593 de
1025 4538 1261 4592 falsitate
1289 4540 1429 4609 apud
1460 4555 1583 4595 eum
1612 4541 1745 4596 estis
1765 4521 2118 4612 reprehensi-
2152 4521 2199 4581 Ι)
2227 4543 2309 4590 les
2332 4576 2349 4596 .
2397 4536 2749 4591 vehementer
2790 4537 2843 4592 in
2893 4541 3202 4610 semetipsis
3255 4544 3634 4614 insequuntur,
3681 4539 3791 4620 afﬂi-

531 4628 688 4692 biles,
718 4640 922 4700 quanto
959 4640 1015 4686 et
1056 4632 1197 4701 apud
1238 4633 1599 4703 vosmetipsos
1623 4634 1768 4703 quod
1797 4648 1984 4689 verum
2014 4645 2118 4699 est,

530 4721 750 4775 videtis.
799 4721 865 4776 Et
915 4733 1044 4777 sunt
1089 4723 1329 4779 nonnulli
1378 4725 1468 4794 qui
1517 4726 1732 4794 quando
1779 4725 1845 4780 ad
1883 4734 2120 4781 mentem

532 4816 778 4881 redeunt,
819 4815 910 4871 Dei
954 4816 1219 4885 justitiam
1247 4826 1303 4872 et
1332 4817 1710 4872 rectitudiuem
1745 4816 2121 4886 contemplan-

534 4913 644 4970 tur,
690 4922 745 4960 et
774 4908 980 4962 orando
1007 4918 1062 4963 et
1090 4907 1265 4963 ﬂendo
1307 4909 1733 4965 contremiscunt
1773 4926 1787 4962 :
1831 4909 1926 4964 sed
1972 4916 2122 4980 post-

533 5013 694 5068 quam
722 4999 1105 5069 contemplatio
1135 5001 1431 5065 transierit,
1458 5001 1535 5055 sic
1565 5001 1797 5056 audaces
1821 5002 1888 5055 ad
1919 4999 2121 5070 iniqui-

534 5098 699 5144 tatem
733 5091 996 5158 redeunt,
1030 5108 1095 5147 ac
1140 5094 1187 5147 si
1240 5102 1361 5163 post
1405 5094 1626 5148 dorsum
1678 5095 1794 5165 ejus
1833 5095 2014 5164 positi,
2050 5095 2120 5150 ad

535 5181 795 5218 ίηαθῖΙῖαηι
835 5183 948 5218 (duo
984 5185 1184 5218 Ιιιωῖηη
1230 5188 1514 5218 “Linum-Iun
1584 5187 1644 5218 ll:
1681 5189 1693 5218 ἓ

1681 5189 1862 5218 :lnunn
1894 5188 2032 5218 ﬁniit.
2063 5203 2120 5218 an

2224 4631 2408 4685 ctione
2448 4644 2508 4685 se
2537 4637 2860 4695 conterunt,
2892 4634 3215 4705 magnisque
3245 4637 3586 4692 cruciatibus
3611 4634 3688 4690 vel
3713 4631 3792 4687 nti-

2225 4721 2373 4774 nima
2396 4720 2448 4774 in
2477 4734 2536 4775 se
2555 4734 2721 4789 prava
2743 4720 3062 4792 dijudieant,
3087 4733 3250 4796 atque
3274 4726 3389 4781 haec
3419 4742 3521 4797 per
3549 4726 3789 4797 paeniten-

2227 4816 2354 4870 tiam
2400 4817 2680 4870 damnant.
2741 4815 2896 4883 Quod
2948 4820 3154 4875 idcirco
3216 4832 3423 4892 agunt,
3481 4832 3546 4876 ut
3588 4820 3641 4875 in
3685 4831 3791 4873 con-

2229 4919 2413 4978 spectu
2474 4907 2663 4963 aeterni
2700 4907 2899 4978 judicis
2924 4920 2981 4966 et
3029 4912 3127 4982 ipsi
3169 4913 3419 4980 inveniri,
3448 4915 3507 4968 in
3556 4921 3789 4982 quantum

2227 4998 2481 5067 possibile
2531 5008 2647 5064 est,
2684 5000 3193 5068 irreprehensibiles
3228 5002 3480 5068 debeant,
3527 5012 3586 5057 et
3637 5001 3686 5055 hi
3715 4994 3788 5066 qui

2226 5104 2325 5144 eos
2345 5089 2424 5145 sic
2451 5106 2509 5146 se
2526 5092 2774 5161 judicare
2793 5091 3154 5161 conspiciunt,
3183 5094 3474 5149 emendare
3495 5091 3789 5159 semetipsos

2227 5197 2254 5218 η
2290 5183 2461 5218 ηιιΙηὲρ
2489 5185 2823 5218 «monitu-Elusa
2858 5183 3200 5218 ἶηιινιΑΔοΛηι-ιί
3260 5184 3517 5218 Qesn-itur
3543 5202 3558 5214 α
3607 5180 3665 5218 ΓΙ
3688 5178 3786 5218 ηυδε
