3948 5398
145 412 236 469 339
789 404 1093 462 EPlTOME
1131 404 1495 463 MORALIUM
1536 407 1591 460 s.
1635 404 1842 467 caeo.
1882 410 1952 467 IN
1991 410 2131 468 JOB.
2172 442 2236 453 —
2279 411 2407 467 Lis.
2450 411 2542 468 χι.
3283 424 3390 483 230

145 529 369 592 appetam
398 517 451 572 in
491 532 656 587 opere
675 517 922 584 ostendo,
952 518 997 573 si
1029 517 1258 575 utilitate
1307 517 1698 587 proximorum,
1730 529 1773 583 Α
1806 523 1943 577 rem?
1970 522 2178 580 Tacens
2204 525 2349 605 enim
2380 537 2740 596 consumitur,
2770 530 2863 601 qui
2900 532 3043 591 intus
3072 533 3125 590 in
3158 551 3217 592 re
3241 537 3391 594 inve-

145 629 231 668 nec
257 608 387 664 mala
418 607 785 678 dijudicando,
813 624 914 665 nec
936 609 1075 664 bona
1102 607 1435 665 ostendendo
1454 609 1701 679 proﬁcio?
1803 613 1904 680 nit,
1932 614 2074 669 unde
2104 615 2392 672 irascatur.
2425 618 2681 689 Sequitur
2709 640 2721 673 :
2751 620 2870 689 Duo
2902 635 3106 680 tantum
3136 645 3198 682 ne
3218 629 3389 698 facias

143 702 412 772 Sequitur:
1801 704 1950 767 mihi,
1982 715 2030 759 et
2060 716 2183 760 tunc
2213 726 2244 761 α
2267 708 2404 778 facie
2428 720 2521 763 tua
2556 727 2659 765 non
2686 714 2997 770 abscoudar.
3024 748 3096 759 νη-
3122 718 3236 774 Hoc
3271 720 3389 775 loco

206 800 350 853 Vens.
375 794 459 850 15.
491 792 669 849 Etiam
689 797 736 848 si
754 794 1003 849 occiderit
1033 811 1134 859 me,
1166 796 1385 865 sperabo
1410 796 1465 851 in
1495 796 1701 866 ἔρια-
1798 793 1929 863 Quid
1969 794 2059 849 Dei
2114 794 2329 862 faciem,
2374 799 2479 852 nisi
2526 800 3047 859 animadversionem
3098 806 3389 862 debeamus

141 888 399 957 Nunquam
438 894 521 940 est
554 886 829 955 patientia:
867 886 1035 939 virtus
1077 886 1128 939 in
1167 886 1457 957 prosperis.
1490 886 1583 942 ille
1607 906 1701 942 au-
1800 882 2089 951 accipere?
2112 883 2163 937 in
2193 900 2300 955 qua
2324 888 2450 941 dum
2484 899 2705 957 peccata
2737 892 2977 960 respicit,
3007 896 3181 964 punit.
3210 896 3256 949 A
3279 914 3384 966 qua

142 990 234 1035 ιεηι
254 992 377 1032 γει-ο
411 984 498 1031 ρει
540 978 779 1047 pauens,
830 976 920 1046 qui
961 987 1015 1029 et
1060 976 1288 1030 diversis
1326 976 1596 1043 atteritur,
1646 988 1702 1033 et
1800 972 2050 1028 videlicet
2072 974 2257 1030 nullus
2280 976 2445 1031 etiam
2469 978 2649 1047 justus
2678 982 3046 1048 absconditur,
3075 986 3120 1040 si
3143 987 3248 1041 duo
3268 1002 3388 1058 qua:

102 1057 111 1075 ’
140 1079 296 1124 tamen
323 1067 389 1122 ab
418 1067 532 1135 spei
565 1081 677 1121 suae
719 1066 1039 1120 rectitudine
1086 1082 1191 1119 nun
1243 1067 1573 1121 incurvatur.
1622 1068 1699 1122 De
1797 1065 2038 1134 postulat
2067 1082 2174 1121 non
2211 1080 2587 1125 amoveantur.
2617 1071 2917 1142 Sequitur:

138 1160 327 1230 reprobi
359 1171 593 1227 namque
627 1173 787 1212 sensu
818 1158 1078 1226 scriptum
1109 1166 1191 1209 cst
1217 1174 1230 1210 :
1285 1175 1303 1207 ι
1338 1156 1698 1213 Conﬁtebitur
1870 1153 2030 1209 Vens.
2059 1156 2149 1209 2l.
2186 1155 2405 1211 Manum
2437 1169 2585 1213 tuam
2608 1159 2761 1232 longe
2783 1163 2869 1231 [ac
2896 1184 2927 1218 a
2958 1183 3057 1231 me,
3088 1177 3134 1221 et
3157 1168 3385 1236 formido

140 1252 241 1314 ubi,
282 1264 396 1303 cum
455 1248 791 1304 benefactis
818 1248 867 1303 ei
906 1245 1077 1320 (Ρεαι,
1127 1264 1328 1313 xum,
1379 1248 1489 1322 10),
1527 1270 1547 1304 ι
1601 1250 1702 1307 se-
1796 1251 1887 1296 tua
1914 1261 2017 1297 non
2049 1261 2130 1298 me
2155 1256 2368 1302 terreat.
2419 1278 2489 1287 —
2520 1247 2579 1303 in
2620 1251 2815 1321 quibus
2849 1253 3100 1311 videlicet
3153 1258 3382 1324 duobus,

137 1344 326 1415 ηυῖιιιιιε
1795 1334 1925 1404 quid
1954 1336 2100 1390 aliud
2148 1340 2447 1409 prophetia:
2491 1357 2701 1410 vocem,
2748 1361 2910 1415 quam
2945 1355 3154 1417 tempus
3202 1353 3386 1421 gratia:

196 1435 340 1490 Vsus.
375 1434 459 1489 16.
502 1430 875 1489 Verumtamen
898 1421 1008 1490 rios
1043 1452 1184 1490 meas
1210 1435 1265 1490 in
1286 1447 1561 1507 conspectu
1582 1436 1695 1507 ejus

1830 1434 1848 1476 t
1889 1425 2279 1497 redemptionis
2310 1430 2573 1499 inquirit?
2617 1433 2729 1487 Lex
2761 1451 2992 1506 namque
3029 1440 3129 1493 sub
3166 1456 3388 1510 percus-

135 1543 362 1596 arguam,
390 1535 438 1580 et
472 1527 583 1595 ipse
609 1527 705 1579 erit
748 1525 995 1580 Salvator
1028 1543 1191 1581 meus.
1217 1557 1290 1567 —
1324 1525 1457 1582 Cum
1496 1529 1694 1584 panius
1793 1516 1964 1571 sionis
2037 1519 2244 1575 ultione
2297 1523 2550 1592 populum
2602 1525 2813 1592 tenuit,
2878 1536 2937 1582 ut
2990 1530 3237 1600 quisquis
3283 1532 3384 1586 sub

136 1617 380 1686 προδιοιυε
406 1617 591 1672 dicar;
631 1634 649 1667 ι
688 1615 745 1671 Si
775 1617 1138 1686 nosmetipsos
1158 1616 1551 1686 judicaremus,
1584 1634 1692 1673 non
1790 1606 1879 1661 illa
1926 1620 2191 1679 peccaret,
2242 1614 2489 1682 protinus
2518 1625 2691 1671 morte
2735 1602 3036 1687 puniretur.
3079 1620 3188 1676 Nec
3235 1623 3381 1678 enim

134 1709 292 1777 utique
317 1707 736 1776 dijudicaremur
764 1707 850 1778 (Il
882 1707 1005 1763 Cor.
1035 1708 1225 1780 x|,5l).
1263 1727 1281 1760 ι
1322 1709 1400 1763 Eo
1429 1716 1556 1763 tunc
1584 1707 1693 1762 Do-

1825 1697 1943 1753 lebs
1975 1700 2271 1757 Israelitica
2320 1720 2381 1759 ex
2421 1721 2607 1762 amore
2656 1708 2885 1765 Domino
2912 1751 2926 1773 ,
2971 1714 3065 1767 sed
3090 1730 3155 1768 ex
3190 1715 3384 1770 timore

136 1800 286 1853 minus
313 1797 562 1852 Salvator
610 1798 883 1853 invenitur
924 1797 1157 1861 facilius,
1185 1814 1293 1868 quo
1335 1815 1477 1854 nunc
1503 1814 1600 1869 pro
1629 1799 1696 1853 ti—
1794 1789 2087 1845 ΒΘΓνίοΙιηιο
2156 1791 2441 1864 Nunquam
2498 1812 2627 1852 \ero
2705 1783 2911 1869 impieri
2986 1803 3198 1873 justitia
3285 1821 3384 1875 per

136 1905 262 1944 more
308 1889 518 1944 Domini
566 1898 847 1959 peccatum
899 1899 1141 1944 nostrum
1192 1906 1224 1945 a
1286 1891 1689 1962 nobismetipsis
1723 1892 1765 1951 ιι
1795 1882 2042 1939 timorem
2084 1894 2280 1955 potest,
2326 1888 2449 1957 quia
2481 1889 2637 1958 juxta
2668 1890 2894 1947 Joatmis
2917 1910 3143 1949 vocem:
3195 1914 3217 1948 ι
3254 1896 3383 1951 Per-

133 1980 230 2050 plus
271 1980 633 2050 redarguitur.
687 1979 983 2049 Sequitur:
1036 1977 1162 2034 Non
1214 1982 1353 2035 enim
1410 1984 1574 2036 veniet
1630 1983 1685 2036 in

1815 1972 1935 2027 ecta
1958 1972 2199 2028 Charitas
2228 1974 2375 2030 foras
2397 1978 2561 2031 mittit
2592 1979 2841 2036 timorem
2870 1981 3097 2052 (lloan.
3123 2002 3196 2049 IV,
3231 1987 3374 2057 18)..

130 2081 372 2140 conspectu
391 2070 503 2139 ejus
526 2070 701 2124 omnis
737 2071 1029 2140 hypocrita.
1060 2098 1129 2110 -ο
1164 2070 1456 2126 Sciendum
1491 2073 1688 2142 quippe
1790 2063 1866 2118 ΑΟ
1904 2064 1950 2118 Si
2033 2081 2164 2134 ergo
2234 2068 2476 2124 diceret:
2534 2069 2907 2129 Percussionis
2981 2076 3239 2132 duritiam
3297 2096 3382 2134 re-

128 2168 200 2214 est
218 2160 346 2230 quod
365 2158 581 2215 duobus
601 2160 775 2214 modis
798 2159 847 2213 in
871 2168 1160 2229 conspectu
1186 2159 1398 2214 Domini
1421 2159 1686 2216 venimus.
1790 2169 1969 2218 ηιονϐ,
2016 2153 2324 2211 Ῑοΐηιὶᾱίιιίε
2368 2159 2576 2228 pondus
2626 2162 2775 2227 tolle,
2830 2166 2925 2219 sed
2982 2176 3036 2220 et
3087 2168 3382 2226 irradiante

133 2248 279 2305 unum
316 2252 530 2320 quidem
583 2252 726 2321 quod
771 2250 861 2306 hic
885 2262 1105 2321 peccata
1148 2252 1420 2307 ευδιῖιίιει-
1453 2266 1683 2323 ρρνρεη-
1786 2245 1958 2313 gratia
1987 2245 2288 2302 dilectionis
2328 2251 2575 2319 Spiritum
2609 2255 2918 2310 securitatis
2956 2256 3175 2313 infunde
3201 2300 3217 2326 ,
3252 2261 3379 2329 quia

132 2342 291 2395 (entes
332 2340 382 2394 in
429 2341 550 2411 ejus
610 2356 715 2395 non
766 2353 1054 2411 conspectu
1102 2343 1374 2412 ponimus,
1404 2352 1458 2397 et
1508 2340 1686 2398 ﬂendo
1786 2335 1832 2389 Si
1882 2334 2038 2407 longe
2074 2353 2103 2391 a
2143 2341 2491 2407 percussione
2520 2351 2575 2397 et
2610 2342 2900 2402 formidine
2928 2364 3031 2401 non
3066 2349 3236 2414 fuero,
3266 2352 3381 2406 scio

132 2432 466 2502 dijudicamus.
509 2434 653 2490 Nam
689 2436 904 2506 quoties
938 2436 1234 2491 conditoris
1288 2438 1461 2491 nostri
1498 2448 1687 2507 poten-

1823 2425 1909 2477 nia
1932 2440 1960 2479 a
1988 2424 2327 2483 districtione
2350 2428 2422 2483 tui
2454 2433 2721 2489 examinis
2747 2450 2853 2490 non
2883 2438 3217 2501 abscondor;
3245 2456 3379 2509 quo-

133 2526 237 2581 tiam
258 2527 319 2580 ad
346 2542 570 2582 sensum
598 2527 923 2591 reducimus,
957 2528 1117 2582 toties
1152 2528 1205 2581 in
1246 2538 1534 2597 conspectu
1566 2530 1685 2599 ejus
1738 2520 1745 2521 ⁷
1785 2516 1930 2570 "iam
1961 2515 2014 2570 ίη
2044 2529 2332 2587 οοιιερεοῑιι
2364 2523 2648 2594 luOili-“us
2677 2541 2797 2581 0580
2828 2542 2933 2582 ιιοη
2961 2529 3124 2596 νδῑυιι
3155 2532 3243 2600 (ιιιί
3277 2534 3371 2586 libi

133 2629 326 2673 stamus.
362 2619 510 2674 Unde
567 2629 715 2674 recte
760 2634 973 2689 quoque
1017 2634 1115 2689 per
1155 2620 1330 2673 virum
1376 2620 1471 2675 Dei
1509 2620 1680 2674 Etiam

1814 2626 1889 2663 l0“
1940 2625 2037 2679 per
2068 2611 2449 2680 dilectionem,
2490 2618 2585 2670 sed
2640 2634 2739 2689 per
2791 2618 3132 2676 formidinem
3184 2620 3373 2680 servit.

133 2707 328 2764 dicitur:
356 2726 378 2760 ι
417 2709 566 2765 Vivit
592 2708 851 2763 Dominus
881 2709 1026 2764 Deus
1058 2708 1245 2775 Israel,
1280 2709 1333 2763 in
1364 2707 1515 2777 cujus
1554 2726 1686 2766 con-
1784 2698 2046 2771 Sequitur
2077 2721 2090 2758 :

132 2810 284 2867 specto
306 2811 387 2856 sto
412 2800 533 2873 (HJ
570 2800 699 2871 Reg.
748 2816 880 2864 xm,
907 2802 1039 2873 1).)
1094 2800 1215 2855 Alio
1260 2816 1474 2872 quoque
1522 2802 1682 2857 modo
1855 2796 2017 2851 Vsus.
2048 2797 2138 2852 22.
2185 2797 2322 2854 Voca
2364 2818 2463 2861 me,
2497 2814 2545 2855 et
2590 2803 2905 2875 respondebo
2949 2806 3079 2871 tibi,
3109 2816 3200 2861 aut
3229 2816 3366 2862 certe

134 2892 177 2945 in
198 2903 462 2964 conspectu
492 2889 718 2948 Domini
763 2892 1027 2957 venimus,
1060 2906 1181 2945 cum
1222 2891 1277 2944 in
1308 2904 1551 2947 extremo
1594 2891 1683 2961 jn-
1779 2885 1986 2958 loquar,
2024 2898 2071 2942 et
2099 2898 2153 2941 tu
2187 2892 2434 2960 responde
2452 2893 2601 2946 milt‘.
2629 2923 2700 2932 —
2729 2893 2863 2947 Dum
2896 2894 3147 2950 humanis
3192 2898 3369 2951 oculis

134 2987 249 3042 dicio
273 2998 388 3044 ante
414 2989 657 3044 tribunal
686 2987 804 3057 ejus
825 2989 1152 3044 assistimus.
1184 2989 1475 3060 llypocrita
1518 2991 1681 3061 igitur

1811 2992 1879 3031 »οι-
1906 2988 2237 3045 assumptam
2276 2995 2501 3035 carnem
2532 2980 2863 3052 Redemptor
2893 2994 3078 3039 noster
3106 2988 3370 3055 apparuit,

134 3091 211 3145 per
228 3090 435 3133 examen
463 3079 722 3133 ultimum
754 3089 880 3133 ante
914 3088 1262 3148 conspectum
1287 3078 1485 3149 judicis
1509 3080 1677 3135 venit.

1813 3082 1876 3120 ua
1899 3077 2121 3136 peccata
2149 3068 2456 3125 hominibus
2476 3073 2708 3141 aperuit,
2740 3089 2861 3142 qua:
2885 3085 2939 3129 et
2964 3078 3368 3145 perpetrabant,

133 3166 217 3222 sed
243 3169 357 3237 quia
402 3170 570 3224 modo
605 3168 794 3237 culpas
838 3184 965 3223 suas
1009 3168 1359 3224 considerare
1391 3178 1447 3224 ει
1482 3168 1678 3226 uenere
1729 3188 1737 3194 -
1780 3170 1838 3213 ct
1865 3159 2200 3214 nesciebant.
2232 3159 2445 3216 Aliter:
2479 3163 2686 3217 Vocare
2732 3164 2824 3218 Dei
2856 3174 2939 3220 est
2963 3206 2978 3230 ,
3015 3181 3113 3220 nos
3144 3169 3376 3222 amando

134 3256 414 3324 dissiumhl,
450 3260 504 3314 in
540 3268 838 3329 conspectu
862 3257 1071 3313 Domini
1100 3244 1288 3313 veniré
1317 3247 1683 3316 τεουεθιξδθ-
1704 3242 1755 3304 C
1778 3258 1838 3305 et
1871 3251 2119 3321 eligendo
2172 3253 2464 3323 respicere.
2501 3254 2847 3325 Respondere
2896 3267 3074 3310 autem
3129 3267 3374 3312 nostrum

134 3347 320 3417 quitur:
1780 3351 1886 3407 est,
1937 3343 2108 3397 amori
2162 3343 2302 3399 illius
2346 3345 2502 3400 bonis
2552 3347 2807 3417 operibus
2837 3346 3197 3417 parcre..Ubi
3252 3359 3376 3418 apte

184 3440 324 3495 V333,
355 3439 436 3497 17,
491 3439 686 3495 Audite
730 3456 1022 3494 sermonem
1065 3457 1276 3507 meum,
1319 3451 1368 3496 οι
1416 3442 1680 3514 enigmata
1780 3436 2049 3491 subditur.
2091 3438 2192 3489 Att!
2230 3447 2366 3491 certe
2413 3437 2617 3509 loquar,
2646 3448 2695 3492 et
2726 3448 2782 3491 tu
2816 3443 3064 3509 responde
3101 3441 3245 3493 mihi.
3274 3441 3375 3495 Lo-

127 3531 330 3602 ptrcipite
352 3532 578 3587 auribus
614 3532 814 3586 vestris.
848 3561 921 3573 —
956 3531 1062 3587 Per
1098 3532 1203 3587 hoc
1226 3533 1370 3604 quod
1408 3534 1677 3603 enigmata
1780 3528 1996 3596 quimur
2023 3543 2285 3598 namque,
2318 3545 2440 3584 cum
2485 3530 2602 3599 ejus
2652 3528 2844 3584 faciem
2900 3546 2995 3600 per
3040 3514 3370 3587 desiderium

131 3622 358 3687 nominat,
404 3624 670 3695 ﬁguratas
717 3637 777 3679 se
824 3621 1021 3678 habere
1090 3622 1388 3679 locutiones
1453 3623 1681 3680 demo".
1777 3617 2130 3688 postulamus.
2161 3618 2457 3690 Respondit
2487 3628 2666 3674 autem
2696 3619 2837 3675 Dens
2857 3619 3221 3692 loquentibus,
3247 3638 3371 3678 cum

131 3720 256 3768 strat.
286 3712 429 3770 Unde
471 3724 600 3784 apte
644 3728 859 3785 quoque
901 3727 1032 3769 voce
1065 3711 1239 3770 ﬁdeli,
1274 3714 1457 3787 populi
1489 3717 1676 3773 subdi-
1779 3706 1934 3761 nobis
1965 3722 2022 3761 se
2051 3708 2360 3762 amantibus
2403 3717 2643 3778 apparet.
2676 3707 2934 3778 Sequitur
2963 3728 2977 3763 :

133 3809 237 3857 tur:
1590 3848 1593 3851 λ
1851 3797 2013 3851 Vens.
2041 3795 2132 3850 25.
2165 3796 2404 3862 Quantas
2454 3798 2618 3851 habeo
2666 3798 2966 3867 iniquitates
3016 3809 3067 3853 et
3111 3812 3366 3869 peccata,

189 3892 328 3949 Vens.
356 3897 439 3953 18.
474 3893 533 3950 Si
557 3893 707 3963 fuero
747 3894 1046 3966 judicatus,
1097 3899 1203 3950 scio
1226 3898 1354 3967 quia
1377 3895 1559 3967 justus
1589 3897 1673 3952 ἱη-
1775 3886 1971 3942 scelera
2018 3903 2133 3941 mea
2175 3896 2224 3941 et
2272 3887 2462 3943 delirta
2511 3890 2722 3943 ostende
2762 3891 2909 3945 mihi.
2943 3922 3013 3931 —
3041 3892 3145 3947 Iste
3177 3895 3226 3946 in
3269 3895 3370 3951 hac

130 3986 292 4040 tersior.
320 4017 382 4026 —
408 3987 566 4054 Quod
593 3987 661 4041 ab
689 3985 926 4054 ejusdem
975 3986 1116 4042 beati
1159 3985 1261 4042 Job
1304 4003 1532 4058 persona
1567 4004 1675 4043 ηοη
1777 3978 1886 4032 vita
1909 3976 2180 4046 justorum
2222 3978 2374 4032 labor
2400 3988 2520 4045 est,
2550 3988 2608 4034 ut
2631 3981 2950 4050 semetipsos
2981 3982 3279 4049 inveniant,
3313 3993 3368 4040 et

132 4074 378 4147 discrepat,
405 4079 624 4148 quando
656 4078 755 4133 hoc
784 4078 898 4149 ipse
929 4078 1060 4133 foris
1088 4079 1154 4134 de
1184 4080 1473 4151 semetipso
1502 4080 1676 4151 loqui.
1776 4069 2118 4125 invenientes
2151 4068 2329 4125 ﬂendo
2374 4079 2428 4127 ct
2474 4071 2809 4142 corrigendo,
2837 4073 2903 4127 ad
2928 4074 3145 4129 meliora
3175 4078 3367 4146 perdu-

134 4172 217 4229 tur,
244 4170 373 4236 quod
392 4170 457 4223 de
480 4168 572 4222 illo
604 4168 815 4224 Veritas
844 4169 983 4224 hosti
1014 4169 1130 4240 ejus
1164 4170 1391 4226 interius
1427 4173 1671 4228 dixerat:

1801 4169 1914 4215 :ant.
1947 4159 2013 4214 Et
2047 4160 2292 4229 quamvis
2323 4161 2468 4215 inter
2502 4161 2839 4231 iniquitatem
2868 4173 3030 4232 atque
3077 4174 3360 4234 peccatum

136 4271 152 4304 ι
175 4254 340 4314 Vidisti
367 4276 582 4315 servum
608 4274 784 4314 meum
813 4258 937 4326 Job,
967 4262 1109 4330 quod
1145 4277 1253 4316 non
1288 4262 1358 4316 sit
1386 4262 1436 4317 ei
1482 4263 1674 4320 similis

1796 4253 1908 4307 tihil
1935 4253 2138 4307 distare
2180 4252 2465 4323 perhibent
2501 4253 2738 4309 Joannes
2764 4256 3038 4326 apostolus
3061 4299 3074 4320 ,
3110 4259 3201 4329 qui
3241 4260 3317 4314 ait
3344 4278 3355 4314 :

101 4412 108 4427 .
132 4362 264 4417 super
289 4352 514 4406 terram?
544 4372 563 4406 ι
602 4350 722 4424 (Job
744 4368 781 4412 ι,
807 4352 885 4425 8.)
913 4352 1021 4408 Sed
1047 4354 1098 4408 in
1127 4354 1211 4409 his
1236 4355 1415 4410 verbis
1449 4358 1660 4425 quaestio

1828 4343 2084 4414 lniquitas
2097 4354 2381 4413 peccatum
2402 4355 2480 4400 est
2496 4344 2547 4417 (Ι
2569 4336 2732 4399 Joan.
2780 4362 2863 4411 ιιι,
2885 4347 2961 4419 4).
2993 4368 3012 4401 ι
3040 4347 3158 4419 lpso
3182 4358 3360 4406 tamen

102 4449 213 4529 'est.
254 4440 468 4499 Inferius
499 4443 642 4497 enim
693 4443 864 4498 dicit:
901 4443 1137 4515 Signasti
1179 4445 1331 4515 quasi
1368 4447 1424 4501 in
1460 4446 1661 4502 saecula

1797 4452 1870 4491 ISll
1906 4436 2156 4507 loquendi
2189 4476 2205 4502 ,
2239 4436 2359 4508 plus
2388 4437 2644 4509 iniquitas
2682 4453 2843 4507 quam
2871 4452 3152 4511 peccatum
3183 4450 3356 4508 sonat,

105 4527 287 4599 utetiam
312 4548 438 4588 mea.
489 4531 676 4603 Neque
721 4534 864 4588 enim
904 4533 1065 4589 simul
1108 4534 1399 4589 convenire
1440 4546 1664 4604 queunt,

1795 4536 1827 4581 :t
1852 4527 2027 4582 omnis
2053 4542 2111 4582 se
2133 4529 2294 4582 homo
2315 4528 2479 4583 libere
2501 4538 2841 4599 peccatorem
2864 4531 3087 4599 fatetur,
3114 4533 3354 4604 iniquum

131 4631 315 4686 peccata
340 4632 392 4678 et
407 4592 778 4695 justitiinSed
802 4636 1023 4679 sanctus
1067 4623 1150 4677 vir
1176 4624 1278 4678 sibi
1328 4592 1665 4695 iniquitatem
1699 4592 1745 4650 θ
1772 4631 1899 4670 vero
1946 4631 2328 4687 nonnunquam
2377 4618 2648 4673 erubescit
2708 4620 2909 4678 dicere.
2953 4621 3097 4677 Inter
3150 4623 3356 4679 scelera

135 4709 337 4768 tribuens
359 4754 375 4776 ,
411 4723 464 4769 et
509 4714 870 4783 omnipotenti
906 4713 1017 4769 Deo
1064 4714 1440 4785 purgationem
1488 4731 1661 4778 suam,
1768 4724 1896 4764 vero
1925 4718 1981 4764 et
2007 4711 2200 4765 delicta
2231 4711 2334 4765 hoc
2362 4711 2546 4778 distat,
2577 4712 2717 4781 quod
2749 4714 2924 4768 scelus
2951 4715 3116 4768 etiam
3147 4717 3356 4785 pondus

134 4806 500 4870 ctpeccatorem
528 4820 587 4861 se
624 4805 900 4876 cognoscit
927 4820 992 4859 ex
1025 4820 1114 4871 se,
1142 4813 1198 4860 et
1238 4803 1444 4873 justum
1485 4821 1544 4861 se
1587 4806 1665 4860 fa—
1767 4803 1976 4872 peccati
2007 4803 2198 4859 transit
2219 4843 2234 4867 ,
2266 4803 2393 4872 quia
2420 4820 2545 4860 cum
2575 4802 2757 4858 oﬂ'erri
2788 4806 3113 4861 sacriﬁcium
3155 4823 3250 4877 per
3272 4809 3352 4864 le-

134 4895 248 4945 ctum
270 4909 364 4949 non
394 4897 597 4966 ignorat
618 4911 683 4950 ex
714 4910 954 4951 munere.
987 4894 1246 4966 Sequitur
1273 4913 1286 4950 :
1766 4909 1886 4969 gem
1904 4894 2127 4964 jubetur
2162 4895 2419 4949 nimirum
2461 4895 2771 4967 prcecipitnr
2809 4898 2949 4953 sicut
2980 4913 3078 4967 pro
3106 4908 3351 4965 peccato,

187 4982 416 5044 γωιθ.
449 4988 576 5055 Quis
603 4997 680 5043 est
704 4986 794 5059 qui
811 4986 1086 5057 judicetur
1112 5002 1314 5040 mecum
1339 4987 1364 5041 ?
1387 4987 1661 5041 veniaL—
1765 4990 1838 5044 ita
1860 4992 2025 5048 etiam
2052 5006 2150 5060 pro
2170 4989 2383 5044 delicto.
2409 4990 2477 5044 Et
2505 4989 2678 5045 scelus
2708 5003 3088 5060 nonnunquam
3116 4990 3167 5043 in
3190 5004 3354 5059 opere

136 5068 285 5131 Sancti
308 5078 401 5134 viri
426 5080 493 5136 ita
523 5094 583 5136 se
610 5080 665 5134 in
688 5078 940 5149 Operibus
965 5077 1078 5133 suis
1099 5078 1208 5133 Deo
1239 5085 1458 5132 auctore
1482 5087 1663 5135 custo-
1763 5089 1849 5134 est
1875 5122 1891 5145 ,
1928 5085 2180 5140 delictum
2226 5094 2354 5133 vero
2406 5082 2723 5152 plerumque
2769 5081 2826 5136 in
2864 5085 2978 5139 sola
3006 5079 3351 5149 cogitatione.

136 5160 271 5230 diunt,
294 5178 345 5222 ut
363 5173 572 5228 omnino
603 5170 750 5225 unde
767 5179 1093 5225 accusantur
1110 5169 1353 5224 exterius
1379 5186 1486 5225 non
1511 5171 1663 5225 inve—
1765 5167 2024 5240 Sequitur
2054 5191 2068 5227 :

207 5263 278 5286 ιι...
322 5258 559 5286 c--..:.--_
586 5282 597 5286 -

1834 5262 1935 5286 11-,
2032 5265 2096 5286 nl
2156 5261 2265 5286 IL...
2298 5259 2400 5286 1⁵..-2
2416 5281 2482 5286 --_-
2513 5277 2652 5286 ...-...
2690 5262 2957 5286 -l.---...l:-
3014 5267 3056 5286 ..ι
3087 5261 3354 5286 ....I..‘o.......'-
