3948 5398
566 315 665 370 25!

1550 314 1608 369 S.
1648 313 1897 370 ODONIS
1933 314 2223 372 ABBATIS
2260 312 2759 371 CLUNIACENSIS
2797 315 2838 369 11
3672 330 3751 386 232

564 443 726 499 poma
752 434 929 483 autem
957 426 1022 481 ad
1049 440 1286 481 amorem
1318 425 1476 492 redit,
1503 425 1627 496 quia
1650 424 1896 495 quisquis
1927 424 2141 494 ingerit,
2177 429 2218 485 Α
2251 422 2541 493 designari.
2563 421 2697 478 Nam
2721 438 2815 494 pes
2843 426 2898 480 in
2924 440 3149 496 corpore
3175 435 3291 493 081,
3315 431 3573 502 vestigium
3598 434 3641 489 in
3667 440 3751 504 via‘;

563 520 736 587 culpa:
761 515 969 571 fructus
1010 515 1253 581 invenit,
1298 522 1460 585 atque
1489 515 1630 570 illam
1668 515 1859 569 faciem
1890 530 2049 584 quam
2085 514 2149 568 ti-

564 610 703 664 muit
732 609 783 662 in
819 606 974 675 culpa
1003 646 1018 671 ,
1051 606 1324 661 excitatus
1373 606 1599 675 requirit
1628 620 1694 659 ex
1724 618 1884 674 paena
1908 645 1923 670 ,
1958 613 2015 657 ut
2035 601 2149 671 jam

565 697 850 764 caliginem
889 696 1145 750 caecitatis
1194 710 1305 749 suae
1360 692 1554 765 fugiat,
1603 705 1763 764 atque
1819 694 1925 748 hoc
1974 694 2148 762 ipsum

563 789 708 860 quod
755 798 1030 843 auctorem
1062 803 1218 843 suunt
1248 802 1353 843 non
1384 787 1555 853 videt,
1602 787 1841 857 graviter
1864 785 2153 855 perhorre-

565 891 703 937 scat.
731 882 989 951 Sequitur
1010 898 1026 933 :

634 974 801 1029 Vens.
829 974 920 1028 25.
946 970 1143 1027 Contra
1168 971 1355 1041 folium
1375 970 1511 1041 quod
1534 978 1680 1024 vento
1697 969 1902 1038 rapitur
1920 967 2151 1022 ostendis

561 1066 848 1135 potentiam
878 1074 1023 1117 tuam
1043 1103 1058 1122 ,
1105 1072 1151 1116 et
1182 1062 1431 1132 stipulam
1461 1061 1653 1114 siccam
1689 1056 2051 1128 persequeris?
2084 1084 2153 1097 ——-

565 1157 705 1225 Quid
727 1165 810 1211 est
838 1157 999 1211 homo
1022 1155 1126 1210 nisi
1165 1153 1385 1208 folium?
1414 1152 1518 1220 Qui
1543 1151 1792 1206 videlicet
1819 1150 1871 1204 in
1900 1147 2152 1220 paradiso

566 1249 636 1305 ab
660 1248 854 1304 arbore
876 1248 1093 1313 cecidit,
1123 1246 1249 1318 quid
1280 1256 1364 1301 est
1392 1245 1495 1299 nisi
1525 1242 1742 1298 folitun?
1769 1241 1869 1309 Qui
1898 1239 2150 1295 1011111110-

567 1341 652 1395 1118
681 1349 843 1394 vento
874 1340 1102 1409 rapitur,
1151 1346 1206 1393 et
1232 1336 1623 1392 desideriorum
1676 1333 1895 1388 ﬂatibus
1918 1330 2148 1386 levatur.

566 1427 717 1483 Mens
753 1429 951 1498 quippe
974 1428 1210 1481 humana
1242 1435 1371 1496 quot
1393 1424 1720 1480 tentationes
1742 1422 1968 1493 patitur,
1998 1419 2149 1491 quasi

566 1528 649 1575 tot
692 1519 932 1585 ﬂatibus,
961 1519 1199 1573 motibus
1236 1526 1502 1572 movetur.
1531 1515 1676 1570 Bene
1702 1522 1880 1567 autem
1910 1519 2034 1583 post
2072 1509 2153 1565 fo-

565 1608 723 1675 lium,
752 1610 914 1664 etiam
938 1607 1133 1678 stipula
1156 1607 1457 1678 appellatur
1483 1606 1668 1660 homo.
1688 1603 1797 1670 Qui
1822 1603 1966 1657 enim
1993 1599 2155 1655 arbor

563 1699 666 1754 fuit
693 1699 745 1753 in
791 1696 1130 1763 conditione,
1177 1696 1361 1752 folium
1393 1712 1425 1750 a
1453 1694 1743 1763 semetipso
1784 1693 1954 1746 factus
1981 1700 2065 1746 est
2098 1690 2150 1744 in

2250 522 2303 566 et
2328 514 2644 583 plerumque
2671 516 2798 568 dum
2823 516 3067 585 quaedam
3105 534 3270 588 prave
3314 520 3528 587 agimus,
3556 524 3751 584 intuenti

2251 604 2350 658 bus
2378 605 2480 658 hoc
2504 601 2767 661 fratribus
2796 607 3102 678 exemplum
3152 609 3348 664 malum
3388 612 3670 680 praebemus.
3707 617 3756 673 Et

2249 697 2375 765 quia
2404 695 2623 764 inﬂexu,
2652 707 2805 753 extra
2827 700 2969 755 viam
2999 702 3224 772 pedibus
3251 705 3600 773 sequentibus,
3630 712 3754 766 vesti-

2250 787 2336 857 gia
2373 788 2601 843 distorta
2632 788 2986 861 relinquimus
3022 793 3149 847 dum
3179 809 3276 863 per
3303 798 3495 851 nostra
3539 813 3676 868 opera
3707 804 3755 857 ad

2251 878 2564 934 scandalum
2595 880 2773 935 aliena
2816 897 3030 938 amoena
3069 881 3232 939 Corda
3276 902 3628 956 provocamus.
3660 890 3759 958 Qua

2253 976 2431 1025 tamen
2458 979 2654 1025 cuncta
2685 974 3026 1043 omnipotens
3060 976 3200 1031 Deus
3241 975 3502 1032 subtiliter
3522 980 3756 1045 examinat,

2251 1068 2414 1131 atque
2445 1061 2496 1116 in
2513 1060 2720 1130 judicio
2760 1063 2969 1134 singula
3013 1076 3406 1136 recompensat.
3454 1066 3553 1123 Sed
3595 1072 3761 1140 quando

2253 1154 2436 1220 homo,
2463 1155 2557 1224 qui
2585 1156 2764 1213 carnis
2794 1172 2904 1213 suae
2932 1157 3246 1215 inﬁrmitate
3280 1161 3763 1232 constringitur,con-

2256 1254 2338 1300 tra
2366 1256 2558 1301 cuncta
2599 1247 2778 1303 valeat
2802 1249 3074 1306 subtiliter
3113 1266 3397 1323 assurgere
3437 1263 3587 1323 atque
3626 1258 3764 1309 11101111-

2255 1352 2413 1391 cussa
2440 1339 2770 1409 cogitatione
2803 1342 3186 1397 rectitudinem
3215 1344 3438 1399 tenere?
3460 1343 3716 1414 Sequitur?

2325 1427 2489 1484 Vens.
2513 1429 2605 1485 28.
2637 1430 2741 1495 Qui
2765 1434 2918 1502 quasi
2947 1434 3165 1504 putredo
3192 1435 3563 1490 consumendus
3592 1452 3688 1491 sunt
3732 1449 3766 1490 et

2250 1520 2401 1591 quasi
2419 1521 2775 1576 vestimentum
2790 1525 2929 1589 quod
2941 1526 3229 1579 conteditur
3241 1542 3272 1579 a
3292 1525 3766 1582 tinea.—Sicutenim

2254 1612 2637 1666 vestimentum
2662 1613 2728 1667 de
2758 1629 2818 1669 se
2839 1625 3027 1670 exorta
3055 1616 3197 1671 tinea
3229 1618 3542 1683 comeditur,
3566 1617 3629 1671 ita
3650 1618 3769 1673 homo

2256 1703 2309 1756 111
2346 1704 2636 1773 semetipso
2663 1705 3003 1774 putredinem
3031 1707 3194 1763 habet
3222 1708 3288 1764 de
3319 1724 3425 1778 qua
3458 1719 3768 1773 consumatur,

565 1790 887 1855 tentatione,
937 1789 1031 1844 sed
1067 1798 1189 1858 post
1232 1787 1429 1858 stipula
1459 1785 1715 1857 apparuit
1746 1784 1800 1838 in
1833 1781 2147 1851 dejectione.

2259 1804 2421 1864 atque
2449 1796 2550 1849 hoc
2587 1804 2673 1850 est
2698 1796 2839 1851 unde
2867 1799 3231 1865 consumitur,
3261 1809 3321 1854 ut
3351 1815 3457 1853 non
3502 1800 3585 1854 sit.
3608 1799 3768 1855 Aliter:

565 1878 699 1946 Quia
745 1880 889 1933 enim
926 1880 992 1933 de
1044 1879 1157 1933 alto
1203 1878 1441 1943 cecidit,
1488 1875 1706 1941 folium;
1747 1874 1873 1943 quia
1902 1887 2029 1928 vero
2057 1887 2153 1942 per

559 1986 781 2026 carnem
808 1980 965 2025 terra:
993 1970 1271 2040 proximus
1299 1969 1419 2035 fuit,
1449 1967 1611 2023 etiam
1655 1982 1779 2022 cum
1828 1974 1976 2021 stare
2000 1965 2150 2020 vide-

564 2063 744 2126 batur,
776 2061 973 2131 stipula
1003 2076 1125 2116 esse
1155 2068 1508 2115 memoratur.
1534 2057 1641 2114 Sed
1668 2058 1795 2128 quia
1818 2057 2151 2112 viriditatem

560 2156 741 2211 intitni
768 2156 971 2209 amoris
1009 2153 1264 2226 perdidit,
1297 2154 1410 2222 jam
1453 2152 1650 2224 stipula
1687 2150 1831 2207 sicca
1858 2156 1961 2206 eSt.
2002 2148 2081 2205 Ac
2105 2148 2149 2204 si

561 2259 749 2320 aperte
766 2247 1007 2318 deploret
1025 2246 1212 2302 dicens
1242 2264 1256 2300 :
1285 2245 1394 2302 Cur
1418 2254 1566 2300 tanta
1592 2243 1915 2300 rectitudine
1936 2242 2153 2313 impetis

561 2355 711 2404 eum,
737 2354 898 2410 quem
940 2338 1019 2394 sic
1062 2337 1333 2392 inﬁrmum
1377 2351 1499 2392 esse
1540 2336 1599 2390 in
1627 2334 1924 2392 tentatioue
1955 2347 2156 2403 cogno-

560 2430 713 2486 scis?
751 2430 1010 2499 Sequitur
1038 2446 1051 2482 :

636 2519 797 2574 Vens.
826 2518 916 2573 26.
956 2518 1156 2573 Scribis
1182 2527 1377 2571 contra
1405 2532 1485 2570 me
1518 2515 1899 2570 amaritudine:
1921 2544 1992 2554 —
2010 2511 2152 2580 'Quia

562 2625 727 2667 omne
751 2610 895 2681 quod
939 2610 1212 2679 loquimur
1239 2608 1474 2673 transit;
1507 2608 1651 2676 quod
1680 2622 1809 2661 vero
1839 2606 2150 2669 scribimus,

566 2711 767 2758 manet.
806 2703 946 2756 Deus
977 2716 1083 2754 non
1129 2699 1312 2768 loqui,
1346 2698 1439 2753 sed
1483 2697 1722 2751 scribere
1764 2696 2154 2750 amaritudines

563 2795 763 2850 dicitur
785 2833 800 2858 ,
847 2807 970 2847 cum
998 2791 1089 2845 diu
1124 2804 1286 2858 super
1314 2804 1413 2843 nos
1435 2788 1552 2858 ejus
1580 2786 1790 2857 ﬂagella
1835 2787 2149 2856 perdurant.

522 2900 525 2903 ‘
562 2884 744 2938 Semel
780 2884 977 2953 quippe
1005 2881 1250 2951 peccauti
1299 2879 1505 2934 homini
1545 2879 1746 2933 dictum
1771 2887 1897 2933 est:
1932 2896 1950 2929 1
1985 2876 2152 2932 Terra

562 2993 642 3041 es,
690 2986 745 3030 et
774 2976 827 3029 in
862 2986 1063 3029 terram
1110 2973 1213 3028 ibis
1241 2971 1395 3042 (Gen.
1424 2988 1507 3036 111,
1540 2971 1648 3043 19).
1688 2991 1706 3024 1
1742 2971 1872 3038 Qua:
1912 2972 1964 3026 in
1993 2987 2156 3043 para-

566 3070 708 3133 diso,
736 3068 859 3122 data
883 3067 949 3121 de
977 3074 1148 3121 morte
1176 3066 1357 3120 carnis
1388 3075 1588 3119 nostrae
1607 3064 1899 3129 sententia,
1935 3066 2002 3119 ab
2036 3065 2152 3133 ipso

2255 1883 2430 1939 Homo
2470 1885 2613 1940 enim
2646 1886 2798 1956 quasi
2833 1888 3065 1957 putredo
3092 1889 3451 1953 consumitur,
3477 1888 3594 1944 dum
3637 1890 3771 1944 cautis

2254 1988 2365 2028 sua:
2411 1975 2763 2044 corruptione
2814 1978 3106 2044 contritus,
3131 1978 3216 2033 cui
3250 1979 3375 2048 quia
3410 1980 3664 2033 immunda
3690 1986 3773 2031 ten-

2255 2066 2408 2131 tatio,
2439 2082 2545 2122 non
2591 2067 2826 2134 aliunde,
2860 2070 2957 2124 sed
2989 2085 3019 2123 a
3050 2070 3344 2140 semetipso
3394 2070 3638 2135 nascitur,
3666 2081 3773 2122 more

2254 2157 2412 2210 tineae
2438 2172 2655 2212 carnem
2690 2160 2934 2225 tentatio,
2967 2161 3123 2231 quasi
3176 2171 3383 2217 vestem
3435 2161 3500 2217 de
3542 2178 3636 2232 qua
3677 2161 3771 2224 erit,

2250 2249 2542 2303 consumit.
2561 2246 2816 2319 Sequitur
2850 2268 2865 2304 :
3593 2258 3599 2265 '

2842 2339 3072 2397 CAPUT
3110 2340 3249 2398 XIV.

2321 2426 2486 2483 Vens.
2520 2429 2571 2482 1.
2606 2428 2779 2484 Homo
2806 2441 2959 2487 natus
2984 2433 3050 2487 de
3088 2433 3327 2500 muliere,
3351 2433 3488 2490 brevi
3509 2434 3774 2488 viventum-

2252 2533 2397 2587 pore,
2429 2518 2657 2587 repletur
2687 2520 2861 2575 multis
2906 2523 3150 2577 miseriis.
3192 2554 3264 2563 —
3318 2523 3377 2578 111
3428 2538 3576 2579 sacro
3615 2522 3775 2592 eloquio

2255 2608 2448 2664 mulier
2476 2618 2568 2663 aut
2605 2625 2703 2679 pro
2733 2626 2865 2665 sexu
2912 2611 3151 2682 ponitur,
3199 2622 3291 2668 aut
3342 2628 3444 2684 pro
3494 2614 3774 2669 inﬁrmitate.

2254 2697 2367 2753 Pro
2396 2714 2528 2753 sexu
2565 2700 2765 2770 quippe
2795 2700 2937 2755 sicut
2964 2703 3225 2772 scriptum
3252 2711 3335 2759 est
3364 2721 3379 2757 :
3434 2722 3453 2756 1
3504 2703 3635 2759 Misit
3675 2701 3777 2755 Deus

2254 2788 2452 2843 Filium
2486 2806 2643 2845 suum
2681 2798 2869 2845 natum
2901 2807 2967 2847 ex
3022 2793 3267 2861 muliere,
3325 2794 3525 2850 factum
3568 2794 3654 2848 sub
3696 2790 3778 2861 lege

2255 2878 2398 2949 (Gal.
2432 2894 2505 2934 tv.
2539 2880 2620 2948 4).
2654 2899 2676 2932 1
2704 2879 2811 2935 Pro
2839 2882 3152 2938 inﬁrmitate
3181 2898 3330 2951 vero,
3353 2885 3499 2940 sicut
3524 2898 3615 2955 per
3637 2894 3777 2952 quem-

2254 2972 2380 3025 dam
2412 2974 2711 3042 sapieutem
2762 2975 2961 3029 dicitur
3013 2992 3026 3030 :
3084 2995 3104 3028 1
3160 2975 3350 3032 Melior
3405 2978 3644 3047 iniquitas
3686 2974 3774 3035 viri.

2245 3076 2418 3130 quam
2441 3062 2789 3117 benefaciens
2804 3063 2997 3119 mulier
3013 3062 3204 3136 (Eccli.
3223 3066 3519 3135 ntuli)»
3540 3065 3640 3120 1100
3660 3063 3778 3132 igitur

565 3158 720 3213 initio
753 3157 967 3228 generis
1018 3155 1240 3210 humani
1295 3170 1466 3224 usque
1502 3154 1555 3208 in
1602 3153 1762 3209 ﬁnem
1813 3152 1990 3207 saeculi
2043 3169 2148 3207 non
2179 3151 2221 3211 C
2252 3149 2392 3216 loco,
2434 3152 2677 3207 mulieris
2700 3154 2937 3217 nomine,
2967 3155 3095 3224 quid
3126 3156 3225 3211 nisi
3265 3154 3552 3212 inﬁrmitas
3585 3156 3777 3223 designa-

508 3234 511 3235 ν
563 3258 822 3304 mutatur.
849 3244 1263 3312 «Quisest'euim
1286 3247 1446 3301 homo
1467 3245 1556 3314 qui
1575 3245 1724 3310 vivit,
1748 3254 1803 3299 et
1826 3258 1932 3298 non
1946 3244 2150 3299 videbit

564 3325 988 3410 mortent(Psal.
1020 3336 1327 3403 Lxxxvut)?
1358 3355 1376 3389 1
1412 3335 1706 3405 Sequitur:
1747 3335 1815 3388 Et
1850 3350 2151 3388 consumere

561 3449 644 3486 me
667 3433 740 3486 vis
767 3441 990 3502 peccatis
1013 3429 1378 3485 adolescentia:
1399 3444 1548 3483 meae.
1575 3460 1648 3469 ——
1668 3427 1807 3483 Ecce
1846 3428 1929 3482 vir
1945 3427 2147 3499 justus,

562 3520 689 3591 quia
718 3521 769 3573 in
811 3518 1094 3589 juventute
1122 3534 1218 3573 sua
1249 3534 1306 3573 se
1333 3533 1588 3590 peccasse
1607 3533 1715 3573 non
1751 3518 1986 3584 invenit,
2023 3518 2151 3573 ado-

560 3611 834 3666 lescentiae
883 3610 1024 3665 facta
1077 3611 1429 3681 pertimescit.
1485 3610 1582 3665 Vel
1629 3620 1777 3665 certe
1819 3610 1945 3680 quia
1974 3611 2148 3681 prima

560 3711 694 3758 artas
746 3712 871 3773 apta
922 3702 1078 3756 1101118
1114 3701 1344 3756 actibus'
1371 3701 1732 3757 adolescentia
1781 3709 1882 3767 est,
1919 3709 1974 3756 et
2013 3700 2147 3770 justi

550 3788 664 3847 'viri
690 3808 812 3847 cum
846 3807 1040 3864 magna
1080 3793 1276 3847 mentis
1311 3792 1627 3847 maturitate
1668 3792 1980 3862 proﬁciunt,
2013 3808 2148 3847 nou-

558 3900 837 3956 tianuam
882 3885 948 3938 ad
997 3884 1315 3938 memoriam
1356 3883 1627 3939 actionum
1669 3900 1887 3939 suarum
1933 3884 2147 3939 initium

560 3982 840 4044 reducant,
866 3993 1031 4049 seque
1059 3986 1267 4031 tantum
1295 3978 1360 4032 de
1388 3977 1499 4032 suis
1520 3977 1832 4046 primordiis
1856 3977 2149 4046 reprehen-

561 4073 731 4135 dunt,
762 4078 1024 4139 quantum
1061 4083 1126 4122 ex
1164 4067 1429 4138 gravitate
1469 4068 1666 4120 mentis
1694 4066 1854 4121 altius
1900 4064 2145 4137 profece-

559 4172 723 4227 runt;
749 4162 874 4231 quia
910 4175 974 4213 eo
1004 4159 1326 4212 indiscretos
1375 4172 1434 4213 se
1474 4156 1642 4212 fuisse
1689 4148 1989 4220 inveniunt,
2039 4171 2146 4225 quo

562 4248 906 4306 discretionis
947 4263 1125 4301 arcem
1175 4245 1386 4316 plenius
1427 4247 1766 4318 postmodum
1796 4260 2142 4314 consequun-

2252 3250 2360 3305 tur,
2386 3256 2510 3296 cum
2554 3242 2774 3298 dicitur.
2828 3242 3001 3299 Homo
3050 3255 3204 3300 natus
3245 3247 3310 3299 de
3345 3246 3594 3302 muliere?
3639 3245 3703 3300 Ac
3744 3241 3777 3296 si

2252 3333 2492 3402 apertius
2521 3334 2732 3389 dicatur
2758 3351 2771 3388 :
2803 3334 2944 3401 Quid
2970 3336 3021 3390 in
3053 3350 3112 3391 se
3159 3336 3318 3392 habet
3368 3337 3692 3401 fortitudinis,
3712 3331 3778 3403 qui

2245 3434 2412 3480 natus
2435 3434 2517 3481 est
2560 3426 2627 3481 de
2676 3424 3026 3481 inﬁrmitate?
3070 3427 3210 3482 Ecce
3253 3428 3355 3482 viri
3400 3430 3568 3485 sancti
3609 3428 3779 3482 vocibus

2244 3529 2407 3584 paena
2438 3516 2747 3571 hominibus
2784 3517 3025 3572 breviter
3053 3526 3137 3572 est
3162 3533 3441 3589 expressa,
3466 3519 3556 3590 qui
3579 3527 3629 3574 et
3654 3532 3779 3587 angu-

2251 3614 2426 3660 statur
2452 3606 2523 3659 ad
2547 3606 2736 3670 vitam,
2770 3616 2827 3663 et
2852 3606 3111 3663 dilatatur
3138 3609 3204 3663 ad
3228 3610 3528 3664 miseriam.
3578 3608 3629 3664 Si
3670 3607 3776 3661 enim

2249 3695 2521 3750 subtiliter
2554 3698 2932 3752 consideretur
2957 3714 3119 3754 omne
3147 3701 3291 3769 quod
3322 3700 3413 3756 hic
3441 3702 3627 3773 agitur,
3661 3711 3778 3769 ptent:

2250 3787 2484 3842 miseriae
2516 3796 2621 3842 est.
2652 3787 2757 3858 Ipsi
2783 3790 2985 3845 etenim
3008 3791 3343 3861 corruptioni
3388 3793 3570 3848 carnis
3619 3789 3777 3846 servire

2249 3880 2317 3934 ad
2346 3880 2654 3935 necessaria
2685 3888 2847 3951 atque
2873 3896 3133 3937 concessa
3158 3882 3376 3938 miseria
3408 3894 3510 3938 est.
3539 3881 3778 3951 Sequitur:

2319 3973 2485 4028 Vens.
2515 3973 2571 4027 2.
2625 3971 2730 4038 Qui
2763 3974 2916 4043 quasi
2966 3976 3064 4045 [los
3112 3976 3475 4046 egreditur,et
3522 3975 3777 4035 conteritur,

2246 4064 2449 4148 etfugit
2479 4064 2614 4120 velut
2639 4063 2846 4130 umbra,
2873 4074 2921 4119 et
2953 4081 3219 4136 nunquam
3260 4068 3314 4121 in
3346 4068 3525 4122 eodem
3551 4076 3675 4121 statu
3694 4077 3779 4131 pcr-

2243 4164 2439 4207 manet.
2474 4184 2544 4194 —
2581 4153 2743 4221 Quasi
2781 4154 2882 4210 ﬂos
2920 4157 3064 4211 enim
3094 4159 3388 4229 egreditur,
3417 4160 3541 4229 quia
3586 4157 3702 4212 nitet
3739 4152 3778 4205 in

2246 4259 2428 4310 carne,
2463 4245 2558 4300 sed
2585 4247 2905 4314 conteritur,
2936 4248 3060 4318 quia
3090 4250 3351 4321 redigitur
3383 4252 3438 4305 in
3469 4249 3775 4322 putredinem.

561 4351 679 4407 tur;
715 4350 859 4395 recte
900 4355 1041 4394 nunc
1064 4354 1157 4407 per
1187 4339 1360 4393 sancti
1390 4339 1491 4393 viri
1536 4352 1723 4394 vocem
1765 4337 2143 4393 adolescentiae
2239 4335 2382 4403 Quid
2408 4339 2550 4393 enim
2577 4349 2701 4394 sunt
2727 4339 2839 4396 nati
2874 4340 3119 4397 homines
3150 4342 3454 4410 in'muudo,
3488 4345 3585 4400 nisi
3607 4341 3777 4413 quidam

554 4428 782 4503 peccata
810 4429 1185 4483 forntidat‘itur.
1216 4428 1473 4496 Sequitur
1504 4446 1517 4482 :

2242 4427 2407 4483 ﬂores
2436 4429 2489 4483 in
2516 4430 2743 4499 campo?
2790 4429 2944 4485 Unde
2973 4431 3142 4488 Isaias
3197 4434 3275 4488 ait
3320 4451 3334 4487 :
3389 4453 3408 4486 1
3464 4433 3642 4490 Omnis
3683 4440 3779 4484 cam

631 4520 793 4574 Vens.
812 4518 902 4573 27.
923 4516 1219 4571 Posuistiin
1235 4534 1386 4571 nervo
1400 4517 1579 4587 pedem
1595 4526 1846 4582 meum,et
1862 4518 2142 4571 observasti
2170 4495 2221 4555 Ῐ)
2253 4524 2456 4590 fenum,
2485 4536 2540 4579 et
2563 4525 2742 4580 omnis
2770 4525 2938 4595 gloria
2970 4526 3103 4595 ejus,
3132 4528 3272 4583 sicut
3293 4527 3392 4584 ﬂos
3418 4529 3533 4600 agri
3576 4527 3694 4599 (Isa.
3712 4537 3776 4580 11..

556 4594 737 4668 omnes
763 4612 975 4665 semitas
1002 4606 1169 4676 meas,
1207 4619 1254 4663 et
1276 4610 1491 4679 vestigia
1520 4610 1712 4678 pedum
1742 4625 1975 4662 meorum
2009 4626 2137 4662 con-

558 4702 822 4758 siderasti.
874 4730 927 4740 -—
950 4699 1007 4754 111
1051 4714 1217 4754 nervo
1249 4699 1391 4754 Deus
1423 4699 1613 4768 pedem
1655 4699 1891 4754 hominis
1927 4701 2135 4768 posuit,

559 4795 683 4865 quia
707 4793 1027 4864 pravitatem
1055 4791 1196 4845 illius
1216 4792 1348 4845 sorti
1369 4790 1721 4846 districtionis
1742 4806 1852 4845 sum
1873 4792 2136 4846 sententia

556 4886 761 4958 ligavit.
792 4885 956 4955 Cujus
981 4898 1169 4938 omnes
1202 4883 1423 4938 semitas
1460 4882 1732 4947 observat,
1768 4882 1889 4951 quia
1922 4884 2134 4939 subtili-

558 4987 642 5033 ter
664 4976 872 5047 singula
902 4973 1017 5043 ejus
1045 4989 1271 5043 qumque
1307 4972 1586 5042 dijudicat.
1629 4972 1833 5029 Semita
1860 4973 2000 5029 enim
2035 4989 2131 5040 an-

557 5066 765 5135 gustior
793 5079 912 5120 esse
940 5063 1075 5118 solet
1102 5078 1264 5133 quam
1299 5064 1404 5117 via.
1435 5062 1569 5130 Quia
1606 5073 1786 5118 autem
1820 5064 1934 5117 vias
1965 5062 2136 5116 actio-

556 5172 672 5200 ηρς-
711 5173 815 5200 nnn
860 5157 1131 5200 immorim
1177 5157 1397 5200 semitae
1451 5156 1723 5200 aclinnnm
1784 5156 2141 5200 rnailnlimmc

2249 4615 2335 4685 6).
2376 4634 2395 4667 1
2430 4614 2603 4669 Homo
2632 4614 2832 4670 etenim
2863 4631 3014 4671 more.
3042 4615 3189 4672 ﬂoris
3216 4620 3463 4688 procedit
3503 4634 3568 4673 ex
3611 4610 3779 4670 occulto

2246 4717 2300 4763 et
2328 4707 2508 4763 subito
2538 4716 2763 4777 apparet
2793 4708 2844 4761 in
2873 4707 3123 4777 publico;
3172 4710 3261 4778 qui
3298 4711 3478 4764 statim
3508 4704 3778 4777 eLPuinco

2245 4813 2340 4869 per
2368 4806 2592 4854 mortem
2627 4798 2924 4853 retrahitur
2979 4801 3047 4853 ad
3091 4799 3382 4855 occultum.
3447 4799 3620 4867 Quaari
3666 4795 3776 4849 0111111

2242 4897 2439 4959 potest,
2462 4904 2560 4941 cur
2586 4888 2709 4942 vita:
2733 4888 2967 4943 hominis
2993 4903 3210 4944 cursum
3242 4892 3444 4946 umbrae
3464 4892 3634 4961 potius
3651 4898 3776 4957 quam

2242 4979 2340 5038 soli
2379 4988 2675 5048 comparat,
2727 4978 2829 5033 nisi
2862 4978 2987 5047 quia
3027 4981 3228 5034 amisso
3269 4994 3452 5035 amore
3501 4975 3776 5036 conditoris.

2243 5068 2478 5124 calorem
2506 5067 2686 5121 cordis
2717 5068 2971 5137 perdidit,
2996 5078 3050 5123 et
3069 5071 3120 5124 in
3146 5070 3260 5125 solo
3282 5069 3577 5140 iniquitatis
3590 5062 3775 5123 sumiti-

3523 5181 3540 5200 ι
3567 5160 3597 5200 Δ
3609 5155 3776 5200 111111112-

2241 5174 2368 5200 nnrn
2396 5159 2651 5200 rnmnncil
2693 5158 2988 5200 nstin-intui
3011 5158 3260 5200 ναι-110110
3275 5177 3455 5200 vnnmn
3480 5178 3493 5191 ο

3878 3800 3885 3873 ἐ
