3948 5398
158 380 243 440 153

802 370 1101 429 EPITOME
1141 368 1506 428 MORALIUM
1548 366 1606 424 S.
1645 366 1856 424 GREG.
1899 366 1964 422 IN
2005 364 2142 423 ιΙΟΒ.
2183 397 2251 407 -—
2288 365 2417 421 LIB.
2455 362 2566 420 XII.
2658 428 2663 433 ἣ

3242 366 3348 421 1δί

160 498 263 559 dum
290 488 489 548 infantia
530 486 592 541 ad
637 485 949 555 pueritiam,
979 484 1209 555 pueritia
1256 485 1337 538 ad
1365 482 1675 538 adolescen-
1701 487 1753 545 Α
1777 498 1934 552 super
1978 482 2338 551 hujuscemodi
2378 484 2580 553 aperire
2621 479 2798 534 oculos
2839 481 2995 534 tuos?
3040 479 3296 550 Sequitur
3331 500 3347 536 ε

161 587 280 642 tiam.
303 577 633 634 adolescentia
659 575 726 630 ad
751 573 1108 644 juventutem,
1133 574 1388 642 juventus
1412 573 1479 627 ad
1513 587 1671 628 sene-

159 683 342 737 ctutem,
369 678 598 725 senectus
619 668 813 723 transit
853 667 920 722 ad
956 674 1207 731 mortem,
1238 667 1291 720 in
1339 680 1500 720 cursu
1549 665 1673 719 vitae

155 759 388 831 praesentis
414 758 535 827 ipsis
566 756 677 812 suis
699 756 1002 827 augmentis
1030 756 1098 810 ad
1126 756 1451 811 detrimenta
1485 754 1676 823 impel-

157 850 275 903 litur.
298 847 532 917 Sequitur
561 864 599 900 τι

210 936 349 991 Vsus.
376 938 426 990 5.
456 935 522 988 Et
541 935 753 1005 dignum
776 951 924 990 auczs
944 952 1102 1007 super
1142 935 1511 1003 hujuscemodi
1554 949 1675 1004 ape-

157 1029 238 1080 rire
264 1026 423 1080 oculos
444 1036 577 1090 tuos,
609 1036 656 1079 et
681 1022 941 1080 adducere
967 1037 1136 1080 tecum
1164 1025 1220 1080 in
1257 1024 1561 1095 judicium?
1604 1052 1677 1065 -—

154 1118 474 1174 Consideravit
513 1122 707 1188 quippe
744 1120 993 1189 superius
1046 1127 1102 1175 et
1151 1117 1537 1187 omnipotentis
1584 1116 1679 1172 Dei

152 1206 422 1276 potentiam,
440 1214 491 1262 et
504 1206 871 1263 inﬁrmitatem
888 1222 1043 1262 suam
1067 1207 1287 1263 deduxit
1311 1217 1438 1261 ante
1466 1205 1671 1261 oculos.

154 1296 208 1350 Se
228 1306 273 1351 et
294 1297 558 1352 Dominum
585 1299 853 1367 pensavit,
884 1298 1005 1369 quis
1042 1313 1165 1352 cum
1193 1313 1302 1367 quo
1323 1296 1390 1350 ad
1413 1296 1677 1366 judicium

151 1388 314 1442 veniat.
341 1387 476 1441 Vidit
503 1388 630 1444 hinc
654 1389 944 1455 hominem,
972 1390 1096 1444 inde
1120 1388 1488 1453 Conditorem,
1516 1387 1568 1442 id
1596 1394 1681 1441 est

151 1479 381 1547 pulverem
408 1489 461 1535 et
484 1479 677 1536 Deum.
709 1480 776 1536 Et
800 1489 946 1536 recte
973 1481 1051 1536 ait
1091 1498 1105 1535 :
1148 1478 1217 1533 Et
1268 1480 1483 1550 dignum
1533 1477 1681 1531 ducis

1794 632 1799 637 γ
1848 572 2007 627 Vens.
2040 572 2093 625 4.
2145 571 2276 637 Quis
2308 580 2474 642 potest
2501 570 2673 639 facere
2701 569 2953 623 mundum
2981 570 3045 623 de
3084 569 3353 626 immundo

1778 671 2078 732 conceptum
2098 663 2328 716 semine?
2349 661 2539 715 Nonne
2560 670 2617 715 tu
2643 661 2733 731 qui
2758 659 2967 729 solus:es
2987 660 3151 730 .’lpse,
3174 691 3246 702 —
3260 663 3353 732 qui

1779 766 1878 821 per
1919 767 1979 807 se
2022 751 2168 807 solus
2211 762 2295 808 est
2340 751 2592 816 mundus,
2646 751 2911 806 mundare
2953 752 3209 820 praevalet
3255 754 3359 806 im«

1780 842 1999 896 munda.
2030 841 2202 897 Homo
2247 843 2391 897 enim
2439 842 2492 896 in
2544 842 2880 912 corruptibili
2932 856 3097 896 carne
3148 843 3355 904 vivens,

1780 932 1942 987 habet
1971 934 2327 988 tentatiouum
2365 932 2736 986 immunditias
2763 932 3055 1000 impressas
3081 930 3135 984 in
3162 941 3360 985 semet-

1780 1026 1917 1095 ipso.
1932 1026 2059 1096 quia
2086 1025 2340 1081 nimirum
2366 1040 2461 1080 eas
2491 1027 2658 1080 traxit
2677 1026 2743 1079 ab
2767 1025 2992 1094 origine.
3024 1024 3141 1092 Ipsa
3163 1024 3361 1093 quippe

1782 1128 2005 1190 propter
2024 1120 2437 1175 delectationem
2464 1118 2646 1173 carnis
2673 1118 2789 1188 ejus
2814 1117 3096 1186 conceptio
3125 1116 3364 1169 immun-

1782 1210 1911 1266 ditia
1957 1220 2059 1266 est.
2103 1209 2256 1266 Unde
2280 1210 2569 1264 Psalmista
2599 1210 2674 1263 ait
2707 1225 2722 1263 ε
2760 1225 2779 1258 ι
2817 1207 2955 1262 Ecce
2993 1206 3137 1262 enim
3168 1206 3222 1259 in
3263 1206 3366 1260 lni—

1783 1302 2078 1374 quitatibus
2104 1310 2393 1371 conceptus
2420 1317 2562 1371 sum,
2594 1311 2647 1357 et
2687 1303 2741 1355 in
2770 1300 2982 1355 delictis
3023 1301 3235 1371 peperit
3279 1312 3367 1354 me

1785 1405 1958 1449 mater
1979 1408 2098 1448 mea
2133 1391 2305 1465 (Psal.
2337 1409 2391 1461 1.,
2414 1394 2487 1464 7).
2522 1413 2542 1447 ι

175 1666 3357 1697 ww

1207 1817 1508 1897 LIBER
1563 1814 2267 1896 DUODECIMUS.

1541 2035 1864 2053 _

198 2149 340 2212 Vsus.
373 2154 423 2211 5.
452 2154 646 2212 Breves
667 2157 777 2213 dies
803 2159 1029 2215 hominis
1052 2170 1210 2228 sunt,
1250 2176 1497 2217 numerus
1540 2177 1684 2216 men—
1710 2164 1761 2225 Β
1857 2160 2023 2219 Vens.
2093 2199 2112 2218 .
2144 2162 2370 2235 Lignum
2391 2157 2758 2233 habet‘spem;
2810 2161 2857 2215 si
2901 2158 3180 2231 prcrcisum
3218 2156 3380 2226 fuerit

144 2244 254 2300 tium
273 2245 375 2315 ejus
403 2246 542 2317 apud
580 2256 628 2302 te
656 2245 751 2302 est.
772 2278 840 2288 —
865 2247 979 2304 Hoc
1006 2250 1209 2306 etenim
1239 2249 1381 2320 apud
1411 2265 1512 2306 nos
1547 2250 1695 2306 velut

145 2340 230 2391 non
255 2351 363 2393 esse
389 2338 723 2405 considerat,
756 2350 960 2409 quanta
1007 2342 1296 2402 velocitate
1350 2346 1691 2403 transcurrit.

146 2428 255 2495 Quia
294 2445 415 2487 vero
458 2432 821 2503 omnipotenti
862 2432 975 2489 Deo
1014 2435 1183 2491 etiam
1208 2436 1445 2494 labentia
1469 2439 1692 2504 instant,

145 2516 259 2588 apud
285 2532 400 2575 eum
427 2535 549 2577 esse
584 2536 869 2577 numerum
898 2524 1166 2580 mensium
1220 2537 1531 2584 nostrorum
1572 2544 1695 2599 per-

145 2604 285 2664 hibet.
302 2608 391 2666 Vel
411 2620 561 2667 certe
587 2610 639 2667 in
664 2610 855 2667 diebus
881 2610 1119 2671 brevitas
1146 2618 1427 2689 temporis,
1459 2620 1514 2674 in
1541 2633 1697 2674 men-

144 2698 269 2755 sibus
291 2716 413 2757 vero
464 2703 627 2774 quasi
672 2701 1031 2774 multiplicata
1072 2706 1282 2762 dierum
1328 2710 1503 2778 spatia
1554 2708 1698 2764 desi-

146 2800 364 2860 gnantur.
393 2791 562 2850 Nobis
589 2808 720 2850 vero
748 2794 864 2851 dies
890 2795 1084 2852 breves
1113 2807 1260 2853 sunt.
1291 2797 1398 2855 Sed
1431 2800 1556 2870 quia
1586 2801 1697 2858 vita

144 2888 300 2935 nostra
325 2883 634 2938 ostenditur
660 2881 801 2955 apud
848 2887 1039 2953 Deum,
1091 2903 1375 2944 numerum
1428 2891 1697 2947 mensium

144 2980 415 3030 nostrorum
443 2990 570 3032 esse
591 2986 946 3034 memoratur.
979 2974 1134 3035 Unde
1158 2990 1214 3035 et
1236 2997 1334 3051 per
1356 2982 1700 3041 Salomonem

143 3058 312 3120 dicitur
338 3080 353 3120 :
392 3085 409 3119 t
429 3065 739 3139 Longitudo
767 3069 975 3125 dierum
1014 3071 1067 3125 in
1097 3074 1318 3128 dextera
1350 3074 1491 3130 illius
1514 3074 1697 3146 (Prov.

143 3153 341 3225 111,16).
376 3176 395 3210 ι
426 3155 727 3228 Sequitur:
770 3155 1100 3214 Constituiin
1145 3163 1391 3216 terminos
1433 3163 1567 3233 ejus,
1611 3164 1702 3235 qui

143 3247 366 3311 preteriri
388 3265 490 3305 non
512 3258 780 3321 poterunt.
808 3280 880 3290 —
903 3249 1059 3305 Nulla
1098 3268 1217 3323 qua:
1256 3254 1311 3308 in
1354 3254 1459 3309 hoc
1503 3256 1703 3310 mundo

143 3330 422 3396 hominibus
462 3342 632 3408 ﬁunt,
674 3341 877 3413 absque
923 3345 1307 3414 omnipotentis
1348 3340 1443 3401 Dei
1477 3346 1704 3403 consilio

138 3428 321 3485 Occulta
350 3433 605 3488 veniunt.
645 3432 781 3489 Nam
829 3445 1027 3491 cuncta
1072 3436 1215 3492 Deus
1264 3448 1517 3495 secutura
1564 3454 1702 3510 prae-

1794 2271 2004 2308 rursum
2030 2255 2264 2323 virescit,
2283 2264 2332 2310 et
2361 2256 2496 2309 rami
2518 2256 2631 2325 ejus
2678 2251 2964 2324 pullulant.
3014 2282 3082 2293 --
3125 2251 3186 2306 ln
3232 2248 3383 2307 Scri-

1792 2353 1953 2417 ptura
1994 2344 2201 2400 etenim
2267 2359 2426 2401 sacra
2462 2344 2596 2416 ligni
2645 2343 2869 2399 nomine
2912 2341 3201 2413 aliquando
3248 2354 3385 2397 crux

1794 2436 2135 2508 intelligitur,
2164 2445 2224 2492 ut
2250 2436 2422 2503 illud:
2458 2454 2478 2489 ι
2515 2434 2793 2490 Mittamus
2824 2428 3030 2504 lignum
3076 2434 3133 2487 in
3185 2446 3386 2502 panem

1793 2530 1912 2602 ejus
1943 2529 2079 2601 (Jer.
2118 2545 2198 2597 ιι,
2228 2528 2337 2601 19).
2374 2548 2395 2582 ι
2428 2526 2735 2599 Aliquando
2763 2534 2944 2589 autem
2970 2526 3054 2580 vir
3075 2524 3256 2593 justus
3290 2533 3387 2578 aut

1793 2620 1961 2675 etiam
1991 2617 2246 2688 injustus,
2273 2629 2335 2673 ut
2362 2617 2493 2674 illud
2519 2619 2795 2688 prophetae
2823 2630 2839 2670 :
2892 2635 2912 2668 ‹
2966 2616 3079 2687 Ego
3120 2614 3384 2681 Dominus

1798 2712 2083 2769 humiliavi
2111 2712 2315 2782 lignum
2348 2709 2601 2775 sublime,
2646 2707 2877 2765 exaltavi
2920 2707 3126 2777 lignum
3181 2706 3387 2771 humile

1799 2803 2016 2877 (Ezech.
2067 2819 2108 2869 ι,
2166 2801 2279 2872 24).
2328 2820 2348 2854 ι
2406 2798 2713 2870 Aliquando
2762 2806 2942 2852 autem
2976 2797 3258 2852 incarnata
3288 2794 3388 2850 Dei
3466 2842 3479 2855 ,

1800 2893 2080 2965 Sapientia
2137 2891 2426 2961 ﬁguratur,
2475 2899 2535 2944 ut
2594 2888 2725 2943 illud
2768 2907 2780 2943 :
2840 2907 2858 2941 ι
2892 2887 3127 2959 Lignum
3150 2886 3277 2942 vita:
3304 2896 3391 2940 est

1799 2986 1887 3042 his
1910 2986 2002 3057 qui
2030 2982 2488 3055 apprehenderint
2518 2977 2864 3052 eamr(Prov.
2901 2996 2984 3046 tu,
3034 2979 3145 3049 18).
3201 2997 3222 3031 ι
3276 2976 3393 3034 Hoc

1801 3076 1877 3131 ita
1903 3075 2021 3132 loco
2048 3091 2169 3130 cum
2196 3075 2403 3145 lignum
2439 3075 2728 3143 praefertur
2753 3072 2982 3138 homini,
3025 3071 3155 3141 quid
3201 3071 3390 3136 homo,

1792 3168 1905 3224 nisi
1936 3168 2171 3225 carnalis
2195 3169 2427 3238 quisque
2456 3168 2760 3237 accipitur?
2807 3167 2876 3221 Et
2934 3166 3064 3237 quid
3111 3164 3243 3236 ligni
3288 3179 3390 3219 no-

1802 3260 1968 3326 mine,
1988 3260 2094 3315 nisi
2117 3258 2251 3328 justi
2275 3259 2700 3333 uniuscujusque
2720 3259 2829 3314 vita
2857 3257 3139 3328 signatur?
3166 3256 3394 3327 Lignum

1803 3352 2003 3407 etenim
2027 3351 2180 3406 habet
2208 3368 2372 3422 spem,
2394 3353 2442 3409 si
2472 3352 2751 3421 prwcisum
2781 3349 2962 3419 fuerit,
2995 3363 3206 3402 rursum
3252 3346 3391 3401 vire-

1806 3443 1922 3497 scit.
1956 3441 2092 3509 Quia
2122 3456 2244 3498 cum
2275 3443 2329 3497 in
2356 3450 2533 3497 morte
2558 3440 2830 3512 passionis
2863 3454 2964 3509 pro
2997 3435 3230 3494 veritate
3274 3434 3392 3491 alii-

136 3518 309 3589 sciens,
337 3534 466 3580 ante
499 3524 712 3581 saecula
757 3524 1030 3593 decrevit,
1079 3529 1313 3598 qualiter
1359 3546 1454 3601 per
1509 3530 1705 3586 saecula
1729 3507 1779 3571 θ
1810 3534 1973 3598 citur,
2005 3534 2061 3589 in
2095 3544 2314 3591 aeternae
2342 3535 2468 3590 vitae
2493 3533 2774 3588 viriditate
2813 3541 3186 3602 recuperatur,
3215 3539 3271 3585 et
3300 3530 3397 3599 qui

140 3608 489 3684 disponantur.
529 3617 804 3675 Statutum
833 3615 1162 3691 quippejam
1191 3620 1395 3678 homini
1426 3632 1709 3694 est,quan-

138 3706 234 3760 tum
269 3708 409 3767 hunc
441 3710 641 3775 mundi
668 3712 1003 3782 prosperitas
1031 3723 1313 3785 sequatur,
1334 3715 1419 3771 vel
1443 3725 1708 3787 quantum

140 3796 418 3883 adversitas
461 3801 650 3871 feriat,
678 3820 746 3861 ne
784 3804 988 3862 electos
1039 3806 1158 3877 ejus
1207 3814 1302 3862 aut
1354 3805 1707 3863 immoderata

138 3890 449 3961 prosperitas
471 3895 782 3961 eievet,aut
810 3896 975 3951 nimia
1005 3897 1304 3954 adversitas
1332 3898 1710 3970 gravet.Quod

140 3982 298 4037 tamen
358 3985 591 4058 intelligi
638 3985 802 4041 etiam
848 3984 1006 4057 juxta
1050 3987 1300 4057 spiritum
1328 3987 1528 4053 ~valet,
1585 3988 1711 4057 quia

141 4083 515 4147 nonnunquam
561 4078 618 4133 in
657 4076 949 4135 virtutibus
994 4080 1262 4150 prolicere
1309 4096 1607 4148 conamur,
1661 4089 1713 4137 et

140 4164 366 4230 quaedam
396 4169 542 4226 dona
569 4169 915 4242 percipimus,
946 4187 978 4226 a
1010 4156 1333 4242 quibusdam
1362 4187 1490 4227 vero
1518 4170 1715 4242 repulsi

142 4246 189 4305 in
220 4253 338 4312 imis
353 4255 625 4327 iacemus.
658 4254 828 4317 Nemo
850 4261 995 4316 enim
1023 4270 1107 4317 est
1134 4263 1226 4332 qui
1259 4271 1461 4317 tantum
1488 4263 1716 4317 virtutes

144 4348 517 4425 apprehendat,
554 4359 815 4422 quantum
855 4351 1161 4418 desiderat,
1203 4354 1327 4423 quia
1373 4354 1716 4425 omnipotens

142 4424 269 4489 Deus
301 4435 566 4511 interiora
607 4438 927 4498 discernens
963 4438 1095 4514 ipsis
1130 4443 1499 4512 spiritualibns
1535 4443 1716 4514 profe-

142 4521 301 4581 ctibus
337 4531 562 4585 modum
592 4532 762 4602 ponit,
789 4542 851 4588 ut
887 4548 957 4589 ex
985 4534 1089 4589 hoc
1139 4534 1302 4589 homo
1346 4536 1488 4605 quod
1530 4551 1719 4606 appre-

1808 3624 1898 3680 hic
1922 3623 2135 3679 virebat
2170 3639 2270 3694 per
2302 3624 2497 3688 fidem,
2532 3623 2643 3678 illic
2695 3622 2917 3677 virescit
2978 3636 3078 3692 per
3139 3619 3397 3689 speciem.

1810 3716 1881 3772 Et
1921 3718 2055 3771 rami
2093 3716 2207 3785 ejus
2234 3715 2518 3785 pullulant.
2541 3715 2676 3781 Quia
2710 3714 3026 3783 plerumque
3051 3727 3120 3766 ex
3147 3710 3401 3781 passione

1806 3805 1935 3876 justi
1982 3805 2168 3862 ﬁdeles
2215 3820 2432 3876 quoque
2489 3805 2556 3859 ad
2615 3819 2855 3860 amorem
2914 3803 3151 3859 caelestis
3210 3800 3402 3871 patria:

1812 3896 2259 3967 multiplicantur,
2289 3906 2344 3952 et
2393 3896 2726 3951 viriditatem
2772 3895 2899 3950 vitae
2942 3893 3204 3965 spiritalis
3253 3892 3400 3949 accio

1813 3990 1987 4061 piunt,
2008 3989 2134 4053 dum
2165 3990 2310 4046 hunc
2344 4004 2442 4061 pro
2470 3989 2580 4048 Deo
2602 3988 2814 4045 fortiter
2835 3986 3014 4059 egisse
3037 3986 3400 4058 gratulantur.

1816 4081 2078 4151 Sequitur
2108 4098 2123 4136 :
3030 4097 3082 4129 ιι

1887 4175 2054 4230 Van.
2082 4175 2148 4240 8,
2175 4175 2226 4231 9.
2265 4174 2323 4229 Si
2366 4175 2592 4229 senuerit
2622 4174 2675 4227 in
2716 4183 2857 4228 terra
2901 4174 3057 4228 radix
3093 4173 3230 4243 ejus,
3257 4181 3305 4227 et
3350 4171 3407 4225 in

1815 4264 2025 4335 pulvere
2074 4273 2311 4318 mortuus
2368 4263 2523 4333 fuerit
2580 4273 2799 4318 truncus
2837 4263 2982 4320 illius
3013 4281 3033 4321 :
3071 4264 3141 4318 ad
3190 4262 3407 4317 odorem

1818 4369 1968 4424 aqua:
1997 4352 2330 4422 germinabit,
2360 4363 2407 4407 et
2454 4351 2606 4421 faciet
2624 4368 2839 4409 .comam
2864 4353 3015 4425 quasi
3040 4369 3159 4408 cum
3179 4352 3410 4422 primum

1817 4440 2113 4511 plantatum
2142 4451 2239 4495 est.
2258 4470 2329 4481 —
2354 4439 2491 4507 Quid
2521 4440 2678 4497 radix
2702 4439 2873 4512 justi,
2900 4442 3003 4498 nisi
3040 4451 3230 4497 sancta
3270 4455 3410 4510 pra:-

1822 4531 2040 4598 dicatio,
2076 4530 2203 4602 quia
2235 4531 2302 4586 ab
2331 4532 2441 4601 ipsa
2467 4531 2662 4599 oritur,
2693 4542 2749 4587 et
2787 4532 2842 4587 in
2882 4533 3000 4604 ipsa
3030 4532 3317 4588 subsistit?
3344 4530 3411 4586 Et

142 4607 367 4673 hendere
397 4631 662 4689 conatur,
694 4632 750 4678 et
784 4639 890 4679 non
922 4623 1087 4692 valet,
1115 4624 1171 4680 in
1201 4624 1309 4681 illis
1343 4641 1401 4682 se
1421 4641 1528 4681 non
1550 4626 1722 4682 elevet
1822 4618 1950 4689 quid
1982 4628 2140 4673 terra:
2180 4620 2263 4673 vel
2306 4619 2545 4690 pulveris
2570 4622 2819 4689 nomine,
2853 4622 2959 4677 nisi
2994 4629 3251 4693 peccator
3274 4623 3415 4677 acci-

143 4712 251 4768 qttae
278 4708 442 4764 valet.
480 4710 759 4783 Sequitur.

1821 4710 2011 4782 pitur?
2038 4708 2177 4765 Justi
2204 4710 2366 4781 igitur
2391 4712 2545 4766 radix
2578 4713 2630 4765 in
2654 4719 2804 4798 terra
2834 4713 3070 4767 senescit
3094 4751 3108 4777 ,
3134 4720 3191 4767 et
3213 4711 3269 4766 in
3294 4711 3416 4781 pul-

207 4792 364 4852 Vens.
411 4799 465 4853 6.
507 4801 703 4858 Recede
726 4805 1000 4874 paululum
1055 4807 1119 4861 ab
1163 4824 1242 4872 eo,
1298 4816 1353 4861 ut
1402 4810 1719 4880 requiescat,
1750 4821 1961 4908 Dvere
1998 4816 2220 4863 truncus
2258 4808 2541 4874 emoritur,
2571 4792 2698 4878 quia
2746 4809 2913 4863 corda
2964 4823 3256 4877 pravorum
3298 4806 3418 4874 ejus

145 4880 293 4970 donec
323 4899 508 4959 aptata
554 4894 747 4959 veniat,
790 4897 924 4950 sicut
973 4899 1281 4952 mercenarii
1322 4898 1432 4953 dies
1482 4899 1616 4970 ejus.
1654 4929 1725 4938 —
1750 4880 1801 4908 υ
1825 4898 2136 4968 praedicatio
2171 4899 2420 4969 despecta
2448 4940 2462 4964 ,
2493 4900 2701 4955 cunctis
2728 4899 2939 4955 viribus
2967 4899 3121 4955 effeta
3158 4898 3418 4953 creditur.

145 4965 247 5074 Hoc
271 4975 404 5074 loco
446 4982 624 5038 recede
672 4984 889 5051 dicitur,
938 4986 1049 5041 vim
1093 4986 1288 5059 ﬂagelli
1338 5005 1549 5048 amove.
1592 4991 1725 5059 Quis
1826 4991 1895 5045 Et
1935 4991 1990 5045 in
2039 4989 2257 5061 pulvere
2302 4999 2526 5048 truncus
2572 4991 2855 5056 emoritur,
2897 4993 3025 5062 quia
3054 4991 3196 5044 inter
3227 5002 3424 5042 manus

146 5069 278 5169 enim
319 5069 471 5169 valet
496 5071 603 5129 Deo
628 5075 922 5132 recedente
949 5074 1253 5145 quiescere.
1283 5096 1406 5135 cum
1439 5083 1549 5150 ipse
1577 5083 1723 5137 solus
1827 5084 2277 5154 persequentium
2297 5097 2498 5153 corpus
2530 5084 2674 5139 illius
2699 5085 3063 5138 examinator.
3092 5081 3171 5135 Ad
3198 5080 3426 5133 odorem

147 5160 204 5178 bII
236 5160 386 5178 -Αι---ῗ
404 5175 451 5178 --
472 5160 493 5178 Ω
521 5160 575 5178 h.
