3948 5398
540 331 648 391 235

1516 318 1573 374 S.
1616 314 1864 374 ODONIS
1903 307 2191 367 ABBATlS
2228 302 2723 365 CLUNIACENSIS
2755 302 2803 358 ll

3642 299 3726 355 256

545 438 780 497 secunda
811 429 1069 507 plantatio
1096 434 1201 495 est,
1227 425 1353 497 quia
1373 424 1548 496 prima
1568 425 1820 480 videlicet
1838 419 2118 493 plantatio,
2148 424 2196 483 Α
2225 416 2330 474 Sed
2356 432 2477 472 cum
2508 415 2666 470 homo
2696 412 2944 478 moritur,
2975 424 3127 480 aqu:e
3156 407 3320 464 maris
3350 408 3598 475 recedunt,
3625 414 3725 481 quia

540 545 650 586 non
679 528 732 584 in
756 538 920 596 opere
939 522 1229 591 justorum,
1251 516 1345 574 sed
1373 517 1426 571 in
1448 513 1784 586 przescientia
1812 510 2118 569 Conditoris

541 628 642 675 est.
675 618 858 674 Potest
879 617 1042 670 etiam
1072 608 1373 679 radixjusti
1400 608 1513 679 ipsa
1543 616 1736 662 natura
1768 602 2120 661 humanitatis

542 706 763 778 intelligi
786 721 850 762 ex
873 719 979 775 qua
1002 701 1266 759 subsistit.
1295 698 1424 767 Quae
1445 697 1692 755 videlicet
1713 695 1865 751 radix
1889 693 2120 750 senescit

541 798 594 852 in
626 804 790 859 terra,
819 808 941 849 cum
963 800 1156 846 natura
1193 789 1372 846 carnis
1401 787 1602 853 deﬁcit,
1646 786 1700 840 in
1728 785 2004 855 pulverem
2034 796 2119 837 re-

541 886 718 940 dacta.
751 874 918 951 Cujus
959 880 1013 935 in
1057 878 1276 950 pulvere
1305 883 1527 932 truncus
1553 874 1834 938 emoritur,
1859 875 1985 942 quia
2024 886 2119 926 ex-

541 974 796 1029 stinctum
821 984 1019 1039 corpus
1044 983 1072 1022 a
1103 982 1197 1022 sua
1228 964 1405 1037 specie
1429 962 1740 1033 dissipatur.
1765 960 1870 1015 Sed
1897 959 1962 1014 ad
1991 959 2122 1014 odo-

498 1090 505 1099 ’
540 1081 656 1120 rem
686 1077 838 1133 aqua:
865 1060 1151 1132 germinat,
1183 1057 1309 1128 quia
1338 1071 1436 1127 per
1469 1055 1754 1109 adventum
1801 1052 1970 1106 sancti
1999 1049 2121 1120 δρία

541 1154 680 1208 ritus
711 1150 963 1221 resurgit.
1006 1145 1075 1200 Et
1106 1145 1259 1216 faciet
1288 1161 1488 1200 comam
1526 1142 1678 1213 quasi
1728 1156 1846 1194 cum
1893 1140 2118 1210 primum

539 1242 835 1312 plumatum
863 1248 957 1306 est,
987 1239 1112 1309 quia
1141 1238 1208 1292 ad
1232 1236 1376 1291 illam
1406 1234 1635 1305 speciem
1662 1232 1817 1297 redit,
1846 1233 1914 1286 ad
1959 1246 2119 1302 quam

540 1331 946 1403 percipiendam
991 1338 1204 1384 creatus
1231 1326 1425 1391 fuerat,
1457 1325 1503 1380 si
1541 1325 1596 1379 in
1638 1324 1887 1395 paradiso
1914 1322 2121 1392 positus

540 1438 768 1493 peccare
814 1421 1092 1476 noluisset.
1147 1418 1299 1486 Quod
1352 1416 1582 1472 fortasse
1611 1417 1676 1472 de
1710 1416 1933 1472 Domino
1978 1415 2121 1470 valet

543 1511 767 1580 intelligi
793 1550 807 1577 ,
836 1509 1087 1579 quoniam
1116 1515 1172 1561 et
1198 1508 1243 1562 si
1268 1507 1440 1562 occidi
1471 1522 1570 1576 per
1593 1505 1895 1576 passionem
1925 1505 2118 1574 potuit,

539 1615 638 1671 per
668 1596 1078 1653 resurrectionis
1101 1580 1327 1666 gloriam
1353 1610 1539 1649 rursus
1563 1594 1630 1648 ad
1653 1593 1976 1648 viriditatem
2000 1593 2121 1648 vitae

539 1689 707 1744 venit.
750 1687 918 1759 Hujus
946 1686 1082 1741 rami
1128 1685 1420 1755 pullulant,
1454 1686 1580 1755 quia
1620 1699 1684 1738 ex
1726 1683 2122 1739 resurrectione

2212 508 2368 579 juxta
2392 506 2691 563 Psalmista:
2717 518 2922 569 vocem,
2953 519 2972 554 ι
2994 501 3052 556 In
3090 499 3178 554 illa
3214 501 3298 555 die
3332 499 3562 568 peribunt
3579 515 3727 557 omnes

2217 597 2572 669 cogitationes
2600 610 2788 651 eorum
2832 590 3004 664 (Psal.
3040 605 3198 657 exav,
3227 589 3302 660 4).
3340 609 3359 641 ι
3394 590 3458 644 Et
3480 606 3661 646 rursum
3679 593 3730 646 de

2218 688 2479 743 moriente
2531 685 2789 755 scriptum
2836 691 2920 738 est
2956 697 2970 738 :
3003 700 3023 733 α
3058 682 3222 737 Amor
3248 694 3454 751 quoque
3500 688 3550 734 et
3587 681 3729 735 odium

2217 779 2376 834 simul
2404 778 2657 848 peribunt
2692 775 2888 846 (Eccle.
2934 791 3011 839 ix,
3041 774 3119 846 6).
3156 794 3175 827 ι
3205 772 3417 828 Arescit
3439 788 3559 844 ergo
3580 772 3734 828 ﬂuvius

2217 869 2746 943 vacueiactus,‘quia,
2763 867 3021 923 subducta
3037 866 3236 930 anima,
3249 880 3472 919 vacuum
3493 877 3660 932 corpus
3672 879 3735 917 re-

2217 974 2418 1019 manet.
2443 962 2603 1029 Quasi
2619 961 2761 1016 enim
2776 959 2957 1013 alveus
2972 956 3437 1018 ﬂuminisvaeuus,
3454 968 3629 1023 corpus
3639 968 3736 1008 ess-

2218 1056 2381 1111 nime.
2421 1053 2527 1109 Sed
2576 1054 2633 1108 in
2681 1052 2767 1106 his
2806 1050 2957 1105 valde
3003 1050 3194 1104 durum
3234 1046 3442 1102 videtur
3486 1057 3593 1098 esse
3628 1044 3737 1113 quod

2217 1146 2293 1200 sic
2318 1145 2470 1198 homo
2500 1158 2617 1197 cum
2644 1140 2914 1194 dormierit
2942 1155 3047 1192 non
3088 1144 3340 1205 resurget.
3368 1132 3475 1188 Cur
3501 1132 3659 1202 itaque
3680 1132 3739 1186 la.

2217 1236 2492 1300 boramus,
2524 1234 2568 1287 si
2615 1233 2669 1287 in
2701 1228 3112 1286 resurrectionis
3139 1225 3489 1281 retributione
3521 1239 3615 1278 non
3653 1230 3739 1278 ten-

2218 1325 2437 1381 dimus?
2468 1323 2748 1391 Quomodo
2780 1329 2959 1376 autem
2996 1318 3216 1386 dicitur,
3250 1333 3354 1371 non
3389 1321 3625 1387 resurget,
3649 1329 3743 1369 cum

2219 1416 2481 1485 scriptum
2507 1412 2579 1469 sit
2604 1428 2618 1467 :
2654 1431 2672 1465 ι
2702 1411 2904 1467 Omnes
2928 1409 3144 1481 quidem
3169 1419 3527 1475 resurgemus,
3558 1403 3640 1458 sed
3664 1417 3743 1456 non

2219 1498 2837 1561 omnes'immutabitnur
2868 1499 2920 1572 (I
2949 1499 3071 1555 Cor.
3107 1514 3199 1563 xv,
3221 1496 3333 1568 51).
3366 1515 3384 1549 ι
3428 1494 3531 1551 Sed
3552 1493 3742 1565 subjecta

2220 1593 2487 1650 sententia
2531 1591 2735 1646 indicat
2769 1604 2889 1660 qua:
2921 1588 3174 1644 discretio
3204 1587 3257 1641 in
3289 1586 3558 1657 prmmissa
3598 1582 3742 1637 lateat.

2222 1685 2356 1740 Nam
2403 1683 2690 1739 subditur:
2726 1682 2901 1735 Donec
2931 1690 3196 1734 atteratur
3233 1677 3418 1732 cretum
3440 1717 3455 1743 ,
3497 1693 3590 1730 non
3624 1675 3745 1744 evigi-

540 1779 683 1834 illius
727 1777 1083 1848 multiplicati,
1119 1776 1276 1847 longe
1324 1775 1538 1844 lateque
1587 1774 1771 1829 ﬁdeles
1817 1782 2120 1829 creverunt.
2151 1778 2199 1838 Β
2227 1776 2354 1830 (abit
2403 1792 2494 1830 nec
2540 1782 2814 1844 consurget
2854 1772 2919 1826 de
2960 1786 3141 1826 somno
3186 1786 3398 1825 suo.-—
3425 1765 3604 1838 Liquet
3637 1768 3746 1821 enim

540 1867 711 1937 Hujus
735 1868 889 1923 radix
926 1868 979 1920 in
1024 1876 1169 1921 terra
1198 1865 1350 1935 quasi
1394 1864 1759 1933 senuit,‘quia
1789 1864 1904 1934 ejus
1928 1864 2122 1935 praedi-

540 1960 683 2016 catio
706 1959 1012 2015 Judaeorum
1043 1956 1281 2028 perﬁdiae
1305 1956 1555 2026 despecta
1584 1953 1703 2008 fuit.
1733 1953 1800 2007 Et
1827 1955 1883 2007 in
1918 1954 2123 2024 puluere

538 2061 755 2105 truncus
796 2060 1060 2103 emortuus
1086 2058 1181 2100 est.
1227 2044 1363 2111 Quia
1403 2047 1457 2098 in
1485 2044 1648 2099 corde
1686 2042 2123 2113 persequentium

539 2142 681 2212 quod
726 2139 966 2211 perﬁdia:
996 2152 1105 2193 sua:
1133 2145 1295 2191 vento
1337 2118 1637 2199 levabatur,
1667 2129 2042 2202 despectabilis
2070 2140 2124 2185 et

540 2240 880 2302 contemptus
923 2238 1006 2284 est
1054 2228 1311 2295 habitus,
1363 2227 1487 2297 quia
1536 2240 1698 2280 carne
1725 2223 1898 2295 potuit
1928 2222 2126 2278 occidi.

539 2322 648 2379 Sed
677 2323 746 2377 ad
780 2323 992 2377 odorem
1040 2334 1193 2391 aqua:
1218 2318 1542 2390 germinavit.
1584 2316 1719 2383 Quia
1750 2329 1847 2385 per
1870 2313 2125 2368 virtutem

538 2415 633 2470 Dei
661 2399 930 2469 exstincta
959 2427 1087 2468 caro
1118 2410 1260 2465 illius
1288 2410 1354 2464 ad
1397 2408 1565 2461 vitam
1595 2406 1774 2470 rediit,
1797 2405 1953 2475 juxta
1981 2401 2127 2471 quod

536 2503 797 2572 scriptum
847 2510 933 2557 est
981 2516 996 2554 :
1056 2520 1074 2551 ι
1112 2500 1282 2567 Quem
1333 2500 1476 2553 Deus
1518 2495 1800 2552 suscitavit
1833 2508 1864 2546 a
1898 2491 2128 2547 mortuis

537 2578 589 2667 (Ἰ
620 2594 800 2649 Thess.
828 2609 870 2659 I,
902 2591 1012 2664 10).
1046 2612 1064 2644 ι
1093 2592 1161 2644 Et
1193 2591 1314 2659 fecit
1342 2604 1545 2642 comam
1573 2586 1725 2654 quasi
1755 2600 1873 2638 cum
1900 2582 2125 2653 primum

535 2683 831 2756 plumatum
870 2691 968 2736 est.
1010 2680 1146 2747 Quia
1177 2678 1266 2733 illa
1297 2677 1661 2748 apostolorum
1693 2674 1943 2730 debilitas
1964 2712 1978 2739 ,
2007 2687 2126 2743 qua:

538 2774 594 2828 in
623 2780 796 2827 morte
821 2770 965 2825 illius
987 2770 1203 2839 expavit
1227 2775 1278 2822 et
1311 2766 1545 2837 negavit,
1591 2772 1647 2819 et
1692 2764 1939 2834 negando
1961 2762 2125 2830 aruit,

535 2879 636 2935 per
686 2860 1103 2919 resurrectionis
1157 2860 1277 2930 ejus
1330 2857 1559 2929 gloriam
1615 2854 1916 2927 rursusad
1965 2854 2126 2910 tidem

536 2956 724 3011 viruit.
751 2953 906 3009 Unde
929 2961 984 3008 et
1011 2952 1259 3008 subditur
1287 2967 1302 3004 :

608 3045 774 3101 Vsus.
791 3044 878 3099 10.
904 3042 1077 3097 Homo
1099 3057 1214 3096 vero
1237 3055 1356 3095 cum
1376 3047 1613 3093 mortuus
1633 3036 1814 3108 fuerit,
1827 3045 1876 3092 et
1898 3037 2126 3091 nudatus

2225 1869 2351 1940 quia
2379 1882 2486 1922 non
2512 1874 2777 1938 resurget,
2808 1865 2901 1920 sed
2931 1865 3104 1930 donec
3142 1871 3410 1919 atteratur
3430 1861 3633 1924 caelum,
3655 1860 3747 1929 quia

2224 1960 2325 2015 nisi
2352 1957 2512 2029 hujus
2542 1957 2666 2013 linis
2690 1957 2989 2021 advenerit,
3027 1956 3322 2011 humanum
3356 1969 3523 2026 genus
3546 1968 3570 2007 a
3600 1966 3747 2007 somno

2224 2049 2416 2105 mortis
2444 2048 2513 2102 ad
2538 2047 2705 2102 vitam
2733 2061 2840 2101 non
2867 2034 3164 2118 evigilabit.
3190 2044 3305 2100 Non
3328 2058 3457 2119 ergo
3482 2044 3596 2113 quia
3618 2041 3750 2096 omni-

2224 2140 2381 2196 modo
2434 2153 2538 2194 non
2596 2144 2862 2211 resurgat,
2912 2139 3030 2205 sed,
3074 2136 3201 2207 quia
3242 2144 3368 2191 ante
3427 2134 3751 2191 contritionem

2225 2231 2343 2286 coeli
2389 2230 2685 2285 humanum
2733 2242 2902 2298 genus
2954 2227 3176 2282 minime
3221 2235 3493 2298 resurgat,
3545 2225 3750 2281 insinuat.

2226 2320 2486 2390 Sequitur
2511 2336 2525 2374 :

2296 2409 2461 2465 Vens.
2501 2407 2589 2462 15.
2632 2407 2763 2476 Quis
2813 2406 2942 2462 mihi
2988 2406 3084 2461 hoc
3131 2408 3352 2474 tribuat,
3404 2416 3461 2461 ut
3505 2406 3558 2461 in
3594 2404 3753 2473 inferno

2223 2513 2462 2573 protegas
2506 2503 2627 2556 me?
2680 2527 2749 2540 —-
2797 2500 2934 2568 Quia
2980 2510 3105 2556 ante
3158 2482 3450 2558 adventum
3501 2500 3754 2557 Mediatoris

2227 2591 2484 2656 hominis,
2534 2591 2711 2647 omnis
2738 2590 2923 2657 homo,
2956 2591 3203 2661 quamvis
3232 2592 3447 2646 munda:
3470 2592 3756 2663 probataque

2229 2683 2351 2737 vitae
2399 2682 2584 2748 fuerit,
2629 2682 2696 2739 ad
2742 2682 2939 2738 inferni
2970 2682 3204 2737 claustra
3253 2682 3553 2745 descendit,
3583 2680 3754 2735 dubium

2227 2788 2332 2829 non
2374 2784 2477 2830 est.
2519 2773 2629 2830 Nec
2660 2781 2836 2829 tamen
2871 2772 2945 2827 ita
2978 2771 3247 2842 justorum
3290 2773 3503 2827 animas
3536 2772 3598 2828 ad
3628 2769 3755 2825 inier-

2227 2879 2356 2919 num
2378 2863 2607 2920 dicimus
2632 2864 2994 2929 descendisse,
3020 2871 3077 2918 ut
3103 2864 3155 2918 in
3181 2858 3323 2918 locis
3336 2864 3628 2935 poenalibus
3646 2870 3755 2916 tene-

2227 2963 2461 3009 rentur:
2506 2953 2598 3009 sed
2647 2967 2768 3008 esse
2817 2953 3096 3023 superiora
3144 2952 3339 3008 inferni
3384 2954 3503 3009 loca
3539 2951 3756 3009 credenda

2228 3053 2372 3112 sunt,
2402 3052 2463 3100 ut
2512 3045 2566 3099 in
2595 3043 2962 3114 superioribus
3008 3045 3417 3113 requiescerent
3454 3043 3602 3117 justi,
3639 3050 3684 3098 et
3717 3041 3757 3093 in

537 3146 693 3209 atque
726 3142 1086 3205 consumptus,
1140 3131 1246 3198 ubi,
1276 3146 1475 3202 quaeso,
1499 3138 1573 3184 est
1597 3129 1622 3183 .9
1649 3158 1721 3169 —
1748 3127 1936 3184 Nullus
1960 3128 2121 3184 homo

2226 3136 2572 3193 inferioribus
2607 3137 2979 3194 cruciarentur
3030 3137 3233 3209 injusti.
3264 3136 3422 3194 Unde
3446 3148 3499 3194 et
3525 3135 3757 3192 Psalmista

539 3230 657 3286 sine
683 3235 907 3299 peccato
934 3233 1049 3291 est,
1079 3223 1182 3280 nisi
1219 3223 1307 3280 ille
1345 3223 1435 3293 qui
1467 3224 1521 3277 in
1563 3221 1707 3277 hunc
1732 3221 1988 3276 mundum
2014 3235 2123 3275 non

540 3321 686 3377 venit
726 3334 793 3375 ex
834 3325 1074 3389 peccato.
1109 3316 1174 3371 Et
1218 3315 1345 3386 quia
1376 3328 1564 3370 omnes
1605 3313 1659 3368 in
1686 3311 1843 3384 culpa
1871 3311 2121 3383 ligamur,

540 3412 655 3481 ipsa
687 3408 977 3464 amissione
1018 3406 1243 3475 justitiae
1273 3406 1551 3461 morimur.
1581 3404 1851 3460 Concessa
1894 3402 2045 3474 prius
2070 3403 2124 3457 in

542 3499 792 3570 paradiso
826 3506 975 3553 veste
1018 3496 1338 3552 innocentia:
1381 3496 1645 3551 nudamur
1666 3534 1681 3562 ,
1712 3494 1933 3549 interitu
1960 3494 2124 3548 etiam

538 3592 717 3647 carnis
765 3591 1124 3659 subsequente
1172 3589 1561 3645 consumimur.
1596 3586 1767 3642 Homo
1791 3585 1974 3656 itaque
2000 3600 2127 3656 pec-

542 3692 696 3738 cator
745 3681 978 3736 moritur
1024 3679 1079 3735 in
1129 3679 1283 3751 culpa
1306 3720 1321 3746 ,
1351 3681 1587 3734 nudatttr
1612 3691 1641 3733 a
1669 3675 1903 3747 justitia,
1931 3691 2126 3732 consu-

540 3771 706 3826 mitur
752 3772 806 3825 in
859 3784 1037 3842 paena.
1101 3769 1248 3826 Hanc
1306 3771 1605 3826 nuditatem
1667 3768 1971 3840 peccatoris
2029 3767 2125 3823 ﬁlii

542 3872 725 3933 tegere
771 3862 1022 3932 dignatus
1074 3873 1157 3917 est
1208 3870 1396 3931 pater,
1448 3861 1539 3930 qui
1572 3876 1636 3915 eo
1663 3862 1921 3916 redeunte
1950 3860 2121 3915 dixit:

545 3975 566 4010 ι
594 3957 713 4014 Cito
738 3957 973 4026 proferte
998 3956 1188 4011 stolam
1213 3956 1439 4024 primam
1463 3953 1610 4025 (Luc.
1639 3969 1726 4018 xv,
1750 3953 1864 4025 29.).
1897 3972 1916 4006 ι
1942 3953 2124 4009 Prima

537 4048 737 4118 quippe
768 4046 911 4102 slob
930 4055 1013 4101 est
1037 4043 1355 4099 innocentiae
1381 4042 1546 4098 vestis
1566 4083 1581 4106 ,
1610 4057 1769 4112 quam
1802 4042 1962 4096 homo
1987 4043 2126 4099 bene

538 4139 790 4195 conditu's
816 4138 1045 4208 accepit,
1072 4136 1213 4192 male
1234 4152 1262 4191 a
1290 4144 1539 4207 serpente
1558 4150 1849 4207 persuasus
1871 4135 2122 4205 perdidit.

541 4230 743 4286 Contra
796 4230 937 4285 hanc
996 4245 1209 4284 rursum
1262 4229 1560 4283 nuditatem
1617 4227 1852 4283 dicitur:
1890 4228 2126 4284 «Beatus

543 4320 640 4391 qui
670 4318 874 4388 vigilat,
920 4326 975 4372 et
1020 4318 1254 4373 custodit
1299 4319 1621 4372 vestimenta
1666 4333 1796 4381 sua,
1858 4334 1923 4373 ne
1952 4319 2127 4374 nudus

542 4409 781 4465 ambulet
808 4408 989 4480 (Apoc.
1017 4424 1105 4462 xv:
1128 4448 1143 4473 ,
1177 4408 1284 4478 15).
1324 4427 1344 4459 ι
1384 4407 1719 4463 Vestimenta
1761 4410 1975 4479 quidem
2005 4426 2126 4465 eus-

544 4497 821 4563 todimus,
870 4511 990 4551 cum
1048 4506 1313 4566 prtecepla
1366 4495 1689 4551 innocentiae
1742 4512 2021 4554 servamus
2070 4501 2123 4555 in

544 4597 746 4653 mente,
780 4597 840 4642 ut
866 4602 987 4642 cum
1016 4603 1114 4642 nos
1151 4587 1318 4656 judici
1348 4588 1503 4658 culpa
1543 4588 1730 4656 nudat,
1774 4591 1840 4646 ad
1870 4594 2121 4647 amissam

544 4680 833 4734 redeuntes
890 4679 1292 4753 innocentiam_
1325 4680 1641 4750 poenitentia
1698 4683 1926 4751 operiat.
1986 4684 2122 4751 Quia

542 4780 800 4842 peccator
823 4773 984 4827 homo
1014 4771 1124 4827 illic
1149 4772 1488 4851 starenoluit
1508 4814 1522 4839 ,
1561 4773 1651 4827 ubi
1693 4773 1943 4829 conditus
1973 4773 2071 4830 fuit
2106 4794 2119 4830 :

543 4861 635 4916 hic
658 4875 786 4917 vero
812 4860 903 4917 ubi
940 4861 1158 4927 cecidit,
1185 4861 1396 4916 diversa
1416 4863 1465 4918 ei
1494 4862 1868 4933 prohibentur,
1892 4865 2122 4934 patriam

542 4949 732 5007 volens
786 4950 1041 5021 perdidit.
1077 4950 1118 5004 A
1166 4952 1597 5021 peregrinatione
1652 4966 1781 5008 vero
1826 4968 1922 5007 sua
1958 4968 2118 5024 quam

545 5042 740 5114 diligit,
787 5042 989 5099 invitus
1017 5042 1322 5113 expellitur.
1352 5042 1453 5098 Ubi
1501 5057 1630 5113 ergo
1670 5053 1771 5109 est,
1802 5045 1893 5114 qui
1925 5044 1977 5099 in
2009 5044 2125 5115 ejus

545 5146 732 5187 amore
764 5147 872 5187 non
895 5141 998 5199 est,
1029 5132 1119 5187 ubi
1149 5147 1334 5188 verum
1365 5147 1485 5188 esse
1527 5133 1654 5188 est?
1679 5132 1935 5204 Sequitur
1962 5151 1979 5188 :
2038 5182 2039 5185 η

617 5222 662 5236 Ἥ
823 5224 872 5236 II
935 5223 996 5236 ,Α
1059 5223 1094 5236 Α

2223 3231 2636 3300 prmvenientcm
2665 3245 2723 3286 se
2755 3230 2847 3284 Dei
2881 3231 3111 3303 gratiam
3143 3231 3271 3286 dicit
3300 3245 3314 3284 :
3354 3251 3373 3283 ι
3407 3230 3644 3302 Eripuisti
3668 3226 3755 3281 ani-

2228 3336 2370 3375 mam
2399 3336 2573 3376 meam
2600 3336 2667 3377 ex
2696 3319 2911 3377 inferno
2935 3320 3179 3376 inferiori
3208 3320 3589 3393 (PsaLuxxt,
3620 3319 3706 3389 l3).
3736 3336 3750 3368 ι

2225 3412 2427 3468 Beatus
2456 3411 2621 3483 igitur
2646 3410 2771 3477 Job,
2797 3421 2922 3466 ante
2948 3410 3257 3467 Mediatoris
3296 3411 3583 3468 adventum
3615 3409 3671 3463 ad
3696 3407 3757 3460 in-

2226 3500 2439 3557 fernum
2487 3515 2547 3556 se
2595 3501 2926 3556 descendere
2974 3501 3177 3567 sciens,
3224 3499 3539 3557 Conditoris
3578 3498 3651 3554 sui
3678 3494 3757 3549 illic

2225 3593 2618 3663 protectionem
2647 3592 2909 3667 postulat,
2941 3602 3000 3647 ut
3027 3609 3056 3647 a
3084 3592 3218 3648 locis
3256 3593 3563 3663 pmnalibus
3594 3590 3759 3645 alienus

2229 3684 2446 3738 existat.
2481 3682 2776 3754 Sequitur:
2811 3682 2878 3736 Et
2914 3682 3203 3737 abscondas
3235 3699 3314 3737 me
3343 3682 3509 3737 donec
3533 3692 3756 3752 pertrans-

2226 3784 2307 3829 eat
2344 3774 2496 3845 furor
2527 3784 2668 3829 tuus.
2686 3773 2947 3830 -—Furor
2969 3775 3167 3830 etenim
3198 3775 3580 3847 omnipatentis
3604 3771 3700 3835 Dei,
3718 3769 3758 3823 in

2226 3868 2329 3924 ltoc
2359 3867 2597 3938 quotidie
2643 3867 2751 3921 vim
2794 3882 2905 3922 suae
2945 3867 3301 3923 districtionis
3347 3868 3594 3938 peragit,
3648 3859 3758 3935 quod

2225 3956 2467 4013 viventes
2490 3944 2704 4027 indigne
2733 3956 3008 4027 suppliciis
3030 3956 3311 4029 demergit.
3343 3958 3448 4025 Qui
3492 3958 3631 4012 furor
3652 3964 3761 4008 nunc

2226 4049 2473 4119 equidem
2498 4049 2711 4117 transit,
2751 4049 2843 4103 sed
2867 4049 2920 4103 in
2952 4049 3113 4105 ﬁnem
3144 4051 3458 4120 pertransit,
3492 4048 3611 4121 quia
3635 4044 3760 4101 modo

2227 4141 2420 4211 agitur,
2464 4140 2558 4195 sed
2608 4140 2661 4194 in
2718 4140 2904 4195 mundi
2957 4141 3189 4196 termino
3238 4152 3651 4198 consummatur.
3684 4134 3759 4203 Qui

2228 4241 2406 4287 tamen
2445 4233 2549 4288 iste
2581 4231 2752 4299 furor,
2785 4241 3045 4303 quantum
3080 4235 3147 4290 ad
3178 4235 3472 4291 electorum
3508 4236 3695 4290 animas
3722 4230 3759 4283 in

2228 4321 2606 4394 Redemptoris
2634 4324 2800 4377 nostri
2829 4325 3063 4378 adventu
3096 4326 3430 4395 pertransiit,
3460 4328 3579 4396 quia
3615 4339 3692 4377 cas
3710 4318 3759 4373 ab

2231 4413 2425 4468 inferni
2457 4412 2711 4468 claustris
2758 4414 2823 4467 ad
2851 4414 3088 4483 paradisi
3116 4416 3308 4486 gaudia
3336 4415 3593 4471 Mediator
3624 4411 3702 4467 Dei
3722 4416 3760 4464 et

2156 4465 2203 4523 Β
2229 4503 2526 4568 hominum,
2568 4501 2692 4557 dum
2738 4501 2851 4571 ipse
2883 4501 3011 4556 illuc
3033 4465 3518 4572 picodescenderet,
3569 4498 3759 4557 reduxit.

2227 4593 2484 4664 Sequitur
2510 4610 2523 4648 :
2549 4593 2617 4647 Et
2641 4594 2927 4648 constituas
2947 4595 3076 4648 malai
3102 4605 3301 4666 tempus
3319 4597 3373 4650 in
3397 4614 3498 4668 quo
3521 4590 3760 4650 recorderis

2225 4682 2327 4736 mei
2350 4683 2486 4749 ?—t
2516 4682 2586 4736 At
2607 4681 2696 4736 ubi
2724 4681 3168 4753 venitjplenitudo
3192 4685 3469 4753 temporis,
3495 4684 3629 4738 misit
3652 4679 3760 4732 Deus

2225 4770 2420 4826 Filium
2465 4786 2643 4837 suum,
2681 4772 2878 4827 factum
2912 4788 2978 4827 ex
3014 4774 3261 4842 muliere,
3304 4773 3503 4831 factum
3538 4772 3630 4828 sub
3654 4770 3759 4838 lege.

2225 4872 2286 4917 ut
2328 4878 2421 4918 eos
2449 4862 2542 4932 qui
2571 4864 2670 4917 sub
2696 4862 2814 4934 lege
2856 4872 3015 4919 erant
3062 4865 3355 4921 redimeret
3393 4862 3539 4935 (Gal.
3568 4879 3636 4928 tv,
3655 4860 3756 4930 4).»

2229 4951 2379 5006 Hanc
2427 4952 2606 5020 itaque
2653 4952 3075 5021 redemptionem
3118 4954 3203 5007 vir
3238 4954 3445 5009 Domini
3491 4952 3759 5024 prae5ciens,

2229 5044 2419 5113 inqua
2470 5050 2623 5097 erant
2673 5043 2825 5099 multi
2875 5059 2942 5098 ex
2987 5046 3293 5115 gentilitate
3336 5045 3613 5109 liberandi,
3652 5039 3761 5095 sicut

2230 5136 2347 5206 ipse
2372 5137 2448 5190 ait
2481 5150 2495 5189 :
2533 5153 2551 5187 ‹
2582 5134 2735 5190 Licet
2755 5137 2871 5191 haec
2896 5136 3039 5192 celes
3069 5136 3122 5191 in
3147 5135 3311 5192 corde
3337 5145 3448 5201 tuo,
3483 5144 3649 5190 tamen
3674 5126 3762 5184 scio
