3948 5398
533 379 646 434 259

1507 367 1562 424 S.
1608 366 1856 424 ODO‘NIS
1894 361 2183 421 ABBATIS
2220 361 2713 423 CLUNIACENSIS
2750 366 2793 423 ll

3654 377 3741 430 230

537 503 684 545 tuum
711 486 973 543 transiret.
1008 514 1077 524 —-
1120 479 1404 537 Paululum
1451 482 1740 537 roboratus
1771 489 1855 535 est
1899 479 2062 533 homo
2091 519 2105 543 ,
2137 485 2182 541 Α
2211 475 2344 532 listi.
2369 478 2448 532 Ac
2471 478 2514 532 si
2545 487 2729 547 aperte
2761 478 2906 534 dicat
2941 498 2952 532 :
2989 479 3063 534 De
3098 487 3184 534 tua
3219 479 3427 550 justitia
3451 494 3742 552 praesumens

535 582 664 652 quia
689 578 899 634 vivendi
942 576 1084 630 vires
1112 574 1177 628 ad
1200 573 1478 628 modicum
1503 574 1713 641 accepit
1733 613 1745 634 ,
1797 581 1856 626 ut
1892 571 1946 624 in
1993 585 2113 642 per-

533 681 751 742 petuum
777 675 1051 729 transeat,
1087 666 1177 720 ubi
1204 664 1319 732 ejus
1349 665 1512 718 vitam
1541 663 1803 716 terminus
1847 672 1950 714 n0n
1980 677 2113 715 con-

534 765 728 820 cludat.
779 761 1035 829 Sequitur
1064 775 1077 811 :
1107 757 1421 811 Immutabis
1452 755 1640 823 [aciem
1689 753 1826 822 ejus,
1867 761 1912 804 et
1945 751 2114 803 miltes

530 841 668 909 eunt.
697 883 767 892 —
788 849 982 904 Facies
1001 847 1238 902 hominis
1261 845 1598 905 immutatur,
1629 856 1750 895 cum
1773 839 1888 907 ejus
1909 839 2116 909 species

531 949 707 1005 morte
729 939 1001 993 atteritur.
1029 935 1242 990 Omittit
1261 948 1407 996 vero,
1435 933 1560 1000 quia
1589 931 1656 985 ab
1680 931 1766 984 his
1786 944 1904 998 qua:
1929 927 2114 982 volens

529 1035 722 1097 tenuit,
755 1030 1079 1086 transire'ad
1105 1036 1306 1082 aeterna
1332 1024 1546 1094 cogitur
1573 1021 1781 1076 nolens.
1809 1019 2066 1088 Sequitur
2095 1036 2108 1070 :

603 1126 768 1179 Vnus.
813 1123 902 1176 21.
943 1150 1010 1161 —-—
1037 1117 1154 1173 Sive
1182 1115 1376 1171 nobiles
1428 1115 1638 1183 fuerunt
1683 1110 1781 1180 ﬁlii
1829 1110 1964 1178 ejus,
2011 1108 2113 1162 sive

527 1215 803 1286 ignobiles,
835 1228 937 1266 non
964 1209 1222 1278 intelligit.
1265 1236 1336 1248 —
1375 1204 1528 1260 Sicut
1557 1202 1699 1258 enim
1740 1202 1795 1255 hi
1822 1201 1912 1270 qui
1937 1200 2110 1254 adhuc

527 1309 675 1358 vires
705 1301 856 1373 [vivi,
888 1316 978 1353 seu
1011 1299 1061 1352 in
1097 1297 1231 1352 vivis
1253 1295 1319 1368 f.]
1351 1302 1507 1360 sunt,
1540 1302 1874 1348 mortuorum
1903 1291 2112 1344 animas

530 1411 648 1466 quo.
664 1395 780 1448 loco
805 1393 1104 1447 habeantur
1130 1430 1144 1454 ,
1195 1390 1443 1459 ignorant
1471 1427 1484 1452 ,
1512 1387 1584 1440 ita
1611 1385 1808 1440 mortui
1844 1383 2008 1437 vitam
2057 1383 2110 1436 in

531 1499 694 1539 carne
743 1481 1036 1537 viventium
1079 1485 1200 1548 post
1249 1492 1343 1533 eos
1377 1475 1612 1547 qualiter
1653 1474 1973 1544 disponatur
2017 1484 2112 1525 ne-

529 1575 726 1630 sciunt.
755 1571 908 1640 Quod
943 1581 1121 1624 tamen
1145 1568 1210 1622 de
1229 1566 1511 1621 animabus
1541 1563 1744 1618 sanctis
1773 1560 2108 1617 sentiendum

528 1682 638 1721 non
665 1672 766 1719 est.
799 1663 935 1730 Quia
961 1661 1049 1730 qui
1087 1660 1232 1713 intus
1253 1657 1559 1713 claritatem
1601 1653 1989 1723 omnipotentis
2012 1651 2108 1705 Dei

528 1755 730 1819 vident,
759 1751 1067 1807 nulloniodo
1092 1749 1420 1805 credendum
1456 1754 1540 1800 est
1561 1786 1574 1811 ,
1606 1745 1730 1815 quia
1760 1743 1889 1797 foris
1913 1742 1983 1810 sit
2011 1742 2105 1795 ali—

526 1846 655 1914 quid
689 1844 828 1914 quod
863 1843 1127 1912 ignorent.
1176 1839 1282 1893 Sed
1312 1836 1558 1892 carnales
1589 1835 1789 1905 quique
1832 1833 1924 1902 qui
1965 1847 2108 1886 amo-
2143 1827 2187 1886 Β

525 1950 642 1989 rem
691 1934 1020 2004 pr:ccipuum
1057 1930 1183 1984 ﬁliis
1226 1927 1584 1997 impendunt,
1625 1925 1729 1979 hoc
1779 1939 1870 1978 eos
1919 1923 2110 1976 beatus

525 2025 626 2080 Job
655 2025 862 2078 nescire
878 2021 1215 2092 postmodum
1243 2017 1456 2083 asserit,
1486 2017 1627 2086 quod
1655 2016 1744 2069 hic
1764 2015 2110 2068 vehementer

525 2122 866 2171 amaverunt.
895 2113 1047 2182 Quod
1072 2122 1250 2166 tamen
1281 2110 1326 2165 si
1344 2107 1569 2178 intelligi
1592 2105 1908 2177 spiritaliter
1928 2105 2105 2168 debet,

526 2223 636 2264 nou
681 2209 974 2277 incongrue
1006 2204 1238 2259 ﬁliorum
1279 2201 1497 2257 nomine
1527 2214 1690 2269 opera
1726 2197 2103 2267 designantur,

528 2298 670 2351 sicut
708 2298 774 2351 de
823 2294 1049 2349 muliere
1089 2291 1289 2346 Paulus
1315 2291 1490 2355 dicit,
1529 2290 1656 2358 quia
1691 2287 1838 2343 salva
1876 2287 1981 2340 erit
2012 2301 2107 2356 per

527 2389 759 2442 ﬁliorum
792 2386 1217 2457 generationem.
1251 2382 1470 2437 Nobiles
1513 2396 1645 2452 ergo
1671 2388 1798 2436 sunt
1832 2379 1927 2433 ﬁlii
1955 2387 2104 2432 recta

527 2495 691 2550 opera
717 2479 979 2534 facientes
1005 2517 1018 2543 ,
1049 2476 1313 2546 ignobiles
1343 2482 1524 2530 autem
1554 2472 1699 2527 facta
1728 2485 2004 2541 perversa.
2039 2471 2107 2524 Et
2139 2529 2154 2540 ,

525 2589 667 2644 saepe
703 2573 865 2628 homo
908 2585 1068 2642 agere
1097 2570 1350 2640 quaelibet
1377 2569 1517 2624 bona
1549 2565 1847 2620 intentione
1894 2563 2104 2626 nititur,

524 2666 619 2722 sed
643 2675 820 2719 tamen
845 2679 945 2734 pro
971 2661 1153 2717 multis
1179 2675 1300 2730 qua:
1322 2659 1640 2728 subrepunt,
1671 2651 1788 2723 ejus
1815 2661 1936 2708 acta
1967 2653 2105 2721 apud

523 2757 948 2825 omnipotentem
993 2754 1160 2807 Deum
1210 2751 1442 2829 qualiter
1490 2750 1793 2804 habeantur
1839 2746 2103 2801 incertum

523 2853 626 2901 est.
659 2843 916 2913 Sequitur
950 2861 964 2896 :

597 2954 760 3010 Vens.
781 2953 868 3007 $2.
909 2951 978 3006 Et
1010 2961 1183 3008 tamen
1214 2968 1338 3008 caro
1376 2951 1489 3024 ejus
1519 2951 1644 3005 dum
1675 2952 1824 3016 vivet,
1855 2949 2046 3004 dolebit
2082 2965 2103 3004 .'

526 3057 573 3102 et
605 3047 783 3100 anima
826 3045 942 3115 ejus
979 3059 1137 3114 super
1165 3043 1497 3113 semetipsum
1527 3041 1742 3113 lugebit.
1769 3071 1838 3081 —
1870 3040 1948 3096 De
1971 3054 2103 3096 con-

521 3136 741 3206 iugibus
761 3133 962 3188 Paulus
987 3133 1118 3188 dicit
1150 3150 1162 3186 :
1200 3150 1219 3184 ‹
1256 3131 1687 3187 Tribulationem
1713 3140 1895 3186 tamen
1919 3130 2104 3185 carnis

527 3226 803 3281 habebunt
831 3224 1137 3293 huiusmodi
1163 3222 1210 3296 (Ι
1247 3222 1368 3278 Cor.
1412 3239 1486 3277 vn
1515 3263 1529 3288 ,
1565 3222 1679 3289 ‘28).
1735 3241 1755 3274 ι
1789 3220 1926 3288 Quia
1956 3221 2102 3290 quis-

530 3318 654 3389 quis
691 3319 742 3372 in
773 3333 831 3373 se
858 3315 1096 3387 gaudere
1122 3316 1348 3386 appetit,
1375 3328 1440 3369 eo
1466 3315 1580 3383 ipso
1598 3312 1711 3382 jam
1740 3313 1796 3366 in
1827 3313 1972 3367 luctu
1995 3319 2101 3378 est,

527 3427 634 3482 quo
659 3427 687 3465 a
713 3425 837 3466 vera
864 3408 1048 3464 laetitia
1068 3408 1310 3463 recessit.
1333 3406 1470 3462 Vera
1485 3407 1683 3476 quippe
1706 3404 1892 3460 iustitia
1938 3402 2104 3459 menti

529 3501 753 3557 Creator
780 3508 880 3556 est.
909 3497 1168 3553 Secuitur
1201 3512 1214 3550 :

1133 3648 1356 3705 CAPUT
1387 3647 1504 3704 XV.

602 3784 765 3842 Vens.
813 3786 862 3839 l.
916 3784 1248 3855 Respondeas
1293 3794 1465 3839 autem
1499 3783 1726 3854 Eliphaz
1779 3781 2108 3836 Themamtes

529 3877 682 3931 dixit.
717 3907 786 3916 —-
815 3874 1020 3931 Crebro
1043 3874 1157 3943 jam
1188 3875 1424 3930 diximus
1473 3873 1686 3928 beatum
1753 3871 1852 3926 Job
1875 3912 1890 3936 ,
1925 3879 2107 3941 typum

530 3978 733 4025 sanctm
759 3966 1080 4023 universalis
1108 3965 1382 4030 Ecclesiae,
1415 3965 1619 4019 amicos
1664 3979 1794 4019 vero
1831 3963 1973 4017 illius
1997 3963 2108 4016 hae-

529 4062 819 4116 reticorum
871 4059 1108 4131 speciem
1139 4067 1322 4112 tenere
1347 4097 1362 4124 ,
1392 4058 1483 4126 qui
1519 4057 1671 4126 quasi
1703 4071 1768 4110 ex
1802 4055 2112 4110 defensioue

529 4152 742 4206 Domini
768 4189 784 4215 ,
812 4150 1154 4206 occasionem
1187 4149 1362 4205 stultae
1393 4148 1684 4204 locutionis
1709 4148 1988 4201 invenmnt
2012 4186 2025 4209 ,
2059 4157 2113 4199 et

531 4240 918 4296 contumeliosa
943 4249 1129 4295 contra
1165 4240 1336 4295 bonos
1365 4239 1528 4294 verba
1551 4238 1886 4308 iaculantur.
1906 4236 2113 4304 Quibus

531 4340 727 4388 cuncta
776 4346 895 4400 qua:
923 4346 952 4385 a
984 4331 1232 4387 ﬁdelibus
1287 4331 1596 4387 sentiuntur
1622 4371 1637 4397 ,
1669 4329 1822 4400 quasi
1854 4329 1908 4384 in
1953 4336 2111 4384 vento

530 4412 741 4495 prolata
775 4422 1081 4494 displicent.
1113 4421 1266 4478 Unde
1299 4437 1443 4476 nunc
1475 4421 1678 4475 dicitur
1713 4439 1726 4474 :

604 4538 770 4594 Vens.
802 4536 856 4592 2.
891 4533 1144 4607 Nunquid
1192 4534 1402 4605 sapiens
1447 4533 1808 4604 respondebit,
1859 4551 2009 4603 quasi
2058 4535 2111 4588 in
2141 4523 2190 4582 D

531 4638 738 4684 centum
768 4627 1025 4699 loquens?
1047 4656 1117 4666 ——
1143 4624 1252 4680 Nec
1273 4627 1538 4681 bonorum
1567 4625 1732 4679 verba
1769 4665 1784 4689 ,
1830 4625 1971 4680 dicta
2025 4640 2114 4679 ra-

537 4720 699 4776 tionis
741 4718 1058 4783 sestimant,
1125 4716 1219 4771 sed
1273 4714 1520 4770 stimulos
1563 4713 1784 4769 favoris.
1847 4713 1996 4769 Unde
2059 4724 2113 4769 et

534 4809 802 4868 subditur.
855 4808 921 4862 Et
967 4805 1194 4872 implebit
1244 4805 1432 4859 ardore
1477 4804 1803 4858 stomachum
1837 4821 2010 4858 suum.
2044 4835 2114 4844 —

537 4901 639 4970 Qui
700 4917 762 4958 ea
809 4901 973 4956 etiam
1027 4914 1148 4969 qua:
1197 4897 1378 4954 sciunt
1430 4896 1818 4952 contumeliose
1885 4897 2067 4952 dicere
2097 4937 2112 4962 ,

535 4993 756 5049 student
779 5004 1012 5061 semper,
1042 4999 1103 5044 ut
1122 4989 1325 5044 dictum
1349 4995 1449 5052 est,
1473 5001 1539 5040 ex
1573 4987 1782 5042 Domini
1805 4986 2117 5043 defensione

537 5086 783 5157 palliare.
821 5083 1077 5155 Sequitur
1110 5099 1122 5136 :

609 5199 774 5255 Vens.
817 5198 872 5253 5.
918 5196 1109 5268 Arguis
1153 5195 1316 5250 verbis
1365 5209 1482 5249 eum
1513 5193 1599 5264 qui
1627 5209 1729 5246 non
1778 5201 1854 5246 est
1899 5190 2117 5258 (aqualis

541 5291 648 5334 sibi,
681 5301 728 5334 ρι
777 5290 1004 5334 [Μυρτὶς
1031 5305 1149 5334 num
1191 5289 1283 5334 tibi
1312 5303 1414 5334 2:92:
1461 5285 1761 5334 eruediunt.
1806 5313 1875 5322 —
1903 5281 2115 5334 Nullum

2217 566 2489 622 Creatoris
2518 569 2591 620 tui
2622 568 2848 637 gratiam
2877 570 3110 639 despicis
3152 570 3450 639 deprecari.
3479 571 3598 626 Cum
3625 578 3743 630 enim

2213 673 2340 712 vera
2384 658 2524 712 mala
2573 659 2813 713 lueretici
2858 669 3046 714 contra
3075 661 3243 714 bonos
3295 677 3401 717 non
3453 664 3737 730 inveniunt,

2215 749 2423 818 ﬁngunt
2452 764 2570 817 qua:
2609 749 2972 819 redarguunt,
2995 751 3198 819 utjusti
3227 766 3345 806 esse
3379 750 3667 809 videantur.
3693 757 3745 810 lit

2215 836 2274 906 ﬁt
2319 838 2634 907 plerumque
2675 848 2735 893 ut
2772 839 2839 893 ad
2889 850 3072 909 aperta
3125 843 3570 896 cnntumeliorum
3610 845 3747 899 verba

2215 930 2550 996 perveniant.
2583 930 2736 985 Unde
2764 931 2942 986 adhuc
2973 932 3262 987 subditur:

2285 1040 2450 1095 Vens.
2483 1040 2537 1094 5.
2589 1041 2777 1094 Docuit
2828 1043 2965 1096 enim
3013 1042 3259 1111 iniquitas
3293 1051 3384 1096 tua
3422 1059 3477 1096 os
3503 1053 3672 1110 tuum,
3710 1055 3750 1102 et

2214 1131 2440 1184 imitaris
2475 1129 2707 1198 linquant
2757 1128 3254 1197 blasphemantium.
3295 1162 3365 1171 —
3414 1131 3658 1201 lniquitas
3701 1149 3753 1189 os

2215 1223 2389 1288 docet,
2418 1221 2635 1290 quando
2657 1237 2723 1276 ex
2754 1228 2894 1275 mala
2922 1223 3030 1276 vita
3058 1224 3367 1293 concipitur
3395 1265 3411 1290 ,
3442 1225 3582 1293 quod
3628 1225 3753 1295 pejus

2215 1312 2447 1367 dicatur.
2479 1312 2558 1367 Ac
2593 1313 2636 1367 si
2687 1312 2738 1366 ei
2768 1323 2957 1382 aperte
2987 1314 3298 1369 diceretur:
3333 1314 3486 1382 Quod
3530 1331 3754 1386 perverse

2215 1402 2474 1472 loqueris,
2498 1417 2564 1457 ex
2610 1404 2940 1473 perversiori
2969 1404 3079 1459 vita
3117 1405 3371 1461 didicisti.
3404 1405 3510 1461 Sed
3536 1408 3754 1476 quoniam

2213 1502 2398 1550 sancta
2419 1494 2664 1550 Ecclesia
2686 1510 2867 1549 veram
2891 1495 3101 1550 Domini
3125 1510 3368 1560 carnem,
3383 1512 3561 1552 veram
3575 1497 3756 1552 Domini

2216 1595 2448 1642 mortem
2481 1587 2767 1652 conﬁtens,
2794 1587 2860 1642 ab
2887 1586 3158 1642 luereticis
3180 1587 3269 1656 qui
3292 1588 3396 1642 hoc
3416 1598 3625 1658 negant,
3648 1590 3756 1644 irro-

2211 1693 2338 1746 gare
2373 1676 2482 1732 Deo
2513 1677 2894 1732 contumeliam
2919 1679 3178 1734 creditur.
3209 1679 3364 1735 Unde
3390 1697 3532 1736 nunc
3555 1681 3756 1737 dicitur:

2213 1767 2278 1820 Et
2305 1767 2525 1821 imitaris
2556 1765 2790 1838 linguam
2819 1767 3305 1838 blasphemantium.
3343 1769 3599 1842 Sequitur
3626 1789 3639 1824 :

2283 1880 2446 1935 Vens.
2484 1880 2537 1934 6.
2570 1879 2945 1935 Condemnabit
2973 1892 3021 1937 te
3049 1899 3104 1938 os
3128 1893 3276 1938 tuum
3304 1925 3318 1949 ,
3358 1894 3407 1939 et
3445 1901 3546 1939 non
3573 1901 3684 1957 ego,
3719 1897 3759 1940 et

2209 1969 2348 2024 labia
2371 1981 2462 2024 tua
2494 1973 2872 2042 respondebunt
2914 1975 3029 2029 tibi.
3061 2005 3132 2014 —
3166 1977 3303 2044 Quia
3335 1977 3482 2032 enim
3512 1994 3576 2033 ex
3603 1993 3758 2033 errore

2208 2060 2566 2118 confessionis
2594 2064 2913 2120 existimant
2947 2067 3086 2121 utala
3112 2068 3459 2126 adversitatis
3481 2086 3756 2141 erumpere,
3826 2115 3828 2118 .

2208 2151 2346 2206 labia
2401 2168 2497 2207 sua
2543 2155 2593 2208 ei
2622 2163 2875 2210 asserunt
2902 2159 3233 2227 respondere
3255 2200 3270 2228 ,
3301 2169 3363 2216 ut
3402 2161 3559 2231 culpa
3589 2162 3758 2233 eloquii

2207 2244 2278 2300 sit
2306 2261 2468 2300 causa
2499 2245 2716 2317 ﬂagelli.
2764 2247 3024 2318 Sequitur
3056 2269 3071 2305 :

2278 2338 2442 2392 Vens.
2475 2339 2527 2404 'l,
2565 2341 2617 2394 8.
2653 2340 2910 2412 Nunquid
2958 2344 3161 2413 primus
3201 2347 3355 2401 homo
3379 2356 3439 2401 tu
3466 2359 3617 2403 natus
3635 2365 3698 2414 es,
3721 2357 3758 2401 et

2206 2439 2327 2481 ante
2355 2428 2510 2483 colles
2536 2430 2836 2499 formatus?
2865 2434 3125 2505 Nunquid
3139 2438 3423 2492 consilium
3447 2439 3546 2494 Dei
3570 2441 3759 2504 audisti,

2206 2531 2253 2574 et
2299 2521 2518 2590 inferior
2565 2533 2614 2576 te
2671 2525 2770 2578 erit
2815 2526 2931 2595 ejus
2959 2529 3463 2598 sapientia?-—Ac
3512 2531 3556 2586 si
3609 2530 3762 2594 verbis

2206 2613 2566 2682 apertioribus
2598 2614 2743 2671 dicat
2781 2629 2798 2671 :
2829 2616 2932 2684 Qui
2957 2618 3025 2674 de
3053 2629 3260 2676 aeterno
3285 2621 3531 2692 loqueris
3557 2663 3571 2688 ,
3620 2636 3759 2692 pensa

2206 2704 2330 2772 quia
2355 2705 2666 2774 temporalis
2708 2722 2790 2763 es.
2824 2707 2924 2775 Qui
2952 2709 3020 2764 de
3049 2707 3167 2778 ejus
3195 2712 3471 2780 sapientia
3509 2713 3760 2785 disputas,

2205 2808 2371 2862 pensa
2399 2796 2525 2864 quia
2555 2797 2836 2852 consilium
2872 2799 3109 2870 ignoras.
3144 2799 3448 2871 Sequitur:

2274 2906 2438 2961 Vens.
2469 2907 2523 2962 9.
2553 2907 2698 2972 Quid
2723 2910 2861 2964 nosti
2884 2912 3027 2981 quod
3057 2912 3400 2983 ignoremus?
3426 2914 3570 2981 Quid
3592 2913 3758 2970 intelli-

2204 2997 2305 3067 gis,
2335 2997 2476 3067 qnod
2498 3000 2810 3081 nesciamus.
2837 3032 2905 3042 —
2931 3000 3062 3069 Qua:
3085 3004 3337 3060 videlicet
3372 3005 3525 3061 dicta
3550 3013 3767 3076 patenter

2205 3090 2512 3153 ostendunt,
2545 3105 2611 3146 ex
2639 3107 2744 3162 qua
2782 3094 2981 3149 mentis
3010 3094 3242 3151 elatione
3265 3097 3520 3166 prodeat,
3542 3095 3766 3168 quidquid

2134 3174 2176 3236 C
2209 3182 2360 3250 quasi
2402 3181 2470 3235 ad
2509 3181 2850 3239 Dominicam
2880 3184 3250 3245 defensionem
3275 3195 3459 3245 sonat.
3494 3189 3765 3261 Sequitur:

2279 3290 2440 3347 Vsus.
2483 3292 2568 3347 10.
2610 3293 2676 3347 Et
2709 3312 2856 3351 senes
2890 3307 2936 3351 et
2967 3299 3171 3369 antiqui
3209 3311 3330 3355 sunt
3360 3301 3419 3356 in
3466 3303 3608 3358 nobis
3633 3301 3770 3355 multo

2207 3387 2510 3442 vetustiores
2536 3404 2692 3458 quam
2722 3400 2896 3459 patres
2925 3392 3023 3445 tui.
3052 3419 3130 3432 α-ι
3157 3392 3293 3460 Quia
3324 3410 3522 3452 omnes
3563 3395 3770 3452 hazretici

2209 3498 2238 3536 a
2285 3490 2470 3537 sancta
2518 3482 2810 3538 universali
2857 3484 3096 3539 Ecclesia
3145 3496 3270 3541 sunt
3316 3490 3527 3559 egressi
3576 3497 3771 3546 testatur

2209 3573 2464 3640 Joannes,
2499 3574 2592 3644 qui
2637 3575 2714 3628 ait
2749 3591 2763 3628 :
2817 3593 2834 3625 σ
2865 3575 2944 3628 Ex
2992 3577 3148 3632 nobis
3181 3577 3528 3646 prodierunt,
3573 3580 3661 3635 sed
3685 3592 3770 3634 non

2207 3671 2364 3720 erant
2399 3677 2465 3718 ex
2493 3663 2650 3720 nobis
2679 3663 2860 3734 (Joan.
2888 3681 2948 3729 ιι,
2982 3665 3137 3735 1.9).,»
3187 3665 3292 3721 Sed
3325 3676 3384 3722 ut
3413 3684 3479 3724 ea
3509 3683 3625 3737 quae
3644 3681 3770 3724 asse-

2211 3763 2338 3809 runt
2363 3755 2752 3811 commendare
2793 3755 2972 3810 stultis
3019 3756 3292 3813 mentibus
3327 3758 3610 3815 hominum
3645 3756 3770 3828 quasi

2210 3848 2276 3903 de
2321 3849 2642 3917 antiquitate
2680 3859 2921 3919 possent,
2969 3850 3223 3920 antiquos
3267 3849 3462 3908 Patres
3498 3867 3557 3908 se
3602 3853 3774 3907 habere

2215 3947 2504 4005 testantur,
2539 3949 2702 4009 atque
2732 3941 2877 4009 ipsos
2897 3940 3148 3997 doctores
3178 3942 3440 3998 Ecclesia:
3463 3959 3576 3999 sua:
3601 3941 3772 4014 profes

2213 4027 2382 4082 sionis
2423 4028 2710 4097 magistros
2743 4029 2947 4083 dicunt.
2989 4030 3234 4101 Cumque
3271 4045 3577 4100 prmsentes
3606 4029 3774 4102 praedi-

2212 4127 2425 4174 catores
2449 4119 2774 4190 despiciunt,
2805 4123 2870 4176 de
2909 4123 3254 4191 antiquorum
3285 4123 3512 4178 Patrum
3554 4123 3773 4193 magiste‘

2213 4212 2296 4265 rio
2344 4211 2479 4266 falsa
2513 4213 2934 4282 przesumptione
2980 4212 3298 4282 gloriantur,
3349 4221 3409 4268 ut
3439 4229 3504 4268 ea
3550 4228 3666 4283 qua:
3695 4209 3776 4280 ipsi

2214 4303 2400 4358 dicunt
2452 4303 2616 4357 etiam
2672 4304 2925 4373 antiquos
2969 4303 3160 4359 Patres
3219 4304 3460 4360 tenuisse
3511 4304 3773 4360 fateantur.

2215 4392 2473 4464 Sequitur
2509 4412 2523 4448 :

2289 4484 2449 4542 Vens.
2488 4487 2575 4540 ll.
2619 4478 2877 4553 Nunquid
2925 4486 3124 4556 grande
3173 4497 3270 4554 est,
3314 4497 3370 4541 ut
3415 4488 3708 4543 consoletur
3738 4492 3776 4536 tt

2220 4575 2382 4642 Deus,
2408 4576 2497 4630 sed
2524 4575 2676 4630 verba
2709 4583 2798 4628 tua
2827 4591 2989 4645 prava
3024 4576 3119 4629 hoc
3159 4576 3449 4646 prohibent.
3483 4607 3557 4617 —
3580 4577 3655 4630 Ac
3676 4570 3776 4628 sici

2219 4677 2467 4739 patenter
2492 4667 2638 4723 dicat
2666 4685 2679 4720 :
2715 4666 2770 4721 Si
2803 4665 3137 4735 professione
3178 4667 3303 4722 ﬁdei
3340 4668 3653 4738 corrigeris,
3685 4664 3778 4732 jam

2221 4759 2420 4814 dudum
2483 4757 2906 4813 consolationem
2973 4756 3198 4828 flagellis
3259 4759 3461 4815 habere
3516 4757 3775 4829 potuisses.

2223 4851 2480 4920 Sequitur
2507 4869 2520 4905 :
3779 4859 3789 4913 ξ

2293 4942 2456 4996 Vens.
2492 4939 2577 4994 l2.
2615 4941 2753 5006 Quid
2776 4951 2825 4996 te
2846 4942 3007 4995 elevat
3031 4952 3310 5009 cortuum,
3337 4953 3385 4997 et
3419 4942 3576 5013 quasi
3613 4949 3785 5007 magna.

2223 5034 2479 5102 cogitans,
2511 5035 2755 5088 attonitos
2798 5034 2954 5088 habes
2998 5035 3215 5088 oculos?
3239 5066 3310 5076 —-
3349 5035 3509 5105 Step6
3534 5035 3778 5103 justorum

2225 5137 2378 5177 mens
2423 5121 2495 5176 ita
2531 5121 2598 5175 ad
2633 5121 2823 5177 altiora
2873 5123 3704 5193 contemplandasuspenditur,
3735 5125 3782 5172 ut

2223 5213 2464 5269 exterius
2508 5226 2694 5268 eorum
2747 5212 2915 5268 facies
2965 5215 3311 5285 obstupuisse
3375 5214 3644 5270 videatur.
3695 5206 3782 5264 Sed

2228 5305 2348 5334 nu:n
2409 5305 2548 5334 Lnnn
2604 5303 3074 5334 nnnlamn'nl:nn:n
3127 5306 3234 5334 ‘v:m
3287 5304 3338 5334 ξπ
3390 5305 3606 5334 nun-nlla
3649 5309 3783 5334 unum
