3948 5398
501 256 610 310 2ἶὸ

1533 261 1591 317 S.
1629 261 1879 319 ODONlS
1916 260 2206 316 ABBATlS
2244 260 2740 320 CLUNIACENSlS
2776 263 2820 318 ll
3616 264 3699 320 ΞΗ

503 367 652 420 teriri
700 383 755 422 se
788 369 1021 439 undique
1052 369 1261 424 insidiis
1309 368 1506 435 credit,
1562 370 1740 424 salute
1791 369 2079 438 desperata
2108 374 2155 432 Α
2184 367 2478 424 norabilior
2514 385 2640 438 pars
2678 378 2779 425 est.
2828 366 2945 423 Non
2975 383 3105 440 ergo
3147 368 3413 424 immerito
3443 367 3618 422 mentis
3641 370 3702 424 in-

506 472 720 528 semper
747 459 813 512 ad
843 460 1139 529 nequitiam
1168 460 1454 516 excrescit.
1495 459 1756 531 Sequitur
1786 476 1800 512 :

577 542 736 602 Vsus.
778 548 867 603 25.
906 549 1037 603 Cum
1074 567 1129 604 se
1156 550 1373 603 moverit
1406 549 1474 602 ad
1499 551 1839 619 quwrendunt
1874 562 2081 617 panem,

501 639 636 693 novit
666 639 805 708 quod
833 650 1051 710 paratus
1081 642 1145 695 sit
1179 641 1233 695 in
1271 657 1430 695 manu
1465 641 1577 710 ejus
1600 640 1928 693 tenebrarum
1951 638 2081 690 dies.

498 730 753 786 -——Panis
781 732 979 787 etenim
1033 734 1358 804 slipendium
1413 733 1536 788 vitae
1580 731 1882 802 prmsentis,
1939 738 2083 784 tene-

499 825 720 879 brarum
754 839 881 880 vero
912 826 1027 881 dies
1057 834 1268 896 tempus
1316 824 1537 879 ultionis
1564 824 1844 893 accipitur.
1878 820 1935 875 ln
1981 819 2085 875 hac

499 918 612 972 vita
635 933 864 987 qum”...
895 934 994 974 suo
1037 918 1327 988 aliquando
1364 917 1466 972 iste
1511 930 1799 987 pervorsus
1827 914 1965 968 iram
1995 928 2084 965 su-

498 1008 651 1076 perni
677 1009 875 1079 judicis
904 1010 1187 1080 perpendit
1218 1017 1560 1079 praesentem,
1598 1007 1693 1062 sed
1739 1021 1770 1060 e
1799 1004 1940 1060 malo
1976 1018 2081 1058 non

500 1097 784 1163 avertitur,
817 1109 875 1154 ut
905 1100 1068 1155 etiam
1097 1099 1211 1170 ipsa
1251 1114 1465 1171 quoque
1491 1100 1557 1155 ab
1582 1098 1699 1169 ejus
1731 1096 1951 1152 interitu
1982 1110 2080 1149 va-

2187 461 2355 516 tentio
2381 476 2477 530 per
2520 461 2710 517 faciem
2752 461 3089 531 designatur,
3126 475 3284 530 quam
3315 458 3538 528 quolibet
3573 460 3705 515 verti-

2185 569 2324 615 mus,
2359 552 2487 607 illud
2519 553 2783 607 videmus.
2812 551 3028 607 Faciem
3073 566 3202 621 ergo
3225 551 3514 605 crassitudo
3547 551 3705 619 operit.

2184 645 2309 714 quia
2373 643 2679 699 desiderata
2761 651 3099 697 terrenarum
3171 657 3351 696 rerum
3427 639 3706 695 abundantia

2183 734 2369 790 oculos
2400 734 2596 789 mentis
2624 732 2846 804 premit,
2879 741 2935 786 et
2965 733 3067 786 hoc
3096 732 3238 801 quod
3269 731 3321 785 in
3343 729 3421 785 eis
3442 729 3709 784 honorabile

2183 843 2302 885 esse
2332 829 2535 893 debuit,
2569 836 2696 882 ante
2727 827 2818 883 Dei
2848 827 3035 881 oculos
3065 825 3250 890 foedat,
3281 824 3405 895 quia
3438 822 3571 876 curis
3599 820 3709 875 mul-

2186 918 2455 989 tiplicibus
2484 925 2760 989 aggravat.
2799 915 3076 987 Sequitur.
3129 915 3196 969 Et
3239 915 3304 968 de
3349 913 3586 969 lateribus
3621 911 3712 981 ejus

2183 1009 2365 1062 arvina
2386 1008 2658 1077 dependet.
2686 1037 2757 1047 —
2786 1005 2922 1073 Quia
2954 1006 3141 1060 arvina
3167 1003 3433 1076 pinguedo
3452 1011 3531 1057 est
3550 994 3709 1064 carnis,

2184 1099 2352 1154 latera
2387 1099 2569 1155 dicere
2615 1097 2851 1154 solemus
2901 1096 3151 1161 divitum,
3198 1095 3299 1150 bos
3346 1108 3481 1163 quos
3500 1092 3587 1159 Zeis
3615 1106 3713 1146 cono

500 1188 607 1242 lcat
655 1192 847 1246 averti.
889 1192 1194 1249 Accusante
1228 1202 1410 1248 autem
1448 1207 1507 1248 se
1553 1190 1885 1247 conscientia
1930 1188 2080 1245 feriri
2174 1188 2391 1257 junctos
2420 1189 2709 1244 cernimus.
2747 1188 2951 1243 Arvina
2983 1186 3051 1242 de
3082 1186 3343 1242 lateribus
3382 1183 3496 1254 ejus
3536 1182 3714 1255 pendet,

462 1280 711 1344 emetuit,
766 1281 859 1336 sed
920 1291 1101 1338 tamen
1160 1298 1372 1355 semper
1431 1292 1593 1355 auget
1641 1282 1784 1354 quod
1834 1281 2078 1336 feriatur.

500 1371 812 1428 Contemnit
842 1375 987 1430 enim
1044 1376 1276 1431 reditum
1327 1390 1507 1440 suum,
1548 1375 1800 1445 desperat
1843 1371 2077 1439 veniam,

502 1464 745 1534 superbit
774 1466 824 1522 in
855 1467 1032 1538 culpa.
1070 1468 1363 1537 Sequitur:

574 1554 736 1610 Vens.
784 1556 875 1610 2i.
946 1557 1174 1612 Terrebit
1219 1575 1338 1612 eum
1393 1558 1686 1624 tribulatio,
1739 1568 1789 1613 et
1836 1557 2081 1628 angustia

500 1645 713 1700 rallabit
743 1664 881 1713 eum,
922 1649 1055 1703 sicut
1102 1666 1271 1721 regem
1320 1651 1415 1721 qui
1461 1660 1791 1721 prwparatur
1837 1652 1905 1704 ad
1952 1664 2082 1719 prm-

2182 1280 2305 1350 quia
2331 1280 2579 1350 quisquis
2601 1279 2807 1350 potenti
2830 1290 2886 1334 et
2918 1277 3103 1347 iniquo
3132 1277 3392 1341 adhaeret,
3416 1275 3526 1345 ipse
3543 1284 3717 1344 quoque

2180 1371 2250 1426 de
2276 1370 2391 1441 ejus
2420 1370 2659 1440 potentia
2694 1369 2843 1424 velut
2876 1384 2944 1424 ex
2989 1368 3315 1438 pinguedine
3352 1379 3526 1421 rerum
3564 1370 3715 1418 tumet.

2183 1460 2288 1529 Qui
2344 1461 2561 1531 patroni
2619 1459 2863 1530 perversi
2919 1459 3261 1529 iniquitatem
3314 1471 3540 1525 sequens
3582 1454 3717 1508 Deum

2182 1569 2287 1631 non
2317 1553 2492 1619 timet,
2525 1568 2660 1625 quos
2714 1551 2879 1616 valet,
2931 1559 2987 1606 et
3033 1558 3265 1620 quantos
3310 1547 3453 1602 valet
3496 1558 3720 1617 pauperes

2184 1643 2390 1716 afﬂigit,
2421 1654 2477 1700 et
2514 1645 2579 1699 de
2610 1643 2782 1716 gloria
2832 1641 3117 1713 temporali
3168 1657 3264 1697 cor
3309 1639 3503 1696 elevat.
3562 1636 3720 1706 Sequi-

501 1736 652 1791 lium.
681 1769 751 1778 -—
774 1738 830 1793 lu
864 1742 1010 1796 omni
1038 1743 1180 1812 quod
1223 1743 1439 1813 iniquus
1482 1743 1614 1813 agit,
1659 1743 2003 1825 tribulatione
2031 1749 2085 1796 et
2116 1722 2159 1782 Β
2190 1743 2315 1790 lur:

501 1828 751 1898 angustia
781 1830 1033 1898 vallatur,
1063 1834 1188 1903 quia
1216 1849 1314 1889 cor
1342 1835 1458 1905 ejus
1488 1835 1765 1889 anxietate
1808 1842 1862 1889 et
1892 1848 2082 1904 suspe-

502 1917 683 1973 ctione
713 1919 1083 2003 confunditur.
1124 1924 1412 1980 Sciendum
1442 1926 1680 1995 quoque,
1713 1925 1840 1994 quia
1874 1941 1968 1979 rex
1993 1925 2085 1994 qui

501 2019 837 2080 prmparatur
862 2013 930 2067 ad
959 2014 1222 2083 praelium,
1256 2015 1334 2072 sic
1372 2016 1435 2071 de
1482 2016 1635 2071 hoste
1672 2025 1956 2088 suspectus
1981 2025 2083 2082 est,

499 2106 562 2152 ut
587 2100 855 2167 eumdem,
888 2117 1047 2172 quem
1082 2105 1251 2171 ducit,
1278 2105 1587 2183 exercitum
1613 2114 1903 2162 metuatne
1936 2106 2086 2161 labe-

505 2189 763 2257 lactetur,
817 2209 884 2249 ne
952 2196 1303 2253 destitutione
1357 2197 1608 2264 militum,
1656 2197 1852 2267 jaculis
1904 2207 2089 2268 pateat

507 2279 872 2337 inimicorum.
933 2284 1154 2355 iniquus
1204 2302 1332 2357 ergo
1370 2288 1619 2358 angustia
1672 2289 1904 2343 vallatur
1947 2289 2090 2344 sicut

505 2370 599 2441 qui
651 2383 987 2443 praeparatur
1036 2378 1102 2430 ad
1155 2377 1417 2446 praelium,
1475 2379 1599 2447 quia
1654 2379 1904 2434 videlicet
1956 2379 2088 2434 falsa

506 2475 691 2531 agens,
708 2461 841 2518 falsa
863 2463 1105 2535 loquens,
1128 2466 1380 2522 formidat
1405 2484 1471 2521 ne
1494 2484 1620 2523 suos
1640 2470 1851 2524 amittat
1869 2469 2086 2537 milites,

505 2553 559 2607 id
598 2565 681 2610 est
711 2567 1029 2629 argumenta
1075 2558 1349 2626 falsitatis,
1400 2569 1455 2614 ct
1484 2561 1727 2616 veritatis
1756 2560 1951 2630 jaculis
1995 2578 2089 2632 pa-

506 2654 633 2713 teat,
661 2648 705 2702 si
732 2648 783 2703 ei
806 2647 1035 2705 fortasse
1061 2636 1294 2705 defuerit
1337 2650 1478 2719 quod
1503 2665 1569 2704 ex
1597 2650 1808 2706 fallacia
1831 2662 2085 2722 opponat.

505 2735 803 2807 Sequitur’:

577 2829 738 2885 Vsus.
779 2830 870 2885 25.
915 2829 1148 2886 Tetendit
1189 2831 1325 2887 enim
1361 2833 1608 2888 adversus
1654 2832 1820 2888 Deum
1874 2851 2089 2888 manum

505 2934 690 2983 suam,
739 2929 787 2973 et
841 2929 1025 2974 contra
1079 2921 1495 2992 Omnipotentem
1556 2923 1826 2977 roboratus
1875 2934 1967 2977 est.
2019 2954 2089 2963 —

504 3006 633 3063 Haec
676 3008 743 3064 de
769 3009 884 3080 ipso
924 3011 1230 3082 iniquorum
1266 3015 1442 3083 capite
1492 3014 1699 3069 scilicet
1753 3015 2086 3071 Antichristo

2263 1825 2422 1879 Vens.
2460 1825 2550 1880 28.
2602 1825 2872 1882 Habitavit
2902 1827 2956 1880 in
2981 1825 3276 1880 civitatibus
3319 1821 3577 1899 desolatis,
3614 1830 3652 1874 et
3682 1820 3723 1873 in

2187 1920 2424 1975 domibus
2450 1919 2690 1986 desertis,
2743 1936 2861 1989 qua:
2908 1919 2965 1973 in
2989 1918 3206 1973 tumulis
3258 1927 3381 1972 sunt
3432 1914 3724 1974 redacta.—

2187 2008 2324 2076 Quia
2377 2010 2522 2065 enim
2588 2024 2617 2063 a
2667 2009 3077 2065 conversatione
3131 2008 3528 2064 conviventium
3573 2005 3725 2060 civitas

2188 2101 2505 2174 appellatur,
2530 2102 2780 2158 civitates
2802 2101 3058 2157 desolata:
3083 2108 3209 2155 sunt
3231 2101 3332 2170 ipsi
3356 2095 3725 2167 obsequentium

2187 2193 2340 2247 cunei
2396 2206 2800 2262 perversurum,
2842 2185 3089 2260 quorum'
3114 2190 3445 2245 clamoribus
3487 2199 3726 2261 pervorsus

2191 2281 2294 2336 istc
2336 2281 2606 2348 laudatur,
2636 2297 2756 2336 cum
2803 2281 2868 2336 ad
2921 2295 3086 2350 prava
3117 2295 3291 2353 opera
3332 2295 3430 2349 per
3472 2276 3726 2346 nequitiam

2188 2375 2420 2443 rapitur.
2484 2374 2686 2429 Domus
2742 2388 2870 2429 vero
2932 2373 3158 2428 deserta:
3233 2380 3363 2425 sunt
3421 2368 3729 2439 cogitationes

2190 2479 2368 2534 prava:
2400 2478 2535 2531 quas
2580 2463 2799 2532 iniquus
2845 2462 2946 2517 iste
2985 2461 3271 2524 inhabitat,
3313 2459 3441 2529 quia
3490 2473 3580 2527 per
3604 2467 3729 2512 omne

2189 2554 2333 2624 quod
2381 2555 2493 2625 agit
2546 2554 2855 2624 iniquorum
2899 2552 3142 2608 omnium
3190 2550 3603 2623 cogitationibus
3643 2546 3729 2616 pla-

2190 2658 2314 2698 cere
2342 2645 2568 2714 appetit.
2599 2644 2700 2711 Qui
2732 2644 2930 2701 deserti
2977 2653 3031 2699 et
3064 2643 3291 2699 desolati
3339 2643 3601 2707 dicuntur,
3633 2637 3730 2706 quia

2189 2735 2531 2804 omnipotens
2562 2735 2702 2791 Deus
2742 2743 2795 2790 et
2839 2734 3301 2800 conversationes,
3341 2730 3730 2802 etcogitationcs

2192 2828 2378 2882 talium
2431 2829 2654 2883 deserit.
2709 2828 2943 2884 Ruentia
2987 2844 3219 2898 namque
3275 2828 3559 2884 domorum
3602 2833 3731 2893 atque

2191 2922 2473 2977 civitatum
2517 2907 2745 2978 aedilicia
2794 2922 3026 2978 tumulos
3073 2921 3304 2984 faciunt,
3336 2917 3610 2989 Quomodo
3631 2915 3731 2970 dum

2191 3014 2344 3082 pravi
2395 3014 2597 3083 quique
2649 3013 2891 3068 confusis
2943 3012 3251 3068 actionibus
3306 3009 3643 3080 sibimetipsis
3680 3005 3732 3060 ad

508 3099 747 3167 apertius
792 3101 1121 3157 sentiuntur.
1166 3101 1268 3169 Qui
1314 3082 1503 3158 contra
1537 3104 1703 3159 Deum
1733 3121 1950 3159 manum
1978 3105 2086 3160 eri-
2111 3082 2155 3143 θ
2187 3118 2445 3175 perversa
2479 3082 2641 3174 opera
2681 3101 3004 3173 junguntur,
3051 3102 3346 3157 ostendunt
3376 3098 3561 3172 procul
3583 3096 3731 3160 dubio,

506 3205 659 3261 gens,
690 3191 936 3247 roborari
964 3193 1178 3260 dicitur,
1210 3194 1336 3265 quia
1365 3211 1532 3265 parvo
1580 3204 1818 3267 tempore
1862 3197 2085 3268 permit-

503 3282 639 3337 titur
659 3283 909 3351 exaltari,
934 3294 993 3340 ut
1018 3301 1137 3342 cum
1170 3287 1237 3341 ad
1282 3288 1551 3343 modicmu
1600 3288 1819 3360 gloriari
1864 3289 2083 3355 sinitur,

507 3389 574 3428 eo
605 3375 657 3428 in
705 3385 1023 3446 perpetuum
1074 3379 1315 3434 atrocius
1361 3380 1633 3448 puniatur.
1684 3379 1790 3436 Sed
1818 3380 1943 3450 quia
1971 3381 2087 3451 ejus

510 3467 755 3522 membra
789 3477 913 3524 sunt
937 3485 1125 3532 omnes
1155 3471 1346 3541 iniqui,
1376 3473 1480 3527 hoc
1506 3473 1649 3542 quod
1688 3472 1739 3527 in
1773 3474 1877 3528 line
1905 3473 2087 3530 mundi

508 3555 601 3611 ille
653 3565 780 3614 tunc
827 3559 1171 3630 singulariter
1208 3569 1427 3639 acturus
1478 3571 1562 3618 est
1610 3579 1770 3630 unus,
1809 3564 2090 3619 videamus

510 3648 672 3703 modo
723 3650 956 3720 qualiter
1010 3667 1040 3706 a
1106 3652 1267 3707 malis
1328 3661 1520 3722 agatur
1582 3653 1828 3724 singulis.
1888 3652 2090 3708 Contra

506 3740 676 3794 Deum
732 3741 931 3812 quippe
991 3757 1211 3798 manum
1263 3743 1486 3799 tendere
1539 3752 1623 3799 est
1675 3744 1729 3798 in
1778 3744 2090 3813 operatione

502 3842 674 3898 prava
723 3830 997 3900 despectis
1047 3832 1143 3887 Dei
1184 3830 1402 3902 judiciis
1447 3846 1820 3903 Perseverare,
1860 3842 1915 3889 et
1964 3833 2090 3901 quia

503 3927 634 3975 tunc
683 3922 860 3993 magis
906 3923 1162 3978 irascitur
1198 3938 1322 3979 cum
1371 3924 1637 3992 permittit
1683 3924 1915 3994 impleri,
1947 3924 2090 3993 quod

502 4011 697 4077 saltem
737 4016 949 4085 concipi
1000 4015 1054 4070 in
1105 4017 1436 4088 cogitatione
1484 4032 1592 4071 non
1633 4017 1834 4072 debuit.
1888 4016 2090 4072 Contra

504 4100 938 4173 Omnipotentem
971 4106 1189 4176 iniquus
1227 4109 1330 4164 iste
1363 4109 1668 4179 roboratur,
1712 4110 1837 4181 quia
1869 4125 2091 4180 prospe-

504 4192 622 4246 rari
651 4193 708 4247 in
755 4194 895 4251 mala
933 4210 1030 4252 sua
1079 4199 1293 4254 actione
1328 4200 1686 4270 permittitur,
1739 4210 2007 4271 quatenus
2036 4211 2091 4256 et

502 4299 762 4353 perversa
809 4285 996 4356 faciat,
1047 4298 1102 4346 et
1152 4298 1331 4348 tamen
1380 4291 1611 4349 feliciter
1659 4295 1822 4359 vivat,
1871 4294 1937 4350 de
1983 4309 2091 4368 quo

506 4377 686 4432 adhuc
731 4376 980 4434 subditur
1006 4398 1020 4435 :

583 4464 743 4522 Vens.
782 4468 873 4523 26.
903 4469 1147 4524 Cucurrit
1176 4472 1425 4527 adversus
1454 4474 1623 4528 Deum
1649 4485 1818 4530 erecto
1842 4474 1995 4530 collo.
2016 4505 2089 4519 —-

444 4611 456 4623 ε
505 4554 707 4612 Erecto
750 4557 889 4613 collo
920 4558 1183 4639 adversus
1229 4560 1398 4618 Deum
1447 4578 1669 4620 currere
1719 4574 1822 4631 est,
1854 4580 1918 4619 ea
1968 4581 2088 4636 qua:

506 4644 751 4703 Creatori
777 4649 1063 4718 displicent
1095 4665 1219 4706 cum
1246 4654 1473 4709 audacia
1508 4664 1841 4724 perpetrare.
1878 4657 1951 4710 De
1980 4671 2086 4726 quo

508 4747 656 4793 recte
678 4739 877 4796 dicitur
902 4744 1155 4811 cucurrit,
1181 4743 1234 4799 id
1255 4753 1357 4811 est,
1390 4745 1445 4799 in
1473 4745 1612 4800 malo
1647 4760 1810 4816 opere
1836 4746 2089 4801 obstacu-

506 4825 618 4881 lum
659 4827 727 4909 de
755 4829 1081 4888 adversitate
1114 4848 1221 4889 non
1266 4834 1477 4900 habuit,
1509 4835 1575 4890 de
1603 4852 1709 4906 quo
1734 4836 1911 4890 adhuc
1934 4837 2085 4891 addi-

509 4926 616 4973 tur.
642 4915 710 4973 Et
727 4922 906 4992 pingui
933 4924 1129 4980 cervice
1157 4935 1393 4980 armatus
1421 4936 1514 4980 est.
1551 4957 1623 4966 ——
1648 4926 1870 4997 Pinguis
1905 4927 2090 4983 cervix

507 5018 591 5064 est
631 5011 886 5081 opulenta
933 5016 1206 5086 superbia,
1258 5015 1597 5072 afﬂuentibus
1644 5017 1893 5071 videlicet
1929 5016 2090 5071 rebus

2119 4436 2169 4496 Ι)

2188 3194 2314 3263 quia
2337 3193 2564 3248 aedilicia
2587 3193 2713 3247 vita:
2738 3193 3072 3248 ceciderunt.
3114 3192 3377 3267 Sequitur
3403 3211 3416 3246 :

2258 3284 2420 3340 Vsus.
2462 3285 2553 3341 29.
2585 3284 2708 3339 Non
2739 3286 3060 3340 habitabitur
3092 3284 3422 3358 [ditabitur],
3468 3300 3553 3339 nec
3597 3293 3732 3352 pem-

2188 3378 2383 3434 eerabil
2415 3378 2710 3432 substantia
2747 3378 2884 3448 ejus,
2930 3395 3021 3433 nec
3049 3362 3218 3432 mitte?
3260 3380 3315 3433 in
3363 3390 3505 3433 terra
3544 3374 3732 3429 radicem

2189 3485 2361 3523 suam.
2391 3501 2457 3508 —
2498 3468 2647 3536 Quod
2682 3470 2771 3524 hic
2801 3486 2903 3523 non
2952 3469 3277 3523 habitabitur
3317 3469 3519 3525 dictum
3564 3474 3656 3527 est,
3691 3462 3731 3515 in

2191 3560 2509 3629 quibusdam
2554 3560 2832 3615 codicibus
2873 3561 3046 3630 reperi
3074 3577 3178 3615 non
3218 3560 3494 3614 dilabitur.
3524 3556 3619 3613 Sed
3638 3568 3731 3608 sen-

2191 3667 2284 3708 sus
2313 3668 2418 3707 non
2470 3652 2759 3721 discrepat,
2810 3653 3057 3721 quamvis
3104 3668 3135 3707 a
3178 3666 3240 3707 se
3268 3667 3453 3707 sermo
3481 3644 3730 3705 discordet.

2189 3742 2282 3799 Ille
2318 3745 2463 3799 enim
2502 3745 2796 3800 virtutibus
2843 3743 3119 3810 dilabitur,
3178 3745 3333 3815 cujus
3382 3751 3611 3799 mentem
3650 3751 3733 3792 non

2191 3835 2781 3905 babitatomnipotens
2805 3837 2969 3892 Deus.
2999 3834 3105 3895 Sed
3132 3836 3256 3905 quia
3308 3835 3528 3905 superbi
3569 3829 3733 3900 c0gita-

2193 3926 2269 3979 tio
2297 3925 2550 3982 Auctoris
2602 3926 2687 3981 sui
2739 3927 2972 3998 gratiam
3031 3940 3136 3982 non
3187 3926 3477 3991 inhabitat,
3530 3920 3734 3994 profecto

2190 4018 2483 4074 virtutibus
2510 4034 2613 4074 non
2645 4020 2867 4075 ditatur.
2902 4019 3130 4091 Propter
3169 4022 3274 4076 hoc
3297 4036 3429 4091 ergo
3467 4016 3601 4089 quod
3630 4015 3735 4068 inte-
3808 4048 3813 4053 -

2192 4108 2306 4164 rius
2335 4119 2419 4165 est
2444 4125 2649 4165 vacuus
2693 4111 2915 4179 ditatur,
2948 4127 3055 4167 non
3085 4112 3481 4167 inbabitabitur
3514 4129 3527 4164 :
3554 4112 3735 4180 propter

2193 4200 2297 4257 boc
2340 4216 2470 4257 vero
2518 4203 2663 4272 quod
2700 4202 3016 4258 transiloric
3069 4203 3204 4259 foris
3250 4211 3443 4269 tumet,
3474 4210 3611 4256 recte
3636 4195 3734 4251 sub-

2189 4292 2471 4363 jungitur:
2516 4293 2628 4348 Nec
2670 4295 3016 4364 perseverabit
3057 4294 3351 4349 substantia
3398 4294 3531 4365 ejus.
3562 4321 3626 4333 -—
3653 4285 3734 4340 δυ·

2195 4383 2392 4453 perbus
2409 4394 2411 4398 ‘
2429 4384 2573 4439 enim
2600 4370 2832 4455 quisque
2857 4384 2984 4438 dum
3010 4393 3197 4440 contra
3226 4385 3513 4440 Dominum
3544 4380 3733 4437 robora-

2195 4482 2304 4542 tur,
2341 4475 2469 4531 dum
2504 4475 2677 4530 currit
2715 4484 2886 4530 erecto
2930 4473 3088 4542 collo,
3138 4484 3192 4530 et
3248 4475 3302 4530 in
3347 4473 3526 4545 pingui
3575 4466 3734 4526 cervice

2182 4553 2384 4619 contra
2412 4565 2707 4620 Auctorem
2737 4564 2984 4633 erigitur,
3034 4570 3183 4618 stare
3230 4565 3386 4634 quasi
3436 4561 3593 4617 arbor
3617 4554 3733 4610 vide-

2195 4663 2283 4708 tur
2313 4672 2326 4707 :
2359 4654 2453 4709 sed
2488 4662 2660 4709 status
2688 4653 2804 4721 ejus
2839 4654 2956 4711 sine
2999 4655 3182 4710 radice
3223 4663 3327 4719 est,
3369 4655 3493 4723 quia
3519 4650 3653 4706 velut
3680 4644 3731 4698 ad

2194 4746 2364 4800 levem
2422 4742 2631 4809 ﬂatum,
2682 4746 2762 4799 sic
2815 4743 2884 4797 ad
2935 4743 3152 4799 modum
3211 4744 3436 4799 occulta:
3470 4733 3732 4809 sententia:

2193 4835 2301 4889 vita
2327 4835 2442 4905 ejus
2471 4835 2701 4889 eruitur.
2737 4833 2832 4889 Sin
2865 4849 2995 4889 vero
3026 4835 3128 4890 hoc
3150 4834 3269 4890 loco
3302 4843 3521 4896 terram,
3548 4837 3732 4885 aeterna:

2193 4926 2318 4980 vita:
2371 4922 2785 4980 retributionem
2837 4924 3173 4993 accipimus,
3231 4923 3301 4979 de
3351 4936 3453 4993 qua
3499 4917 3729 4985 Propheta

2193 5017 2306 5071 ait:
2345 5034 2363 5067 ι
2418 5016 2601 5073 Portio
2648 5031 2765 5072 mea
2807 5015 2862 5071 in
2895 5024 3039 5072 terra
3066 5012 3563 5088 viventiumltDsal.
3610 5019 3728 5067 cm.
