  <div class='ocr_page' id='page_1' title='image "/cluster/home/n/w/nwhite01/storage/ocr_20150623/133/hvd.32044010035673/126.png"; bbox 0 0 3948 5398; ppageno 0'>
   <div class='ocr_carea' id='block_1_1' title="bbox 169 367 275 427">
    <p class='ocr_par' dir='ltr' id='par_1_1' title="bbox 169 367 275 427">
     <span class='ocr_line' id='line_1_1' title="bbox 169 367 275 427; baseline 0 -1"><span class='ocrx_word' id='word_1_1' title='bbox 169 367 275 427; x_wconf 62' lang='lat' dir='ltr'><strong>iis</strong></span> 
     </span>
    </p>
   </div>
   <div class='ocr_carea' id='block_1_2' title="bbox 922 374 2686 444">
    <p class='ocr_par' dir='ltr' id='par_1_2' title="bbox 922 374 2686 444">
     <span class='ocr_line' id='line_1_2' title="bbox 922 374 2686 444; baseline 0.009 -17"><span class='ocrx_word' id='word_1_2' title='bbox 922 374 1222 430; x_wconf 69' lang='grc' dir='ltr'><strong>ΕΡΙΤΟΜΕ</strong></span> <span class='ocrx_word' id='word_1_3' title='bbox 1264 376 1626 432; x_wconf 69' lang='grc' dir='ltr'><strong>ΜΟΒΑῌῐΜ</strong></span> <span class='ocrx_word' id='word_1_4' title='bbox 1664 378 1724 433; x_wconf 91' lang='lat' dir='ltr'><strong>S.</strong></span> <span class='ocrx_word' id='word_1_5' title='bbox 1760 377 1968 436; x_wconf 76' lang='lat' dir='ltr'><strong>GREG.</strong></span> <span class='ocrx_word' id='word_1_6' title='bbox 2013 382 2078 436; x_wconf 74' lang='lat' dir='ltr'><strong>IN</strong></span> <span class='ocrx_word' id='word_1_7' title='bbox 2117 384 2253 440; x_wconf 70' lang='grc' dir='ltr'><strong>1ΙΟΒ.</strong></span> <span class='ocrx_word' id='word_1_8' title='bbox 2296 419 2363 426; x_wconf 92' lang='grc'><strong>--</strong></span> <span class='ocrx_word' id='word_1_9' title='bbox 2411 389 2532 442; x_wconf 84' lang='lat' dir='ltr'><strong>LiB.</strong></span> <span class='ocrx_word' id='word_1_10' title='bbox 2577 389 2686 444; x_wconf 74' lang='lat' dir='ltr'><strong>XII.</strong></span> 
     </span>
    </p>
   </div>
   <div class='ocr_carea' id='block_1_3' title="bbox 3305 403 3413 456">
    <p class='ocr_par' dir='ltr' id='par_1_3' title="bbox 3305 403 3413 456">
     <span class='ocr_line' id='line_1_3' title="bbox 3305 403 3413 456; baseline 0 0"><span class='ocrx_word' id='word_1_11' title='bbox 3305 403 3413 456; x_wconf 69' lang='grc'><strong>246</strong></span> 
     </span>
    </p>
   </div>
   <div class='ocr_carea' id='block_1_4' title="bbox 171 480 3412 585">
    <p class='ocr_par' dir='ltr' id='par_1_4' title="bbox 171 480 3412 585">
     <span class='ocr_line' id='line_1_4' title="bbox 171 480 3412 585; baseline 0.01 -51"><span class='ocrx_word' id='word_1_12' title='bbox 171 480 410 536; x_wconf 87' lang='lat' dir='ltr'><strong>tenebris</strong></span> <span class='ocrx_word' id='word_1_13' title='bbox 454 481 767 537; x_wconf 85' lang='lat' dir='ltr'><strong>recederet:</strong></span> <span class='ocrx_word' id='word_1_14' title='bbox 803 482 898 536; x_wconf 86' lang='lat' dir='ltr'><strong>sed</strong></span> <span class='ocrx_word' id='word_1_15' title='bbox 947 485 1075 552; x_wconf 87' lang='lat' dir='ltr'><strong>quia</strong></span> <span class='ocrx_word' id='word_1_16' title='bbox 1132 487 1302 542; x_wconf 82' lang='lat' dir='ltr'><strong>lucem</strong></span> <span class='ocrx_word' id='word_1_17' title='bbox 1360 489 1582 558; x_wconf 70' lang='lat' dir='ltr'><strong>justiti-.9</strong></span> <span class='ocrx_word' id='word_1_18' title='bbox 1633 508 1738 546; x_wconf 92' lang='lat' dir='ltr'><strong>non</strong></span> <span class='ocrx_word' id='word_1_19' title='bbox 1770 493 2004 549; x_wconf 82' lang='lat' dir='ltr'><strong>Abatur</strong></span> <span class='ocrx_word' id='word_1_20' title='bbox 2052 497 2202 566; x_wconf 68' lang='lat' dir='ltr'><strong>(liter:</strong></span> <span class='ocrx_word' id='word_1_21' title='bbox 2251 500 2481 554; x_wconf 73' lang='lat' dir='ltr'><strong>videntur</strong></span> <span class='ocrx_word' id='word_1_22' title='bbox 2540 506 2640 572; x_wconf 84' lang='lat' dir='ltr'><strong>legi</strong></span> <span class='ocrx_word' id='word_1_23' title='bbox 2683 507 2866 560; x_wconf 75' lang='lat' dir='ltr'><strong>debere</strong></span> <span class='ocrx_word' id='word_1_24' title='bbox 2919 527 3130 564; x_wconf 86' lang='lat' dir='ltr'><strong>numero</strong></span> <span class='ocrx_word' id='word_1_25' title='bbox 3174 513 3412 585; x_wconf 78' lang='lat' dir='ltr'><strong>plurali).</strong></span> 
     </span>
    </p>
   </div>
   <div class='ocr_carea' id='block_1_5' title="bbox 168 572 1744 648">
    <p class='ocr_par' dir='ltr' id='par_1_5' title="bbox 168 572 1744 648">
     <span class='ocr_line' id='line_1_5' title="bbox 168 572 1744 648; baseline 0.011 -27"><span class='ocrx_word' id='word_1_26' title='bbox 168 572 378 638; x_wconf 65' lang='grc' dir='ltr'><strong>(μετα-ὴ,</strong></span> <span class='ocrx_word' id='word_1_27' title='bbox 422 573 488 625; x_wconf 88' lang='lat' dir='ltr'><strong>de</strong></span> <span class='ocrx_word' id='word_1_28' title='bbox 529 575 763 628; x_wconf 90' lang='lat' dir='ltr'><strong>tenebris</strong></span> <span class='ocrx_word' id='word_1_29' title='bbox 789 591 892 628; x_wconf 91' lang='lat' dir='ltr'><strong>non</strong></span> <span class='ocrx_word' id='word_1_30' title='bbox 951 579 1170 631; x_wconf 87' lang='lat' dir='ltr'><strong>recedit.</strong></span> <span class='ocrx_word' id='word_1_31' title='bbox 1214 580 1512 648; x_wconf 73' lang='lat' dir='ltr'><strong>Sequitur:</strong></span> <span class='ocrx_word' id='word_1_32' title='bbox 1555 582 1744 638; x_wconf 81' lang='lat' dir='ltr'><strong>Ramos</strong></span> 
     </span>
    </p>
   </div>
   <div class='ocr_carea' id='block_1_6' title="bbox 191 662 1743 742">
    <p class='ocr_par' dir='ltr' id='par_1_6' title="bbox 191 662 1743 742">
     <span class='ocr_line' id='line_1_6' title="bbox 191 662 1743 742; baseline 0.01 -29"><span class='ocrx_word' id='word_1_33' title='bbox 191 662 305 729; x_wconf 80' lang='lat' dir='ltr'><strong>ejus</strong></span> <span class='ocrx_word' id='word_1_34' title='bbox 350 662 571 731; x_wconf 75' lang='lat' dir='ltr'><strong>arefncit</strong></span> <span class='ocrx_word' id='word_1_35' title='bbox 600 665 836 732; x_wconf 80' lang='lat' dir='ltr'><strong>flamma.</strong></span> <span class='ocrx_word' id='word_1_36' title='bbox 869 665 1094 732; x_wconf 87' lang='lat' dir='ltr'><strong>—Quia</strong></span> <span class='ocrx_word' id='word_1_37' title='bbox 1149 669 1245 737; x_wconf 85' lang='lat' dir='ltr'><strong>ipsi</strong></span> <span class='ocrx_word' id='word_1_38' title='bbox 1295 686 1504 740; x_wconf 88' lang='lat' dir='ltr'><strong>quoque</strong></span> <span class='ocrx_word' id='word_1_39' title='bbox 1552 675 1642 742; x_wconf 89' lang='lat' dir='ltr'><strong>qui</strong></span> <span class='ocrx_word' id='word_1_40' title='bbox 1695 675 1743 729; x_wconf 87' lang='lat' dir='ltr'><strong>ei</strong></span> 
     </span>
    </p>
   </div>
   <div class='ocr_carea' id='block_1_7' title="bbox 168 751 1742 826">
    <p class='ocr_par' dir='ltr' id='par_1_7' title="bbox 168 751 1742 826">
     <span class='ocr_line' id='line_1_7' title="bbox 168 751 1742 826; baseline 0.008 -22"><span class='ocrx_word' id='word_1_41' title='bbox 168 751 442 820; x_wconf 76' lang='lat' dir='ltr'><strong>conjuncti</strong></span> <span class='ocrx_word' id='word_1_42' title='bbox 472 760 614 816; x_wconf 79' lang='lat' dir='ltr'><strong>sunt,</strong></span> <span class='ocrx_word' id='word_1_43' title='bbox 649 755 874 808; x_wconf 88' lang='lat' dir='ltr'><strong>terrenis</strong></span> <span class='ocrx_word' id='word_1_44' title='bbox 920 756 1202 812; x_wconf 81' lang='lat' dir='ltr'><strong>desideriis</strong></span> <span class='ocrx_word' id='word_1_45' title='bbox 1245 770 1495 826; x_wconf 86' lang='lat' dir='ltr'><strong>aestuant,</strong></span> <span class='ocrx_word' id='word_1_46' title='bbox 1537 771 1590 816; x_wconf 91' lang='lat' dir='ltr'><strong>et</strong></span> <span class='ocrx_word' id='word_1_47' title='bbox 1619 763 1742 816; x_wconf 90' lang='lat' dir='ltr'><strong>dum</strong></span> 
     </span>
    </p>
   </div>
   <div class='ocr_carea' id='block_1_8' title="bbox 169 841 1746 915">
    <p class='ocr_par' dir='ltr' id='par_1_8' title="bbox 169 841 1746 915">
     <span class='ocr_line' id='line_1_8' title="bbox 169 841 1746 915; baseline 0.008 -23"><span class='ocrx_word' id='word_1_48' title='bbox 169 841 565 896; x_wconf 82' lang='lat' dir='ltr'><strong>desideriorum</strong></span> <span class='ocrx_word' id='word_1_49' title='bbox 596 841 809 897; x_wconf 82' lang='lat' dir='ltr'><strong>ﬂamma</strong></span> <span class='ocrx_word' id='word_1_50' title='bbox 845 844 1121 900; x_wconf 91' lang='lat' dir='ltr'><strong>clientium</strong></span> <span class='ocrx_word' id='word_1_51' title='bbox 1154 847 1270 915; x_wconf 87' lang='lat' dir='ltr'><strong>ejus</strong></span> <span class='ocrx_word' id='word_1_52' title='bbox 1308 851 1516 904; x_wconf 90' lang='lat' dir='ltr'><strong>animos</strong></span> <span class='ocrx_word' id='word_1_53' title='bbox 1555 867 1746 905; x_wconf 90' lang='lat' dir='ltr'><strong>accen-</strong></span> 
     </span>
    </p>
   </div>
   <div class='ocr_carea' id='block_1_9' title="bbox 168 930 1741 1003">
    <p class='ocr_par' dir='ltr' id='par_1_9' title="bbox 168 930 1741 1003">
     <span class='ocr_line' id='line_1_9' title="bbox 168 930 1741 1003; baseline 0.01 -21"><span class='ocrx_word' id='word_1_54' title='bbox 168 930 270 994; x_wconf 89' lang='lat' dir='ltr'><strong>dit,</strong></span> <span class='ocrx_word' id='word_1_55' title='bbox 304 931 517 986; x_wconf 88' lang='lat' dir='ltr'><strong>scilicet</strong></span> <span class='ocrx_word' id='word_1_56' title='bbox 567 948 744 988; x_wconf 90' lang='lat' dir='ltr'><strong>ramos</strong></span> <span class='ocrx_word' id='word_1_57' title='bbox 787 934 904 1002; x_wconf 88' lang='lat' dir='ltr'><strong>ejus</strong></span> <span class='ocrx_word' id='word_1_58' title='bbox 951 937 1197 1003; x_wconf 89' lang='lat' dir='ltr'><strong>arefacit,</strong></span> <span class='ocrx_word' id='word_1_59' title='bbox 1252 948 1309 994; x_wconf 87' lang='lat' dir='ltr'><strong>ut</strong></span> <span class='ocrx_word' id='word_1_60' title='bbox 1338 939 1569 994; x_wconf 89' lang='lat' dir='ltr'><strong>fructum</strong></span> <span class='ocrx_word' id='word_1_61' title='bbox 1614 941 1741 997; x_wconf 87' lang='lat' dir='ltr'><strong>boni</strong></span> 
     </span>
    </p>
   </div>
   <div class='ocr_carea' id='block_1_10' title="bbox 167 1023 1742 1102">
    <p class='ocr_par' dir='ltr' id='par_1_10' title="bbox 167 1023 1742 1102">
     <span class='ocr_line' id='line_1_10' title="bbox 167 1023 1742 1102; baseline 0.008 -28"><span class='ocrx_word' id='word_1_62' title='bbox 167 1023 355 1091; x_wconf 86' lang='lat' dir='ltr'><strong>operis</strong></span> <span class='ocrx_word' id='word_1_63' title='bbox 411 1040 514 1080; x_wconf 91' lang='lat' dir='ltr'><strong>non</strong></span> <span class='ocrx_word' id='word_1_64' title='bbox 548 1023 743 1080; x_wconf 89' lang='lat' dir='ltr'><strong>ferant.</strong></span> <span class='ocrx_word' id='word_1_65' title='bbox 783 1026 1078 1096; x_wconf 91' lang='lat' dir='ltr'><strong>Sequitur:</strong></span> <span class='ocrx_word' id='word_1_66' title='bbox 1117 1030 1182 1082; x_wconf 84' lang='lat' dir='ltr'><strong>Et</strong></span> <span class='ocrx_word' id='word_1_67' title='bbox 1234 1032 1505 1100; x_wconf 77' lang='lat' dir='ltr'><strong>auferetur</strong></span> <span class='ocrx_word' id='word_1_68' title='bbox 1553 1034 1742 1102; x_wconf 79' lang='lat' dir='ltr'><strong>spiritu</strong></span> 
     </span>
    </p>
   </div>
   <div class='ocr_carea' id='block_1_11' title="bbox 166 1113 1745 1190">
    <p class='ocr_par' dir='ltr' id='par_1_11' title="bbox 166 1113 1745 1190">
     <span class='ocr_line' id='line_1_11' title="bbox 166 1113 1745 1190; baseline 0.008 -26"><span class='ocrx_word' id='word_1_69' title='bbox 166 1113 274 1164; x_wconf 83' lang='lat' dir='ltr'><strong>oris</strong></span> <span class='ocrx_word' id='word_1_70' title='bbox 307 1113 407 1166; x_wconf 83' lang='lat' dir='ltr'><strong>sui.</strong></span> <span class='ocrx_word' id='word_1_71' title='bbox 441 1144 510 1153; x_wconf 96' lang='lat'><strong><em>—</em></strong></span> <span class='ocrx_word' id='word_1_72' title='bbox 552 1113 829 1184; x_wconf 88' lang='lat' dir='ltr'><strong>Superbus</strong></span> <span class='ocrx_word' id='word_1_73' title='bbox 876 1119 1074 1172; x_wconf 90' lang='lat' dir='ltr'><strong>etenim</strong></span> <span class='ocrx_word' id='word_1_74' title='bbox 1110 1120 1360 1189; x_wconf 89' lang='lat' dir='ltr'><strong>quisque,</strong></span> <span class='ocrx_word' id='word_1_75' title='bbox 1405 1137 1510 1190; x_wconf 92' lang='lat' dir='ltr'><strong>quo</strong></span> <span class='ocrx_word' id='word_1_76' title='bbox 1544 1123 1598 1176; x_wconf 90' lang='lat' dir='ltr'><strong>in</strong></span> <span class='ocrx_word' id='word_1_77' title='bbox 1645 1124 1745 1178; x_wconf 90' lang='lat' dir='ltr'><strong>hac</strong></span> 
     </span>
    </p>
   </div>
   <div class='ocr_carea' id='block_1_12' title="bbox 165 1204 1744 1278">
    <p class='ocr_par' dir='ltr' id='par_1_12' title="bbox 165 1204 1744 1278">
     <span class='ocr_line' id='line_1_12' title="bbox 165 1204 1744 1278; baseline 0.009 -23"><span class='ocrx_word' id='word_1_78' title='bbox 165 1204 276 1256; x_wconf 85' lang='lat' dir='ltr'><strong>vita</strong></span> <span class='ocrx_word' id='word_1_79' title='bbox 325 1205 448 1274; x_wconf 87' lang='lat' dir='ltr'><strong>plus</strong></span> <span class='ocrx_word' id='word_1_80' title='bbox 475 1207 637 1272; x_wconf 80' lang='lat' dir='ltr'><strong>valet,</strong></span> <span class='ocrx_word' id='word_1_81' title='bbox 682 1223 746 1263; x_wconf 90' lang='lat' dir='ltr'><strong>eo</strong></span> <span class='ocrx_word' id='word_1_82' title='bbox 790 1209 892 1263; x_wconf 87' lang='lat' dir='ltr'><strong>sibi</strong></span> <span class='ocrx_word' id='word_1_83' title='bbox 944 1209 1138 1278; x_wconf 75' lang='lat' dir='ltr'><strong>lingua:</strong></span> <span class='ocrx_word' id='word_1_84' title='bbox 1181 1211 1326 1266; x_wconf 79' lang='lat' dir='ltr'><strong>frena</strong></span> <span class='ocrx_word' id='word_1_85' title='bbox 1375 1215 1744 1269; x_wconf 82' lang='lat' dir='ltr'><strong>andaciusre-</strong></span> 
     </span>
    </p>
   </div>
   <div class='ocr_carea' id='block_1_13' title="bbox 163 1293 1746 1377">
    <p class='ocr_par' dir='ltr' id='par_1_13' title="bbox 163 1293 1746 1377">
     <span class='ocr_line' id='line_1_13' title="bbox 163 1293 1746 1377; baseline 0.01 -31"><span class='ocrx_word' id='word_1_86' title='bbox 163 1293 334 1359; x_wconf 79' lang='lat' dir='ltr'><strong>laxat,</strong></span> <span class='ocrx_word' id='word_1_87' title='bbox 371 1306 432 1351; x_wconf 88' lang='lat' dir='ltr'><strong>ut</strong></span> <span class='ocrx_word' id='word_1_88' title='bbox 483 1297 738 1368; x_wconf 79' lang='lat' dir='ltr'><strong>loquatur</strong></span> <span class='ocrx_word' id='word_1_89' title='bbox 787 1317 1037 1368; x_wconf 82' lang='lat' dir='ltr'><strong>perversa</strong></span> <span class='ocrx_word' id='word_1_90' title='bbox 1091 1305 1432 1372; x_wconf 77' lang='lat' dir='ltr'><strong>quzelibet,et</strong></span> <span class='ocrx_word' id='word_1_91' title='bbox 1477 1308 1746 1377; x_wconf 79' lang='lat' dir='ltr'><strong>auferetur</strong></span> 
     </span>
    </p>
   </div>
   <div class='ocr_carea' id='block_1_14' title="bbox 162 1387 1742 1464">
    <p class='ocr_par' dir='ltr' id='par_1_14' title="bbox 162 1387 1742 1464">
     <span class='ocr_line' id='line_1_14' title="bbox 162 1387 1742 1464; baseline 0.011 -26"><span class='ocrx_word' id='word_1_92' title='bbox 162 1387 355 1454; x_wconf 86' lang='lat' dir='ltr'><strong>spiritu</strong></span> <span class='ocrx_word' id='word_1_93' title='bbox 396 1390 502 1442; x_wconf 86' lang='lat' dir='ltr'><strong>oris</strong></span> <span class='ocrx_word' id='word_1_94' title='bbox 537 1389 675 1460; x_wconf 87' lang='lat' dir='ltr'><strong>ejus,</strong></span> <span class='ocrx_word' id='word_1_95' title='bbox 728 1393 854 1460; x_wconf 83' lang='lat' dir='ltr'><strong>quia</strong></span> <span class='ocrx_word' id='word_1_96' title='bbox 905 1408 970 1448; x_wconf 91' lang='lat' dir='ltr'><strong>eo</strong></span> <span class='ocrx_word' id='word_1_97' title='bbox 1019 1398 1379 1464; x_wconf 89' lang='lat' dir='ltr'><strong>percussionis</strong></span> <span class='ocrx_word' id='word_1_98' title='bbox 1423 1401 1742 1455; x_wconf 84' lang='lat' dir='ltr'><strong>sententiam</strong></span> 
     </span>
    </p>
   </div>
   <div class='ocr_carea' id='block_1_15' title="bbox 160 1477 1746 1553">
    <p class='ocr_par' dir='ltr' id='par_1_15' title="bbox 160 1477 1746 1553">
     <span class='ocr_line' id='line_1_15' title="bbox 160 1477 1746 1553; baseline 0.012 -25"><span class='ocrx_word' id='word_1_99' title='bbox 160 1477 389 1548; x_wconf 84' lang='lat' dir='ltr'><strong>accipit,</strong></span> <span class='ocrx_word' id='word_1_100' title='bbox 417 1494 524 1548; x_wconf 88' lang='lat' dir='ltr'><strong>quo</strong></span> <span class='ocrx_word' id='word_1_101' title='bbox 555 1481 666 1535; x_wconf 89' lang='lat' dir='ltr'><strong>oris</strong></span> <span class='ocrx_word' id='word_1_102' title='bbox 710 1483 790 1536; x_wconf 89' lang='lat' dir='ltr'><strong>sui</strong></span> <span class='ocrx_word' id='word_1_103' title='bbox 826 1484 1077 1553; x_wconf 91' lang='lat' dir='ltr'><strong>spiritum</strong></span> <span class='ocrx_word' id='word_1_104' title='bbox 1109 1487 1208 1541; x_wconf 86' lang='lat' dir='ltr'><strong>sub</strong></span> <span class='ocrx_word' id='word_1_105' title='bbox 1251 1487 1430 1542; x_wconf 88' lang='lat' dir='ltr'><strong>divina</strong></span> <span class='ocrx_word' id='word_1_106' title='bbox 1461 1489 1746 1547; x_wconf 86' lang='lat' dir='ltr'><strong>lormidine</strong></span> 
     </span>
    </p>
   </div>
   <div class='ocr_carea' id='block_1_16' title="bbox 161 1568 963 1640">
    <p class='ocr_par' dir='ltr' id='par_1_16' title="bbox 161 1568 963 1640">
     <span class='ocr_line' id='line_1_16' title="bbox 161 1568 963 1640; baseline 0.011 -22"><span class='ocrx_word' id='word_1_107' title='bbox 161 1579 269 1618; x_wconf 92' lang='lat' dir='ltr'><strong>non</strong></span> <span class='ocrx_word' id='word_1_108' title='bbox 317 1568 617 1624; x_wconf 79' lang='lat' dir='ltr'><strong>restrinxit.</strong></span> <span class='ocrx_word' id='word_1_109' title='bbox 661 1569 963 1640; x_wconf 85' lang='lat' dir='ltr'><strong>Sequitur:</strong></span> 
     </span>
    </p>
   </div>
   <div class='ocr_carea' id='block_1_17' title="bbox 227 1652 1746 1738">
    <p class='ocr_par' dir='ltr' id='par_1_17' title="bbox 227 1652 1746 1738">
     <span class='ocr_line' id='line_1_17' title="bbox 227 1652 1746 1738; baseline 0.011 -33"><span class='ocrx_word' id='word_1_110' title='bbox 227 1652 404 1710; x_wconf 67' lang='lat' dir='ltr'><strong>Vsus.</strong></span> <span class='ocrx_word' id='word_1_111' title='bbox 442 1657 532 1711; x_wconf 77' lang='grc'><strong>51.</strong></span> <span class='ocrx_word' id='word_1_112' title='bbox 576 1657 697 1713; x_wconf 75' lang='lat' dir='ltr'><strong>Non</strong></span> <span class='ocrx_word' id='word_1_113' title='bbox 717 1661 879 1714; x_wconf 84' lang='lat' dir='ltr'><strong>credit</strong></span> <span class='ocrx_word' id='word_1_114' title='bbox 899 1661 1098 1731; x_wconf 80' lang='lat' dir='ltr'><strong>frustra</strong></span> <span class='ocrx_word' id='word_1_115' title='bbox 1121 1681 1297 1720; x_wconf 87' lang='lat' dir='ltr'><strong>errore</strong></span> <span class='ocrx_word' id='word_1_116' title='bbox 1325 1667 1586 1737; x_wconf 85' lang='lat' dir='ltr'><strong>deceptus,</strong></span> <span class='ocrx_word' id='word_1_117' title='bbox 1609 1668 1746 1738; x_wconf 85' lang='lat' dir='ltr'><strong>quod</strong></span> 
     </span>
    </p>
   </div>
   <div class='ocr_carea' id='block_1_18' title="bbox 155 1743 1746 1828">
    <p class='ocr_par' dir='ltr' id='par_1_18' title="bbox 155 1743 1746 1828">
     <span class='ocr_line' id='line_1_18' title="bbox 155 1743 1746 1828; baseline 0.013 -34"><span class='ocrx_word' id='word_1_118' title='bbox 155 1743 341 1811; x_wconf 83' lang='lat' dir='ltr'><strong>aliqua</strong></span> <span class='ocrx_word' id='word_1_119' title='bbox 377 1748 541 1816; x_wconf 86' lang='lat' dir='ltr'><strong>pretio</strong></span> <span class='ocrx_word' id='word_1_120' title='bbox 567 1750 897 1804; x_wconf 78' lang='lat' dir='ltr'><strong>redimendus</strong></span> <span class='ocrx_word' id='word_1_121' title='bbox 937 1753 1024 1806; x_wconf 88' lang='lat' dir='ltr'><strong>sit.</strong></span> <span class='ocrx_word' id='word_1_122' title='bbox 1048 1785 1117 1794; x_wconf 93' lang='lat'><em>—</em></span> <span class='ocrx_word' id='word_1_123' title='bbox 1139 1754 1361 1821; x_wconf 84' lang='lat' dir='ltr'><strong>Quoties</strong></span> <span class='ocrx_word' id='word_1_124' title='bbox 1387 1768 1509 1826; x_wconf 89' lang='lat' dir='ltr'><strong>post</strong></span> <span class='ocrx_word' id='word_1_125' title='bbox 1533 1758 1746 1828; x_wconf 92' lang='lat' dir='ltr'><strong>culpam</strong></span> 
     </span>
    </p>
   </div>
   <div class='ocr_carea' id='block_1_19' title="bbox 1855 584 3415 667">
    <p class='ocr_par' dir='ltr' id='par_1_19' title="bbox 1855 584 3415 667">
     <span class='ocr_line' id='line_1_19' title="bbox 1855 584 3415 667; baseline 0.012 -28"><span class='ocrx_word' id='word_1_126' title='bbox 1855 584 2002 640; x_wconf 79' lang='lat' dir='ltr'><strong>Unde</strong></span> <span class='ocrx_word' id='word_1_127' title='bbox 2030 597 2152 656; x_wconf 91' lang='lat' dir='ltr'><strong>apte</strong></span> <span class='ocrx_word' id='word_1_128' title='bbox 2199 590 2482 647; x_wconf 89' lang='lat' dir='ltr'><strong>subditur:</strong></span> <span class='ocrx_word' id='word_1_129' title='bbox 2514 593 2706 648; x_wconf 83' lang='lat' dir='ltr'><strong>Manus</strong></span> <span class='ocrx_word' id='word_1_130' title='bbox 2735 596 2847 664; x_wconf 97' lang='lat' dir='ltr'><strong>ejus</strong></span> <span class='ocrx_word' id='word_1_131' title='bbox 2879 601 3088 653; x_wconf 84' lang='lat' dir='ltr'><strong>arescit.</strong></span> <span class='ocrx_word' id='word_1_132' title='bbox 3128 601 3262 667; x_wconf 82' lang='lat' dir='ltr'><strong>Quia</strong></span> <span class='ocrx_word' id='word_1_133' title='bbox 3291 604 3415 658; x_wconf 87' lang='lat' dir='ltr'><strong>dum</strong></span> 
     </span>
    </p>
   </div>
   <div class='ocr_carea' id='block_1_20' title="bbox 1846 677 3418 756">
    <p class='ocr_par' dir='ltr' id='par_1_20' title="bbox 1846 677 3418 756">
     <span class='ocr_line' id='line_1_20' title="bbox 1846 677 3418 756; baseline 0.011 -28"><span class='ocrx_word' id='word_1_134' title='bbox 1846 677 2204 732; x_wconf 79' lang='lat' dir='ltr'><strong>exterioribus</strong></span> <span class='ocrx_word' id='word_1_135' title='bbox 2253 682 2465 736; x_wconf 89' lang='lat' dir='ltr'><strong>actibus</strong></span> <span class='ocrx_word' id='word_1_136' title='bbox 2524 683 2899 753; x_wconf 88' lang='lat' dir='ltr'><strong>intempestive</strong></span> <span class='ocrx_word' id='word_1_137' title='bbox 2959 689 3291 756; x_wconf 73' lang='lat' dir='ltr'><strong>involvitur,</strong></span> <span class='ocrx_word' id='word_1_138' title='bbox 3351 695 3418 747; x_wconf 91' lang='lat' dir='ltr'><strong>ah</strong></span> 
     </span>
    </p>
   </div>
   <div class='ocr_carea' id='block_1_21' title="bbox 1846 765 3420 840">
    <p class='ocr_par' dir='ltr' id='par_1_21' title="bbox 1846 765 3420 840">
     <span class='ocr_line' id='line_1_21' title="bbox 1846 765 3420 840; baseline 0.014 -26"><span class='ocrx_word' id='word_1_139' title='bbox 1846 765 1987 816; x_wconf 92' lang='lat' dir='ltr'><strong>omni</strong></span> <span class='ocrx_word' id='word_1_140' title='bbox 2016 766 2265 820; x_wconf 87' lang='lat' dir='ltr'><strong>nimirum</strong></span> <span class='ocrx_word' id='word_1_141' title='bbox 2292 768 2432 823; x_wconf 88' lang='lat' dir='ltr'><strong>bona</strong></span> <span class='ocrx_word' id='word_1_142' title='bbox 2454 772 2767 840; x_wconf 89' lang='lat' dir='ltr'><strong>operatione</strong></span> <span class='ocrx_word' id='word_1_143' title='bbox 2796 775 3049 830; x_wconf 90' lang='lat' dir='ltr'><strong>siccatur.</strong></span> <span class='ocrx_word' id='word_1_144' title='bbox 3080 777 3227 835; x_wconf 79' lang='lat' dir='ltr'><strong>Unde</strong></span> <span class='ocrx_word' id='word_1_145' title='bbox 3247 781 3420 836; x_wconf 88' lang='lat' dir='ltr'><strong>adhuc</strong></span> 
     </span>
    </p>
   </div>
   <div class='ocr_carea' id='block_1_22' title="bbox 1845 854 2244 912">
    <p class='ocr_par' dir='ltr' id='par_1_22' title="bbox 1845 854 2244 912">
     <span class='ocr_line' id='line_1_22' title="bbox 1845 854 2244 912; baseline 0.01 -4"><span class='ocrx_word' id='word_1_146' title='bbox 1845 854 1981 909; x_wconf 90' lang='lat' dir='ltr'><strong>bene</strong></span> <span class='ocrx_word' id='word_1_147' title='bbox 2009 856 2204 912; x_wconf 90' lang='lat' dir='ltr'><strong>dicitur</strong></span> <span class='ocrx_word' id='word_1_148' title='bbox 2232 877 2244 912; x_wconf 88' lang='lat'><strong>:</strong></span> 
     </span>
    </p>
   </div>
   <div class='ocr_carea' id='block_1_23' title="bbox 1916 943 3418 1029">
    <p class='ocr_par' dir='ltr' id='par_1_23' title="bbox 1916 943 3418 1029">
     <span class='ocr_line' id='line_1_23' title="bbox 1916 943 3418 1029; baseline 0.015 -35"><span class='ocrx_word' id='word_1_149' title='bbox 1916 943 2074 1024; x_wconf 73' lang='lat' dir='ltr'><strong>Vens.</strong></span> <span class='ocrx_word' id='word_1_150' title='bbox 2113 947 2203 1002; x_wconf 80' lang='lat'><strong>&#39;55.</strong></span> <span class='ocrx_word' id='word_1_151' title='bbox 2244 949 2488 1004; x_wconf 75' lang='lat' dir='ltr'><strong>Lwdetur</strong></span> <span class='ocrx_word' id='word_1_152' title='bbox 2515 956 2666 1021; x_wconf 85' lang='lat' dir='ltr'><strong>quasi</strong></span> <span class='ocrx_word' id='word_1_153' title='bbox 2704 957 2852 1012; x_wconf 83' lang='lat' dir='ltr'><strong>vinea</strong></span> <span class='ocrx_word' id='word_1_154' title='bbox 2883 958 2935 1010; x_wconf 89' lang='lat' dir='ltr'><strong>in</strong></span> <span class='ocrx_word' id='word_1_155' title='bbox 2969 961 3136 1027; x_wconf 86' lang='lat' dir='ltr'><strong>prima</strong></span> <span class='ocrx_word' id='word_1_156' title='bbox 3180 961 3308 1029; x_wconf 81' lang='lat' dir='ltr'><strong>[lore</strong></span> <span class='ocrx_word' id='word_1_157' title='bbox 3335 963 3418 1016; x_wconf 80' lang='lat' dir='ltr'><strong>bo-</strong></span> 
     </span>
    </p>
   </div>
   <div class='ocr_carea' id='block_1_24' title="bbox 1845 1033 3418 1118">
    <p class='ocr_par' dir='ltr' id='par_1_24' title="bbox 1845 1033 3418 1118">
     <span class='ocr_line' id='line_1_24' title="bbox 1845 1033 3418 1118; baseline 0.015 -36"><span class='ocrx_word' id='word_1_158' title='bbox 1845 1040 1956 1085; x_wconf 85' lang='lat' dir='ltr'><strong>trus</strong></span> <span class='ocrx_word' id='word_1_159' title='bbox 1977 1033 2107 1102; x_wconf 88' lang='lat' dir='ltr'><strong>ejus.</strong></span> <span class='ocrx_word' id='word_1_160' title='bbox 2135 1065 2204 1074; x_wconf 92' lang='lat'><strong>-—-</strong></span> <span class='ocrx_word' id='word_1_161' title='bbox 2235 1035 2290 1091; x_wconf 88' lang='lat' dir='ltr'><strong>Si</strong></span> <span class='ocrx_word' id='word_1_162' title='bbox 2323 1039 2601 1096; x_wconf 80' lang='lat' dir='ltr'><strong>florentem</strong></span> <span class='ocrx_word' id='word_1_163' title='bbox 2635 1045 2844 1099; x_wconf 79' lang='lat' dir='ltr'><strong>vineam</strong></span> <span class='ocrx_word' id='word_1_164' title='bbox 2875 1062 2970 1116; x_wconf 90' lang='lat' dir='ltr'><strong>per</strong></span> <span class='ocrx_word' id='word_1_165' title='bbox 2999 1049 3418 1118; x_wconf 75' lang='lat' dir='ltr'><strong>inzequalitatem</strong></span> 
     </span>
    </p>
   </div>
   <div class='ocr_carea' id='block_1_25' title="bbox 1847 1122 3421 1207">
    <p class='ocr_par' dir='ltr' id='par_1_25' title="bbox 1847 1122 3421 1207">
     <span class='ocr_line' id='line_1_25' title="bbox 1847 1122 3421 1207; baseline 0.013 -35"><span class='ocrx_word' id='word_1_166' title='bbox 1847 1122 1990 1175; x_wconf 90' lang='lat' dir='ltr'><strong>aeris</strong></span> <span class='ocrx_word' id='word_1_167' title='bbox 2046 1123 2459 1182; x_wconf 84' lang='lat' dir='ltr'><strong>immoderatum</strong></span> <span class='ocrx_word' id='word_1_168' title='bbox 2504 1130 2675 1201; x_wconf 81' lang='lat' dir='ltr'><strong>frigus</strong></span> <span class='ocrx_word' id='word_1_169' title='bbox 2727 1135 3002 1205; x_wconf 82' lang='lat' dir='ltr'><strong>attigerit,</strong></span> <span class='ocrx_word' id='word_1_170' title='bbox 3063 1140 3306 1207; x_wconf 85' lang='lat' dir='ltr'><strong>protinus</strong></span> <span class='ocrx_word' id='word_1_171' title='bbox 3353 1143 3421 1194; x_wconf 83' lang='lat' dir='ltr'><strong>ah</strong></span> 
     </span>
    </p>
   </div>
   <div class='ocr_carea' id='block_1_26' title="bbox 1845 1213 3420 1285">
    <p class='ocr_par' dir='ltr' id='par_1_26' title="bbox 1845 1213 3420 1285">
     <span class='ocr_line' id='line_1_26' title="bbox 1845 1213 3420 1285; baseline 0.014 -22"><span class='ocrx_word' id='word_1_172' title='bbox 1845 1213 1988 1265; x_wconf 91' lang='lat' dir='ltr'><strong>omni</strong></span> <span class='ocrx_word' id='word_1_173' title='bbox 2019 1213 2244 1270; x_wconf 87' lang='lat' dir='ltr'><strong>lnunore</strong></span> <span class='ocrx_word' id='word_1_174' title='bbox 2291 1219 2576 1277; x_wconf 84' lang='lat' dir='ltr'><strong>viriditatis</strong></span> <span class='ocrx_word' id='word_1_175' title='bbox 2617 1224 2861 1280; x_wconf 79' lang='lat' dir='ltr'><strong>arefacit.</strong></span> <span class='ocrx_word' id='word_1_176' title='bbox 2912 1228 2979 1281; x_wconf 85' lang='lat' dir='ltr'><strong>Et</strong></span> <span class='ocrx_word' id='word_1_177' title='bbox 3009 1237 3134 1283; x_wconf 87' lang='lat' dir='ltr'><strong>sunt</strong></span> <span class='ocrx_word' id='word_1_178' title='bbox 3175 1233 3420 1285; x_wconf 91' lang='lat' dir='ltr'><strong>nonnulli</strong></span> 
     </span>
    </p>
   </div>
   <div class='ocr_carea' id='block_1_27' title="bbox 1845 1305 3428 1393">
    <p class='ocr_par' dir='ltr' id='par_1_27' title="bbox 1845 1305 3428 1393">
     <span class='ocr_line' id='line_1_27' title="bbox 1845 1305 3428 1393; baseline 0.015 -37"><span class='ocrx_word' id='word_1_179' title='bbox 1845 1305 1935 1372; x_wconf 91' lang='lat' dir='ltr'><strong>qui</strong></span> <span class='ocrx_word' id='word_1_180' title='bbox 1968 1315 2087 1373; x_wconf 90' lang='lat' dir='ltr'><strong>post</strong></span> <span class='ocrx_word' id='word_1_181' title='bbox 2118 1324 2371 1377; x_wconf 76' lang='lat' dir='ltr'><strong>perversa</strong></span> <span class='ocrx_word' id='word_1_182' title='bbox 2409 1313 2602 1368; x_wconf 89' lang='lat' dir='ltr'><strong>itinera</strong></span> <span class='ocrx_word' id='word_1_183' title='bbox 2633 1326 2850 1374; x_wconf 89' lang='lat' dir='ltr'><strong>sanctas</strong></span> <span class='ocrx_word' id='word_1_184' title='bbox 2881 1321 3000 1376; x_wconf 89' lang='lat' dir='ltr'><strong>vias</strong></span> <span class='ocrx_word' id='word_1_185' title='bbox 3028 1323 3226 1378; x_wconf 80' lang='lat' dir='ltr'><strong>sectari</strong></span> <span class='ocrx_word' id='word_1_186' title='bbox 3263 1339 3428 1393; x_wconf 77' lang='lat' dir='ltr'><strong>appe-</strong></span> 
     </span>
    </p>
   </div>
   <div class='ocr_carea' id='block_1_28' title="bbox 1847 1397 3420 1477">
    <p class='ocr_par' dir='ltr' id='par_1_28' title="bbox 1847 1397 3420 1477">
     <span class='ocr_line' id='line_1_28' title="bbox 1847 1397 3420 1477; baseline 0.016 -31"><span class='ocrx_word' id='word_1_187' title='bbox 1847 1403 1984 1459; x_wconf 90' lang='lat' dir='ltr'><strong>tunt,</strong></span> <span class='ocrx_word' id='word_1_188' title='bbox 2015 1397 2109 1451; x_wconf 90' lang='lat' dir='ltr'><strong>sed</strong></span> <span class='ocrx_word' id='word_1_189' title='bbox 2141 1399 2452 1469; x_wconf 87' lang='lat' dir='ltr'><strong>priusquam</strong></span> <span class='ocrx_word' id='word_1_190' title='bbox 2491 1404 2542 1458; x_wconf 91' lang='lat' dir='ltr'><strong>in</strong></span> <span class='ocrx_word' id='word_1_191' title='bbox 2571 1406 2669 1471; x_wconf 89' lang='lat' dir='ltr'><strong>eis,</strong></span> <span class='ocrx_word' id='word_1_192' title='bbox 2703 1417 2761 1462; x_wconf 93' lang='lat' dir='ltr'><strong>ut</strong></span> <span class='ocrx_word' id='word_1_193' title='bbox 2791 1409 3058 1477; x_wconf 81' lang='lat' dir='ltr'><strong>diximus,</strong></span> <span class='ocrx_word' id='word_1_194' title='bbox 3091 1415 3230 1468; x_wconf 88' lang='lat' dir='ltr'><strong>bona</strong></span> <span class='ocrx_word' id='word_1_195' title='bbox 3276 1415 3420 1469; x_wconf 85' lang='lat' dir='ltr'><strong>desi-</strong></span> 
     </span>
    </p>
   </div>
   <div class='ocr_carea' id='block_1_29' title="bbox 1847 1487 3421 1570">
    <p class='ocr_par' dir='ltr' id='par_1_29' title="bbox 1847 1487 3421 1570">
     <span class='ocr_line' id='line_1_29' title="bbox 1847 1487 3421 1570; baseline 0.013 -28"><span class='ocrx_word' id='word_1_196' title='bbox 1847 1487 1997 1542; x_wconf 79' lang='lat' dir='ltr'><strong>deria</strong></span> <span class='ocrx_word' id='word_1_197' title='bbox 2054 1490 2407 1558; x_wconf 89' lang='lat' dir='ltr'><strong>roborentur,</strong></span> <span class='ocrx_word' id='word_1_198' title='bbox 2454 1499 2699 1566; x_wconf 62' lang='lat' dir='ltr'><strong>quaedam</strong></span> <span class='ocrx_word' id='word_1_199' title='bbox 2749 1502 2868 1557; x_wconf 90' lang='lat' dir='ltr'><strong>illos</strong></span> <span class='ocrx_word' id='word_1_200' title='bbox 2914 1507 3196 1570; x_wconf 66' lang='lat' dir='ltr'><strong>prazseutis</strong></span> <span class='ocrx_word' id='word_1_201' title='bbox 3241 1509 3421 1562; x_wconf 69' lang='lat' dir='ltr'><strong>satculi</strong></span> 
     </span>
    </p>
   </div>
   <div class='ocr_carea' id='block_1_30' title="bbox 1846 1579 3426 1655">
    <p class='ocr_par' dir='ltr' id='par_1_30' title="bbox 1846 1579 3426 1655">
     <span class='ocr_line' id='line_1_30' title="bbox 1846 1579 3426 1655; baseline 0.016 -27"><span class='ocrx_word' id='word_1_202' title='bbox 1846 1579 2175 1646; x_wconf 88' lang='lat' dir='ltr'><strong>prosperitas</strong></span> <span class='ocrx_word' id='word_1_203' title='bbox 2207 1583 2425 1653; x_wconf 90' lang='lat' dir='ltr'><strong>accipit,</strong></span> <span class='ocrx_word' id='word_1_204' title='bbox 2469 1603 2587 1655; x_wconf 76' lang='lat' dir='ltr'><strong>qua:</strong></span> <span class='ocrx_word' id='word_1_205' title='bbox 2619 1604 2710 1644; x_wconf 88' lang='lat' dir='ltr'><strong>eos</strong></span> <span class='ocrx_word' id='word_1_206' title='bbox 2758 1593 2918 1648; x_wconf 85' lang='lat' dir='ltr'><strong>rebus</strong></span> <span class='ocrx_word' id='word_1_207' title='bbox 2945 1595 3302 1651; x_wconf 76' lang='lat' dir='ltr'><strong>exterioribus</strong></span> <span class='ocrx_word' id='word_1_208' title='bbox 3331 1599 3426 1652; x_wconf 52' lang='lat' dir='ltr'><strong>ira.</strong></span> 
     </span>
    </p>
   </div>
   <div class='ocr_carea' id='block_1_31' title="bbox 1845 1667 3423 1742">
    <p class='ocr_par' dir='ltr' id='par_1_31' title="bbox 1845 1667 3423 1742">
     <span class='ocr_line' id='line_1_31' title="bbox 1845 1667 3423 1742; baseline 0.014 -23"><span class='ocrx_word' id='word_1_209' title='bbox 1845 1667 2029 1734; x_wconf 87' lang='lat' dir='ltr'><strong>plicat.</strong></span> <span class='ocrx_word' id='word_1_210' title='bbox 2054 1681 2109 1723; x_wconf 90' lang='lat' dir='ltr'><strong>et</strong></span> <span class='ocrx_word' id='word_1_211' title='bbox 2137 1686 2322 1725; x_wconf 92' lang='lat' dir='ltr'><strong>eorum</strong></span> <span class='ocrx_word' id='word_1_212' title='bbox 2348 1685 2580 1730; x_wconf 90' lang='lat' dir='ltr'><strong>mentem</strong></span> <span class='ocrx_word' id='word_1_213' title='bbox 2609 1678 2732 1732; x_wconf 90' lang='lat' dir='ltr'><strong>dum</strong></span> <span class='ocrx_word' id='word_1_214' title='bbox 2756 1695 2786 1733; x_wconf 92' lang='lat' dir='ltr'><strong>a</strong></span> <span class='ocrx_word' id='word_1_215' title='bbox 2811 1681 2992 1738; x_wconf 90' lang='lat' dir='ltr'><strong>calore</strong></span> <span class='ocrx_word' id='word_1_216' title='bbox 3021 1685 3194 1739; x_wconf 92' lang='lat' dir='ltr'><strong>intimi</strong></span> <span class='ocrx_word' id='word_1_217' title='bbox 3221 1687 3423 1742; x_wconf 88' lang='lat' dir='ltr'><strong>amoris</strong></span> 
     </span>
    </p>
   </div>
   <div class='ocr_carea' id='block_1_32' title="bbox 1813 1759 3435 1846">
    <p class='ocr_par' dir='ltr' id='par_1_32' title="bbox 1813 1759 3435 1846">
     <span class='ocr_line' id='line_1_32' title="bbox 1813 1759 3435 1846; baseline 0.014 -37"><span class='ocrx_word' id='word_1_218' title='bbox 1813 1788 1818 1794; x_wconf 92' lang='lat'><em>-</em></span> <span class='ocrx_word' id='word_1_219' title='bbox 1849 1759 2096 1821; x_wconf 83' lang='lat' dir='ltr'><strong>retrahit,</strong></span> <span class='ocrx_word' id='word_1_220' title='bbox 2132 1763 2284 1830; x_wconf 88' lang='lat' dir='ltr'><strong>quasi</strong></span> <span class='ocrx_word' id='word_1_221' title='bbox 2316 1779 2378 1818; x_wconf 86' lang='lat' dir='ltr'><strong>ex</strong></span> <span class='ocrx_word' id='word_1_222' title='bbox 2423 1764 2622 1836; x_wconf 78' lang='lat' dir='ltr'><strong>frigore</strong></span> <span class='ocrx_word' id='word_1_223' title='bbox 2648 1771 2961 1842; x_wconf 80' lang='lat' dir='ltr'><strong>exstinguit,</strong></span> <span class='ocrx_word' id='word_1_224' title='bbox 2994 1784 3048 1829; x_wconf 89' lang='lat' dir='ltr'><strong>et</strong></span> <span class='ocrx_word' id='word_1_225' title='bbox 3075 1777 3330 1846; x_wconf 89' lang='lat' dir='ltr'><strong>quidquid</strong></span> <span class='ocrx_word' id='word_1_226' title='bbox 3364 1778 3435 1832; x_wconf 87' lang='lat' dir='ltr'><strong>in-</strong></span> 
     </span>
    </p>
   </div>
   <div class='ocr_carea' id='block_1_33' title="bbox 157 1834 3417 1930">
    <p class='ocr_par' dir='ltr' id='par_1_33' title="bbox 157 1834 3417 1930">
     <span class='ocr_line' id='line_1_33' title="bbox 157 1834 3417 1930; baseline 0.01 -43"><span class='ocrx_word' id='word_1_227' title='bbox 157 1834 541 1908; x_wconf 81' lang='lat' dir='ltr'><strong>eleemosynas</strong></span> <span class='ocrx_word' id='word_1_228' title='bbox 588 1839 816 1896; x_wconf 84' lang='lat' dir='ltr'><strong>facimus</strong></span> <span class='ocrx_word' id='word_1_229' title='bbox 843 1845 996 1912; x_wconf 88' lang='lat' dir='ltr'><strong>quasi</strong></span> <span class='ocrx_word' id='word_1_230' title='bbox 1027 1861 1126 1915; x_wconf 92' lang='lat' dir='ltr'><strong>pro</strong></span> <span class='ocrx_word' id='word_1_231' title='bbox 1152 1848 1332 1916; x_wconf 86' lang='lat' dir='ltr'><strong>pravis</strong></span> <span class='ocrx_word' id='word_1_232' title='bbox 1377 1849 1584 1904; x_wconf 89' lang='lat' dir='ltr'><strong>actibus</strong></span> <span class='ocrx_word' id='word_1_233' title='bbox 1616 1865 1738 1919; x_wconf 86' lang='lat' dir='ltr'><strong>pre-</strong></span> <span class='ocrx_word' id='word_1_234' title='bbox 1766 1840 1814 1900; x_wconf 87' lang='lat' dir='ltr'><strong>B</strong></span> <span class='ocrx_word' id='word_1_235' title='bbox 1841 1849 1920 1903; x_wconf 90' lang='lat' dir='ltr'><strong>eis</strong></span> <span class='ocrx_word' id='word_1_236' title='bbox 1949 1849 2012 1904; x_wconf 88' lang='lat' dir='ltr'><strong>de</strong></span> <span class='ocrx_word' id='word_1_237' title='bbox 2040 1851 2299 1907; x_wconf 88' lang='lat' dir='ltr'><strong>virtutum</strong></span> <span class='ocrx_word' id='word_1_238' title='bbox 2330 1852 2459 1910; x_wconf 81' lang='lat' dir='ltr'><strong>flore</strong></span> <span class='ocrx_word' id='word_1_239' title='bbox 2501 1834 2765 1927; x_wconf 78' lang='lat' dir='ltr'><strong>apparere</strong></span> <span class='ocrx_word' id='word_1_240' title='bbox 2795 1834 3108 1930; x_wconf 60' lang='lat' dir='ltr'><strong>videbatur:</strong></span> <span class='ocrx_word' id='word_1_241' title='bbox 3142 1834 3417 1920; x_wconf 76' lang='lat' dir='ltr'><strong>interficit.</strong></span> 
     </span>
    </p>
   </div>
   <div class='ocr_carea' id='block_1_34' title="bbox 161 1924 1742 2009">
    <p class='ocr_par' dir='ltr' id='par_1_34' title="bbox 161 1924 1742 2009">
     <span class='ocr_line' id='line_1_34' title="bbox 161 1924 1742 2009; baseline 0.012 -34"><span class='ocrx_word' id='word_1_242' title='bbox 161 1924 304 1978; x_wconf 89' lang='lat' dir='ltr'><strong>tium</strong></span> <span class='ocrx_word' id='word_1_243' title='bbox 339 1925 550 1983; x_wconf 89' lang='lat' dir='ltr'><strong>damus.</strong></span> <span class='ocrx_word' id='word_1_244' title='bbox 611 1929 762 1985; x_wconf 86' lang='lat' dir='ltr'><strong>Unde</strong></span> <span class='ocrx_word' id='word_1_245' title='bbox 810 1941 866 1987; x_wconf 90' lang='lat' dir='ltr'><strong>et</strong></span> <span class='ocrx_word' id='word_1_246' title='bbox 919 1950 1014 2003; x_wconf 89' lang='lat' dir='ltr'><strong>per</strong></span> <span class='ocrx_word' id='word_1_247' title='bbox 1068 1935 1389 2007; x_wconf 85' lang='lat' dir='ltr'><strong>Prophetam</strong></span> <span class='ocrx_word' id='word_1_248' title='bbox 1434 1939 1499 1994; x_wconf 90' lang='lat' dir='ltr'><strong>de</strong></span> <span class='ocrx_word' id='word_1_249' title='bbox 1548 1955 1613 1994; x_wconf 90' lang='lat' dir='ltr'><strong>eo</strong></span> <span class='ocrx_word' id='word_1_250' title='bbox 1650 1941 1742 2009; x_wconf 88' lang='lat' dir='ltr'><strong>qui</strong></span> 
     </span>
    </p>
   </div>
   <div class='ocr_carea' id='block_1_35' title="bbox 156 2011 1741 2098">
    <p class='ocr_par' dir='ltr' id='par_1_35' title="bbox 156 2011 1741 2098">
     <span class='ocr_line' id='line_1_35' title="bbox 156 2011 1741 2098; baseline 0.012 -32"><span class='ocrx_word' id='word_1_251' title='bbox 156 2011 277 2068; x_wconf 72' lang='lat' dir='ltr'><strong>[nec</strong></span> <span class='ocrx_word' id='word_1_252' title='bbox 306 2031 417 2070; x_wconf 91' lang='lat' dir='ltr'><strong>non</strong></span> <span class='ocrx_word' id='word_1_253' title='bbox 461 2018 594 2085; x_wconf 83' lang='lat' dir='ltr'><strong>agit,</strong></span> <span class='ocrx_word' id='word_1_254' title='bbox 640 2020 873 2077; x_wconf 91' lang='lat' dir='ltr'><strong>dicitur:</strong></span> <span class='ocrx_word' id='word_1_255' title='bbox 910 2043 928 2075; x_wconf 76' lang='grc' dir='ltr'><strong><em>ι</em></strong></span> <span class='ocrx_word' id='word_1_256' title='bbox 973 2023 1090 2079; x_wconf 80' lang='lat' dir='ltr'><strong>Non</strong></span> <span class='ocrx_word' id='word_1_257' title='bbox 1127 2027 1273 2081; x_wconf 84' lang='lat' dir='ltr'><strong>dabit</strong></span> <span class='ocrx_word' id='word_1_258' title='bbox 1311 2029 1741 2098; x_wconf 88' lang='lat' dir='ltr'><strong>propitiatiouem</strong></span> 
     </span>
    </p>
   </div>
   <div class='ocr_carea' id='block_1_36' title="bbox 155 2112 1741 2192">
    <p class='ocr_par' dir='ltr' id='par_1_36' title="bbox 155 2112 1741 2192">
     <span class='ocr_line' id='line_1_36' title="bbox 155 2112 1741 2192; baseline 0.009 -30"><span class='ocrx_word' id='word_1_259' title='bbox 155 2121 344 2173; x_wconf 86' lang='lat' dir='ltr'><strong>suam,</strong></span> <span class='ocrx_word' id='word_1_260' title='bbox 374 2123 474 2164; x_wconf 92' lang='lat' dir='ltr'><strong>nec</strong></span> <span class='ocrx_word' id='word_1_261' title='bbox 507 2112 742 2180; x_wconf 89' lang='lat' dir='ltr'><strong>pretium</strong></span> <span class='ocrx_word' id='word_1_262' title='bbox 783 2114 1168 2186; x_wconf 87' lang='lat' dir='ltr'><strong>redemptionis</strong></span> <span class='ocrx_word' id='word_1_263' title='bbox 1197 2116 1388 2174; x_wconf 68' lang='lat' dir='ltr'><strong>anima:</strong></span> <span class='ocrx_word' id='word_1_264' title='bbox 1417 2136 1528 2175; x_wconf 71' lang='lat' dir='ltr'><strong>sua:</strong></span> <span class='ocrx_word' id='word_1_265' title='bbox 1568 2119 1741 2192; x_wconf 84' lang='lat' dir='ltr'><strong>(Psal.</strong></span> 
     </span>
    </p>
   </div>
   <div class='ocr_carea' id='block_1_37' title="bbox 155 2201 1743 2277">
    <p class='ocr_par' dir='ltr' id='par_1_37' title="bbox 155 2201 1743 2277">
     <span class='ocr_line' id='line_1_37' title="bbox 155 2201 1743 2277; baseline 0.01 -24"><span class='ocrx_word' id='word_1_266' title='bbox 155 2215 390 2266; x_wconf 71' lang='lat' dir='ltr'><strong>uxxrv,</strong></span> <span class='ocrx_word' id='word_1_267' title='bbox 430 2201 543 2273; x_wconf 83' lang='lat'><strong>89).</strong></span> <span class='ocrx_word' id='word_1_268' title='bbox 581 2223 600 2255; x_wconf 72' lang='grc' dir='ltr'>ι</span> <span class='ocrx_word' id='word_1_269' title='bbox 635 2203 1028 2277; x_wconf 83' lang='lat' dir='ltr'><strong>Nonnunquam</strong></span> <span class='ocrx_word' id='word_1_270' title='bbox 1060 2224 1188 2264; x_wconf 87' lang='lat' dir='ltr'><strong>vero</strong></span> <span class='ocrx_word' id='word_1_271' title='bbox 1217 2210 1408 2266; x_wconf 80' lang='lat' dir='ltr'><strong>divites</strong></span> <span class='ocrx_word' id='word_1_272' title='bbox 1447 2211 1575 2266; x_wconf 89' lang='lat' dir='ltr'><strong>elati</strong></span> <span class='ocrx_word' id='word_1_273' title='bbox 1607 2211 1743 2268; x_wconf 87' lang='lat' dir='ltr'><strong>infe-</strong></span> 
     </span>
    </p>
   </div>
   <div class='ocr_carea' id='block_1_38' title="bbox 159 2293 1744 2374">
    <p class='ocr_par' dir='ltr' id='par_1_38' title="bbox 159 2293 1744 2374">
     <span class='ocr_line' id='line_1_38' title="bbox 159 2293 1744 2374; baseline 0.009 -28"><span class='ocrx_word' id='word_1_274' title='bbox 159 2293 343 2349; x_wconf 85' lang='lat' dir='ltr'><strong>riores</strong></span> <span class='ocrx_word' id='word_1_275' title='bbox 392 2297 722 2365; x_wconf 88' lang='lat' dir='ltr'><strong>opprimunt,</strong></span> <span class='ocrx_word' id='word_1_276' title='bbox 775 2298 947 2353; x_wconf 90' lang='lat' dir='ltr'><strong>aliena</strong></span> <span class='ocrx_word' id='word_1_277' title='bbox 995 2302 1234 2371; x_wconf 87' lang='lat' dir='ltr'><strong>rapiunt,</strong></span> <span class='ocrx_word' id='word_1_278' title='bbox 1279 2314 1333 2356; x_wconf 92' lang='lat' dir='ltr'><strong>et</strong></span> <span class='ocrx_word' id='word_1_279' title='bbox 1384 2315 1558 2359; x_wconf 88' lang='lat' dir='ltr'><strong>tamen</strong></span> <span class='ocrx_word' id='word_1_280' title='bbox 1589 2307 1744 2374; x_wconf 88' lang='lat' dir='ltr'><strong>quasi</strong></span> 
     </span>
    </p>
   </div>
   <div class='ocr_carea' id='block_1_39' title="bbox 153 2385 1741 2461">
    <p class='ocr_par' dir='ltr' id='par_1_39' title="bbox 153 2385 1741 2461">
     <span class='ocr_line' id='line_1_39' title="bbox 153 2385 1741 2461; baseline 0.009 -24"><span class='ocrx_word' id='word_1_281' title='bbox 153 2385 414 2454; x_wconf 67' lang='lat' dir='ltr'><strong>qumdam</strong></span> <span class='ocrx_word' id='word_1_282' title='bbox 467 2387 585 2442; x_wconf 89' lang='lat' dir='ltr'><strong>aliis</strong></span> <span class='ocrx_word' id='word_1_283' title='bbox 647 2389 966 2461; x_wconf 87' lang='lat' dir='ltr'><strong>largiuntur.</strong></span> <span class='ocrx_word' id='word_1_284' title='bbox 1026 2391 1132 2447; x_wconf 91' lang='lat' dir='ltr'><strong>Sed</strong></span> <span class='ocrx_word' id='word_1_285' title='bbox 1167 2410 1275 2448; x_wconf 93' lang='lat' dir='ltr'><strong>non</strong></span> <span class='ocrx_word' id='word_1_286' title='bbox 1324 2394 1520 2450; x_wconf 80' lang='lat' dir='ltr'><strong>frustra</strong></span> <span class='ocrx_word' id='word_1_287' title='bbox 1551 2397 1741 2461; x_wconf 89' lang='lat' dir='ltr'><strong>credit,</strong></span> 
     </span>
    </p>
   </div>
   <div class='ocr_carea' id='block_1_40' title="bbox 153 2477 1742 2557">
    <p class='ocr_par' dir='ltr' id='par_1_40' title="bbox 153 2477 1742 2557">
     <span class='ocr_line' id='line_1_40' title="bbox 153 2477 1742 2557; baseline 0.01 -30"><span class='ocrx_word' id='word_1_288' title='bbox 153 2477 308 2543; x_wconf 88' lang='lat' dir='ltr'><strong>quod</strong></span> <span class='ocrx_word' id='word_1_289' title='bbox 337 2479 503 2546; x_wconf 83' lang='lat' dir='ltr'><strong>pretio</strong></span> <span class='ocrx_word' id='word_1_290' title='bbox 535 2479 865 2535; x_wconf 84' lang='lat' dir='ltr'><strong>redimendus</strong></span> <span class='ocrx_word' id='word_1_291' title='bbox 892 2483 978 2546; x_wconf 87' lang='lat' dir='ltr'><strong>sit,</strong></span> <span class='ocrx_word' id='word_1_292' title='bbox 1007 2484 1132 2551; x_wconf 90' lang='lat' dir='ltr'><strong>quia</strong></span> <span class='ocrx_word' id='word_1_293' title='bbox 1160 2484 1496 2556; x_wconf 77' lang='lat' dir='ltr'><strong>eleemosyna</strong></span> <span class='ocrx_word' id='word_1_294' title='bbox 1528 2489 1742 2557; x_wconf 85' lang='lat' dir='ltr'><strong>superbi</strong></span> 
     </span>
    </p>
   </div>
   <div class='ocr_carea' id='block_1_41' title="bbox 157 2567 1743 2647">
    <p class='ocr_par' dir='ltr' id='par_1_41' title="bbox 157 2567 1743 2647">
     <span class='ocr_line' id='line_1_41' title="bbox 157 2567 1743 2647; baseline 0.008 -28"><span class='ocrx_word' id='word_1_295' title='bbox 157 2567 351 2622; x_wconf 84' lang='lat' dir='ltr'><strong>divitis</strong></span> <span class='ocrx_word' id='word_1_296' title='bbox 405 2583 531 2623; x_wconf 90' lang='lat' dir='ltr'><strong>eum</strong></span> <span class='ocrx_word' id='word_1_297' title='bbox 580 2571 846 2626; x_wconf 90' lang='lat' dir='ltr'><strong>redimere</strong></span> <span class='ocrx_word' id='word_1_298' title='bbox 869 2588 975 2627; x_wconf 93' lang='lat' dir='ltr'><strong>non</strong></span> <span class='ocrx_word' id='word_1_299' title='bbox 1025 2573 1192 2640; x_wconf 87' lang='lat' dir='ltr'><strong>valet,</strong></span> <span class='ocrx_word' id='word_1_300' title='bbox 1230 2591 1389 2644; x_wconf 88' lang='lat' dir='ltr'><strong>quam</strong></span> <span class='ocrx_word' id='word_1_301' title='bbox 1437 2586 1743 2647; x_wconf 64' lang='lat' dir='ltr'><strong>perpetrata</strong></span> 
     </span>
    </p>
   </div>
   <div class='ocr_carea' id='block_1_42' title="bbox 155 2657 1744 2732">
    <p class='ocr_par' dir='ltr' id='par_1_42' title="bbox 155 2657 1744 2732">
     <span class='ocr_line' id='line_1_42' title="bbox 155 2657 1744 2732; baseline 0.008 -22"><span class='ocrx_word' id='word_1_302' title='bbox 155 2657 326 2711; x_wconf 85' lang='lat' dir='ltr'><strong>simul</strong></span> <span class='ocrx_word' id='word_1_303' title='bbox 365 2658 556 2726; x_wconf 88' lang='lat' dir='ltr'><strong>rapina</strong></span> <span class='ocrx_word' id='word_1_304' title='bbox 590 2663 844 2732; x_wconf 88' lang='lat' dir='ltr'><strong>pauperis</strong></span> <span class='ocrx_word' id='word_1_305' title='bbox 886 2672 1012 2718; x_wconf 88' lang='lat' dir='ltr'><strong>ante</strong></span> <span class='ocrx_word' id='word_1_306' title='bbox 1066 2663 1162 2719; x_wconf 90' lang='lat' dir='ltr'><strong>Dei</strong></span> <span class='ocrx_word' id='word_1_307' title='bbox 1219 2667 1404 2722; x_wconf 90' lang='lat' dir='ltr'><strong>oculos</strong></span> <span class='ocrx_word' id='word_1_308' title='bbox 1453 2669 1744 2723; x_wconf 88' lang='lat' dir='ltr'><strong>ascendere</strong></span> 
     </span>
    </p>
   </div>
   <div class='ocr_carea' id='block_1_43' title="bbox 156 2755 1744 2837">
    <p class='ocr_par' dir='ltr' id='par_1_43' title="bbox 156 2755 1744 2837">
     <span class='ocr_line' id='line_1_43' title="bbox 156 2755 1744 2837; baseline 0.011 -32"><span class='ocrx_word' id='word_1_309' title='bbox 156 2767 266 2807; x_wconf 88' lang='lat' dir='ltr'><strong>non</strong></span> <span class='ocrx_word' id='word_1_310' title='bbox 309 2755 596 2822; x_wconf 90' lang='lat' dir='ltr'><strong>permittit.</strong></span> <span class='ocrx_word' id='word_1_311' title='bbox 650 2757 802 2824; x_wconf 88' lang='lat' dir='ltr'><strong>Quod</strong></span> <span class='ocrx_word' id='word_1_312' title='bbox 836 2759 1064 2815; x_wconf 82' lang='lat' dir='ltr'><strong>fortasse</strong></span> <span class='ocrx_word' id='word_1_313' title='bbox 1097 2761 1320 2832; x_wconf 85' lang='lat' dir='ltr'><strong>intelligi</strong></span> <span class='ocrx_word' id='word_1_314' title='bbox 1367 2759 1422 2819; x_wconf 80' lang='lat' dir='ltr'><strong>et</strong></span> <span class='ocrx_word' id='word_1_315' title='bbox 1464 2766 1617 2821; x_wconf 90' lang='lat' dir='ltr'><strong>aliter</strong></span> <span class='ocrx_word' id='word_1_316' title='bbox 1649 2783 1744 2837; x_wconf 86' lang='lat' dir='ltr'><strong>po-</strong></span> 
     </span>
    </p>
   </div>
   <div class='ocr_carea' id='block_1_44' title="bbox 157 2841 1742 2926">
    <p class='ocr_par' dir='ltr' id='par_1_44' title="bbox 157 2841 1742 2926">
     <span class='ocr_line' id='line_1_44' title="bbox 157 2841 1742 2926; baseline 0.011 -31"><span class='ocrx_word' id='word_1_317' title='bbox 157 2849 287 2896; x_wconf 83' lang='lat' dir='ltr'><strong>test.</strong></span> <span class='ocrx_word' id='word_1_318' title='bbox 319 2841 456 2908; x_wconf 88' lang='lat' dir='ltr'><strong>Quia</strong></span> <span class='ocrx_word' id='word_1_319' title='bbox 488 2860 628 2915; x_wconf 68' lang='lat' dir='ltr'><strong>sazpe</strong></span> <span class='ocrx_word' id='word_1_320' title='bbox 676 2849 891 2917; x_wconf 91' lang='lat' dir='ltr'><strong>superbi</strong></span> <span class='ocrx_word' id='word_1_321' title='bbox 942 2851 1156 2917; x_wconf 90' lang='lat' dir='ltr'><strong>divites,</strong></span> <span class='ocrx_word' id='word_1_322' title='bbox 1186 2867 1308 2906; x_wconf 90' lang='lat' dir='ltr'><strong>cum</strong></span> <span class='ocrx_word' id='word_1_323' title='bbox 1348 2854 1742 2926; x_wconf 87' lang='lat' dir='ltr'><strong>cleemosynam</strong></span> 
     </span>
    </p>
   </div>
   <div class='ocr_carea' id='block_1_45' title="bbox 157 2930 1744 3011">
    <p class='ocr_par' dir='ltr' id='par_1_45' title="bbox 157 2930 1744 3011">
     <span class='ocr_line' id='line_1_45' title="bbox 157 2930 1744 3011; baseline 0.012 -29"><span class='ocrx_word' id='word_1_324' title='bbox 157 2930 433 2998; x_wconf 89' lang='lat' dir='ltr'><strong>tribuunt,</strong></span> <span class='ocrx_word' id='word_1_325' title='bbox 483 2949 588 2988; x_wconf 93' lang='lat' dir='ltr'><strong>non</strong></span> <span class='ocrx_word' id='word_1_326' title='bbox 639 2936 777 2991; x_wconf 90' lang='lat' dir='ltr'><strong>hanc</strong></span> <span class='ocrx_word' id='word_1_327' title='bbox 802 2953 902 3007; x_wconf 91' lang='lat' dir='ltr'><strong>pro</strong></span> <span class='ocrx_word' id='word_1_328' title='bbox 940 2947 1158 2994; x_wconf 56' lang='lat' dir='ltr'><strong>aeternae</strong></span> <span class='ocrx_word' id='word_1_329' title='bbox 1181 2942 1304 2996; x_wconf 68' lang='lat' dir='ltr'><strong>vitae</strong></span> <span class='ocrx_word' id='word_1_330' title='bbox 1327 2943 1613 3011; x_wconf 88' lang='lat' dir='ltr'><strong>desiderio,</strong></span> <span class='ocrx_word' id='word_1_331' title='bbox 1649 2947 1744 3001; x_wconf 88' lang='lat' dir='ltr'><strong>sed</strong></span> 
     </span>
    </p>
   </div>
   <div class='ocr_carea' id='block_1_46' title="bbox 155 3023 1744 3102">
    <p class='ocr_par' dir='ltr' id='par_1_46' title="bbox 155 3023 1744 3102">
     <span class='ocr_line' id='line_1_46' title="bbox 155 3023 1744 3102; baseline 0.01 -29"><span class='ocrx_word' id='word_1_332' title='bbox 155 3034 258 3089; x_wconf 84' lang='lat' dir='ltr'><strong>pro</strong></span> <span class='ocrx_word' id='word_1_333' title='bbox 289 3023 632 3079; x_wconf 78' lang='lat' dir='ltr'><strong>extendenda</strong></span> <span class='ocrx_word' id='word_1_334' title='bbox 671 3027 783 3080; x_wconf 88' lang='lat' dir='ltr'><strong>vita</strong></span> <span class='ocrx_word' id='word_1_335' title='bbox 835 3029 1116 3098; x_wconf 89' lang='lat' dir='ltr'><strong>temporali</strong></span> <span class='ocrx_word' id='word_1_336' title='bbox 1155 3031 1474 3102; x_wconf 82' lang='lat' dir='ltr'><strong>largiuntur.</strong></span> <span class='ocrx_word' id='word_1_337' title='bbox 1520 3033 1744 3088; x_wconf 81' lang='lat' dir='ltr'><strong>Mortem</strong></span> 
     </span>
    </p>
   </div>
   <div class='ocr_carea' id='block_1_47' title="bbox 154 3111 1744 3182">
    <p class='ocr_par' dir='ltr' id='par_1_47' title="bbox 154 3111 1744 3182">
     <span class='ocr_line' id='line_1_47' title="bbox 154 3111 1744 3182; baseline 0.009 -17"><span class='ocrx_word' id='word_1_338' title='bbox 154 3126 213 3166; x_wconf 83' lang='lat' dir='ltr'><strong>se</strong></span> <span class='ocrx_word' id='word_1_339' title='bbox 242 3125 410 3182; x_wconf 89' lang='lat' dir='ltr'><strong>posse</strong></span> <span class='ocrx_word' id='word_1_340' title='bbox 455 3111 672 3170; x_wconf 72' lang='lat' dir='ltr'><strong>differre</strong></span> <span class='ocrx_word' id='word_1_341' title='bbox 716 3117 1024 3173; x_wconf 88' lang='lat' dir='ltr'><strong>dationibus</strong></span> <span class='ocrx_word' id='word_1_342' title='bbox 1053 3122 1298 3176; x_wconf 87' lang='lat' dir='ltr'><strong>credunt.</strong></span> <span class='ocrx_word' id='word_1_343' title='bbox 1357 3121 1461 3178; x_wconf 91' lang='lat' dir='ltr'><strong>Sed</strong></span> <span class='ocrx_word' id='word_1_344' title='bbox 1490 3140 1591 3178; x_wconf 86' lang='lat' dir='ltr'><strong>non</strong></span> <span class='ocrx_word' id='word_1_345' title='bbox 1633 3142 1744 3179; x_wconf 83' lang='lat' dir='ltr'><strong>cre-</strong></span> 
     </span>
    </p>
   </div>
   <div class='ocr_carea' id='block_1_48' title="bbox 1845 1938 3424 2025">
    <p class='ocr_par' dir='ltr' id='par_1_48' title="bbox 1845 1938 3424 2025">
     <span class='ocr_line' id='line_1_48' title="bbox 1845 1938 3424 2025; baseline 0.012 -32"><span class='ocrx_word' id='word_1_346' title='bbox 1845 1938 2242 2012; x_wconf 82' lang='lat' dir='ltr'><strong>Nonnunquam</strong></span> <span class='ocrx_word' id='word_1_347' title='bbox 2291 1960 2419 2000; x_wconf 83' lang='lat' dir='ltr'><strong>vero</strong></span> <span class='ocrx_word' id='word_1_348' title='bbox 2468 1948 2678 2004; x_wconf 86' lang='lat' dir='ltr'><strong>vineam</strong></span> <span class='ocrx_word' id='word_1_349' title='bbox 2720 1968 2826 2007; x_wconf 91' lang='lat' dir='ltr'><strong>non</strong></span> <span class='ocrx_word' id='word_1_350' title='bbox 2863 1954 3070 2025; x_wconf 82' lang='lat' dir='ltr'><strong>frigus,</strong></span> <span class='ocrx_word' id='word_1_351' title='bbox 3120 1957 3216 2011; x_wconf 88' lang='lat' dir='ltr'><strong>sed</strong></span> <span class='ocrx_word' id='word_1_352' title='bbox 3261 1968 3424 2012; x_wconf 60' lang='lat' dir='ltr'><strong>aestus</strong></span> 
     </span>
    </p>
   </div>
   <div class='ocr_carea' id='block_1_49' title="bbox 1845 2030 3422 2115">
    <p class='ocr_par' dir='ltr' id='par_1_49' title="bbox 1845 2030 3422 2115">
     <span class='ocr_line' id='line_1_49' title="bbox 1845 2030 3422 2115; baseline 0.011 -33"><span class='ocrx_word' id='word_1_353' title='bbox 1845 2030 2093 2085; x_wconf 88' lang='lat' dir='ltr'><strong>arefacit.</strong></span> <span class='ocrx_word' id='word_1_354' title='bbox 2132 2032 2374 2102; x_wconf 88' lang='lat' dir='ltr'><strong>Cumque</strong></span> <span class='ocrx_word' id='word_1_355' title='bbox 2415 2036 2772 2097; x_wconf 89' lang='lat' dir='ltr'><strong>immoderato</strong></span> <span class='ocrx_word' id='word_1_356' title='bbox 2797 2043 2981 2098; x_wconf 88' lang='lat' dir='ltr'><strong>calore</strong></span> <span class='ocrx_word' id='word_1_357' title='bbox 3015 2045 3280 2115; x_wconf 74' lang='lat' dir='ltr'><strong>tangitur,</strong></span> <span class='ocrx_word' id='word_1_358' title='bbox 3311 2045 3422 2100; x_wconf 88' lang='lat' dir='ltr'><strong>dis-</strong></span> 
     </span>
    </p>
   </div>
   <div class='ocr_carea' id='block_1_50' title="bbox 1844 2125 3420 2209">
    <p class='ocr_par' dir='ltr' id='par_1_50' title="bbox 1844 2125 3420 2209">
     <span class='ocr_line' id='line_1_50' title="bbox 1844 2125 3420 2209; baseline 0.008 -31"><span class='ocrx_word' id='word_1_359' title='bbox 1844 2139 2005 2179; x_wconf 91' lang='lat' dir='ltr'><strong>cusso</strong></span> <span class='ocrx_word' id='word_1_360' title='bbox 2055 2125 2186 2181; x_wconf 85' lang='lat' dir='ltr'><strong>flore</strong></span> <span class='ocrx_word' id='word_1_361' title='bbox 2221 2128 2408 2184; x_wconf 91' lang='lat' dir='ltr'><strong>botrus</strong></span> <span class='ocrx_word' id='word_1_362' title='bbox 2441 2133 2690 2200; x_wconf 89' lang='lat' dir='ltr'><strong>tabescit,</strong></span> <span class='ocrx_word' id='word_1_363' title='bbox 2716 2145 2771 2191; x_wconf 89' lang='lat' dir='ltr'><strong>et</strong></span> <span class='ocrx_word' id='word_1_364' title='bbox 2811 2137 3127 2209; x_wconf 88' lang='lat' dir='ltr'><strong>plerumque</strong></span> <span class='ocrx_word' id='word_1_365' title='bbox 3155 2138 3420 2208; x_wconf 89' lang='lat' dir='ltr'><strong>contigit,</strong></span> 
     </span>
    </p>
   </div>
   <div class='ocr_carea' id='block_1_51' title="bbox 1844 2213 3420 2292">
    <p class='ocr_par' dir='ltr' id='par_1_51' title="bbox 1844 2213 3420 2292">
     <span class='ocr_line' id='line_1_51' title="bbox 1844 2213 3420 2292; baseline 0.009 -26"><span class='ocrx_word' id='word_1_366' title='bbox 1844 2221 1904 2267; x_wconf 91' lang='lat' dir='ltr'><strong>ut</strong></span> <span class='ocrx_word' id='word_1_367' title='bbox 1930 2213 1984 2267; x_wconf 91' lang='lat' dir='ltr'><strong>hi</strong></span> <span class='ocrx_word' id='word_1_368' title='bbox 2006 2215 2094 2283; x_wconf 90' lang='lat' dir='ltr'><strong>qui</strong></span> <span class='ocrx_word' id='word_1_369' title='bbox 2120 2221 2186 2270; x_wconf 88' lang='lat' dir='ltr'><strong>ad</strong></span> <span class='ocrx_word' id='word_1_370' title='bbox 2207 2217 2344 2270; x_wconf 88' lang='lat' dir='ltr'><strong>bona</strong></span> <span class='ocrx_word' id='word_1_371' title='bbox 2367 2234 2529 2288; x_wconf 88' lang='lat' dir='ltr'><strong>opera</strong></span> <span class='ocrx_word' id='word_1_372' title='bbox 2556 2233 2698 2277; x_wconf 89' lang='lat' dir='ltr'><strong>recta</strong></span> <span class='ocrx_word' id='word_1_373' title='bbox 2724 2225 3024 2282; x_wconf 88' lang='lat' dir='ltr'><strong>intentione</strong></span> <span class='ocrx_word' id='word_1_374' title='bbox 3051 2243 3154 2281; x_wconf 93' lang='lat' dir='ltr'><strong>non</strong></span> <span class='ocrx_word' id='word_1_375' title='bbox 3179 2229 3420 2292; x_wconf 85' lang='lat' dir='ltr'><strong>veniunt,</strong></span> 
     </span>
    </p>
   </div>
   <div class='ocr_carea' id='block_1_52' title="bbox 1844 2309 3420 2383">
    <p class='ocr_par' dir='ltr' id='par_1_52' title="bbox 1844 2309 3420 2383">
     <span class='ocr_line' id='line_1_52' title="bbox 1844 2309 3420 2383; baseline 0.01 -24"><span class='ocrx_word' id='word_1_376' title='bbox 1844 2321 1967 2360; x_wconf 91' lang='lat' dir='ltr'><strong>cum</strong></span> <span class='ocrx_word' id='word_1_377' title='bbox 1993 2309 2204 2375; x_wconf 88' lang='lat' dir='ltr'><strong>placere</strong></span> <span class='ocrx_word' id='word_1_378' title='bbox 2233 2324 2292 2363; x_wconf 90' lang='lat' dir='ltr'><strong>se</strong></span> <span class='ocrx_word' id='word_1_379' title='bbox 2321 2311 2627 2369; x_wconf 88' lang='lat' dir='ltr'><strong>hominibus</strong></span> <span class='ocrx_word' id='word_1_380' title='bbox 2652 2317 2856 2383; x_wconf 89' lang='lat' dir='ltr'><strong>vident,</strong></span> <span class='ocrx_word' id='word_1_381' title='bbox 2889 2319 2955 2372; x_wconf 87' lang='lat' dir='ltr'><strong>ad</strong></span> <span class='ocrx_word' id='word_1_382' title='bbox 2978 2319 3276 2374; x_wconf 78' lang='lat' dir='ltr'><strong>exercenda</strong></span> <span class='ocrx_word' id='word_1_383' title='bbox 3305 2319 3420 2374; x_wconf 62' lang='lat' dir='ltr'><strong>hinc</strong></span> 
     </span>
    </p>
   </div>
   <div class='ocr_carea' id='block_1_53' title="bbox 1842 2396 3424 2478">
    <p class='ocr_par' dir='ltr' id='par_1_53' title="bbox 1842 2396 3424 2478">
     <span class='ocr_line' id='line_1_53' title="bbox 1842 2396 3424 2478; baseline 0.008 -29"><span class='ocrx_word' id='word_1_384' title='bbox 1842 2396 2033 2451; x_wconf 90' lang='lat' dir='ltr'><strong>eadem</strong></span> <span class='ocrx_word' id='word_1_385' title='bbox 2052 2412 2214 2467; x_wconf 91' lang='lat' dir='ltr'><strong>opera</strong></span> <span class='ocrx_word' id='word_1_386' title='bbox 2237 2401 2610 2458; x_wconf 88' lang='lat' dir='ltr'><strong>vehementius</strong></span> <span class='ocrx_word' id='word_1_387' title='bbox 2637 2407 3018 2472; x_wconf 89' lang='lat' dir='ltr'><strong>accendantur,</strong></span> <span class='ocrx_word' id='word_1_388' title='bbox 3041 2409 3288 2462; x_wconf 77' lang='lat' dir='ltr'><strong>humanis</strong></span> <span class='ocrx_word' id='word_1_389' title='bbox 3313 2407 3424 2478; x_wconf 84' lang='lat' dir='ltr'><strong>pla-</strong></span> 
     </span>
    </p>
   </div>
   <div class='ocr_carea' id='block_1_54' title="bbox 1843 2489 3421 2567">
    <p class='ocr_par' dir='ltr' id='par_1_54' title="bbox 1843 2489 3421 2567">
     <span class='ocr_line' id='line_1_54' title="bbox 1843 2489 3421 2567; baseline 0.007 -26"><span class='ocrx_word' id='word_1_390' title='bbox 1843 2489 2016 2542; x_wconf 90' lang='lat' dir='ltr'><strong>citura</strong></span> <span class='ocrx_word' id='word_1_391' title='bbox 2048 2489 2218 2544; x_wconf 89' lang='lat' dir='ltr'><strong>oculis</strong></span> <span class='ocrx_word' id='word_1_392' title='bbox 2256 2505 2416 2560; x_wconf 86' lang='lat' dir='ltr'><strong>agere</strong></span> <span class='ocrx_word' id='word_1_393' title='bbox 2444 2495 2605 2548; x_wconf 82' lang='lat' dir='ltr'><strong>anxie</strong></span> <span class='ocrx_word' id='word_1_394' title='bbox 2633 2497 2886 2551; x_wconf 88' lang='lat' dir='ltr'><strong>studeant</strong></span> <span class='ocrx_word' id='word_1_395' title='bbox 2913 2539 2926 2561; x_wconf 95' lang='lat'><strong>,</strong></span> <span class='ocrx_word' id='word_1_396' title='bbox 2957 2507 3012 2553; x_wconf 90' lang='lat' dir='ltr'><strong>et</strong></span> <span class='ocrx_word' id='word_1_397' title='bbox 3048 2499 3201 2567; x_wconf 90' lang='lat' dir='ltr'><strong>quasi</strong></span> <span class='ocrx_word' id='word_1_398' title='bbox 3233 2505 3421 2554; x_wconf 89' lang='lat' dir='ltr'><strong>sancto</strong></span> 
     </span>
    </p>
   </div>
   <div class='ocr_carea' id='block_1_55' title="bbox 1845 2578 3423 2654">
    <p class='ocr_par' dir='ltr' id='par_1_55' title="bbox 1845 2578 3423 2654">
     <span class='ocr_line' id='line_1_55' title="bbox 1845 2578 3423 2654; baseline 0.008 -22"><span class='ocrx_word' id='word_1_399' title='bbox 1845 2578 2112 2632; x_wconf 88' lang='lat' dir='ltr'><strong>desiderio</strong></span> <span class='ocrx_word' id='word_1_400' title='bbox 2140 2578 2461 2636; x_wconf 88' lang='lat' dir='ltr'><strong>fervescant.</strong></span> <span class='ocrx_word' id='word_1_401' title='bbox 2500 2583 2640 2649; x_wconf 89' lang='lat' dir='ltr'><strong>Quid</strong></span> <span class='ocrx_word' id='word_1_402' title='bbox 2683 2585 2861 2654; x_wconf 88' lang='lat' dir='ltr'><strong>itaque</strong></span> <span class='ocrx_word' id='word_1_403' title='bbox 2899 2587 3029 2642; x_wconf 91' lang='lat' dir='ltr'><strong>istos</strong></span> <span class='ocrx_word' id='word_1_404' title='bbox 3063 2588 3162 2642; x_wconf 89' lang='lat' dir='ltr'><strong>nisi</strong></span> <span class='ocrx_word' id='word_1_405' title='bbox 3195 2589 3245 2641; x_wconf 92' lang='lat' dir='ltr'><strong>in</strong></span> <span class='ocrx_word' id='word_1_406' title='bbox 3289 2588 3423 2644; x_wconf 84' lang='lat' dir='ltr'><strong>ﬂore</strong></span> 
     </span>
    </p>
   </div>
   <div class='ocr_carea' id='block_1_56' title="bbox 1843 2670 3422 2746">
    <p class='ocr_par' dir='ltr' id='par_1_56' title="bbox 1843 2670 3422 2746">
     <span class='ocr_line' id='line_1_56' title="bbox 1843 2670 3422 2746; baseline 0.007 -26"><span class='ocrx_word' id='word_1_407' title='bbox 1843 2677 2004 2722; x_wconf 61' lang='lat' dir='ltr'><strong>aestus</strong></span> <span class='ocrx_word' id='word_1_408' title='bbox 2034 2670 2283 2742; x_wconf 86' lang='lat' dir='ltr'><strong>attingit?</strong></span> <span class='ocrx_word' id='word_1_409' title='bbox 2316 2670 2574 2740; x_wconf 90' lang='lat' dir='ltr'><strong>Sequitur</strong></span> <span class='ocrx_word' id='word_1_410' title='bbox 2606 2691 2618 2725; x_wconf 89' lang='lat'><strong>:</strong></span> <span class='ocrx_word' id='word_1_411' title='bbox 2654 2673 2722 2728; x_wconf 85' lang='lat' dir='ltr'><strong>Et</strong></span> <span class='ocrx_word' id='word_1_412' title='bbox 2764 2677 2914 2746; x_wconf 85' lang='lat' dir='ltr'><strong>quasi</strong></span> <span class='ocrx_word' id='word_1_413' title='bbox 2960 2676 3095 2730; x_wconf 85' lang='lat' dir='ltr'><strong>oliva</strong></span> <span class='ocrx_word' id='word_1_414' title='bbox 3144 2676 3422 2745; x_wconf 83' lang='lat' dir='ltr'><strong>projiciens</strong></span> 
     </span>
    </p>
   </div>
   <div class='ocr_carea' id='block_1_57' title="bbox 1843 2761 3424 2836">
    <p class='ocr_par' dir='ltr' id='par_1_57' title="bbox 1843 2761 3424 2836">
     <span class='ocr_line' id='line_1_57' title="bbox 1843 2761 3424 2836; baseline 0.008 -25"><span class='ocrx_word' id='word_1_415' title='bbox 1843 2761 2024 2827; x_wconf 85' lang='lat' dir='ltr'><strong>florem</strong></span> <span class='ocrx_word' id='word_1_416' title='bbox 2058 2779 2232 2823; x_wconf 82' lang='lat' dir='ltr'><strong>suum.</strong></span> <span class='ocrx_word' id='word_1_417' title='bbox 2279 2793 2349 2803; x_wconf 92' lang='lat'><strong>-—</strong></span> <span class='ocrx_word' id='word_1_418' title='bbox 2385 2763 2534 2819; x_wconf 85' lang='lat' dir='ltr'><strong>Oliva</strong></span> <span class='ocrx_word' id='word_1_419' title='bbox 2566 2767 2762 2836; x_wconf 88' lang='lat' dir='ltr'><strong>quippe</strong></span> <span class='ocrx_word' id='word_1_420' title='bbox 2795 2783 2918 2823; x_wconf 90' lang='lat' dir='ltr'><strong>cum</strong></span> <span class='ocrx_word' id='word_1_421' title='bbox 2967 2768 3021 2822; x_wconf 91' lang='lat' dir='ltr'><strong>in</strong></span> <span class='ocrx_word' id='word_1_422' title='bbox 3065 2767 3197 2822; x_wconf 78' lang='lat' dir='ltr'><strong>flore</strong></span> <span class='ocrx_word' id='word_1_423' title='bbox 3237 2777 3342 2834; x_wconf 89' lang='lat' dir='ltr'><strong>est,</strong></span> <span class='ocrx_word' id='word_1_424' title='bbox 3375 2770 3424 2824; x_wconf 90' lang='lat' dir='ltr'><strong>si</strong></span> 
     </span>
    </p>
   </div>
   <div class='ocr_carea' id='block_1_58' title="bbox 1846 2847 3424 2924">
    <p class='ocr_par' dir='ltr' id='par_1_58' title="bbox 1846 2847 3424 2924">
     <span class='ocr_line' id='line_1_58' title="bbox 1846 2847 3424 2924; baseline 0.007 -26"><span class='ocrx_word' id='word_1_425' title='bbox 1846 2847 2198 2903; x_wconf 88' lang='lat' dir='ltr'><strong>immoderata</strong></span> <span class='ocrx_word' id='word_1_426' title='bbox 2227 2852 2418 2906; x_wconf 90' lang='lat' dir='ltr'><strong>nebula</strong></span> <span class='ocrx_word' id='word_1_427' title='bbox 2445 2854 2698 2923; x_wconf 82' lang='lat' dir='ltr'><strong>tangitur,</strong></span> <span class='ocrx_word' id='word_1_428' title='bbox 2724 2870 2754 2908; x_wconf 92' lang='lat' dir='ltr'><strong>a</strong></span> <span class='ocrx_word' id='word_1_429' title='bbox 2781 2854 3111 2924; x_wconf 88' lang='lat' dir='ltr'><strong>plenitudine</strong></span> <span class='ocrx_word' id='word_1_430' title='bbox 3147 2853 3424 2910; x_wconf 89' lang='lat' dir='ltr'><strong>fructuum</strong></span> 
     </span>
    </p>
   </div>
   <div class='ocr_carea' id='block_1_59' title="bbox 1848 2939 3443 3012">
    <p class='ocr_par' dir='ltr' id='par_1_59' title="bbox 1848 2939 3443 3012">
     <span class='ocr_line' id='line_1_59' title="bbox 1848 2939 3443 3012; baseline 0.005 -23"><span class='ocrx_word' id='word_1_431' title='bbox 1848 2945 2125 2991; x_wconf 82' lang='lat' dir='ltr'><strong>vacuatur.</strong></span> <span class='ocrx_word' id='word_1_432' title='bbox 2155 2939 2223 2992; x_wconf 86' lang='lat' dir='ltr'><strong>Et</strong></span> <span class='ocrx_word' id='word_1_433' title='bbox 2258 2941 2471 3008; x_wconf 90' lang='lat' dir='ltr'><strong>quoties</strong></span> <span class='ocrx_word' id='word_1_434' title='bbox 2496 2942 2694 3012; x_wconf 89' lang='lat' dir='ltr'><strong>quippe</strong></span> <span class='ocrx_word' id='word_1_435' title='bbox 2725 2943 3039 2997; x_wconf 88' lang='lat' dir='ltr'><strong>inchoantes</strong></span> <span class='ocrx_word' id='word_1_436' title='bbox 3076 2943 3215 2996; x_wconf 87' lang='lat' dir='ltr'><strong>bona</strong></span> <span class='ocrx_word' id='word_1_437' title='bbox 3257 2958 3443 3012; x_wconf 89' lang='lat' dir='ltr'><strong>opera-</strong></span> 
     </span>
    </p>
   </div>
   <div class='ocr_carea' id='block_1_60' title="bbox 1846 3028 3430 3101">
    <p class='ocr_par' dir='ltr' id='par_1_60' title="bbox 1846 3028 3430 3101">
     <span class='ocr_line' id='line_1_60' title="bbox 1846 3028 3430 3101; baseline 0.004 -22"><span class='ocrx_word' id='word_1_438' title='bbox 1846 3028 1912 3079; x_wconf 89' lang='lat' dir='ltr'><strong>ab</strong></span> <span class='ocrx_word' id='word_1_439' title='bbox 1943 3028 2328 3097; x_wconf 82' lang='lat' dir='ltr'><strong>aspicientibus</strong></span> <span class='ocrx_word' id='word_1_440' title='bbox 2355 3029 2561 3084; x_wconf 90' lang='lat' dir='ltr'><strong>laudari</strong></span> <span class='ocrx_word' id='word_1_441' title='bbox 2589 3033 2873 3100; x_wconf 69' lang='lat' dir='ltr'><strong>emperiut,</strong></span> <span class='ocrx_word' id='word_1_442' title='bbox 2899 3043 3060 3101; x_wconf 89' lang='lat' dir='ltr'><strong>atque</strong></span> <span class='ocrx_word' id='word_1_443' title='bbox 3092 3032 3145 3085; x_wconf 93' lang='lat' dir='ltr'><strong>in</strong></span> <span class='ocrx_word' id='word_1_444' title='bbox 3175 3032 3287 3086; x_wconf 90' lang='lat' dir='ltr'><strong>suis</strong></span> <span class='ocrx_word' id='word_1_445' title='bbox 3313 3031 3430 3085; x_wconf 88' lang='lat' dir='ltr'><strong>lau-</strong></span> 
     </span>
    </p>
   </div>
   <div class='ocr_carea' id='block_1_61' title="bbox 1849 3117 3426 3194">
    <p class='ocr_par' dir='ltr' id='par_1_61' title="bbox 1849 3117 3426 3194">
     <span class='ocr_line' id='line_1_61' title="bbox 1849 3117 3426 3194; baseline 0.004 -24"><span class='ocrx_word' id='word_1_446' title='bbox 1849 3119 2003 3172; x_wconf 90' lang='lat' dir='ltr'><strong>dibus</strong></span> <span class='ocrx_word' id='word_1_447' title='bbox 2023 3117 2299 3185; x_wconf 90' lang='lat' dir='ltr'><strong>delectari,</strong></span> <span class='ocrx_word' id='word_1_448' title='bbox 2325 3120 2383 3174; x_wconf 88' lang='lat' dir='ltr'><strong>lit</strong></span> <span class='ocrx_word' id='word_1_449' title='bbox 2423 3121 2594 3192; x_wconf 87' lang='lat' dir='ltr'><strong>caligo</strong></span> <span class='ocrx_word' id='word_1_450' title='bbox 2618 3123 2982 3194; x_wconf 73' lang='lat' dir='ltr'><strong>intelligentia:</strong></span> <span class='ocrx_word' id='word_1_451' title='bbox 3004 3125 3056 3178; x_wconf 92' lang='lat' dir='ltr'><strong>in</strong></span> <span class='ocrx_word' id='word_1_452' title='bbox 3079 3123 3426 3194; x_wconf 81' lang='lat' dir='ltr'><strong>cogitatione,</strong></span> 
     </span>
    </p>
   </div>
   <div class='ocr_carea' id='block_1_62' title="bbox 155 3193 3426 3284">
    <p class='ocr_par' dir='ltr' id='par_1_62' title="bbox 155 3193 3426 3284">
     <span class='ocr_line' id='line_1_62' title="bbox 155 3193 3426 3284; baseline 0.007 -41"><span class='ocrx_word' id='word_1_453' title='bbox 155 3202 245 3255; x_wconf 64' lang='lat' dir='ltr'><strong>da;</strong></span> <span class='ocrx_word' id='word_1_454' title='bbox 273 3203 480 3270; x_wconf 71' lang='grc' dir='ltr'><strong>[ηιεηια</strong></span> <span class='ocrx_word' id='word_1_455' title='bbox 509 3221 685 3261; x_wconf 61' lang='lat' dir='ltr'><strong>errore</strong></span> <span class='ocrx_word' id='word_1_456' title='bbox 735 3208 1007 3279; x_wconf 65' lang='grc' dir='ltr'><strong>άεεεριιιε,</strong></span> <span class='ocrx_word' id='word_1_457' title='bbox 1054 3213 1192 3282; x_wconf 69' lang='lat' dir='ltr'><strong>quod</strong></span> <span class='ocrx_word' id='word_1_458' title='bbox 1241 3213 1421 3282; x_wconf 61' lang='lat' dir='ltr'><strong>aliqua</strong></span> <span class='ocrx_word' id='word_1_459' title='bbox 1469 3215 1632 3283; x_wconf 51' lang='lat' dir='ltr'><strong>pretio</strong></span> <span class='ocrx_word' id='word_1_460' title='bbox 1677 3217 1742 3270; x_wconf 75' lang='grc' dir='ltr'><strong>εει</strong></span> <span class='ocrx_word' id='word_1_461' title='bbox 1773 3193 1818 3257; x_wconf 91' lang='lat' dir='ltr'><strong>C</strong></span> <span class='ocrx_word' id='word_1_462' title='bbox 1850 3219 1907 3262; x_wconf 91' lang='lat' dir='ltr'><strong>ut</strong></span> <span class='ocrx_word' id='word_1_463' title='bbox 1930 3208 2039 3277; x_wconf 87' lang='lat' dir='ltr'><strong>jam</strong></span> <span class='ocrx_word' id='word_1_464' title='bbox 2071 3210 2377 3267; x_wconf 86' lang='lat' dir='ltr'><strong>discernere</strong></span> <span class='ocrx_word' id='word_1_465' title='bbox 2407 3222 2678 3281; x_wconf 88' lang='lat' dir='ltr'><strong>nequeant</strong></span> <span class='ocrx_word' id='word_1_466' title='bbox 2704 3230 2808 3284; x_wconf 91' lang='lat' dir='ltr'><strong>qua</strong></span> <span class='ocrx_word' id='word_1_467' title='bbox 2841 3214 3140 3269; x_wconf 87' lang='lat' dir='ltr'><strong>intentione</strong></span> <span class='ocrx_word' id='word_1_468' title='bbox 3187 3213 3315 3283; x_wconf 89' lang='lat' dir='ltr'><strong>quid</strong></span> <span class='ocrx_word' id='word_1_469' title='bbox 3341 3211 3426 3267; x_wconf 86' lang='lat' dir='ltr'><strong>fa-</strong></span> 
     </span>
    </p>
   </div>
   <div class='ocr_carea' id='block_1_63' title="bbox 155 3291 1747 3369">
    <p class='ocr_par' dir='ltr' id='par_1_63' title="bbox 155 3291 1747 3369">
     <span class='ocr_line' id='line_1_63' title="bbox 155 3291 1747 3369; baseline 0.011 -28"><span class='ocrx_word' id='word_1_470' title='bbox 155 3291 520 3360; x_wconf 79' lang='lat' dir='ltr'><strong>redimendus,</strong></span> <span class='ocrx_word' id='word_1_471' title='bbox 547 3294 672 3364; x_wconf 83' lang='lat' dir='ltr'><strong>quia</strong></span> <span class='ocrx_word' id='word_1_472' title='bbox 717 3297 961 3352; x_wconf 85' lang='lat' dir='ltr'><strong>obtinere</strong></span> <span class='ocrx_word' id='word_1_473' title='bbox 1003 3315 1069 3354; x_wconf 85' lang='lat' dir='ltr'><strong>ex</strong></span> <span class='ocrx_word' id='word_1_474' title='bbox 1114 3301 1358 3369; x_wconf 88' lang='lat' dir='ltr'><strong>impenso</strong></span> <span class='ocrx_word' id='word_1_475' title='bbox 1391 3318 1611 3358; x_wconf 87' lang='lat' dir='ltr'><strong>munere</strong></span> <span class='ocrx_word' id='word_1_476' title='bbox 1641 3320 1747 3360; x_wconf 89' lang='lat' dir='ltr'><strong>non</strong></span> 
     </span>
    </p>
   </div>
   <div class='ocr_carea' id='block_1_64' title="bbox 157 3379 1749 3462">
    <p class='ocr_par' dir='ltr' id='par_1_64' title="bbox 157 3379 1749 3462">
     <span class='ocr_line' id='line_1_64' title="bbox 157 3379 1749 3462; baseline 0.011 -32"><span class='ocrx_word' id='word_1_477' title='bbox 157 3379 334 3445; x_wconf 85' lang='lat' dir='ltr'><strong>valet,</strong></span> <span class='ocrx_word' id='word_1_478' title='bbox 364 3390 428 3436; x_wconf 93' lang='lat' dir='ltr'><strong>ut</strong></span> <span class='ocrx_word' id='word_1_479' title='bbox 471 3381 633 3438; x_wconf 85' lang='lat' dir='ltr'><strong>finem</strong></span> <span class='ocrx_word' id='word_1_480' title='bbox 663 3385 903 3440; x_wconf 87' lang='lat' dir='ltr'><strong>debitum</strong></span> <span class='ocrx_word' id='word_1_481' title='bbox 932 3388 1146 3454; x_wconf 86' lang='lat' dir='ltr'><strong>evadat,</strong></span> <span class='ocrx_word' id='word_1_482' title='bbox 1187 3391 1340 3462; x_wconf 85' lang='lat' dir='ltr'><strong>cujus</strong></span> <span class='ocrx_word' id='word_1_483' title='bbox 1367 3392 1527 3446; x_wconf 90' lang='lat' dir='ltr'><strong>etiam</strong></span> <span class='ocrx_word' id='word_1_484' title='bbox 1560 3393 1749 3462; x_wconf 91' lang='lat' dir='ltr'><strong>ncqui-</strong></span> 
     </span>
    </p>
   </div>
   <div class='ocr_carea' id='block_1_65' title="bbox 157 3467 1289 3535">
    <p class='ocr_par' dir='ltr' id='par_1_65' title="bbox 157 3467 1289 3535">
     <span class='ocr_line' id='line_1_65' title="bbox 157 3467 1289 3535; baseline 0.014 -16"><span class='ocrx_word' id='word_1_485' title='bbox 157 3467 231 3521; x_wconf 91' lang='lat' dir='ltr'><strong>tia</strong></span> <span class='ocrx_word' id='word_1_486' title='bbox 263 3469 559 3527; x_wconf 88' lang='lat' dir='ltr'><strong>intercidit</strong></span> <span class='ocrx_word' id='word_1_487' title='bbox 587 3474 773 3528; x_wconf 88' lang='lat' dir='ltr'><strong>vitam.</strong></span> <span class='ocrx_word' id='word_1_488' title='bbox 813 3476 964 3531; x_wconf 88' lang='lat' dir='ltr'><strong>Unde</strong></span> <span class='ocrx_word' id='word_1_489' title='bbox 998 3481 1244 3534; x_wconf 91' lang='lat' dir='ltr'><strong>subditur</strong></span> <span class='ocrx_word' id='word_1_490' title='bbox 1272 3497 1289 3535; x_wconf 88' lang='lat'><strong>:</strong></span> 
     </span>
    </p>
   </div>
   <div class='ocr_carea' id='block_1_66' title="bbox 231 3556 1744 3642">
    <p class='ocr_par' dir='ltr' id='par_1_66' title="bbox 231 3556 1744 3642">
     <span class='ocr_line' id='line_1_66' title="bbox 231 3556 1744 3642; baseline 0.011 -32"><span class='ocrx_word' id='word_1_491' title='bbox 231 3556 401 3612; x_wconf 67' lang='lat' dir='ltr'><strong>Vnus.</strong></span> <span class='ocrx_word' id='word_1_492' title='bbox 432 3559 524 3614; x_wconf 75' lang='grc'><strong>52.</strong></span> <span class='ocrx_word' id='word_1_493' title='bbox 565 3561 855 3632; x_wconf 79' lang='lat' dir='ltr'><strong>Antequam</strong></span> <span class='ocrx_word' id='word_1_494' title='bbox 879 3565 989 3619; x_wconf 86' lang='lat' dir='ltr'><strong>dies</strong></span> <span class='ocrx_word' id='word_1_495' title='bbox 1016 3567 1124 3635; x_wconf 83' lang='lat' dir='ltr'><strong>ejus</strong></span> <span class='ocrx_word' id='word_1_496' title='bbox 1152 3569 1487 3638; x_wconf 83' lang='lat' dir='ltr'><strong>impleantur,</strong></span> <span class='ocrx_word' id='word_1_497' title='bbox 1517 3574 1703 3642; x_wconf 84' lang='lat' dir='ltr'><strong>peribit</strong></span> <span class='ocrx_word' id='word_1_498' title='bbox 1730 3615 1744 3640; x_wconf 92' lang='lat'><strong>,</strong></span> 
     </span>
    </p>
   </div>
   <div class='ocr_carea' id='block_1_67' title="bbox 157 3653 1746 3734">
    <p class='ocr_par' dir='ltr' id='par_1_67' title="bbox 157 3653 1746 3734">
     <span class='ocr_line' id='line_1_67' title="bbox 157 3653 1746 3734; baseline 0.012 -33"><span class='ocrx_word' id='word_1_499' title='bbox 157 3659 204 3701; x_wconf 90' lang='lat' dir='ltr'><strong>et</strong></span> <span class='ocrx_word' id='word_1_500' title='bbox 233 3666 434 3704; x_wconf 82' lang='lat' dir='ltr'><strong>manus</strong></span> <span class='ocrx_word' id='word_1_501' title='bbox 483 3653 600 3723; x_wconf 83' lang='lat' dir='ltr'><strong>ejus</strong></span> <span class='ocrx_word' id='word_1_502' title='bbox 643 3656 853 3708; x_wconf 83' lang='lat' dir='ltr'><strong>arescit.</strong></span> <span class='ocrx_word' id='word_1_503' title='bbox 901 3686 970 3696; x_wconf 92' lang='grc'><strong><em>--</em></strong></span> <span class='ocrx_word' id='word_1_504' title='bbox 1010 3656 1220 3713; x_wconf 69' lang='grc' dir='ltr'><strong>ΡΙἨΒΙῘΧῘ</strong></span> <span class='ocrx_word' id='word_1_505' title='bbox 1254 3661 1370 3716; x_wconf 90' lang='lat' dir='ltr'><strong>dies</strong></span> <span class='ocrx_word' id='word_1_506' title='bbox 1421 3663 1618 3734; x_wconf 82' lang='lat' dir='ltr'><strong>singuli</strong></span> <span class='ocrx_word' id='word_1_507' title='bbox 1651 3664 1746 3720; x_wconf 89' lang='lat' dir='ltr'><strong>Dei</strong></span> 
     </span>
    </p>
   </div>
   <div class='ocr_carea' id='block_1_68' title="bbox 158 3746 1748 3824">
    <p class='ocr_par' dir='ltr' id='par_1_68' title="bbox 158 3746 1748 3824">
     <span class='ocr_line' id='line_1_68' title="bbox 158 3746 1748 3824; baseline 0.011 -26"><span class='ocrx_word' id='word_1_508' title='bbox 158 3746 507 3812; x_wconf 85' lang='lat' dir='ltr'><strong>praescientia</strong></span> <span class='ocrx_word' id='word_1_509' title='bbox 539 3764 638 3804; x_wconf 88' lang='lat' dir='ltr'><strong>nec</strong></span> <span class='ocrx_word' id='word_1_510' title='bbox 669 3751 853 3821; x_wconf 82' lang='lat' dir='ltr'><strong>augeri</strong></span> <span class='ocrx_word' id='word_1_511' title='bbox 881 3764 1108 3820; x_wconf 91' lang='lat' dir='ltr'><strong>possunt</strong></span> <span class='ocrx_word' id='word_1_512' title='bbox 1135 3771 1234 3810; x_wconf 91' lang='lat' dir='ltr'><strong>nec</strong></span> <span class='ocrx_word' id='word_1_513' title='bbox 1263 3759 1454 3824; x_wconf 91' lang='lat' dir='ltr'><strong>minui,</strong></span> <span class='ocrx_word' id='word_1_514' title='bbox 1487 3760 1590 3814; x_wconf 82' lang='lat' dir='ltr'><strong>nisi</strong></span> <span class='ocrx_word' id='word_1_515' title='bbox 1621 3775 1748 3814; x_wconf 88' lang='lat' dir='ltr'><strong>con-</strong></span> 
     </span>
    </p>
   </div>
   <div class='ocr_carea' id='block_1_69' title="bbox 160 3835 1744 3918">
    <p class='ocr_par' dir='ltr' id='par_1_69' title="bbox 160 3835 1744 3918">
     <span class='ocr_line' id='line_1_69' title="bbox 160 3835 1744 3918; baseline 0.01 -30"><span class='ocrx_word' id='word_1_516' title='bbox 160 3835 340 3906; x_wconf 80' lang='lat' dir='ltr'><strong>tingat</strong></span> <span class='ocrx_word' id='word_1_517' title='bbox 366 3847 424 3892; x_wconf 89' lang='lat' dir='ltr'><strong>ut</strong></span> <span class='ocrx_word' id='word_1_518' title='bbox 453 3840 526 3892; x_wconf 89' lang='lat' dir='ltr'><strong>ita</strong></span> <span class='ocrx_word' id='word_1_519' title='bbox 553 3842 908 3909; x_wconf 64' lang='lat' dir='ltr'><strong>praesciantur</strong></span> <span class='ocrx_word' id='word_1_520' title='bbox 931 3883 946 3909; x_wconf 95' lang='lat'><strong>,</strong></span> <span class='ocrx_word' id='word_1_521' title='bbox 978 3852 1038 3900; x_wconf 82' lang='lat' dir='ltr'><strong>ut</strong></span> <span class='ocrx_word' id='word_1_522' title='bbox 1065 3854 1154 3900; x_wconf 92' lang='lat' dir='ltr'><strong>aut</strong></span> <span class='ocrx_word' id='word_1_523' title='bbox 1185 3863 1307 3901; x_wconf 92' lang='lat' dir='ltr'><strong>cum</strong></span> <span class='ocrx_word' id='word_1_524' title='bbox 1355 3850 1573 3917; x_wconf 90' lang='lat' dir='ltr'><strong>optimis</strong></span> <span class='ocrx_word' id='word_1_525' title='bbox 1615 3865 1744 3918; x_wconf 88' lang='lat' dir='ltr'><strong>ope-</strong></span> 
     </span>
    </p>
   </div>
   <div class='ocr_carea' id='block_1_70' title="bbox 159 3927 1742 4005">
    <p class='ocr_par' dir='ltr' id='par_1_70' title="bbox 159 3927 1742 4005">
     <span class='ocr_line' id='line_1_70' title="bbox 159 3927 1742 4005; baseline 0.01 -26"><span class='ocrx_word' id='word_1_526' title='bbox 159 3927 320 3981; x_wconf 86' lang='lat' dir='ltr'><strong>ribus</strong></span> <span class='ocrx_word' id='word_1_527' title='bbox 355 3928 628 3999; x_wconf 85' lang='lat' dir='ltr'><strong>longiores</strong></span> <span class='ocrx_word' id='word_1_528' title='bbox 661 3931 804 3997; x_wconf 90' lang='lat' dir='ltr'><strong>sint,</strong></span> <span class='ocrx_word' id='word_1_529' title='bbox 855 3940 944 3986; x_wconf 87' lang='lat' dir='ltr'><strong>aut</strong></span> <span class='ocrx_word' id='word_1_530' title='bbox 986 3951 1107 3989; x_wconf 92' lang='lat' dir='ltr'><strong>cum</strong></span> <span class='ocrx_word' id='word_1_531' title='bbox 1151 3938 1398 4005; x_wconf 89' lang='lat' dir='ltr'><strong>pessimis</strong></span> <span class='ocrx_word' id='word_1_532' title='bbox 1444 3939 1742 3995; x_wconf 88' lang='lat' dir='ltr'><strong>breviores.</strong></span> 
     </span>
    </p>
   </div>
   <div class='ocr_carea' id='block_1_71' title="bbox 159 4018 1745 4100">
    <p class='ocr_par' dir='ltr' id='par_1_71' title="bbox 159 4018 1745 4100">
     <span class='ocr_line' id='line_1_71' title="bbox 159 4018 1745 4100; baseline 0.008 -27"><span class='ocrx_word' id='word_1_533' title='bbox 159 4018 323 4074; x_wconf 85' lang='lat' dir='ltr'><strong>Sicut</strong></span> <span class='ocrx_word' id='word_1_534' title='bbox 351 4020 612 4076; x_wconf 72' lang='lat' dir='ltr'><strong>Erechias</strong></span> <span class='ocrx_word' id='word_1_535' title='bbox 639 4033 987 4092; x_wconf 83' lang='lat' dir='ltr'><strong>augmentum</strong></span> <span class='ocrx_word' id='word_1_536' title='bbox 1034 4027 1234 4082; x_wconf 89' lang='lat' dir='ltr'><strong>meruit</strong></span> <span class='ocrx_word' id='word_1_537' title='bbox 1279 4029 1486 4082; x_wconf 90' lang='lat' dir='ltr'><strong>dierum</strong></span> <span class='ocrx_word' id='word_1_538' title='bbox 1533 4030 1745 4100; x_wconf 87' lang='lat' dir='ltr'><strong>impen-</strong></span> 
     </span>
    </p>
   </div>
   <div class='ocr_carea' id='block_1_72' title="bbox 159 4109 1744 4189">
    <p class='ocr_par' dir='ltr' id='par_1_72' title="bbox 159 4109 1744 4189">
     <span class='ocr_line' id='line_1_72' title="bbox 159 4109 1744 4189; baseline 0.008 -25"><span class='ocrx_word' id='word_1_539' title='bbox 159 4111 319 4165; x_wconf 84' lang='lat' dir='ltr'><strong>sione</strong></span> <span class='ocrx_word' id='word_1_540' title='bbox 362 4109 745 4182; x_wconf 89' lang='lat' dir='ltr'><strong>lacrymarnm.</strong></span> <span class='ocrx_word' id='word_1_541' title='bbox 781 4114 848 4168; x_wconf 85' lang='lat' dir='ltr'><strong>Et</strong></span> <span class='ocrx_word' id='word_1_542' title='bbox 891 4115 1031 4170; x_wconf 88' lang='lat' dir='ltr'><strong>sicut</strong></span> <span class='ocrx_word' id='word_1_543' title='bbox 1079 4118 1145 4172; x_wconf 91' lang='lat' dir='ltr'><strong>de</strong></span> <span class='ocrx_word' id='word_1_544' title='bbox 1179 4119 1449 4188; x_wconf 90' lang='lat' dir='ltr'><strong>perversis</strong></span> <span class='ocrx_word' id='word_1_545' title='bbox 1487 4121 1744 4189; x_wconf 88' lang='lat' dir='ltr'><strong>scriptum</strong></span> 
     </span>
    </p>
   </div>
   <div class='ocr_carea' id='block_1_73' title="bbox 157 4200 1740 4281">
    <p class='ocr_par' dir='ltr' id='par_1_73' title="bbox 157 4200 1740 4281">
     <span class='ocr_line' id='line_1_73' title="bbox 157 4200 1740 4281; baseline 0.007 -28"><span class='ocrx_word' id='word_1_546' title='bbox 157 4209 278 4255; x_wconf 79' lang='lat' dir='ltr'><strong>est:</strong></span> <span class='ocrx_word' id='word_1_547' title='bbox 308 4219 327 4252; x_wconf 74' lang='grc' dir='ltr'>ι</span> <span class='ocrx_word' id='word_1_548' title='bbox 348 4200 769 4274; x_wconf 85' lang='lat' dir='ltr'><strong>lndiseiplinatis</strong></span> <span class='ocrx_word' id='word_1_549' title='bbox 803 4206 986 4261; x_wconf 89' lang='lat' dir='ltr'><strong>obviat</strong></span> <span class='ocrx_word' id='word_1_550' title='bbox 1011 4223 1158 4263; x_wconf 91' lang='lat' dir='ltr'><strong>mors</strong></span> <span class='ocrx_word' id='word_1_551' title='bbox 1196 4209 1332 4280; x_wconf 88' lang='lat' dir='ltr'><strong>(Isa.</strong></span> <span class='ocrx_word' id='word_1_552' title='bbox 1356 4227 1581 4276; x_wconf 78' lang='lat' dir='ltr'><strong>xxxviii,</strong></span> <span class='ocrx_word' id='word_1_553' title='bbox 1613 4211 1689 4281; x_wconf 83' lang='lat'><strong>5).</strong></span> <span class='ocrx_word' id='word_1_554' title='bbox 1721 4229 1740 4264; x_wconf 77' lang='grc' dir='ltr'><strong><em>ι</em></strong></span> 
     </span>
    </p>
   </div>
   <div class='ocr_carea' id='block_1_74' title="bbox 159 4289 1747 4371">
    <p class='ocr_par' dir='ltr' id='par_1_74' title="bbox 159 4289 1747 4371">
     <span class='ocr_line' id='line_1_74' title="bbox 159 4289 1747 4371; baseline 0.005 -25"><span class='ocrx_word' id='word_1_555' title='bbox 159 4289 272 4346; x_wconf 87' lang='lat' dir='ltr'><strong>Sed</strong></span> <span class='ocrx_word' id='word_1_556' title='bbox 295 4306 438 4363; x_wconf 67' lang='lat' dir='ltr'><strong>saepe</strong></span> <span class='ocrx_word' id='word_1_557' title='bbox 467 4294 682 4364; x_wconf 91' lang='lat' dir='ltr'><strong>iniquus</strong></span> <span class='ocrx_word' id='word_1_558' title='bbox 705 4297 948 4364; x_wconf 89' lang='lat' dir='ltr'><strong>quamvis</strong></span> <span class='ocrx_word' id='word_1_559' title='bbox 971 4299 1024 4352; x_wconf 91' lang='lat' dir='ltr'><strong>in</strong></span> <span class='ocrx_word' id='word_1_560' title='bbox 1050 4301 1261 4355; x_wconf 89' lang='lat' dir='ltr'><strong>occulta</strong></span> <span class='ocrx_word' id='word_1_561' title='bbox 1285 4302 1377 4355; x_wconf 90' lang='lat' dir='ltr'><strong>Dei</strong></span> <span class='ocrx_word' id='word_1_562' title='bbox 1408 4301 1747 4371; x_wconf 83' lang='lat' dir='ltr'><strong>praescientia</strong></span> 
     </span>
    </p>
   </div>
   <div class='ocr_carea' id='block_1_75' title="bbox 160 4381 1747 4462">
    <p class='ocr_par' dir='ltr' id='par_1_75' title="bbox 160 4381 1747 4462">
     <span class='ocr_line' id='line_1_75' title="bbox 160 4381 1747 4462; baseline 0.007 -27"><span class='ocrx_word' id='word_1_563' title='bbox 160 4381 325 4452; x_wconf 88' lang='lat' dir='ltr'><strong>longa</strong></span> <span class='ocrx_word' id='word_1_564' title='bbox 355 4384 480 4440; x_wconf 66' lang='lat' dir='ltr'><strong>vitae</strong></span> <span class='ocrx_word' id='word_1_565' title='bbox 507 4384 624 4454; x_wconf 88' lang='lat' dir='ltr'><strong>ejus</strong></span> <span class='ocrx_word' id='word_1_566' title='bbox 653 4395 898 4457; x_wconf 90' lang='lat' dir='ltr'><strong>tempora</strong></span> <span class='ocrx_word' id='word_1_567' title='bbox 930 4405 1036 4443; x_wconf 92' lang='lat' dir='ltr'><strong>non</strong></span> <span class='ocrx_word' id='word_1_568' title='bbox 1068 4391 1177 4445; x_wconf 90' lang='lat' dir='ltr'><strong>sint</strong></span> <span class='ocrx_word' id='word_1_569' title='bbox 1203 4393 1601 4460; x_wconf 69' lang='lat' dir='ltr'><strong>praedestinata,</strong></span> <span class='ocrx_word' id='word_1_570' title='bbox 1633 4392 1747 4462; x_wconf 84' lang='lat' dir='ltr'><strong>ipse</strong></span> 
     </span>
    </p>
   </div>
   <div class='ocr_carea' id='block_1_76' title="bbox 161 4476 1745 4553">
    <p class='ocr_par' dir='ltr' id='par_1_76' title="bbox 161 4476 1745 4553">
     <span class='ocr_line' id='line_1_76' title="bbox 161 4476 1745 4553; baseline 0.007 -26"><span class='ocrx_word' id='word_1_571' title='bbox 161 4481 349 4528; x_wconf 85' lang='lat' dir='ltr'><strong>tamen</strong></span> <span class='ocrx_word' id='word_1_572' title='bbox 377 4476 502 4545; x_wconf 89' lang='lat' dir='ltr'><strong>quia</strong></span> <span class='ocrx_word' id='word_1_573' title='bbox 546 4478 841 4533; x_wconf 86' lang='lat' dir='ltr'><strong>carnaliter</strong></span> <span class='ocrx_word' id='word_1_574' title='bbox 891 4480 1073 4536; x_wconf 86' lang='lat' dir='ltr'><strong>vivere</strong></span> <span class='ocrx_word' id='word_1_575' title='bbox 1109 4485 1346 4552; x_wconf 88' lang='lat' dir='ltr'><strong>appetit,</strong></span> <span class='ocrx_word' id='word_1_576' title='bbox 1397 4483 1585 4553; x_wconf 88' lang='lat' dir='ltr'><strong>longos</strong></span> <span class='ocrx_word' id='word_1_577' title='bbox 1630 4484 1745 4538; x_wconf 91' lang='lat' dir='ltr'><strong>dies</strong></span> 
     </span>
    </p>
   </div>
   <div class='ocr_carea' id='block_1_77' title="bbox 163 4566 1745 4645">
    <p class='ocr_par' dir='ltr' id='par_1_77' title="bbox 163 4566 1745 4645">
     <span class='ocr_line' id='line_1_77' title="bbox 163 4566 1745 4645; baseline 0.007 -27"><span class='ocrx_word' id='word_1_578' title='bbox 163 4566 350 4622; x_wconf 88' lang='lat' dir='ltr'><strong>animo</strong></span> <span class='ocrx_word' id='word_1_579' title='bbox 374 4571 661 4639; x_wconf 90' lang='lat' dir='ltr'><strong>proponit,</strong></span> <span class='ocrx_word' id='word_1_580' title='bbox 699 4579 755 4625; x_wconf 89' lang='lat' dir='ltr'><strong>et</strong></span> <span class='ocrx_word' id='word_1_581' title='bbox 793 4572 921 4641; x_wconf 89' lang='lat' dir='ltr'><strong>quia</strong></span> <span class='ocrx_word' id='word_1_582' title='bbox 965 4574 1032 4627; x_wconf 83' lang='lat' dir='ltr'><strong>ad</strong></span> <span class='ocrx_word' id='word_1_583' title='bbox 1065 4574 1193 4629; x_wconf 90' lang='lat' dir='ltr'><strong>illud</strong></span> <span class='ocrx_word' id='word_1_584' title='bbox 1222 4584 1430 4645; x_wconf 90' lang='lat' dir='ltr'><strong>tempus</strong></span> <span class='ocrx_word' id='word_1_585' title='bbox 1463 4574 1745 4645; x_wconf 89' lang='lat' dir='ltr'><strong>pervenire</strong></span> 
     </span>
    </p>
   </div>
   <div class='ocr_carea' id='block_1_78' title="bbox 164 4657 1744 4737">
    <p class='ocr_par' dir='ltr' id='par_1_78' title="bbox 164 4657 1744 4737">
     <span class='ocr_line' id='line_1_78' title="bbox 164 4657 1744 4737; baseline 0.009 -29"><span class='ocrx_word' id='word_1_586' title='bbox 164 4670 274 4710; x_wconf 90' lang='lat' dir='ltr'><strong>non</strong></span> <span class='ocrx_word' id='word_1_587' title='bbox 303 4657 444 4714; x_wconf 88' lang='lat' dir='ltr'><strong>valet</strong></span> <span class='ocrx_word' id='word_1_588' title='bbox 468 4660 613 4730; x_wconf 90' lang='lat' dir='ltr'><strong>quod</strong></span> <span class='ocrx_word' id='word_1_589' title='bbox 638 4671 935 4730; x_wconf 81' lang='lat' dir='ltr'><strong>exspectat,</strong></span> <span class='ocrx_word' id='word_1_590' title='bbox 961 4664 1115 4733; x_wconf 87' lang='lat' dir='ltr'><strong>quasi</strong></span> <span class='ocrx_word' id='word_1_591' title='bbox 1149 4674 1433 4737; x_wconf 82' lang='lat' dir='ltr'><strong>antequam</strong></span> <span class='ocrx_word' id='word_1_592' title='bbox 1458 4665 1571 4721; x_wconf 88' lang='lat' dir='ltr'><strong>dies</strong></span> <span class='ocrx_word' id='word_1_593' title='bbox 1602 4665 1744 4722; x_wconf 90' lang='lat' dir='ltr'><strong>illius</strong></span> 
     </span>
    </p>
   </div>
   <div class='ocr_carea' id='block_1_79' title="bbox 166 4747 1739 4830">
    <p class='ocr_par' dir='ltr' id='par_1_79' title="bbox 166 4747 1739 4830">
     <span class='ocr_line' id='line_1_79' title="bbox 166 4747 1739 4830; baseline 0.01 -32"><span class='ocrx_word' id='word_1_594' title='bbox 166 4747 524 4816; x_wconf 88' lang='lat' dir='ltr'><strong>impleantur,</strong></span> <span class='ocrx_word' id='word_1_595' title='bbox 572 4753 734 4823; x_wconf 91' lang='lat' dir='ltr'><strong>perit.</strong></span> <span class='ocrx_word' id='word_1_596' title='bbox 785 4754 976 4809; x_wconf 86' lang='lat' dir='ltr'><strong>Aliter.</strong></span> <span class='ocrx_word' id='word_1_597' title='bbox 1026 4754 1164 4810; x_wconf 89' lang='lat' dir='ltr'><strong>Sunt</strong></span> <span class='ocrx_word' id='word_1_598' title='bbox 1207 4773 1436 4830; x_wconf 88' lang='lat' dir='ltr'><strong>namque</strong></span> <span class='ocrx_word' id='word_1_599' title='bbox 1462 4759 1697 4814; x_wconf 92' lang='lat' dir='ltr'><strong>nonnulli</strong></span> <span class='ocrx_word' id='word_1_600' title='bbox 1724 4799 1739 4825; x_wconf 89' lang='lat'><strong>,</strong></span> 
     </span>
    </p>
   </div>
   <div class='ocr_carea' id='block_1_80' title="bbox 168 4838 1745 4918">
    <p class='ocr_par' dir='ltr' id='par_1_80' title="bbox 168 4838 1745 4918">
     <span class='ocr_line' id='line_1_80' title="bbox 168 4838 1745 4918; baseline 0.011 -30"><span class='ocrx_word' id='word_1_601' title='bbox 168 4838 262 4904; x_wconf 90' lang='lat' dir='ltr'><strong>qui</strong></span> <span class='ocrx_word' id='word_1_602' title='bbox 281 4849 425 4908; x_wconf 74' lang='lat' dir='ltr'><strong>.post</strong></span> <span class='ocrx_word' id='word_1_603' title='bbox 468 4843 634 4896; x_wconf 88' lang='lat' dir='ltr'><strong>vitam</strong></span> <span class='ocrx_word' id='word_1_604' title='bbox 663 4843 930 4912; x_wconf 83' lang='lat' dir='ltr'><strong>perditam</strong></span> <span class='ocrx_word' id='word_1_605' title='bbox 959 4847 1023 4900; x_wconf 91' lang='lat' dir='ltr'><strong>ad</strong></span> <span class='ocrx_word' id='word_1_606' title='bbox 1056 4848 1374 4918; x_wconf 89' lang='lat' dir='ltr'><strong>semetipsos</strong></span> <span class='ocrx_word' id='word_1_607' title='bbox 1404 4851 1661 4914; x_wconf 90' lang='lat' dir='ltr'><strong>redeunt,</strong></span> <span class='ocrx_word' id='word_1_608' title='bbox 1689 4859 1745 4905; x_wconf 88' lang='lat' dir='ltr'><strong>et</strong></span> 
     </span>
    </p>
   </div>
   <div class='ocr_carea' id='block_1_81' title="bbox 167 4933 1744 5004">
    <p class='ocr_par' dir='ltr' id='par_1_81' title="bbox 167 4933 1744 5004">
     <span class='ocr_line' id='line_1_81' title="bbox 167 4933 1744 5004; baseline 0.013 -29"><span class='ocrx_word' id='word_1_609' title='bbox 167 4937 456 4984; x_wconf 89' lang='lat' dir='ltr'><strong>accusante</strong></span> <span class='ocrx_word' id='word_1_610' title='bbox 503 4945 562 4985; x_wconf 89' lang='lat' dir='ltr'><strong>se</strong></span> <span class='ocrx_word' id='word_1_611' title='bbox 606 4933 971 5002; x_wconf 88' lang='lat' dir='ltr'><strong>conscientia,</strong></span> <span class='ocrx_word' id='word_1_612' title='bbox 1027 4951 1278 5004; x_wconf 88' lang='lat' dir='ltr'><strong>perversa</strong></span> <span class='ocrx_word' id='word_1_613' title='bbox 1327 4938 1521 4994; x_wconf 89' lang='lat' dir='ltr'><strong>itinera</strong></span> <span class='ocrx_word' id='word_1_614' title='bbox 1579 4941 1744 4995; x_wconf 79' lang='lat' dir='ltr'><strong>relin-</strong></span> 
     </span>
    </p>
   </div>
   <div class='ocr_carea' id='block_1_82' title="bbox 169 5026 1743 5102">
    <p class='ocr_par' dir='ltr' id='par_1_82' title="bbox 169 5026 1743 5102">
     <span class='ocr_line' id='line_1_82' title="bbox 169 5026 1743 5102; baseline 0.01 -35"><span class='ocrx_word' id='word_1_615' title='bbox 169 5026 372 5083; x_wconf 87' lang='lat' dir='ltr'><strong>quunt,</strong></span> <span class='ocrx_word' id='word_1_616' title='bbox 419 5031 755 5077; x_wconf 88' lang='lat' dir='ltr'><strong>commutant</strong></span> <span class='ocrx_word' id='word_1_617' title='bbox 802 5039 998 5094; x_wconf 88' lang='lat' dir='ltr'><strong>opera,</strong></span> <span class='ocrx_word' id='word_1_618' title='bbox 1043 5028 1276 5098; x_wconf 70' lang='lat' dir='ltr'><strong>antiqua:</strong></span> <span class='ocrx_word' id='word_1_619' title='bbox 1324 5045 1433 5085; x_wconf 68' lang='lat' dir='ltr'><strong>sua:</strong></span> <span class='ocrx_word' id='word_1_620' title='bbox 1489 5031 1743 5102; x_wconf 85' lang='lat' dir='ltr'><strong>pravitati</strong></span> 
     </span>
    </p>
   </div>
   <div class='ocr_carea' id='block_1_83' title="bbox 171 5109 1742 5189">
    <p class='ocr_par' dir='ltr' id='par_1_83' title="bbox 171 5109 1742 5189">
     <span class='ocr_line' id='line_1_83' title="bbox 171 5109 1742 5189; baseline 0.01 -32"><span class='ocrx_word' id='word_1_621' title='bbox 171 5109 585 5178; x_wconf 90' lang='lat' dir='ltr'><strong>contradicunt,</strong></span> <span class='ocrx_word' id='word_1_622' title='bbox 624 5121 873 5168; x_wconf 89' lang='lat' dir='ltr'><strong>terrenas</strong></span> <span class='ocrx_word' id='word_1_623' title='bbox 912 5115 1154 5172; x_wconf 85' lang='lat' dir='ltr'><strong>actiones</strong></span> <span class='ocrx_word' id='word_1_624' title='bbox 1205 5119 1438 5189; x_wconf 90' lang='lat' dir='ltr'><strong>fugiunt,</strong></span> <span class='ocrx_word' id='word_1_625' title='bbox 1475 5121 1742 5176; x_wconf 89' lang='lat' dir='ltr'><strong>desideria</strong></span> 
     </span>
    </p>
   </div>
   <div class='ocr_carea' id='block_1_84' title="bbox 172 5210 398 5234">
    <p class='ocr_par' dir='ltr' id='par_1_84' title="bbox 172 5210 398 5234">
     <span class='ocr_line' id='line_1_84' title="bbox 172 5210 398 5234; baseline 0 0"><span class='ocrx_word' id='word_1_626' title='bbox 172 5210 398 5234; x_wconf 63' lang='lat' dir='ltr'><strong>esu-unua</strong></span> 
     </span>
    </p>
   </div>
   <div class='ocr_carea' id='block_1_85' title="bbox 429 5205 1422 5234">
    <p class='ocr_par' dir='ltr' id='par_1_85' title="bbox 429 5205 1422 5234">
     <span class='ocr_line' id='line_1_85' title="bbox 429 5205 1422 5234; baseline 0 0"><span class='ocrx_word' id='word_1_627' title='bbox 429 5214 704 5234; x_wconf 65' lang='lat' dir='ltr'><strong>Dnnlnnluun</strong></span> <span class='ocrx_word' id='word_1_628' title='bbox 755 5205 860 5234; x_wconf 56' lang='lat' dir='ltr'><strong>et“!</strong></span> <span class='ocrx_word' id='word_1_629' title='bbox 890 5207 1194 5234; x_wconf 59' lang='lat' dir='ltr'><strong>nm:--nn..-_-</strong></span> <span class='ocrx_word' id='word_1_630' title='bbox 1232 5212 1283 5234; x_wconf 70' lang='grc' dir='ltr'><strong>ξ-.</strong></span> <span class='ocrx_word' id='word_1_631' title='bbox 1315 5212 1422 5234; x_wconf 63' lang='grc' dir='ltr'><strong>Αἶα-..Ι</strong></span> 
     </span>
    </p>
   </div>
   <div class='ocr_carea' id='block_1_86' title="bbox 1777 4531 3431 4650">
    <p class='ocr_par' dir='ltr' id='par_1_86' title="bbox 1777 4531 3431 4650">
     <span class='ocr_line' id='line_1_86' title="bbox 1777 4531 3431 4650; baseline -0.001 -22"><span class='ocrx_word' id='word_1_632' title='bbox 1777 4531 1914 4650; x_wconf 59' lang='lat' dir='ltr'><strong>Plit</strong></span> <span class='ocrx_word' id='word_1_633' title='bbox 1945 4572 2006 4626; x_wconf 87' lang='lat' dir='ltr'><strong>tit</strong></span> <span class='ocrx_word' id='word_1_634' title='bbox 2044 4531 2358 4642; x_wconf 72' lang='lat' dir='ltr'><strong>plerumque</strong></span> <span class='ocrx_word' id='word_1_635' title='bbox 2395 4580 2454 4626; x_wconf 89' lang='lat' dir='ltr'><strong>ut</strong></span> <span class='ocrx_word' id='word_1_636' title='bbox 2498 4572 2780 4643; x_wconf 86' lang='lat' dir='ltr'><strong>hypocrita</strong></span> <span class='ocrx_word' id='word_1_637' title='bbox 2800 4531 3040 4639; x_wconf 55' lang='lat' dir='ltr'><strong>caurum,</strong></span> <span class='ocrx_word' id='word_1_638' title='bbox 3077 4572 3157 4628; x_wconf 87' lang='lat' dir='ltr'><strong>vel</strong></span> <span class='ocrx_word' id='word_1_639' title='bbox 3201 4588 3431 4642; x_wconf 64' lang='lat' dir='ltr'><strong>quaeque</strong></span> 
     </span>
    </p>
   </div>
   <div class='ocr_carea' id='block_1_87' title="bbox 1785 4664 3429 4734">
    <p class='ocr_par' dir='ltr' id='par_1_87' title="bbox 1785 4664 3429 4734">
     <span class='ocr_line' id='line_1_87' title="bbox 1785 4664 3429 4734; baseline -0.002 -13"><span class='ocrx_word' id='word_1_640' title='bbox 1785 4709 1792 4722; x_wconf 94' lang='lat'><strong>.</strong></span> <span class='ocrx_word' id='word_1_641' title='bbox 1845 4668 1985 4721; x_wconf 89' lang='lat' dir='ltr'><strong>bona</strong></span> <span class='ocrx_word' id='word_1_642' title='bbox 2015 4664 2314 4734; x_wconf 90' lang='lat' dir='ltr'><strong>corporalia</strong></span> <span class='ocrx_word' id='word_1_643' title='bbox 2351 4664 2418 4718; x_wconf 89' lang='lat' dir='ltr'><strong>ab</strong></span> <span class='ocrx_word' id='word_1_644' title='bbox 2446 4664 2755 4720; x_wconf 88' lang='lat' dir='ltr'><strong>hominibus</strong></span> <span class='ocrx_word' id='word_1_645' title='bbox 2781 4671 3130 4730; x_wconf 89' lang='lat' dir='ltr'><strong>contemnat;</strong></span> <span class='ocrx_word' id='word_1_646' title='bbox 3176 4665 3272 4718; x_wconf 89' lang='lat' dir='ltr'><strong>sed</strong></span> <span class='ocrx_word' id='word_1_647' title='bbox 3303 4665 3429 4733; x_wconf 90' lang='lat' dir='ltr'><strong>quia</strong></span> 
     </span>
    </p>
   </div>
   <div class='ocr_carea' id='block_1_88' title="bbox 1849 3300 3426 3375">
    <p class='ocr_par' dir='ltr' id='par_1_88' title="bbox 1849 3300 3426 3375">
     <span class='ocr_line' id='line_1_88' title="bbox 1849 3300 3426 3375; baseline 0.004 -22"><span class='ocrx_word' id='word_1_648' title='bbox 1849 3300 2016 3365; x_wconf 87' lang='lat' dir='ltr'><strong>ciant,</strong></span> <span class='ocrx_word' id='word_1_649' title='bbox 2063 3312 2119 3356; x_wconf 90' lang='lat' dir='ltr'><strong>et</strong></span> <span class='ocrx_word' id='word_1_650' title='bbox 2146 3302 2378 3359; x_wconf 90' lang='lat' dir='ltr'><strong>fructum</strong></span> <span class='ocrx_word' id='word_1_651' title='bbox 2408 3306 2643 3375; x_wconf 86' lang='lat' dir='ltr'><strong>perdunt</strong></span> <span class='ocrx_word' id='word_1_652' title='bbox 2689 3307 2888 3375; x_wconf 88' lang='lat' dir='ltr'><strong>operis,</strong></span> <span class='ocrx_word' id='word_1_653' title='bbox 2921 3306 3067 3362; x_wconf 79' lang='lat' dir='ltr'><strong>velut</strong></span> <span class='ocrx_word' id='word_1_654' title='bbox 3117 3321 3183 3361; x_wconf 78' lang='lat' dir='ltr'><strong>ex</strong></span> <span class='ocrx_word' id='word_1_655' title='bbox 3230 3304 3426 3361; x_wconf 85' lang='lat' dir='ltr'><strong>nebula</strong></span> 
     </span>
    </p>
   </div>
   <div class='ocr_carea' id='block_1_89' title="bbox 1847 3387 2401 3464">
    <p class='ocr_par' dir='ltr' id='par_1_89' title="bbox 1847 3387 2401 3464">
     <span class='ocr_line' id='line_1_89' title="bbox 1847 3387 2401 3464; baseline 0.013 -23"><span class='ocrx_word' id='word_1_656' title='bbox 1847 3387 2065 3446; x_wconf 80' lang='lat' dir='ltr'><strong>favoris.</strong></span> <span class='ocrx_word' id='word_1_657' title='bbox 2101 3392 2357 3464; x_wconf 87' lang='lat' dir='ltr'><strong>Sequitur</strong></span> <span class='ocrx_word' id='word_1_658' title='bbox 2387 3410 2401 3448; x_wconf 91' lang='lat'><strong>:</strong></span> 
     </span>
    </p>
   </div>
   <div class='ocr_carea' id='block_1_90' title="bbox 1919 3483 3425 3560">
    <p class='ocr_par' dir='ltr' id='par_1_90' title="bbox 1919 3483 3425 3560">
     <span class='ocr_line' id='line_1_90' title="bbox 1919 3483 3425 3560; baseline 0.003 -22"><span class='ocrx_word' id='word_1_659' title='bbox 1919 3483 2078 3538; x_wconf 72' lang='lat' dir='ltr'><strong>Vens.</strong></span> <span class='ocrx_word' id='word_1_660' title='bbox 2114 3486 2202 3540; x_wconf 73' lang='grc'><strong>54.</strong></span> <span class='ocrx_word' id='word_1_661' title='bbox 2241 3487 2584 3558; x_wconf 81' lang='lat' dir='ltr'><strong>Congregatio</strong></span> <span class='ocrx_word' id='word_1_662' title='bbox 2628 3491 2766 3543; x_wconf 85' lang='lat' dir='ltr'><strong>enim</strong></span> <span class='ocrx_word' id='word_1_663' title='bbox 2791 3491 3185 3560; x_wconf 81' lang='lat' dir='ltr'><strong>Itypocritarum</strong></span> <span class='ocrx_word' id='word_1_664' title='bbox 3211 3490 3425 3544; x_wconf 79' lang='lat' dir='ltr'><strong>sterilis.</strong></span> 
     </span>
    </p>
   </div>
   <div class='ocr_carea' id='block_1_91' title="bbox 1846 3573 3429 3652">
    <p class='ocr_par' dir='ltr' id='par_1_91' title="bbox 1846 3573 3429 3652">
     <span class='ocr_line' id='line_1_91' title="bbox 1846 3573 3429 3652; baseline 0.004 -24"><span class='ocrx_word' id='word_1_665' title='bbox 1846 3603 1916 3614; x_wconf 94' lang='lat'><strong>—</strong></span> <span class='ocrx_word' id='word_1_666' title='bbox 1941 3573 2128 3646; x_wconf 71' lang='lat' dir='ltr'><strong>Cmpta</strong></span> <span class='ocrx_word' id='word_1_667' title='bbox 2151 3579 2294 3632; x_wconf 91' lang='lat' dir='ltr'><strong>enim</strong></span> <span class='ocrx_word' id='word_1_668' title='bbox 2323 3579 2462 3634; x_wconf 90' lang='lat' dir='ltr'><strong>bona</strong></span> <span class='ocrx_word' id='word_1_669' title='bbox 2491 3595 2596 3634; x_wconf 90' lang='lat' dir='ltr'><strong>non</strong></span> <span class='ocrx_word' id='word_1_670' title='bbox 2624 3582 2915 3647; x_wconf 91' lang='lat' dir='ltr'><strong>amitteret,</strong></span> <span class='ocrx_word' id='word_1_671' title='bbox 2944 3583 2986 3636; x_wconf 88' lang='lat' dir='ltr'><strong>si</strong></span> <span class='ocrx_word' id='word_1_672' title='bbox 3014 3582 3292 3652; x_wconf 87' lang='lat' dir='ltr'><strong>hypocrita</strong></span> <span class='ocrx_word' id='word_1_673' title='bbox 3321 3596 3429 3636; x_wconf 92' lang='lat' dir='ltr'><strong>non</strong></span> 
     </span>
    </p>
   </div>
   <div class='ocr_carea' id='block_1_92' title="bbox 1849 3663 3430 3741">
    <p class='ocr_par' dir='ltr' id='par_1_92' title="bbox 1849 3663 3430 3741">
     <span class='ocr_line' id='line_1_92' title="bbox 1849 3663 3430 3741; baseline 0.004 -24"><span class='ocrx_word' id='word_1_674' title='bbox 1849 3663 2057 3720; x_wconf 82' lang='lat' dir='ltr'><strong>fuisset.</strong></span> <span class='ocrx_word' id='word_1_675' title='bbox 2091 3667 2428 3739; x_wconf 82' lang='lat' dir='ltr'><strong>Congregatit</strong></span> <span class='ocrx_word' id='word_1_676' title='bbox 2457 3671 2599 3724; x_wconf 90' lang='lat' dir='ltr'><strong>enim</strong></span> <span class='ocrx_word' id='word_1_677' title='bbox 2629 3671 2925 3741; x_wconf 61' lang='lat' dir='ltr'><strong>hypocrita:</strong></span> <span class='ocrx_word' id='word_1_678' title='bbox 2954 3673 3092 3726; x_wconf 92' lang='lat' dir='ltr'><strong>bona</strong></span> <span class='ocrx_word' id='word_1_679' title='bbox 3122 3686 3304 3740; x_wconf 89' lang='lat' dir='ltr'><strong>opera,</strong></span> <span class='ocrx_word' id='word_1_680' title='bbox 3333 3671 3430 3726; x_wconf 86' lang='lat' dir='ltr'><strong>sed</strong></span> 
     </span>
    </p>
   </div>
   <div class='ocr_carea' id='block_1_93' title="bbox 1845 3755 3427 3835">
    <p class='ocr_par' dir='ltr' id='par_1_93' title="bbox 1845 3755 3427 3835">
     <span class='ocr_line' id='line_1_93' title="bbox 1845 3755 3427 3835; baseline 0.004 -23"><span class='ocrx_word' id='word_1_681' title='bbox 1845 3770 2035 3812; x_wconf 87' lang='lat' dir='ltr'><strong>eorum</strong></span> <span class='ocrx_word' id='word_1_682' title='bbox 2067 3761 2270 3816; x_wconf 88' lang='lat' dir='ltr'><strong>sterilis</strong></span> <span class='ocrx_word' id='word_1_683' title='bbox 2302 3769 2388 3817; x_wconf 89' lang='lat' dir='ltr'><strong>est</strong></span> <span class='ocrx_word' id='word_1_684' title='bbox 2437 3755 2553 3831; x_wconf 84' lang='lat' dir='ltr'><strong>ipsa</strong></span> <span class='ocrx_word' id='word_1_685' title='bbox 2603 3766 2950 3835; x_wconf 87' lang='lat' dir='ltr'><strong>congregatio</strong></span> <span class='ocrx_word' id='word_1_686' title='bbox 2972 3805 2985 3828; x_wconf 94' lang='lat'><strong>,</strong></span> <span class='ocrx_word' id='word_1_687' title='bbox 3031 3765 3153 3833; x_wconf 89' lang='lat' dir='ltr'><strong>quia</strong></span> <span class='ocrx_word' id='word_1_688' title='bbox 3185 3778 3283 3831; x_wconf 91' lang='lat' dir='ltr'><strong>per</strong></span> <span class='ocrx_word' id='word_1_689' title='bbox 3321 3763 3427 3818; x_wconf 91' lang='lat' dir='ltr'><strong>hoc</strong></span> 
     </span>
    </p>
   </div>
   <div class='ocr_carea' id='block_1_94' title="bbox 1847 3847 3429 3921">
    <p class='ocr_par' dir='ltr' id='par_1_94' title="bbox 1847 3847 3429 3921">
     <span class='ocr_line' id='line_1_94' title="bbox 1847 3847 3429 3921; baseline 0.005 -23"><span class='ocrx_word' id='word_1_690' title='bbox 1847 3847 1990 3913; x_wconf 88' lang='lat' dir='ltr'><strong>quod</strong></span> <span class='ocrx_word' id='word_1_691' title='bbox 2014 3858 2200 3917; x_wconf 87' lang='lat' dir='ltr'><strong>agunt,</strong></span> <span class='ocrx_word' id='word_1_692' title='bbox 2231 3850 2468 3905; x_wconf 89' lang='lat' dir='ltr'><strong>fructum</strong></span> <span class='ocrx_word' id='word_1_693' title='bbox 2493 3853 2737 3921; x_wconf 86' lang='lat' dir='ltr'><strong>recipere</strong></span> <span class='ocrx_word' id='word_1_694' title='bbox 2765 3853 2819 3906; x_wconf 90' lang='lat' dir='ltr'><strong>in</strong></span> <span class='ocrx_word' id='word_1_695' title='bbox 2842 3862 3049 3908; x_wconf 84' lang='lat' dir='ltr'><strong>aeterna</strong></span> <span class='ocrx_word' id='word_1_696' title='bbox 3073 3852 3429 3907; x_wconf 85' lang='lat' dir='ltr'><strong>retributione</strong></span> 
     </span>
    </p>
   </div>
   <div class='ocr_carea' id='block_1_95' title="bbox 1846 3941 3428 4013">
    <p class='ocr_par' dir='ltr' id='par_1_95' title="bbox 1846 3941 3428 4013">
     <span class='ocr_line' id='line_1_95' title="bbox 1846 3941 3428 4013; baseline 0.003 -20"><span class='ocrx_word' id='word_1_697' title='bbox 1846 3955 1954 3993; x_wconf 89' lang='lat' dir='ltr'><strong>non</strong></span> <span class='ocrx_word' id='word_1_698' title='bbox 1997 3949 2274 4010; x_wconf 89' lang='lat' dir='ltr'><strong>appetunt,</strong></span> <span class='ocrx_word' id='word_1_699' title='bbox 2317 3941 2530 3998; x_wconf 86' lang='lat' dir='ltr'><strong>fecundi</strong></span> <span class='ocrx_word' id='word_1_700' title='bbox 2577 3959 2642 3999; x_wconf 87' lang='lat' dir='ltr'><strong>ac</strong></span> <span class='ocrx_word' id='word_1_701' title='bbox 2666 3945 2866 4000; x_wconf 90' lang='lat' dir='ltr'><strong>virides</strong></span> <span class='ocrx_word' id='word_1_702' title='bbox 2913 3944 2968 3998; x_wconf 91' lang='lat' dir='ltr'><strong>in</strong></span> <span class='ocrx_word' id='word_1_703' title='bbox 3020 3944 3132 3999; x_wconf 88' lang='lat' dir='ltr'><strong>suis</strong></span> <span class='ocrx_word' id='word_1_704' title='bbox 3173 3943 3428 4013; x_wconf 85' lang='lat' dir='ltr'><strong>cperibus</strong></span> 
     </span>
    </p>
   </div>
   <div class='ocr_carea' id='block_1_96' title="bbox 1849 4033 3430 4104">
    <p class='ocr_par' dir='ltr' id='par_1_96' title="bbox 1849 4033 3430 4104">
     <span class='ocr_line' id='line_1_96' title="bbox 1849 4033 3430 4104; baseline 0.001 -16"><span class='ocrx_word' id='word_1_705' title='bbox 1849 4035 2096 4089; x_wconf 90' lang='lat' dir='ltr'><strong>humanis</strong></span> <span class='ocrx_word' id='word_1_706' title='bbox 2134 4034 2306 4089; x_wconf 92' lang='lat' dir='ltr'><strong>oculis</strong></span> <span class='ocrx_word' id='word_1_707' title='bbox 2349 4034 2602 4088; x_wconf 90' lang='lat' dir='ltr'><strong>videntur</strong></span> <span class='ocrx_word' id='word_1_708' title='bbox 2625 4075 2638 4099; x_wconf 96' lang='lat'><strong>,</strong></span> <span class='ocrx_word' id='word_1_709' title='bbox 2685 4035 2778 4089; x_wconf 87' lang='lat' dir='ltr'><strong>sed</strong></span> <span class='ocrx_word' id='word_1_710' title='bbox 2808 4035 2861 4089; x_wconf 92' lang='lat' dir='ltr'><strong>in</strong></span> <span class='ocrx_word' id='word_1_711' title='bbox 2893 4043 3185 4104; x_wconf 64' lang='lat' dir='ltr'><strong>cormpectu</strong></span> <span class='ocrx_word' id='word_1_712' title='bbox 3228 4033 3430 4089; x_wconf 89' lang='lat' dir='ltr'><strong>occulti</strong></span> 
     </span>
    </p>
   </div>
   <div class='ocr_carea' id='block_1_97' title="bbox 1843 4119 3430 4195">
    <p class='ocr_par' dir='ltr' id='par_1_97' title="bbox 1843 4119 3430 4195">
     <span class='ocr_line' id='line_1_97' title="bbox 1843 4119 3430 4195; baseline -0.001 -19"><span class='ocrx_word' id='word_1_713' title='bbox 1843 4123 2040 4195; x_wconf 87' lang='lat' dir='ltr'><strong>judicis</strong></span> <span class='ocrx_word' id='word_1_714' title='bbox 2093 4122 2369 4177; x_wconf 91' lang='lat' dir='ltr'><strong>infecundi</strong></span> <span class='ocrx_word' id='word_1_715' title='bbox 2400 4131 2455 4176; x_wconf 88' lang='lat' dir='ltr'><strong>et</strong></span> <span class='ocrx_word' id='word_1_716' title='bbox 2502 4123 2641 4176; x_wconf 91' lang='lat' dir='ltr'><strong>aridi</strong></span> <span class='ocrx_word' id='word_1_717' title='bbox 2689 4131 2972 4192; x_wconf 89' lang='lat' dir='ltr'><strong>apparent.</strong></span> <span class='ocrx_word' id='word_1_718' title='bbox 3029 4119 3430 4192; x_wconf 79' lang='lat' dir='ltr'><strong>SequiturzEt</strong></span> 
     </span>
    </p>
   </div>
   <div class='ocr_carea' id='block_1_98' title="bbox 1847 4211 3429 4284">
    <p class='ocr_par' dir='ltr' id='par_1_98' title="bbox 1847 4211 3429 4284">
     <span class='ocr_line' id='line_1_98' title="bbox 1847 4211 3429 4284; baseline 0 -17"><span class='ocrx_word' id='word_1_719' title='bbox 1847 4215 1980 4284; x_wconf 84' lang='lat' dir='ltr'><strong>ignis</strong></span> <span class='ocrx_word' id='word_1_720' title='bbox 2000 4213 2263 4266; x_wconf 82' lang='lat' dir='ltr'><strong>devorabit</strong></span> <span class='ocrx_word' id='word_1_721' title='bbox 2286 4211 2625 4267; x_wconf 86' lang='lat' dir='ltr'><strong>tabernacula</strong></span> <span class='ocrx_word' id='word_1_722' title='bbox 2647 4228 2827 4266; x_wconf 82' lang='lat' dir='ltr'><strong>eorum</strong></span> <span class='ocrx_word' id='word_1_723' title='bbox 2853 4213 2942 4282; x_wconf 88' lang='lat' dir='ltr'><strong>qui</strong></span> <span class='ocrx_word' id='word_1_724' title='bbox 2967 4229 3184 4266; x_wconf 88' lang='lat' dir='ltr'><strong>munera</strong></span> <span class='ocrx_word' id='word_1_725' title='bbox 3210 4212 3429 4267; x_wconf 85' lang='lat' dir='ltr'><strong>libenter</strong></span> 
     </span>
    </p>
   </div>
   <div class='ocr_carea' id='block_1_99' title="bbox 1847 4301 3424 4372">
    <p class='ocr_par' dir='ltr' id='par_1_99' title="bbox 1847 4301 3424 4372">
     <span class='ocr_line' id='line_1_99' title="bbox 1847 4301 3424 4372; baseline 0.002 -18"><span class='ocrx_word' id='word_1_726' title='bbox 1847 4304 2131 4372; x_wconf 87' lang='lat' dir='ltr'><strong>accipiunt.</strong></span> <span class='ocrx_word' id='word_1_727' title='bbox 2169 4331 2240 4341; x_wconf 92' lang='lat'><strong>—</strong></span> <span class='ocrx_word' id='word_1_728' title='bbox 2270 4303 2423 4356; x_wconf 89' lang='lat' dir='ltr'><strong>Sicut</strong></span> <span class='ocrx_word' id='word_1_729' title='bbox 2446 4301 2590 4355; x_wconf 88' lang='lat' dir='ltr'><strong>enim</strong></span> <span class='ocrx_word' id='word_1_730' title='bbox 2632 4317 2829 4371; x_wconf 91' lang='lat' dir='ltr'><strong>corpus</strong></span> <span class='ocrx_word' id='word_1_731' title='bbox 2861 4303 2913 4356; x_wconf 90' lang='lat' dir='ltr'><strong>in</strong></span> <span class='ocrx_word' id='word_1_732' title='bbox 2949 4303 3316 4368; x_wconf 87' lang='lat' dir='ltr'><strong>tabernaculo,</strong></span> <span class='ocrx_word' id='word_1_733' title='bbox 3347 4305 3424 4358; x_wconf 90' lang='lat' dir='ltr'><strong>sic</strong></span> 
     </span>
    </p>
   </div>
   <div class='ocr_carea' id='block_1_100' title="bbox 1847 4391 3424 4464">
    <p class='ocr_par' dir='ltr' id='par_1_100' title="bbox 1847 4391 3424 4464">
     <span class='ocr_line' id='line_1_100' title="bbox 1847 4391 3424 4464; baseline -0.001 -18"><span class='ocrx_word' id='word_1_734' title='bbox 1847 4399 1902 4446; x_wconf 89' lang='lat' dir='ltr'><strong>et</strong></span> <span class='ocrx_word' id='word_1_735' title='bbox 1926 4406 2077 4445; x_wconf 88' lang='lat' dir='ltr'><strong>mens</strong></span> <span class='ocrx_word' id='word_1_736' title='bbox 2103 4391 2309 4445; x_wconf 90' lang='lat' dir='ltr'><strong>habitat</strong></span> <span class='ocrx_word' id='word_1_737' title='bbox 2340 4391 2391 4445; x_wconf 93' lang='lat' dir='ltr'><strong>in</strong></span> <span class='ocrx_word' id='word_1_738' title='bbox 2415 4391 2758 4460; x_wconf 85' lang='lat' dir='ltr'><strong>cogitatione.</strong></span> <span class='ocrx_word' id='word_1_739' title='bbox 2791 4392 2894 4447; x_wconf 89' lang='lat' dir='ltr'><strong>Sed</strong></span> <span class='ocrx_word' id='word_1_740' title='bbox 2920 4393 3058 4464; x_wconf 90' lang='lat' dir='ltr'><strong>ignis</strong></span> <span class='ocrx_word' id='word_1_741' title='bbox 3082 4393 3424 4448; x_wconf 78' lang='lat' dir='ltr'><strong>tabernacula</strong></span> 
     </span>
    </p>
   </div>
   <div class='ocr_carea' id='block_1_101' title="bbox 1849 4482 3422 4552">
    <p class='ocr_par' dir='ltr' id='par_1_101' title="bbox 1849 4482 3422 4552">
     <span class='ocr_line' id='line_1_101' title="bbox 1849 4482 3422 4552; baseline 0.001 -18"><span class='ocrx_word' id='word_1_742' title='bbox 1849 4483 2091 4545; x_wconf 86' lang='lat' dir='ltr'><strong>devorat,</strong></span> <span class='ocrx_word' id='word_1_743' title='bbox 2121 4495 2244 4535; x_wconf 93' lang='lat' dir='ltr'><strong>eum</strong></span> <span class='ocrx_word' id='word_1_744' title='bbox 2270 4488 2432 4535; x_wconf 82' lang='lat' dir='ltr'><strong>aestus</strong></span> <span class='ocrx_word' id='word_1_745' title='bbox 2462 4482 2704 4536; x_wconf 70' lang='lat' dir='ltr'><strong>avaritiae</strong></span> <span class='ocrx_word' id='word_1_746' title='bbox 2733 4483 3086 4552; x_wconf 87' lang='lat' dir='ltr'><strong>cogitationes</strong></span> <span class='ocrx_word' id='word_1_747' title='bbox 3117 4484 3422 4538; x_wconf 87' lang='lat' dir='ltr'><strong>devastant.</strong></span> 
     </span>
    </p>
   </div>
   <div class='ocr_carea' id='block_1_102' title="bbox 1844 4756 3431 4826">
    <p class='ocr_par' dir='ltr' id='par_1_102' title="bbox 1844 4756 3431 4826">
     <span class='ocr_line' id='line_1_102' title="bbox 1844 4756 3431 4826; baseline -0.003 -14"><span class='ocrx_word' id='word_1_748' title='bbox 1844 4759 1960 4813; x_wconf 65' lang='lat' dir='ltr'><strong>haec</strong></span> <span class='ocrx_word' id='word_1_749' title='bbox 1984 4772 2091 4813; x_wconf 92' lang='lat' dir='ltr'><strong>non</strong></span> <span class='ocrx_word' id='word_1_750' title='bbox 2119 4757 2336 4826; x_wconf 89' lang='lat' dir='ltr'><strong>accipit,</strong></span> <span class='ocrx_word' id='word_1_751' title='bbox 2361 4757 2592 4826; x_wconf 86' lang='lat' dir='ltr'><strong>majores</strong></span> <span class='ocrx_word' id='word_1_752' title='bbox 2618 4756 2686 4810; x_wconf 88' lang='lat' dir='ltr'><strong>ab</strong></span> <span class='ocrx_word' id='word_1_753' title='bbox 2707 4757 2786 4811; x_wconf 88' lang='lat' dir='ltr'><strong>eis</strong></span> <span class='ocrx_word' id='word_1_754' title='bbox 2813 4756 2995 4813; x_wconf 88' lang='lat' dir='ltr'><strong>laudes</strong></span> <span class='ocrx_word' id='word_1_755' title='bbox 3025 4756 3264 4826; x_wconf 87' lang='lat' dir='ltr'><strong>recipere</strong></span> <span class='ocrx_word' id='word_1_756' title='bbox 3283 4771 3431 4824; x_wconf 71' lang='lat' dir='ltr'><strong>qum-</strong></span> 
     </span>
    </p>
   </div>
   <div class='ocr_carea' id='block_1_103' title="bbox 1848 4832 3427 4913">
    <p class='ocr_par' dir='ltr' id='par_1_103' title="bbox 1848 4832 3427 4913">
     <span class='ocr_line' id='line_1_103' title="bbox 1848 4832 3427 4913; baseline -0.003 -10"><span class='ocrx_word' id='word_1_757' title='bbox 1848 4859 1950 4904; x_wconf 90' lang='lat' dir='ltr'><strong>rat.</strong></span> <span class='ocrx_word' id='word_1_758' title='bbox 1985 4849 2080 4904; x_wconf 91' lang='lat' dir='ltr'><strong>Sin</strong></span> <span class='ocrx_word' id='word_1_759' title='bbox 2117 4863 2247 4903; x_wconf 90' lang='lat' dir='ltr'><strong>vero</strong></span> <span class='ocrx_word' id='word_1_760' title='bbox 2274 4863 2461 4904; x_wconf 90' lang='lat' dir='ltr'><strong>eorum</strong></span> <span class='ocrx_word' id='word_1_761' title='bbox 2484 4832 2838 4904; x_wconf 87' lang='lat' dir='ltr'><strong>tabernacula</strong></span> <span class='ocrx_word' id='word_1_762' title='bbox 2870 4849 3129 4903; x_wconf 88' lang='lat' dir='ltr'><strong>debemus</strong></span> <span class='ocrx_word' id='word_1_763' title='bbox 3159 4845 3427 4913; x_wconf 87' lang='lat' dir='ltr'><strong>accipere,</strong></span> 
     </span>
    </p>
   </div>
   <div class='ocr_carea' id='block_1_104' title="bbox 1847 4939 3431 5011">
    <p class='ocr_par' dir='ltr' id='par_1_104' title="bbox 1847 4939 3431 5011">
     <span class='ocr_line' id='line_1_104' title="bbox 1847 4939 3431 5011; baseline -0.005 -16"><span class='ocrx_word' id='word_1_764' title='bbox 1847 4940 1900 4995; x_wconf 91' lang='lat' dir='ltr'><strong>in</strong></span> <span class='ocrx_word' id='word_1_765' title='bbox 1929 4942 2128 5010; x_wconf 90' lang='lat' dir='ltr'><strong>quibus</strong></span> <span class='ocrx_word' id='word_1_766' title='bbox 2174 4939 2388 4994; x_wconf 89' lang='lat' dir='ltr'><strong>illorum</strong></span> <span class='ocrx_word' id='word_1_767' title='bbox 2420 4941 2612 4995; x_wconf 70' lang='lat' dir='ltr'><strong>anima:</strong></span> <span class='ocrx_word' id='word_1_768' title='bbox 2644 4939 2911 5006; x_wconf 88' lang='lat' dir='ltr'><strong>habitant,</strong></span> <span class='ocrx_word' id='word_1_769' title='bbox 2949 4940 3089 5011; x_wconf 89' lang='lat' dir='ltr'><strong>ignis</strong></span> <span class='ocrx_word' id='word_1_770' title='bbox 3121 4951 3308 4993; x_wconf 90' lang='lat' dir='ltr'><strong>eorum</strong></span> <span class='ocrx_word' id='word_1_771' title='bbox 3348 4945 3431 4988; x_wconf 88' lang='lat' dir='ltr'><strong>ta-</strong></span> 
     </span>
    </p>
   </div>
   <div class='ocr_carea' id='block_1_105' title="bbox 1844 5022 3437 5099">
    <p class='ocr_par' dir='ltr' id='par_1_105' title="bbox 1844 5022 3437 5099">
     <span class='ocr_line' id='line_1_105' title="bbox 1844 5022 3437 5099; baseline -0.004 -15"><span class='ocrx_word' id='word_1_772' title='bbox 1844 5032 2137 5087; x_wconf 80' lang='lat' dir='ltr'><strong>bernacula</strong></span> <span class='ocrx_word' id='word_1_773' title='bbox 2163 5032 2402 5094; x_wconf 82' lang='lat' dir='ltr'><strong>devorat,</strong></span> <span class='ocrx_word' id='word_1_774' title='bbox 2434 5032 2560 5099; x_wconf 87' lang='lat' dir='ltr'><strong>quia</strong></span> <span class='ocrx_word' id='word_1_775' title='bbox 2585 5030 2675 5099; x_wconf 88' lang='lat' dir='ltr'><strong>qui</strong></span> <span class='ocrx_word' id='word_1_776' title='bbox 2698 5029 2786 5082; x_wconf 90' lang='lat' dir='ltr'><strong>hic</strong></span> <span class='ocrx_word' id='word_1_777' title='bbox 2813 5029 2868 5082; x_wconf 93' lang='lat' dir='ltr'><strong>in</strong></span> <span class='ocrx_word' id='word_1_778' title='bbox 2895 5037 3071 5084; x_wconf 89' lang='lat' dir='ltr'><strong>mente</strong></span> <span class='ocrx_word' id='word_1_779' title='bbox 3097 5025 3285 5080; x_wconf 89' lang='lat' dir='ltr'><strong>ardent</strong></span> <span class='ocrx_word' id='word_1_780' title='bbox 3309 5022 3437 5092; x_wconf 89' lang='lat' dir='ltr'><strong>igne</strong></span> 
     </span>
    </p>
   </div>
   <div class='ocr_carea' id='block_1_106' title="bbox 1848 5111 3434 5188">
    <p class='ocr_par' dir='ltr' id='par_1_106' title="bbox 1848 5111 3434 5188">
     <span class='ocr_line' id='line_1_106' title="bbox 1848 5111 3434 5188; baseline -0.006 -12"><span class='ocrx_word' id='word_1_781' title='bbox 1848 5123 2116 5188; x_wconf 63' lang='lat' dir='ltr'><strong>avaritim,</strong></span> <span class='ocrx_word' id='word_1_782' title='bbox 2149 5121 2257 5176; x_wconf 89' lang='lat' dir='ltr'><strong>illic</strong></span> <span class='ocrx_word' id='word_1_783' title='bbox 2282 5121 2443 5174; x_wconf 90' lang='lat' dir='ltr'><strong>etiam</strong></span> <span class='ocrx_word' id='word_1_784' title='bbox 2475 5120 2528 5176; x_wconf 92' lang='lat' dir='ltr'><strong>in</strong></span> <span class='ocrx_word' id='word_1_785' title='bbox 2559 5133 2722 5176; x_wconf 89' lang='lat' dir='ltr'><strong>carne</strong></span> <span class='ocrx_word' id='word_1_786' title='bbox 2770 5125 3186 5174; x_wconf 88' lang='lat' dir='ltr'><strong>concremantur</strong></span> <span class='ocrx_word' id='word_1_787' title='bbox 3213 5111 3434 5180; x_wconf 82' lang='lat' dir='ltr'><strong>ignibus</strong></span> 
     </span>
    </p>
   </div>
   <div class='ocr_carea' id='block_1_107' title="bbox 1850 5210 2454 5234">
    <p class='ocr_par' dir='ltr' id='par_1_107' title="bbox 1850 5210 2454 5234">
     <span class='ocr_line' id='line_1_107' title="bbox 1850 5210 2454 5234; baseline 0 0"><span class='ocrx_word' id='word_1_788' title='bbox 1850 5213 2100 5234; x_wconf 30' lang='lat' dir='ltr'><strong>_-l,-_,,a_</strong></span> <span class='ocrx_word' id='word_1_789' title='bbox 2158 5210 2415 5234; x_wconf 66' lang='lat' dir='ltr'><strong>0..-..2s..-</strong></span> <span class='ocrx_word' id='word_1_790' title='bbox 2441 5227 2454 5234; x_wconf 85' lang='lat'><strong>-</strong></span> 
     </span>
    </p>
   </div>
  </div>
