3948 5398
527 281 629 337 ΞΠ

1481 290 1541 348 S.
1580 293 1831 351 ODONIS
1869 296 2160 352 ABBATIS
2198 294 2695 354 CLUNiACENSlS
2730 296 2776 353 ll

3660 304 3750 360 εδδ

524 397 705 467 proles
748 398 801 451 in
853 406 1009 454 utero
1054 399 1388 471 concipitur,
1419 401 1500 458 sic
1548 406 1805 477 cogitatio
1836 407 1889 462 in
1921 417 2105 463 mente
2134 424 2180 482 Α
2208 416 2360 477 parat
2406 406 2577 474 dolos,
2618 391 2743 478 quia
2775 413 2925 461 tanto
2956 406 3171 476 semper
3209 392 3473 479 majorem
3489 392 3753 468 "malitiam

525 494 833 556 generatur.
868 487 933 540 Et
960 488 1100 542 sicut
1128 489 1181 543 in
1213 498 1404 547 ventre
1434 492 1560 559 cibi,
1594 494 1667 548 ita
1700 496 1751 549 iu
1778 505 1959 551 mente
1981 512 2111 552 con-

526 579 771 667 tinentur
795 578 1169 650 cogitationes.
1211 578 1367 635 Vetus
1422 583 1619 654 quippe
1650 586 1947 657 hypocritrc
1974 603 2112 656 prte-

2208 504 2394 552 contra
2438 495 2715 566 proximos
2762 495 2815 550 in
2863 503 3045 551 mente
3079 497 3350 568 concipit,
3387 500 3590 569 quanto
3632 500 3756 558 solus

2210 599 2323 656 pra:
2353 586 2605 655 omnibus
2634 585 2807 640 videri
2834 586 3174 641 innocentior
3198 588 3411 657 quaerit.

530 803 3752 842 mw

1460 979 1758 1056 LIBER
1833 976 2285 1054 TERTIUS
2366 943 2840 1057 DECIMUS.

1106 1302 1331 1359 CAPUT
1369 1301 1507 1358 XVI.

598 1392 756 1448 Vens.
803 1395 864 1457 i,
903 1391 958 1446 2.
1016 1391 1353 1464 Respondeas
1400 1393 1500 1448 Job
1553 1393 1729 1447 dixit:
1763 1392 1957 1447 Audivi
2004 1391 2106 1463 fre-

520 1494 737 1553 quenter
784 1483 935 1537 talia.
984 1512 1056 1523 ——
1105 1484 1271 1539 Electi
1323 1484 1522 1553 quippe
1571 1482 1885 1554 frequenter
1931 1482 2104 1537 aliena

520 1575 664 1630 mala
694 1575 848 1644 quasi
878 1590 974 1630 sua
1005 1575 1255 1640 audiunt,
1285 1584 1338 1630 et
1364 1575 1432 1630 ab
1461 1576 1546 1630 his
1575 1576 1654 1631 eis
1676 1576 1881 1630 crimen
1909 1575 2107 1643 impin-

520 1668 689 1737 gitur,
719 1683 749 1722 a
776 1668 971 1738 quibus
999 1668 1229 1725 crimina
1287 1668 1522 1738 impacta
1559 1676 1960 1738 perpetrantur.
1996 1665 2109 1721 iiac

519 1758 665 1811 enim
702 1758 1053 1836 responsione
1094 1758 1287 1814 beatus
1313 1757 1414 1813 Job
1446 1758 1573 1812 illud
1602 1758 1857 1813 Ecclesiae
1899 1765 2108 1826 tempus

520 1849 792 1919 signiﬁcat
828 1866 957 1920 quo,
1008 1865 1268 1920 oppressa
1319 1849 1388 1904 ab
1440 1850 1770 1904 adversariis
1826 1847 2106 1918 temporali

523 1953 712 1993 eorum
739 1941 1002 2010 potentia,
1034 1941 1189 2010 quasi
1218 1939 1426 2009 deiecta
1458 1939 1712 1994 creditur.
1748 1939 1901 1995 Unde
1926 1937 2108 2008 sequi-

520 2036 653 2081 tur:
690 2027 1056 2082 Consolatores
1102 2030 1307 2082 onerosi
1345 2044 1520 2082 omnes
1568 2045 1674 2083 vos.
1698 2060 1766 2069 ——
1809 2029 1933 2086 Sive
1961 2032 2104 2087 enim

520 2118 763 2193 haeretici
791 2133 882 2174 seu
912 2119 1065 2189 pravi
1110 2119 1364 2189 quilibet,
1398 2135 1519 2174 cum
1566 2119 1816 2176 laborare
1855 2123 2025 2176 bonos
2051 2122 2105 2175 in

522 2210 855 2264 adversitate
901 2210 1282 2279 conspiciunt,
1334 2209 1384 2262 in
1423 2224 1487 2263 eo
1523 2210 1663 2278 quod
1697 2225 1791 2264 eos
1836 2209 2105 2265 consolari

523 2310 813 2370 appetunt,
852 2301 991 2356 mala
1019 2302 1100 2356 eis
1128 2302 1455 2372 persuadere
1485 2310 1769 2356 conantur.
1798 2300 1951 2357 Unde
1998 2316 2104 2356 non

420 2428 427 2445 ρ
522 2390 800 2447 immerito
826 2391 1090 2447 bonorum
1124 2393 1395 2446 mentibus
1415 2406 1642 2446 onerosa
1676 2391 1735 2446 ﬁt
1758 2406 1946 2447 eorum
1977 2406 2106 2446 con-

524 2483 744 2549 solatio,
767 2484 899 2555 quia
930 2485 1070 2539 intcr
1093 2485 1255 2540 verba
1287 2484 1606 2549 dulcedinis,
1647 2484 1794 2538 virus
1818 2482 2106 2555 propinare

521 2575 744 2643 cupiunt
772 2577 995 2632 erroris.
1032 2576 1321 2646 Sequitur:

2134 1313 2183 1373 Β
2210 1302 2462 1358 cussione
2506 1303 2820 1359 interiorem
2861 1303 2915 1359 in
2939 1303 3020 1361 eis
3047 1302 3429 1364 convalescere
3458 1307 3676 1365 salutem
3699 1310 3764 1366 in-

2210 1393 2475 1448 dicamus.
2507 1394 2682 1464 Caput
2709 1394 2870 1449 etiam
2904 1411 3207 1463 movemus,
3235 1414 3357 1453 cum
3386 1408 3652 1468 mentem,‘
3666 1417 3763 1470 qua

2206 1485 2506 1555 principale
2542 1495 2790 1542 nostrum
2826 1497 2932 1553 est,
2982 1488 3050 1543 ad
3092 1490 3529 1559 compassionem
3570 1490 3764 1547 inﬂecti-

2208 1590 2351 1640 mus,
2379 1590 2581 1645 eosque
2630 1576 2772 1633 inter
2817 1576 3024 1648 ﬂagella
3060 1578 3402 1644 roboramus,
3428 1596 3553 1636 cum
3597 1581 3763 1638 doloris

2207 1680 2394 1722 eorum
2420 1667 2531 1720 vim
2567 1668 2748 1723 verbis
2797 1668 3019 1724 mitibus
3064 1669 3317 1725 lenimus.
3379 1670 3764 1743 Suntnamque

2208 1758 2478 1824 nonnulli,
2502 1761 2593 1828 qui
2624 1761 2748 1815 dum
2801 1760 3014 1816 interna
3054 1762 3323 1829 nesciunt,
3356 1764 3426 1819 de
3468 1764 3621 1819 malis
3643 1774 3764 1819 exte-

2207 1850 2442 1907 rioribus
2475 1851 2890 1922 desperahiliter
2936 1854 3270 1926 afﬂiguntur.
3315 1855 3472 1924 Quod
3521 1872 3641 1912 vero
3678 1872 3762 1912 non

2206 1942 2301 2007 ait,
2327 1957 2578 2011 parcens,
2630 1944 2725 1998 sed
2774 1945 2926 2015 quasi
2969 1964 3191 2017 parcens
3236 1948 3412 2014 vobis,
3459 1962 3763 2018 nequaquam

2210 2033 2315 2087 hoc
2371 2033 2710 2105 negligenter
2752 2037 3185 2105 praetereundum
3235 2049 3392 2109 puto,
3439 2040 3566 2110 quia
3610 2048 3763 2095 sancta

2207 2122 2447 2179 Ecclesia
2477 2125 2773 2196 disciplinm
2815 2129 3055 2199 vigorem
3095 2145 3219 2185 cum
3261 2132 3615 2201 permistione
3641 2146 3764 2185 man-

2207 2213 2513 2267 suetudinis
2564 2229 2809 2282 servans,
2848 2216 3135 2288 aliquando
3180 2219 3356 2286 malis,
3388 2230 3447 2276 et
3485 2222 3632 2292 quasi
3655 2222 3763 2291 'par-

2208 2318 2364 2368 cens,
2413 2304 2615 2375 parcit,
2656 2306 2944 2378 aliquando
2973 2326 3103 2365 vero
3131 2321 3187 2366 et
3222 2314 3377 2382 quasi
3411 2328 3518 2368 non
3547 2327 3763 2382 parcens,

2205 2394 2400 2464 parcit.
2449 2395 2648 2451 Sancta
2671 2413 2800 2468 ergo
2844 2399 3086 2455 Ecclesia
3112 2417 3236 2456 cum
3263 2404 3642 2473 praedicatores
3663 2417 3763 2457 suos

2206 2488 2450 2556 quaedam
2478 2487 2627 2541 Tacta
2672 2489 2939 2544 malorum
2970 2492 3069 2547 sub
3100 2492 3510 2563 dispensatione
3536 2493 3760 2549 inveCtio-

2211 2577 2295 2632 nis
2346 2578 2610 2650 increpat,
2644 2579 2782 2635 labia
2815 2583 2970 2652 quasi
2995 2576 3227 2654 parcens
3254 2595 3459 2653 movet,
3484 2585 3578 2642 sed
3617 2595 3761 2640 tamen

604 2667 765 2721 Vens.
805 2664 857 2719 5.
905 2666 1161 2736 Nunquid
1190 2664 1450 2718 habebunt
1496 2665 1653 2733 ﬁnem
1684 2664 1836 2717 verba
1859 2662 2107 2718 ventosa?
2133 2663 2178 2724 C
2210 2669 2485 2735 parcendo
2517 2684 2622 2723 non
2652 2671 2847 2739 parcit,
2877 2673 3006 2742 quia
3054 2675 3121 2728 ab
3162 2675 3470 2732 invectione
3508 2679 3667 2747 culpa
3690 2690 3765 2746 ge-

521 2792 593 2802 ——
615 2761 851 2820 Ventosa
892 2759 1038 2812 enim
1064 2758 1231 2812 verba
1259 2765 1404 2822 sunt,
1435 2771 1555 2826 quae
1603 2754 1861 2810 inﬂationi
1895 2764 2105 2827 tempo-

520 2851 623 2909 rali
669 2852 850 2923 potius
890 2865 1051 2921 quam
1099 2848 1411 2903 rectitudini
1451 2848 1712 2903 serviunt.
1747 2846 1901 2918 Saepe
1927 2855 2107 2901 autem

521 2946 652 3004 mali
678 2944 843 3000 etiam
881 2943 1023 2999 bona
1058 2942 1267 3009 dicunt,
1299 2942 1393 2997 sed
1422 2941 1548 3012 quia
1579 2956 1686 2995 non
1727 2940 1868 2998 bene
1901 2940 2107 3006 dicunt,

521 3046 749 3095 ventosa
796 3038 963 3093 verba
1013 3034 1319 3107 proferunt.
1375 3034 1511 3089 Nam
1572 3034 1718 3090 dicta
1768 3049 1958 3091 eorum
2006 3032 2108 3088 etsi

523 3132 741 3204 quando
786 3144 919 3186 sana
966 3137 1093 3184 sunt
1139 3142 1239 3198 per
1286 3126 1646 3193 sententiam,
1693 3124 1877 3181 inﬂata
1931 3133 2108 3179 tamen

523 3228 650 3275 sunt
684 3234 781 3290 per
805 3218 1117 3274 elationem.
1145 3216 1401 3286 Sequitur
1432 3230 1447 3270 :
1476 3217 1580 3269 Aut
1623 3215 1823 3285 aliquid
1870 3215 1963 3268 tibi
2000 3229 2110 3267 nio-

431 3369 439 3379 ,
524 3312 711 3365 lestunt
740 3320 815 3365 est
842 3310 887 3364 si
910 3308 1269 3380 loquaris?—
1286 3307 1408 3361 Mali
1437 3307 1538 3362 viri
1563 3322 1684 3362 cum
1707 3305 1827 3361 aliis
1847 3305 2112 3361 similibus

525 3402 629 3458 sibi
681 3399 989 3457 conviciosa
1047 3399 1211 3455 verba
1251 3398 1569 3469 proierunt,
1617 3412 1683 3453 eo
1723 3390 1884 3452 citius
1922 3396 2111 3451 obmu-

529 3500 764 3558 tcscunt,
793 3492 936 3561 quod
971 3491 1036 3546 de
1062 3505 1121 3545 se
1153 3489 1279 3544 talia
1307 3504 1434 3544 mox
1478 3488 1703 3543 audiunt
1728 3529 1745 3555 ,
1772 3488 1953 3557 Qualia
1998 3487 2112 3542 suis

528 3582 870 3638 auditoribus
917 3582 1124 3637 dicunt.
1176 3579 1311 3635 Cum
1365 3588 1546 3635 autem
1592 3580 1762 3634 bonos
1825 3579 1971 3634 viros
2017 3591 2112 3647 per

525 3670 721 3726 vitiosa
747 3671 912 3725 verba
950 3670 1282 3741 jacuiantur,
1310 3668 1445 3723 nihil
1482 3668 1562 3724 eis
1588 3667 1846 3723 molestiae
1875 3683 1941 3722 ex
1976 3682 2110 3721 con-

524 3763 668 3818 vicio
700 3762 972 3827 nascitur,
1018 3763 1145 3832 quia
1182 3769 1372 3818 contra
1399 3768 1644 3815 tacentes
1668 3758 1980 3829 loquuntur,
2013 3772 2111 3812 nec

526 3851 855 3922 compellunt
876 3852 1062 3908 audire
1086 3852 1227 3922 quod
1252 3859 1399 3916 sunt,
1420 3850 1545 3920 quia
1570 3850 1699 3919 justi
1728 3850 1968 3904 convicia
2003 3863 2109 3903 non

530 3942 781 4009 reddunt,
815 3944 977 3999 etiam
1008 3944 1131 3998 dum
1159 3950 1425 4013 coguntur
1447 3934 1633 3996 audire
1656 3941 1799 4010 quod
1824 3955 1926 3996 non
1959 3947 2103 3995 sunt.

529 4020 787 4104 Sequitur
818 4050 832 4089 :
1541 4107 1547 4115 δ

600 4125 765 4183 Vsus.
805 4128 858 4182 4.
920 4127 1166 4184 Poteram
1209 4137 1257 4183 et
1292 4145 1385 4199 ego
1424 4110 1616 4181 similia
1656 4126 1809 4180 vestri
1859 4110 2020 4194 loqui.
2045 4152 2115 4163 -—-

532 4217 729 4272 Narrat
771 4218 949 4289 justus
973 4222 1103 4290 quid
1159 4219 1338 4275 facere
1388 4218 1605 4291 poterit,
1639 4217 1732 4272 scd
1762 4214 2112 4286 nejustitiam

532 4309 767 4373 deserat,
805 4311 945 4377 quod
976 4309 1153 4365 facere
1181 4320 1395 4380 poterat
1422 4309 1677 4366 declinat.
1717 4307 1977 4377 Sequitur
2008 4323 2023 4359 :

603 4397 769 4452 Vens.
793 4397 850 4462 5,
890 4399 942 4453 6.
968 4399 1134 4469 Atque
1166 4401 1366 4453 utinam
1412 4407 1542 4452 esset
1583 4399 1759 4450 anima
1811 4406 1979 4450 vestra
2021 4411 2116 4465 pro

535 4489 717 4542 anima
756 4490 902 4542 mea!
927 4488 1241 4543 Consolarer
1290 4498 1336 4543 et
1380 4506 1471 4558 ego
1530 4504 1617 4542 vos
1665 4487 2010 4554 sermonibus,
2068 4494 2117 4539 et

532 4594 791 4634 moverem
821 4589 973 4649 caput
1023 4596 1193 4634 meum
1239 4596 1394 4649 super
1419 4596 1524 4634 vos.
1570 4579 1886 4634 (laborarem
1911 4594 2000 4632 vos
2032 4591 2119 4629 ore

533 4686 673 4738 meo,
703 4681 753 4726 et
794 4688 1048 4725 moverem
1102 4670 1242 4725 labia
1267 4671 1420 4741 quasi
1468 4688 1688 4737 parcens
1728 4671 1889 4726 vobis.
1922 4666 2118 4722 —--Ali-

535 4761 753 4829 quando
784 4775 1004 4817 necesse
1030 4770 1114 4816 est
1140 4768 1201 4816 ut
1228 4762 1408 4831 pravis
1430 4762 1700 4816 mentibus
1737 4777 1855 4831 quae
1880 4758 2117 4817 humana

535 4851 920 4922 prmdicatione
946 4852 1143 4922 corrigi
1175 4860 1464 4923 nequeunt,
1503 4853 1682 4906 divina
1710 4850 1916 4921 ﬂagella
1942 4851 2117 4921 optari

535 4944 769 5016 benigne
789 4943 1038 4999 debeant.
1063 4943 1214 5010 Quod
1244 4959 1364 4999 cum
1386 4959 1580 5014 magno
1610 4944 1667 4997 ﬁt
1691 4944 1894 4997 amoris
1918 4943 2114 5011 studio,

536 5035 792 5091 videlicet
842 5052 947 5092 non
988 5037 1223 5091 errantis
1262 5050 1444 5106 poena.
1481 5036 1574 5089 sed
1621 5034 1892 5103 correptio
1916 5034 2116 5105 qumri-

541 5138 655 5196 tur,
685 5138 740 5184 et
767 5130 945 5186 oratio
974 5131 1154 5200 potius
1186 5144 1345 5198 quam
1376 5127 1680 5182 maledictio
1702 5142 1823 5181 esse
1850 5137 2118 5183 monstra-

537 5232 647 5276 tur.
679 5220 984 5278 Notandum
1011 5224 1151 5293 quod
1188 5235 1293 5276 non
1320 5220 1433 5274 ait;
1473 5219 1628 5275 Esset
1656 5219 1833 5274 anima
1873 5236 1990 5276 mea
2020 5234 2118 5289 pro

541 5314 721 5367 anima
752 5323 949 5378 vestra,
992 5315 1108 5377 sed,
1157 5310 1370 5366 Utinam
1417 5318 1544 5363 esset
1583 5312 1762 5387 anima
1791 5320 1956 5365 vestra
1977 5352 1992 5377 ,
2022 5327 2116 5380 pro

2207 2757 2464 2814 neraliter
2535 2778 2639 2819 non
2706 2769 2869 2830 tacet,
2924 2780 3045 2836 quae
3107 2767 3419 2837 specialiter
3490 2777 3641 2825 tacet.
3688 2767 3764 2822 Se-

2208 2848 2394 2920 quitur
2422 2867 2434 2902 :
2676 2864 2703 2927 _'

2285 2935 2443 2992 Vsus.
2485 2938 2537 2992 7.
2569 2938 2677 2995 Sed
2715 2930 2844 3013 quid
2885 2943 3089 3014 agam?
3131 2945 3194 3001 Si
3240 2945 3475 3003 locutus.
3500 2946 3658 3017 fuero,
3682 2960 3764 2997 non

2208 3024 2421 3094 quiescit
2451 3026 2604 3082 dolor
2631 3047 2798 3097 meus,
2823 3040 2870 3085 et
2909 3032 2955 3087 si
2995 3042 3232 3101 tacuere,
3269 3051 3378 3090 non
3406 3037 3597 3091 recedit
3618 3052 3648 3088 α
3682 3048 3763 3088 me.

2209 3145 2280 3156 —
2304 3115 2418 3172 Hoc
2451 3134 2695 3189 personae
2724 3122 2867 3178 beati
2917 3122 3017 3180 Job
3045 3127 3279 3194 qualiter
3306 3136 3590 3199 congruat,
3617 3124 3762 3181 nullus
3828 3166 3833 3173 .

2210 3205 2454 3275 ignorat;
2480 3210 2573 3264 sed
2613 3210 2657 3265 si
2690 3211 2757 3266 ad
2786 3222 2988 3268 sanctae
3026 3213 3285 3271 Ecclesia;
3312 3224 3505 3288 typum
3531 3215 3759 3271 trahatur.

2211 3295 2326 3352 htec
2355 3307 2411 3352 et
2440 3314 2562 3354 cum
2602 3301 2844 3372 loquitur
2865 3304 3019 3360 dolor
3062 3306 3284 3361 minime
3308 3308 3561 3375 quiescit,
3583 3304 3763 3376 quando

2210 3387 2485 3446 locutione
2532 3397 2630 3448 su'a
2665 3392 2955 3464 perversos
2998 3397 3464 3470 minimecorrigi
3514 3395 3761 3467 conspicit.

2212 3489 2269 3536 et
2300 3498 2421 3537 cum
2464 3492 2607 3539 tacet
2628 3486 2780 3541 dolor
2815 3488 3036 3545 minime
3087 3491 3309 3556 recedit,
3347 3493 3478 3562 quia
3515 3490 3611 3546 etsi
3639 3501 3761 3543 aver-

2210 3578 2329 3624 sata
2359 3573 2698 3639 conticuerit,
2728 3575 2831 3630 hoc
2877 3578 3050 3646 ipsum
3096 3578 3328 3648 amplius
3355 3580 3503 3649 quod
3545 3586 3672 3633 tacet
3691 3588 3761 3645 ge-

2210 3662 2328 3726 mit,
2370 3663 2493 3732 quia
2523 3678 2581 3718 se
2613 3672 2825 3721 tacente
2865 3683 3244 3738 pcrversorum
3270 3670 3460 3743 culpas
3483 3679 3761 3727 excrescere

2172 3774 2175 3779 ί
2210 3754 2495 3822 conspicit.
2522 3753 2785 3825 Sequitur
2812 3771 2828 3811 :

2288 3844 2445 3901 Vens.
2476 3845 2527 3901 8.
2563 3847 2723 3902 Nunc
2749 3858 2924 3904 autent
2961 3854 3213 3921 oppressit
3245 3871 3324 3909 me
3357 3854 3513 3921 dolor
3536 3868 3684 3908 meus.
3704 3877 3759 3889 —-

2217 3935 2414 3991 Dolore
2438 3953 2535 3992 suo
2563 3948 2746 3993 sancta
2777 3940 3014 3997 Ecclesia
3040 3945 3325 4014 premitur,
3355 3946 3568 4016 quando
3599 3946 3647 3999 in
3670 3954 3760 3997 ma-

2042 4058 2055 4071 .
2134 4016 2188 4077 D
2214 4026 2330 4082 litia
2361 4042 2455 4082 sua
2498 4044 2743 4084 crescere
2788 4046 3076 4100 perversos
3120 4021 3381 4091 intuetur.
3418 4037 3486 4091 Et
3514 4034 3631 4106 quia
3659 4032 3760 4087 dum

2214 4124 2369 4192 pauci
2402 4133 2674 4191 crescunt,
2699 4125 2865 4180 etiam
2897 4126 3096 4182 inﬁrmi
3125 4129 3217 4198 qui
3260 4130 3314 4185 in
3342 4146 3405 4186 ea
3441 4122 3583 4194 sunt,
3618 4126 3675 4182 ad
3694 4136 3759 4179 se-

2216 4213 2427 4281 quenda
2467 4213 2643 4268 studia
2684 4214 2968 4283 pravitatis
3016 4216 3323 4285 irritantur,
3350 4230 3495 4274 recte
3532 4216 3755 4273 additur:

2216 4301 2285 4357 Et
2310 4304 2378 4356 ad
2409 4303 2629 4357 nihilum
2659 4305 2854 4359 redacti
2887 4316 3006 4361 sunt
3029 4323 3205 4363 omnes
3231 4320 3378 4363 artus
3404 4310 3524 4364 mei.
3546 4336 3611 4349 ——
3636 4304 3759 4381 Sicut

2216 4394 2358 4449 enim
2384 4408 2481 4465 per
2504 4411 2625 4450 ossa
2652 4395 2836 4463 fortes,
2861 4397 2940 4453 sic
2961 4413 3057 4468 per
3076 4408 3227 4453 artus
3248 4398 3445 4455 inﬁrmi
3480 4399 3665 4468 quique
3687 4392 3758 4445 de

2217 4486 2420 4556 signari
2467 4487 2665 4542 solent.
2710 4487 2951 4543 Membra
2979 4504 3110 4559 ergo
3156 4488 3410 4544 Ecclesia:
3454 4488 3522 4542 ad
3563 4482 3756 4541 nihilum

2218 4576 2557 4646 rediguntur,
2593 4577 2809 4646 quando
2847 4594 2912 4633 ex
2950 4578 3252 4635 imitatione
3286 4593 3572 4650 pravorum
3604 4575 3651 4629 in
3676 4571 3756 4625 hoc

2216 4665 2420 4731 mundo
2468 4666 2849 4732 crescentium,
2879 4664 3079 4720 infirmi
3121 4667 3321 4736 quique
3362 4666 3591 4722 deterius
3619 4657 3755 4715 infor-

2216 4762 2453 4808 mantur.
2480 4752 2736 4809 Vide'ntes
2763 4755 2962 4810 etenim
2991 4754 3252 4810 malorum
3279 4748 3602 4821 felicitatem,
3640 4757 3754 4813 ειτΡθ

2219 4854 2274 4900 et
2317 4846 2384 4899 ab
2413 4845 2529 4914 ipso
2560 4845 2680 4899 iidci
2720 4853 2862 4900 statu
2912 4844 3243 4899 dilabuntur.
3274 4844 3418 4899 Bene
3454 4852 3623 4897 autem
3648 4832 3752 4888 dici-

2220 4947 2307 4992 tur
2351 4955 2364 4992 :
2410 4937 2565 4991 Nunc
2615 4946 2809 5003 autem,
2848 4936 2971 5007 quia
3025 4936 3275 4992 videlicet
3327 4947 3534 5006 tempus
3585 4924 3752 4985 dolatis

2218 5028 2474 5084 Ecclesiae
2518 5028 2678 5084 modo
2717 5036 2821 5096 est,
2850 5036 2905 5083 et
2952 5036 3162 5098 tempus
3210 5027 3389 5098 gaudii
3432 5020 3765 5099 postmodum.

2219 5117 2477 5186 Sequitur
2500 5135 2515 5172 :

2291 5209 2453 5263 Vens.
2483 5209 2536 5265 9.
2568 5209 2635 5263 Et
2681 5226 2824 5282 ruga:
2849 5227 2976 5264 mea:
3021 5213 3369 5265 testimonium
3409 5209 3576 5264 dicunt
3602 5206 3748 5256 contra

2219 5318 2321 5356 me.
2351 5332 2423 5343 --
2443 5302 2581 5369 Quid
2621 5316 2719 5372 per
2761 5316 2943 5373 rugas,
2967 5302 3071 5357 nisi
3117 5302 3401 5373 duplicitas
3443 5284 3746 5368 designatur?
