3948 5398
146 326 264 396 249'

902 346 1205 406 EPITOME
1240 345 1606 406 MORALIUM
1644 345 1704 402 S.
1743 344 1954 402 GREG.
1992 347 2062 402 ΙΝ
2102 347 2239 406 ῙΟΒ.
2278 383 2348 392 -
2384 352 2510 409 LIB.
2553 352 2686 413 XIII.

2909 325 3022 352 ’,φτ-ι

3309 351 3420 409 250

145 450 291 506 aliud
332 452 478 510 foras
503 458 808 524 ostendere,
846 469 900 514 et
948 461 1092 515 intus
1147 461 1290 517 aliud
1332 463 1550 518 habere.
1584 457 1736 514 Unde
1762 458 1813 517 Α
1839 457 1982 514 hunc
2010 459 2063 514 in
2103 469 2284 516 mente
2309 477 2504 533 capere
2539 473 2832 535 nequeunt,
2863 477 2930 519 eo
2965 470 3156 520 contra
3198 478 3419 522 carnem

144 556 294 598 reste
309 547 557 617 egregius
579 550 899 617 prmdicator
915 553 1039 608 dicit
1062 573 1103 607 ι(
1119 554 1188 610 Ut
1205 556 1486 610 exhiberet
1504 539 1615 624 ipse
1631 553 1734 608 sibi

143 634 437 701 gloriosam
458 638 752 694 Ecclesiam
783 658 890 696 non
919 644 1205 699 habentem
1230 646 1495 699 maculam
1525 654 1616 699 aut
1638 660 1722 699 ru-

144 739 179 790 g
216 740 267 776 in
295 725 707 800 (Ephes.v,27).
742 752 760 784 ι
791 734 924 788 Acsi
940 750 1071 805 ergo
1087 738 1260 792 dicat:
1281 737 1384 807 Ipsi
1404 737 1735 806 insequendo

142 812 450 884 increpant,
473 820 562 887 qui
584 837 726 875 nunc
749 823 801 877 in
819 839 938 879 meo
957 840 1183 894 corpore
1202 827 1386 898 positi,
1408 827 1736 897 duplicitatis

138 917 252 957 sua:
297 904 350 958 in
393 921 452 962 se
504 910 763 965 malitiam
811 929 918 968 non
960 918 1270 971 emendant.
1319 917 1618 987 Sequitur:
1666 916 1734 972 Et

137 993 433 1048 suscitatur
460 997 770 1070 falsiloquus
821 1004 1068 1059 adversus
1106 1006 1294 1074 [aciem
1329 1024 1498 1062 meam
1528 1019 1737 1062 contra-

136 1079 320 1136 dicens
352 1087 501 1140 milii.
536 1119 606 1128 —
629 1090 805 1145 Etiam
835 1094 984 1160 pacis
1010 1110 1120 1150 suae
1150 1105 1390 1167 tempore
1419 1107 1603 1154 sancta
1635 1100 1737 1155 Ec-

138 1168 306 1224 clesia
334 1172 699 1248 falsiloquium
726 1183 1092 1250 patitur,dum
1121 1196 1250 1242 sunt
1272 1189 1324 1242 in
1353 1205 1416 1243 ea
1447 1191 1601 1244 mulli
1641 1190 1733 1261 qui

136 1262 202 1315 de
229 1269 562 1324 aeternitatis
594 1274 958 1340 promissione
984 1279 1237 1334 dilﬁdnnt
1269 1289 1325 1336 et
1362 1290 1542 1337 tamen
1583 1299 1642 1340 se
1671 1285 1734 1340 ﬁ-

135 1351 287 1408 deles
325 1371 449 1412 esse
490 1363 847 1419 mentiuntur.
890 1366 991 1433 Qui
1045 1370 1172 1425 dum
1200 1373 1572 1441 praedicationi
1615 1375 1732 1444 ejus

132 1452 325 1512 aperte
365 1452 742 1510 contradicere
793 1472 899 1511 non
947 1472 1304 1527 praesumunt,
1363 1464 1729 1538 falsiloquium

129 1548 238 1627 non
269 1547 464 1594 contra
512 1541 731 1612 faciem,
783 1549 876 1603 sed
915 1551 1068 1619 quasi
1109 1563 1229 1623 post
1255 1555 1475 1612 dorsum
1504 1560 1728 1627 patitur.

130 1620 237 1677 Sed
293 1640 420 1682 cum
478 1639 691 1702 tempus
742 1637 964 1694 malitia:
1017 1620 1279 1711 eruperit,
1335 1646 1381 1700 is
1441 1647 1531 1715 qui
1586 1663 1730 1702 nunc

1837 548 1980 605 illius
2014 552 2281 607 crudelius
2309 553 2676 609 inardescunt.
2707 555 3004 626 Sequitur:

1910 641 2072 695 Vens.
2128 641 2214 695 15.
2274 642 2387 713 Ego
2425 643 2512 698 ille
2552 646 2818 715 quondam
2865 641 3166 716 opulentus,
3216 656 3422 714 repente

1837 734 2092 786 contritus
2127 751 2264 787 simi.
2311 764 2380 774 —
2417 734 2474 788 In
2506 750 2571 790 eo
2595 737 2740 806 quod
2788 751 2846 791 se
2873 745 3096 805 repente
3126 735 3421 792 contritum

1837 825 2091 888 asseruit,
2128 825 2467 881 inﬁrmorum
2498 835 2734 882 mentem
2779 828 3134 898 improvidam
3169 828 3424 899 designa-

1836 914 1930 968 vit.
1979 914 2080 982 Qui
2125 917 2252 971 dum
2308 916 2448 971 mala
2505 933 2625 986 quae
2676 927 2905 979 ventura
2959 927 3084 973 sunt
3125 917 3423 989 praevidere

1838 1007 2103 1073 nesciunt,
2140 1017 2290 1063 tanto
2339 1008 2420 1063 eis
2457 1010 2708 1080 graviora
2737 1009 2906 1075 ﬁunt,
2936 1016 3142 1079 quanto
3170 1018 3226 1063 et
3252 1006 3321 1062 ab
3342 1007 3423 1062 eis

1837 1096 2448 1168 inopinatatolerantur.
2474 1099 2675 1156 Firmis
2701 1110 2884 1155 autem
2907 1097 3179 1154 mentibus
3199 1105 3422 1166 repente

1835 1187 2060 1241 adversa
2092 1203 2198 1242 non
2227 1188 2469 1254 veniunt,
2492 1191 2639 1260 quia,
2661 1191 2976 1261 priusquam
3013 1189 3251 1252 veniant,
3281 1202 3422 1257 pra:-

1836 1279 2106 1335 videntur.
2135 1281 2288 1348 Quod
2323 1291 2501 1337 tamen
2548 1299 2690 1338 nunc
2719 1299 2935 1355 quoque
2961 1291 3148 1338 sancta
3177 1279 3422 1335 Ecclesia

1836 1373 1889 1428 in
1936 1374 2256 1442 quibusdam
2309 1385 2454 1431 retro
2515 1377 2805 1432 latentibus
2874 1376 3097 1447 patitur,
3150 1373 3243 1440 qui
3295 1377 3421 1440 post

1835 1466 2094 1522 doctrina:
2123 1468 2478 1537 opulentiam,
2511 1469 2740 1524 subditis
2765 1467 3054 1538 aliquando
3073 1465 3219 1519 vitiis
3238 1469 3421 1520 conte-

1834 1568 2048 1626 runtur,
2101 1569 2158 1614 ut
2204 1561 2284 1616 sic
2315 1561 2368 1616 in
2412 1561 2731 1631 quibusdam
2779 1561 2938 1616 malis
2979 1565 3254 1621 corruant,
3281 1568 3345 1608 ac
3373 1553 3420 1609 si

1831 1649 1982 1703 verbi
2041 1650 2295 1720 pabulum
2350 1667 2626 1721 nunquam
2699 1651 3036 1707 habuissent.
3091 1645 3352 1717 Sequitur
3400 1659 3414 1696 :

133 1723 391 1772 metuens
438 1722 686 1792 derogat,
723 1727 792 1781 ad
829 1732 1310 1789 contradicendum
1361 1745 1488 1790 ante
1528 1737 1726 1792 faciem
1755 1807 1793 1813 _
1835 1739 2019 1795 Tenuit
2071 1743 2320 1796 cervicem
2364 1759 2555 1808 meam,
2583 1743 2834 1813 confregit
2876 1757 2978 1806 me,
3003 1748 3050 1794 et
3071 1737 3242 1810 posuit
3267 1733 3419 1806 quasi

125 1810 298 1872 venit,
327 1813 457 1880 quia
478 1815 661 1872 verbis
686 1833 828 1888 vera:
851 1821 974 1878 ﬁdei
1001 1825 1206 1894 apertis
1237 1827 1459 1884 vocibus
1484 1829 1721 1884 obsistit.
1755 1807 1801 1867 Β
1829 1832 1883 1885 in
1917 1834 2147 1901 signum.
2180 1864 2251 1873 —
2282 1833 2436 1888 Sicut
2466 1833 2519 1886 in
2543 1807 2714 1887 malis
2755 1807 2940 1887 cervix
2976 1824 3416 1899 superbiam,lsic

126 1898 398 1972 Sequitur
455 1923 470 1960 :

193 1994 375 2071 Vsus.
432 1998 516 2054 10.
569 2000 779 2072 Colligit
829 2004 1059 2074 furorem
1139 2027 1293 2065 suum
1354 2013 1410 2066 in
1479 2029 1580 2068 me.
1656 2043 1729 2054 ——-

124 2077 329 2142 liabet.
368 2107 511 2147 nunc
555 2094 802 2152 diabolus
847 2111 1037 2155 contra
1109 2113 1352 2158 sanctam
1424 2104 1725 2160 Ecclesium

120 2174 393 2246 fur-orem,
424 2183 519 2237 sed
569 2200 789 2254 sparsus
837 2189 990 2244 furor
1021 2192 1137 2260 ejus
1182 2204 1284 2257 est,
1323 2196 1452 2264 quia
1498 2197 1726 2252 occulta:

119 2269 396 2338 sumejus
432 2275 760 2331 tentationes
787 2293 922 2347 quas
954 2294 1051 2349 per
1085 2283 1326 2352 singulos
1353 2294 1552 2340 movet.
1585 2287 1719 2342 Cum

119 2373 258 2413 vero
321 2372 514 2419 contra
580 2382 700 2422 eam
757 2379 944 2438 aperta
1000 2376 1382 2442 persecutione
1459 2379 1723 2448 eruperit,

119 2449 369 2506 furorem
397 2469 554 2509 suum
581 2457 635 2511 in
659 2473 722 2512 ea
751 2460 976 2530 colligit,
1007 2464 1131 2532 quia
1157 2464 1208 2519 in
1259 2465 1552 2522 afﬂictione
1580 2469 1724 2524 illius

121 2549 238 2594 tota
273 2557 334 2596 se
363 2545 662 2604 intentione
692 2553 1036 2622 constringit.
1070 2553 1329 2625 Sequitur
1361 2576 1372 2610 :
1404 2558 1471 2612 Et
1505 2561 1718 2613 commi~

122 2648 262 2686 nam
290 2635 443 2701 milii,
472 2637 744 2707 infremuit
770 2651 955 2695 contra
984 2659 1066 2698 me
1090 2645 1331 2700 dentibus
1380 2649 1513 2703 suis.
1551 2679 1622 2689 ——
1645 2650 1723 2704 De

119 2737 234 2791 quo
262 2733 319 2779 et
345 2728 594 2782 subditur
621 2748 632 2783 :
669 2730 852 2786 Hostis
879 2751 1024 2790 meus
1073 2738 1394 2793 terribilibus
1426 2740 1594 2795 oculis
1642 2759 1723 2797 me

120 2815 352 2871 intuitus
400 2829 498 2876 est.
527 2821 717 2878 -—llle
755 2825 954 2895 quippe
1009 2829 1264 2898 antiquus
1316 2831 1492 2886 hostis
1534 2842 1722 2888 contra

121 2907 270 2964 hanc
324 2910 576 2968 dentibus
625 2911 832 2981 fremit,
882 2931 1112 2987 eamque
1161 2921 1495 2978 terribilibus
1550 2924 1724 2980 oculis

121 2999 392 3065 intuetur,
419 3002 547 3072 quia
573 3019 670 3074 per
691 3005 829 3062 alios
858 3009 1101 3064 crudelia
1119 3021 1362 3078 exercet,
1394 3021 1451 3068 et
1469 3029 1567 3085 per
1587 3013 1722 3070 alios

120 3105 243 3160 quae
270 3104 530 3150 exerceat
558 3097 832 3167 providet.
863 3099 1064 3157 Dentes
1097 3118 1333 3173 namque
1363 3103 1523 3172 hujus
1548 3106 1720 3161 hostis

121 3192 252 3237 sunt
303 3183 573 3242 bonorum
635 3199 1011 3258 persecutores
1059 3201 1223 3262 atque
1245 3171 1579 3262 carniﬁces,
1622 3199 1716 3266 qui
1746 3171 1790 3230 C

122 3273 242 3343 ejus
283 3277 535 3332 membra
564 3278 794 3346 laniant,
823 3281 948 3336 dum
977 3283 1179 3338 electos
1209 3285 1352 3339 illius
1389 3286 1502 3340 suis
1529 3302 1716 3356 perse-

122 3364 442 3421 cutionibus
484 3367 746 3439 amigunt.
778 3369 928 3426 Oculi
953 3387 1083 3427 vero
1112 3374 1271 3442 hujus
1300 3375 1474 3430 hostis
1503 3387 1630 3431 sunt
1662 3379 1718 3432 bi

121 3455 213 3522 qui
245 3466 442 3511 contra
492 3475 614 3514 eam
657 3463 940 3530 provident
979 3465 1116 3518 mala
1145 3482 1267 3535 qua:
1300 3469 1450 3532 ﬁant,
1500 3469 1721 3537 suisque

124 3546 373 3616 consiliis
395 3560 805 3618 persecutorum
828 3553 945 3622 ejus
967 3555 1343 3611 crudelitatem
1363 3556 1718 3612 inﬂammant.

124 3636 403 3707 Antiquus
425 3654 556 3710 ergo
587 3642 933 3697 adversarius
961 3644 1146 3700 fremit
1182 3656 1371 3702 contra
1401 3663 1520 3702 eam
1546 3650 1721 3704 denti-

122 3728 225 3784 bus
247 3732 389 3797 suis,
427 3733 554 3787 dum
584 3748 681 3802 per
719 3735 964 3791 crudeles
994 3739 1255 3807 reprobos
1286 3740 1340 3793 in
1375 3755 1438 3794 ea
1476 3740 1718 3810 insequi-

125 3827 213 3874 tur
236 3822 411 3876 vitam
436 3823 722 3879 bonorum.
751 3825 996 3881 lntuetur
1035 3843 1152 3883 eam
1179 3830 1499 3884 terribilibus
1531 3830 1718 3896 oculis,

1829 1921 1881 1974 in
1915 1921 2070 1976 bonis
2129 1923 2432 1978 libertatem
2487 1924 2925 1992 erectionemque
2991 1920 3283 1992 signiﬁcat.
3341 1916 3411 1970 Et

1826 2010 1951 2080 quia
1975 2013 2370 2080 persecutionis
2396 2022 2639 2082 tempore
2667 2013 2866 2067 inﬁrmi
2892 2011 3112 2082 quidam
3134 2024 3260 2064 vera
3291 2021 3414 2077 quae

1825 2102 2068 2156 sentiunt
2097 2105 2390 2172 praedicare
2419 2105 2587 2159 libere
2643 2120 2751 2159 non
2794 2110 3150 2174 praesumunt,
3180 2108 3328 2156 recte
3351 2098 3418 2153 de

1825 2191 1926 2246 hoc
1958 2193 2112 2248 hoste
2139 2194 2357 2248 dicitur.
2412 2193 2597 2248 Tenuit
2629 2195 2880 2248 cervicem
2923 2209 3113 2257 meam,
3141 2189 3414 2260 confregit.

1822 2281 2179 2337 ——Fortasse
2230 2291 2406 2336 autem
2440 2283 2492 2336 hi
2546 2284 2776 2338 cervicis
2811 2282 3170 2352 appellatione
3218 2277 3417 2348 signati

1825 2382 1972 2439 sunt,
2030 2374 2123 2443 qui
2177 2375 2326 2443 pacis
2372 2373 2487 2441 ejus
2547 2384 2792 2444 tempore
2842 2375 2962 2443 plus
3019 2387 3182 2442 quam
3239 2372 3413 2435 decet,

1824 2466 2142 2535 eriguntur;
2169 2473 2224 2520 et
2243 2467 2343 2520 sub
2356 2464 2641 2519 occasione
2669 2463 3020 2519 defendendae
3052 2463 3416 2527 rectitudinis,

1823 2556 1957 2611 vitio
1977 2557 2292 2612 deserviunt
2314 2556 2583 2611 elationis.
2608 2557 2709 2623 Qui
2733 2555 3130 2625 persecutionis
3147 2562 3412 2622 tempore,

1824 2645 2028 2702 idcirco
2072 2631 2300 2703 adversa
2351 2648 2472 2718 plus
2529 2648 2794 2714 sentiunt,
2843 2647 2968 2716 quia
3024 2646 3090 2701 de
3133 2642 3413 2713 prosperis

1825 2739 2185 2794 extolluntur.
2235 2739 2460 2795 Constat
2494 2734 2751 2793 nimiium
2785 2738 2911 2808 quia
2959 2736 3163 2790 idcirco
3202 2735 3414 2803 signum

1821 2832 2042 2899 ponitur
2092 2840 2150 2886 ut
2188 2831 2512 2902 sagittarum
2563 2831 2857 2886 emissione
2905 2828 3153 2883 feriatur.
3213 2823 3418 2880 Fidelis

1823 2929 2003 2975 autem
2030 2921 2259 2992 populus
2285 2920 2339 2974 in
2367 2920 2580 2990 signum
2611 2919 2755 2974 hosti
2785 2933 2884 2976 suo
2912 2925 3012 2980 est
3030 2916 3261 2987 positus,
3283 2912 3416 2984 quia

1823 3024 1946 3066 eum
1983 3025 2198 3080 semper
2224 3010 2336 3065 suis
2366 3010 2836 3080 persecutionibus
2863 3007 3073 3078 allligit.
3129 3003 3230 3071 Qui
3263 3003 3417 3058 enim

1825 3101 1880 3155 in
1916 3101 2016 3157 bac
2059 3101 2171 3156 vita
2227 3101 2448 3156 assidua
2510 3100 2653 3156 mala
2707 3100 2928 3167 tolerat,
2977 3098 3126 3154 velut
3165 3097 3217 3152 in
3262 3095 3418 3166 signo

1821 3192 2028 3262 positus
2047 3191 2249 3262 excipit
2279 3191 2562 3247 facientes.
2595 3189 2856 3262 Sequitur
2885 3206 2900 3244 :

1897 3281 2057 3336 Vsus.
2093 3281 2181 3336 M.
2222 3280 2580 3336 Circumdedit
2622 3296 2704 3334 me
2736 3280 2931 3334 lanceis
2969 3279 3114 3348 suis,
3137 3275 3418 3332 conuulne-

1823 3371 1956 3425 ravit
2006 3372 2208 3425 lumbos
2255 3387 2416 3436 meos,
2449 3387 2552 3425 non
2601 3372 2828 3440 pepercit
2862 3379 2910 3424 et
2958 3369 3142 3438 effudit
3185 3369 3239 3422 in
3273 3377 3416 3420 terra

1822 3462 2016 3516 viscera
2056 3479 2190 3516 mea.
2215 3492 2286 3502 —
2315 3461 2439 3516 Haec
2467 3461 2620 3532 juxta
2663 3461 2904 3516 litteram
2937 3461 3096 3514 beato
3135 3457 3236 3513 Job
3277 3471 3412 3512 con-

1823 3554 1941 3622 grui
1983 3551 2345 3625 [congruere]
2396 3567 2554 3622 posse
2601 3553 2921 3607 videbantur
2972 3565 3068 3621 per
3111 3550 3214 3604 hoc
3269 3547 3413 3616 quod

1822 3644 2040 3699 dicitur.
2085 3643 2440 3698 Circumdedit
2482 3658 2564 3696 me
2601 3641 2794 3696 lanceis
2841 3642 2974 3703 suis,
3023 3639 3126 3693 nisi
3153 3637 3414 3692 subderet

1821 3734 1966 3804 quod
1996 3748 2060 3789 eo
2111 3732 2372 3802 scriptum
2425 3731 2646 3785 minime
2681 3731 2896 3801 legitur.
2946 3727 3153 3795 E/fudit
3185 3728 3238 3779 in
3273 3735 3414 3778 terra

1824 3825 2020 3878 viscera
2064 3839 2200 3876 mea.
2231 3852 2302 3863 ——
2331 3822 2408 3876 Ex
2438 3837 2540 3889 qua
2571 3836 2630 3875 re
2672 3834 2894 3875 necesse
2925 3831 3028 3883 est,
3060 3820 3135 3871 u?
3154 3817 3280 3870 dum
3306 3816 3413 3869 hoc

123 3913 251 3980 quia
277 3928 576 3982 pravorum
623 3916 868 3972 consiliis
895 3933 1002 3973 non
1030 3928 1207 3974 cessat
1245 3919 1386 3975 mala
1409 3921 1719 3990 exquirere,
1816 3915 1971 3984 ,ἰηιῑᾶ
2019 3915 2257 3970 lillel‘am
2303 3914 2546 3969 invenire
2592 3929 2697 3969 n0n
2749 3926 3058 3982 Possumus.
3107 3925 3170 3964 ea
3199 3923 3318 3977 αιιω
3355 3923 3410 3960 ³η

124 4001 178 4054 in
201 4003 404 4072 quibus
432 4004 575 4060 hanc
593 4021 806 4077 semper
833 4008 1072 4064 deterius
1093 4009 1314 4079 aﬂligat.
1344 4012 1604 4082 Sequitur
1631 4031 1644 4066 :

194 4093 367 4149 Vsus.
419 4098 509 4152 11.
559 4098 890 4168 Aperuerunt
939 4119 1097 4170 super
1151 4120 1231 4157 me
1261 4120 1498 4159 ora-sua
1527 4123 1718 4176 expro-

125 4186 358 4242 brantes.
386 4219 458 4230 -—
486 4189 597 4246 Ora
643 4205 738 4246 sua
775 4193 988 4261 reprobi
1015 4195 1407 4264 exprobrantes
1437 4198 1716 4267 aperiunt,

125 4295 250 4335 cum
277 4289 334 4336 et
378 4285 585 4339 erroris
616 4285 697 4340 sui
726 4285 868 4340 mala
906 4287 1201 4355 praedicare
1231 4304 1335 4343 non
1368 4298 1633 4353 metuunt,
1665 4299 1721 4345 et

123 4371 563 4438 [medicamentis
602 4384 764 4430 rectae
793 4376 919 4430 ﬁdei
961 4376 1220 4432 invident.
1255 4377 1552 4448 Sequitur:
1582 4380 1718 4434 Per-

126 4471 403 4517 cusserunt
428 4464 705 4518 maxillam
734 4481 922 4530 meam,
954 4467 1133 4519 satiati
1159 4477 1278 4520 sunt
1291 4468 1454 4534 poenis
1476 4469 1623 4542 meis.
1645 4499 1717 4511 —-

1821 4008 2003 4064 verbis
2033 4009 2149 4077 ejus
2173 4006 2468 4062 secundum
2499 4006 2782 4060 historiam
2824 4013 3041 4066 sonant,
3067 4000 3222 4071 juxta
3251 3995 3412 4067 spiri-

1822 4111 1937 4156 tum
1971 4101 2331 4169 requiramus.
2379 4098 2580 4153 Sancta
2634 4097 2878 4151 Ecclesia
2921 4094 3124 4148 lanceis
3160 4092 3227 4145 ab
3252 4092 3415 4158 hoste,

1822 4207 1922 4248 suo
1970 4190 2362 4253 circumdatur,
2411 4187 2627 4256 quando
2675 4187 2727 4241 in
2759 4184 3018 4240 membris
3069 4183 3182 4237 suis
3211 4181 3278 4235 ab
3309 4180 3412 4234 im-

1821 4290 2122 4352 pugnatore
2176 4278 2371 4334 callido
2425 4277 2784 4331 tentationum
2845 4273 3040 4343 jaculis
3097 4270 3406 4341 impeditur.

1821 4373 2180 4428 Beneautem
2210 4369 2551 4426 circumdare
2589 4369 2796 4424 lanceis
2820 4368 3050 4422 dicimus
3070 4407 3084 4432 ,
3113 4365 3239 4436 quia
3268 4363 3412 4418 anti-

1821 4479 1960 4532 quus
2001 4462 2171 4518 hostis
2214 4460 2535 4515 intentionis
2565 4477 2676 4516 sua:
2716 4459 2941 4514 vulnere
2981 4460 3049 4513 ab
3072 4457 3220 4513 omni
3255 4465 3410 4527 parte

125 4551 344 4615 Maxilla
396 4556 596 4625 quippe
624 4557 878 4612 Ecclesia;
935 4558 1107 4613 sancti
1149 4538 1535 4626 praedicatores
1567 4570 1714 4628 sum,
1742 4538 1795 4598 D
1821 4571 1920 4610 nos
1963 4555 2192 4625 impetit.
2244 4551 2646 4607 Convulneravit
2692 4553 2893 4606 lumbos
2930 4568 3090 4606 meos.
3121 4550 3176 4603 in
3214 4548 3412 4602 lumbis

126 4641 269 4696 sicut
322 4646 424 4701 sub
487 4645 685 4700 Judaaae
741 4647 921 4716 specie
971 4663 1071 4718 per
1121 4647 1413 4704 Jeremiam
1465 4651 1711 4706 dicitur:

132 4749 150 4781 ε
184 4730 419 4811 μοι-³ης
469 4735 700 4806 ploravit
746 4737 801 4790 in
851 4749 1030 4802 nocte,
1088 4747 1144 4792 et
1189 4739 1444 4810 lacrymze
1488 4741 1606 4811 ejus
1661 4743 1716 4796 in

128 4795 367 4882 m'axill-is
393 4795 513 4896 ejus
551 4828 768 4899 (leren.
815 4845 855 4895 ι,
890 4829 969 4899 2).
1059 4795 1330 4886 Masillam
1357 4795 1556 4902 quippe
1589 4795 1718 4905 per-

126 4917 274 4971 versi
310 4917 531 4985 feriunt,
563 4934 685 4974 cum
714 4920 886 4975 bonos
918 4922 1296 4989 praedicatores
1336 4923 1714 4994 insequuntur,

129 5017 189 5063 et
211 5018 335 5066 tunc
361 5013 572 5082 reprobi
600 5013 809 5084 grande
832 5013 1033 5083 aliquid
1057 5015 1248 5073 fecisse
1275 5018 1567 5086 aestimant,
1591 5034 1715 5074 cum

128 5100 302 5156 vitam
344 5106 759 5174 prmdicatorum
805 5113 1019 5158 necant.
1062 5105 1153 5162 Illa
1183 5108 1384 5177 quippe
1432 5123 1590 5178 poena
1620 5125 1716 5166 eos

1822 4648 2020 4719 quippe
2040 4647 2254 4716 luxuria
2283 4653 2387 4703 est.
2423 4645 2580 4701 Unde
2605 4654 2660 4701 et
2683 4647 2728 4701 is
2747 4646 2838 4715 qui
2879 4645 3132 4714 cupiebat
3163 4641 3411 4711 volupta-

1823 4750 1930 4796 tem
1978 4739 2219 4794 libidinis
2263 4753 2294 4792 a
2336 4739 2499 4794 corde
2551 4739 2920 4809 exsﬁnguere,
2970 4735 3283 4808 praedicavit
3327 4733 3408 4786 di-

1823 4846 1952 4886 cens
1989 4844 2004 4884 :
2036 4848 2054 4882 ‹
2090 4829 2364 4886 Succincti
2395 4829 2605 4886 lumbos
2635 4829 2830 4884 mentis
2875 4835 3068 4882 vestra:
3107 4826 3157 4897 (Ι
3188 4825 3333 4878 Petr.
3367 4839 3405 4887 ι,

1823 4926 1935 4995 15).
1965 4944 1985 4977 ι
2011 4925 2144 4981 Cum
2169 4939 2300 4994 ergo
2330 4924 2587 4994 antiquus
2608 4923 2782 4980 hostis
2818 4921 3030 4976 ﬁdelem
3060 4918 3312 4990 populum
3341 4914 3409 4968 ad

1823 5015 2095 5070 luxuriam
2141 5015 2432 5086 pertrahit,
2476 5015 2622 5070 hunc
2665 5013 2852 5085 procul
2895 5012 3060 5068 dubio
3107 5013 3158 5064 in
3211 5005 3412 5059 lumbis

1823 5106 1969 5161 ferit.
2026 5107 2128 5162 Ubi
2183 5107 2481 5160 notandum
2546 5121 2760 5176 quoque
2809 5111 2910 5167 est,
2951 5101 3094 5171 quod
3130 5111 3232 5151 non
3272 5093 3351 5146 ait
3391 5109 3407 5145 :
