3948 5398
575 338 677 394 231

1575 333 1636 390 S.
1675 333 1928 389 ODONIS
1965 330 2252 387 ABBATIS
2287 332 2782 396 CLUNIACENSIS
2815 340 2861 398 ΙΙ

3680 354 3763 413 25?.

577 451 702 507 Non
727 449 1145 521 pepercit.—Ac
1165 447 1218 504 si
1250 445 1436 503 dicat:
1467 445 1584 500 Non
1615 447 1841 502 destitit.
1876 447 1944 501 Et
1967 449 2150 516 e/fndit
2183 451 2224 510 Α
2257 465 2336 514 ιιι,
2394 451 2501 522 l9).
2559 473 2576 505 ι
2618 454 2747 521 ρυω
2782 457 2986 513 scilicet
3028 465 3171 513 terra
3229 461 3583 535 Redemptoris
3630 474 3763 530 nostri

576 545 794 595 interra
839 541 1029 594 viscera
1077 555 1213 592 mea.
1255 536 1395 604 Quid
1448 537 1594 592 aliud
1651 548 1853 592 sanctae
1898 538 2156 594 Ecclesia:

579 631 787 685 viscera
815 629 1071 684 debemus
1120 629 1397 698 accipere,
1430 627 1533 682 nisi
1565 643 1752 682 eorum
1803 638 2029 693 mentes,
2064 631 2156 698 qui

577 727 694 796 ejus
720 725 964 794 quaadam
1008 725 1060 778 in
1103 740 1160 779 se
1191 724 1446 795 mysteria
1475 724 1778 788 continent,
1810 726 1901 794 qui
1933 727 1997 779 ad
2035 726 2158 780 iuti-

580 832 664 871 ma
693 824 1033 871 sacramenta
1079 816 1429 870 deserviunt?
1459 815 1566 870 Sed
1609 817 1864 884 antiquus
1906 818 2158 871 adversa~

577 906 691 960 rius
742 922 865 961 cum
910 906 1092 961 ﬁdeles
1121 908 1406 976 quosdam,
1459 906 1551 976 qui
1585 906 1933 961 interioribus
1978 923 2158 960 sacra-

575 999 776 1053 mentis
819 1000 1093 1054 deservire
1127 999 1468 1062 videbantur,
1509 999 1578 1052 ad
1623 998 1901 1052 smcularia
1947 999 2158 1067 negotia

575 1089 861 1158 pertrahit,
885 1090 1001 1160 ejus
1024 1091 1210 1159 procul
1232 1090 1394 1146 dubio
1421 1089 1631 1146 viscera
1655 1089 1710 1144 in
1737 1098 1934 1145 terram
1963 1078 2156 1146 tundit.

578 1178 837 1249 Sequitur
879 1199 892 1236 :

653 1271 812 1326 Vens.
846 1273 932 1328 15.
974 1273 1214 1329 Concidit
1241 1291 1319 1330 me
1349 1273 1561 1329 vulnere
1579 1290 1733 1344 super
1761 1273 1964 1328 vulnus.
2004 1304 2073 1313 ——-
2099 1271 2158 1326 In

579 1360 808 1417 lntirmis
838 1363 949 1418 suis
980 1373 1165 1420 sancta
1205 1365 1445 1421 Ecclesia
1497 1363 1722 1419 vulnere
1751 1379 1919 1446 super
1967 1363 2159 1418 vulnus

577 1455 906 1522 conciditur,
964 1459 1179 1526 quando
1236 1467 1518 1528 peccatum
1571 1467 1794 1528 peccato
1825 1457 2068 1520 additur,
2102 1465 2159 1509 ut

577 1545 734 1614 culpa
771 1548 1140 1604 vehementius
1164 1558 1539 1620 exaggeretur.
1573 1549 1743 1616 Quem
1769 1549 1996 1602 avaritia
2032 1563 2157 1616 per-

579 1638 746 1690 trahit
776 1639 843 1692 ad
893 1642 1158 1710 rapinam,
1223 1644 1409 1712 rapina
1451 1644 1600 1697 ducit
1655 1644 1723 1697 ad
1770 1643 2061 1705 fallaciam,
2099 1651 2158 1696 ut

575 1736 886 1796 perpetrata
916 1731 1072 1799 culpa
1097 1746 1163 1785 ex
1195 1731 1431 1787 falsitate
1466 1733 1628 1787 etiam
1663 1732 2002 1797 defendatur,
2029 1734 2154 1802 quid

576 1815 699 1882 iste,
739 1819 842 1873 nisi
881 1835 1043 1890 super
1068 1823 1260 1877 vulnus
1304 1823 1554 1878 concisus
1583 1830 1666 1877 est
1717 1823 1974 1877 vulnere?
2008 1823 2158 1878 Unde

577 1920 789 1977 quoque
832 1918 885 1964 et
916 1927 1011 1981 per
1033 1914 1350 1982 prophetam
1381 1912 1580 1966 dicitur
1613 1929 1626 1966 :
1668 1931 1687 1964 ι
1720 1912 2080 1976 Maledictum,
2107 1921 2162 1967 et

574 1999 935 2063 mendacium,
963 2011 1017 2054 et
1039 2003 1409 2066 homicidium,
1425 2011 1479 2056 et
1501 2002 1728 2065 furtum,
1746 2010 1799 2057 et
1815 2002 2158 2068 adulterium,

577 2086 998 2155 lnundaverunt,
1025 2101 1078 2145 ct
1105 2092 1324 2160 sanguis
1343 2092 1661 2161 sanguinem
1693 2092 1869 2162 tetigit
1897 2092 2051 2162 (Osee
2084 2109 2158 2158 tv,

579 2179 654 2250 2).
687 2200 706 2232 ι
741 2179 999 2250 Sequitur
1031 2197 1045 2236 :
1095 2183 1261 2238 Irruit
1310 2185 1362 2238 in
1389 2201 1468 2238 me
1497 2187 1648 2255 quasi
1677 2186 1842 2254 gigas.
1875 2216 1944 2224 —
1983 2185 2161 2240 Facile

577 2270 778 2339 quippe
831 2271 1050 2328 inimico
1096 2274 1382 2338 resistitur,
1434 2275 1478 2328 si
1508 2290 1612 2329 non
1645 2276 1695 2330 ei
1733 2273 1817 2330 vel
1864 2275 1916 2329 in
1954 2275 2158 2341 multis,

578 2359 665 2417 vel
695 2361 745 2417 in
769 2379 877 2419 uno
900 2365 1098 2420 diutius
1121 2366 1518 2430 consentiatnr,
1544 2367 1626 2420 sin
1661 2359 1791 2422 vero
1815 2367 1931 2436 ejus
1959 2367 2164 2421 suasio-

578 2454 737 2510 nibus
759 2456 937 2509 anima
963 2455 1180 2511 subesse
1206 2459 1500 2521 consuerit,
1529 2467 1732 2526 quanto
1761 2474 1817 2513 se
1841 2459 1888 2512 ei
1920 2458 2162 2514 crebrius

579 2544 821 2614 subjicit,
861 2554 1007 2600 tanto
1035 2563 1159 2602 eum
1195 2549 1294 2603 sibi
1327 2549 1808 2604 intolerabiliorem
1837 2550 1966 2614 facit
1987 2590 2001 2614 ,
2027 2559 2083 2604 ut
2113 2549 2162 2603 ei

577 2634 828 2690 reluctari
858 2650 964 2690 non
999 2636 1194 2691 valeat.
1227 2637 1522 2708 Sequitur:
1896 2610 1932 2663 ⁸

648 2725 814 2781 Vnus.
865 2726 953 2780 16.
1011 2727 1236 2781 Saccum
1287 2729 1469 2782 censui
1497 2745 1655 2798 super
1681 2739 1848 2783 cutem
1880 2745 2067 2793 meam,
2114 2739 2163 2784 et

578 2817 759 2884 aperui
808 2817 980 2870 cinere
1020 2834 1228 2871 carnem
1265 2835 1456 2872 meam.
1482 2850 1553 2860 —-
1583 2820 1722 2886 Quid
1749 2821 1802 2874 in
1836 2837 1994 2876 sacco
2018 2831 2072 2876 et
2109 2823 2162 2876 in

579 2905 786 2970 cinere,
834 2904 938 2959 nisi
982 2906 1347 2974 pmnitentia?
1377 2908 1516 2974 Quid
1547 2909 1598 2962 in
1651 2921 1772 2964 cute
1809 2917 1863 2964 et
1893 2911 1945 2964 in
1975 2927 2160 2975 carne,

578 2994 682 3049 nisi
709 3003 991 3064 peccatum
1017 2997 1198 3051 carnis
1247 2997 1405 3052 debet
1436 2999 1694 3069 intelligi?
1715 3000 1848 3055 Cum
1888 3016 2020 3072 ergo
2047 3004 2166 3070 qni-

580 3085 704 3142 dam
745 3095 867 3156 post
917 3087 1125 3158 lapsum
1176 3090 1358 3144 carnis
1385 3091 1451 3144 ad
1482 3092 1854 3160 paenitentiam
1912 3094 2160 3159 redeunt,

580 3177 735 3246 quasi
762 3193 954 3233 saccus
983 3195 1144 3248 super
1169 3188 1348 3235 cutem
1379 3182 1678 3246 consuitur,
1712 3192 1768 3238 et
1815 3184 1996 3237 cinere
2034 3200 2162 3239 caro

581 3269 913 3339 cooperitur,
943 3271 1068 3341 quia
1091 3271 1243 3340 culpa
1269 3273 1452 3328 carnis
1480 3287 1577 3343 per
1611 3275 1988 3343 paenitentiam
2023 3277 2163 3348 tegi-

581 3368 692 3425 tur,
734 3376 804 3416 ne
848 3361 901 3415 in
967 3363 1198 3418 districti
1244 3363 1450 3420 ludicis
1505 3365 1757 3420 examine
1791 3367 1860 3421 ad
1905 3367 2164 3422 ultionem

582 3448 846 3504 videatur.
874 3449 1132 3519 Sequitur
1157 3467 1170 3504 :

659 3538 815 3595 Vsus.
869 3541 956 3594 l7.
1008 3541 1196 3596 Facies
1242 3559 1357 3597 mea
1424 3543 1632 3598 intumit
1673 3545 1820 3613 ﬂetu.
1859 3575 1930 3585 —
1973 3544 2163 3602 Facies

582 3628 780 3698 quippe
840 3630 1092 3686 Ecclesia:
1148 3643 1275 3688 sunt
1329 3633 1384 3687 hi
1435 3634 1526 3704 qui
1566 3634 1618 3687 in
1657 3633 1789 3690 locis
1836 3637 2160 3706 regiminum

579 3722 740 3793 pOsiti
770 3734 1027 3794 apparent
1055 3725 1237 3795 primi,
1272 3733 1332 3779 ut
1361 3741 1429 3780 ex
1453 3741 1643 3780 eorum
1671 3728 1850 3796 specie
1890 3729 1961 3783 sit
1990 3730 2164 3784 honor

579 3812 755 3868 ﬁdelis
782 3811 984 3884 pomli,
1008 3817 1220 3871 etiamsi
1251 3817 1379 3885 quid
1405 3816 1456 3869 in
1481 3831 1708 3886 corpore
1740 3817 1872 3873 latet
1897 3818 2158 3874 deforme.

583 3903 686 3970 Qui
714 3905 968 3961 nimirum
1011 3906 1218 3976 praelati
1266 3907 1514 3977 plebibus
1544 3907 1803 3978 plangunt
1835 3910 2022 3979 culpas
2075 3912 2159 3965 in-

581 3993 932 4064 ﬁrmantium,
989 4012 1155 4067 seque
1193 3997 1272 4054 sic
1301 3998 1367 4053 de
1421 3998 1613 4053 alienis
1653 3998 1888 4067 lapsibus
1916 4017 1978 4057 ac
2018 4002 2063 4056 si
2095 4002 2162 4057 de

580 4087 818 4156 propriis
859 4086 1123 4159 afﬂigunt.
1157 4087 1451 4158 Sequitur:
1479 4089 1548 4143 Et
1591 4090 1852 4160 palpebra:
1876 4109 2004 4148 mea:
2031 4095 2161 4148 cali-

581 4185 850 4245 gaverunt.
883 4207 952 4217 —
989 4176 1265 4248 Palpebrae
1318 4178 1462 4231 enim
1511 4188 1659 4234 recte
1687 4180 1966 4249 appellata:
2009 4193 2155 4249 sunt,

581 4263 675 4333 qui
705 4265 773 4318 ad
805 4266 1130 4334 providenda
1155 4269 1349 4338 pedum
1390 4268 1583 4323 itinera
1622 4270 1862 4340 vigilant.
1903 4272 2010 4329 Sed
2035 4291 2156 4331 cum

582 4353 795 4408 occulta
823 4356 917 4409 Dei
955 4356 1157 4426 judicia
1187 4373 1288 4414 nec
1331 4361 1602 4429 pra‘positi
1644 4362 1930 4432 vigilantes
1961 4367 2158 4422 intelli—

582 4451 736 4514 gunt,
784 4445 1055 4516 palpebrae
1110 4458 1312 4504 sancta:
1361 4449 1616 4505 Ecclesia:
1655 4451 1908 4523 caligant.
1965 4454 2158 4527 Sequi-

582 4543 672 4590 tur
701 4552 716 4590 :

652 4631 819 4688 Vsus.
847 4634 936 4690 i8.
962 4633 1092 4690 Han:
1112 4652 1298 4705 passus
1323 4651 1438 4690 sum
1467 4635 1658 4708 absque
1671 4638 1944 4709 iniquitate
1970 4657 2157 4697 manus

579 4738 732 4788 mea,
769 4725 895 4780 dum
935 4727 1176 4780 haberem
1232 4727 1457 4781 mandas
1510 4729 1578 4781 ad
1637 4729 1806 4782 Deum
1856 4747 2053 4800 preces.
2087 4760 2158 4772 -—

579 4814 798 4885 Absque
842 4816 1126 4888 iniquitate
1173 4818 1317 4874 enim
1365 4835 1555 4875 manus
1583 4835 1694 4876 sua:
1731 4822 1969 4892 pertulit,
2003 4841 2024 4875 ι
2064 4825 2158 4892 qui

581 4915 860 4974 peccatum
909 4923 1014 4964 non
1044 4908 1192 4976 fecit,
1245 4924 1347 4966 nec
1386 4911 1541 4966 dolus
1575 4911 1824 4967 inventus
1867 4920 1952 4968 est
1978 4913 2030 4967 in
2062 4930 2156 4972 ore

580 4996 695 5064 ejus
723 4997 778 5069 (Ι
805 4997 953 5053 Petr.
994 5016 1054 5066 ιι,
1083 5000 1195 5071 22).
1236 5021 1254 5054 ι
1286 5001 1354 5056 Ει
1389 5010 1566 5056 tamen
1593 5001 1830 5056 dolorem
1853 5005 2030 5058 erucis
2057 5019 2154 5074 pro

580 5183 804 5238 mandas
826 5185 895 5238 ad
917 5185 1085 5240 Deum
1112 5203 1282 5240 preces
1305 5185 1508 5240 habuit.
1534 5186 1660 5240 auia
1683 5187 1810 5240 etin
1835 5189 1949 5240 ioso
1970 5189 2154 5239 dolore

2259 540 2574 607 sanguinem
2617 558 2721 598 non
2765 545 3073 612 abscondit,
3121 549 3245 616 quia
3292 554 3636 623 unusquisque
3671 574 3763 628 pec-

2259 637 2410 682 cator
2435 630 2819 700 redemptionis
2871 650 2981 689 sua:
3006 638 3238 705 pretium
3266 654 3501 707 sumens,
3531 646 3766 702 confitetur

2259 735 2323 774 ac
2344 721 2544 786 laudat,
2575 732 2630 776 et
2647 724 2842 792 quibus
2867 726 3009 781 volet
3031 728 3308 798 proximus
3324 730 3614 788 inualescit.
3635 735 3766 792 Terra

2259 811 2419 865 etiam
2454 809 2568 878 ejus
2601 814 2916 883 sanguinem
2950 831 3054 870 non
3085 818 3311 885 aperuit,
3345 820 3465 887 quia
3496 831 3660 876 sancta
3690 825 3767 880 Ec-

2259 897 2420 952 clesia
2467 903 2849 973 redemptionis
2892 904 3008 972 ejus
3053 909 3369 977 mysterium
3397 910 3450 964 in
3483 911 3768 980 cunctisjam

2260 990 2442 1043 mundi
2483 992 2723 1061 partibus
2757 995 3083 1064 praedicavit.
3133 995 3247 1065 Ipse
3290 998 3431 1050 enim
3480 1000 3674 1069 sanguis
3710 1017 3770 1054 re~

2260 1079 2583 1149 deruptionis
2605 1083 2696 1153 qui
2717 1085 2968 1150 sumitur,
2999 1085 3202 1140 clamor
3223 1095 3305 1140 est
3328 1089 3494 1142 nostri
3515 1089 3774 1160 Redempto-

2259 1173 2353 1228 ris.
2393 1173 2542 1229 Unde
2572 1176 2732 1229 etiam
2761 1176 2957 1231 Paulus
2984 1177 3116 1232 dicit
3142 1196 3154 1230 :
3194 1195 3211 1229 ι
3241 1178 3308 1232 Ει
3335 1180 3602 1248 sanguinis
3629 1195 3772 1250 asper-

2260 1264 2465 1321 sionem
2513 1267 2702 1322 melius
2749 1267 3058 1337 loquentem
3100 1284 3260 1338 quam
3317 1269 3449 1324 Abel
3504 1269 3668 1339 (Hebr.
3702 1287 3773 1334 ιιι,

2259 1356 2373 1427 24).
2403 1377 2421 1410 ι
2465 1356 2664 1412 Locum
2703 1360 2848 1414 enim
2896 1359 3089 1414 latendi
3132 1359 3337 1414 clamor
3359 1361 3472 1430 ejus
3500 1361 3548 1414 in
3573 1361 3703 1416 nobis
3723 1363 3777 1415 in-

2261 1451 2428 1516 venit,
2459 1452 2501 1506 si
2525 1452 2626 1506 hoc
2654 1453 2794 1521 quod
2823 1467 2974 1507 mens
3003 1452 3195 1516 credit,
3226 1452 3405 1521 lingua
3434 1460 3584 1507 tacet.
3622 1453 3709 1507 Sed
3730 1469 3779 1507 ne

2263 1542 2314 1595 in
2365 1543 2518 1597 nobis
2551 1543 2756 1598 clamor
2797 1543 2912 1613 ejus
2964 1543 3148 1607 lateat,
3189 1551 3357 1598 restat
3383 1552 3441 1597 ut
3470 1543 3779 1613 unusquisque

2254 1633 2408 1702 juxta
2456 1635 2727 1690 modulmu
2771 1651 2925 1690 suum
2969 1635 3357 1690 viviticalionis
3384 1649 3494 1690 sua:
3521 1635 3780 1706 mysterium

2260 1725 2520 1794 proximis
2552 1726 2872 1779 innotescat.
2910 1724 3166 1794 Sequitur
3192 1739 3207 1778 :

2340 1817 2502 1871 Vens.
2527 1817 2615 1871 20.
2665 1815 2795 1871 Ecce
2831 1819 2965 1871 enim
2997 1818 3048 1870 in
3081 1815 3206 1870 caelo
3235 1817 3390 1884 testis
3433 1832 3591 1880 meus,
3633 1823 3672 1869 el
3693 1831 3782 1868 con-

2262 1911 2399 1965 scius
2432 1926 2573 1962 mens
2603 1910 2653 1962 in
2676 1909 2907 1962 excelsis.
2934 1938 3000 1949 -—
3019 1907 3150 1962 Cum
3181 1906 3324 1960 enim
3355 1905 3522 1961 Filius
3545 1904 3782 1959 labefacta-

2264 2013 2412 2058 rctur
2450 2003 2503 2056 in
2543 2012 2709 2067 terra,
2757 2011 2875 2056 erat
2907 2002 2956 2056 ei
2988 2000 3139 2055 testis
3167 2000 3220 2053 in
3252 1999 3413 2054 cmlo.
3447 1999 3613 2054 Testis
3633 1997 3782 2068 quippe

2265 2094 2383 2148 Filii
2428 2093 2590 2148 Pater
2629 2100 2733 2159 est,
2762 2093 2828 2148 de
2853 2108 2959 2162 quo
2987 2093 3100 2162 ipse
3134 2091 3187 2145 in
3216 2090 3506 2161 Evangelio
3531 2090 3682 2146 dicit:
3708 2088 3784 2140 «Et

2263 2184 2352 2252 qui
2410 2183 2556 2237 misit
2614 2198 2700 2237 me
2747 2183 2944 2248 Pater,
2993 2182 3109 2250 ipse
3155 2181 3519 2235 testimonium
3569 2178 3785 2249 perhibuit

2263 2275 2329 2330 de
2363 2291 2447 2330 me
2477 2277 2659 2346 (Joan.
2685 2291 2735 2343 γ,
2766 2275 2876 2345 57).
2910 2293 2928 2325 ι
2971 2273 3072 2340 Qui
3121 2281 3267 2329 recte
3302 2274 3468 2328 etiam
3498 2273 3707 2326 conscius
3729 2270 3784 2324 di-

2265 2367 2426 2431 citur,
2449 2367 2576 2436 quia
2623 2381 2726 2420 una
2778 2365 3071 2428 voluntate,
3118 2379 3226 2418 uno
3266 2364 3494 2419 consilio
3533 2362 3676 2418 Pater
3696 2375 3785 2416 cum

2265 2457 2400 2512 Filio
2426 2471 2638 2527 semper
2667 2466 2943 2526 operatur.
2988 2455 3140 2522 Quod
3188 2455 3421 2510 fortasse
3464 2455 3618 2510 etiam
3645 2452 3700 2508 ad
3721 2468 3786 2508 vo-

2264 2562 2378 2622 cem
2415 2547 2532 2616 ejus
2561 2547 2805 2616 corporis
2829 2545 3023 2601 referri
3056 2545 3216 2599 valet.
3244 2545 3444 2600 Sancta
3478 2559 3688 2614 namque
3711 2543 3786 2596 Ec.

2264 2636 2424 2692 clesia
2456 2637 2656 2691 idcirco
2680 2637 2904 2690 adversa
2933 2637 3055 2689 vitae
3080 2636 3359 2705 praesentis
3384 2635 3592 2701 tolerat,
3616 2642 3669 2688 ut
3685 2634 3787 2688 hanc

2265 2743 2494 2797 superna
2523 2729 2696 2798 gratia
2738 2728 2803 2780 ad
2849 2727 3069 2796 praemia
3108 2736 3307 2781 acterna
3337 2730 3608 2797 perducat.
3643 2725 3788 2780 Carnis

2265 2833 2375 2872 sua:
2416 2827 2642 2872 mortem
2674 2817 2923 2886 despicit,
2953 2818 3079 2886 quia
3108 2819 3527 2873 resurrectionis
3552 2816 3709 2888 gloria:
3730 2815 3788 2868 in-

2267 2909 2459 2972 tendit,
2492 2910 2800 2964 transitoria
2823 2918 2950 2964 sunt
2982 2925 3102 2979 qua:
3144 2911 3390 2980 patitur;
3435 2921 3675 2981 perpetua
3701 2922 3788 2978 qua

2264 3001 2626 3070 pnnstolatur.
2656 3001 2730 3056 De
2758 3001 2955 3070 quibus
2981 3001 3234 3055 nimirum
3263 3001 3424 3057 bonis
3451 3000 3704 3072 perpetuis
3723 2998 3788 3052 du-

2267 3094 2520 3148 bietatem
2570 3109 2675 3148 non
2721 3094 2903 3158 habet,
2948 3093 3074 3162 quia
3123 3092 3280 3148 ﬁdele
3319 3094 3435 3162 jam
3480 3091 3787 3148 testimonium

2189 3161 2234 3221 Ο
2268 3183 2639 3250 Redemptoris
2668 3183 2892 3251 gloriam
2925 3161 3088 3236 tenet.
3121 3181 3222 3248 Qui
3261 3161 3410 3238 recte
3437 3184 3660 3238 conscius
3685 3178 3787 3233 dici-

2267 3281 2373 3338 tur,
2415 3273 2538 3341 quia
2570 3282 2814 3326 naturam
2861 3281 3100 3327 nostram
3141 3288 3246 3327 non
3277 3273 3452 3327 solum
3481 3271 3693 3328 creando
3716 3281 3788 3322 no-

2266 3362 2360 3426 vit,
2385 3363 2480 3416 sed
2505 3363 2666 3417 etiam
2698 3362 3043 3418 assumenda.
3068 3362 3220 3417 Scire
3243 3364 3388 3417 enim
3415 3362 3530 3431 ejus
3549 3367 3788 3418 estnostra

2264 3453 2582 3522 suscepisse.
2632 3452 2784 3507 Unde
2841 3453 3003 3508 etiam
3057 3467 3153 3522 per
3198 3451 3545 3508 Psalmistam
3590 3450 3783 3505 dicitur:

2269 3563 2287 3595 ι
2319 3544 2434 3612 Ipse
2457 3545 2600 3597 enim
2625 3546 2727 3598 scit
2756 3546 3068 3615 figmentum
3099 3553 3340 3598 nostrum
3373 3545 3545 3616 (Psal.
3569 3560 3657 3610 cn,
3677 3540 3784 3609 14).»

2262 3633 2392 3699 Quae
2442 3643 2618 3688 tamen
2669 3650 2772 3688 vox
2817 3650 2938 3689 cum
2989 3636 3148 3690 beato
3198 3633 3301 3689 Job
3345 3649 3640 3706 congruere
3671 3629 3786 3686 nobis

2261 3724 2426 3777 etiam
2473 3723 2700 3794 singulis
2730 3733 2926 3794 potest.
2964 3723 3152 3779 Omnis
3177 3725 3341 3788 enim,
3382 3727 3475 3795 qui
3505 3740 3567 3779 ex
3598 3737 3656 3778 eo
3681 3715 3787 3789 quod

2261 3813 2394 3883 agit,
2417 3814 2682 3868 humanas
2703 3814 2891 3869 laudes
2912 3813 3136 3884 appetit,
3154 3822 3345 3868 testem
3371 3813 3426 3868 in
3451 3825 3588 3869 terra
3609 3807 3786 3883 quat-'0';

2260 3907 2352 3974 qui
2397 3915 2578 3961 autem
2606 3908 2672 3961 de
2699 3906 2909 3963 actibus
2946 3907 3058 3962 suis
3099 3907 3456 3977 omnipotenti
3496 3909 3602 3962 Deo
3619 3905 3788 3976 placere

2259 3996 2499 4061 festinat,
2545 4005 2734 4051 testem
2762 4011 2821 4052 se
2851 3997 3054 4052 habere
3094 3997 3148 4050 in
3187 3997 3325 4052 coelo
3365 3998 3681 4054 considerat.
3713 3989 3787 4045 Se-

2261 4089 2484 4158 quitur:

2329 4179 2491 4234 Vsus.
2517 4177 2606 4231 9.1.
2645 4175 2860 4231 Verbosi
2883 4177 3040 4232 amici
3075 4177 3196 4244 mei,
3223 4179 3292 4231 ad
3321 4177 3487 4231 Deum
3512 4176 3666 4230 stillat
3694 4184 3788 4225 acs-

2258 4267 2776 4333 lusmeus.——Quid
2823 4269 2966 4322 enim
3013 4283 3108 4337 per
3155 4267 3391 4334 oculum,
3425 4261 3789 4322 nisieordisin-

2259 4363 2429 4419 tentio
2467 4362 2812 4432 designatur?
2853 4360 3008 4415 Sicut
3058 4360 3315 4429 scriptum
3369 4369 3494 4414 est:
3528 4358 3621 4412 «Si
3657 4351 3786 4408 fuerit

2260 4455 2447 4511 oculus
2467 4463 2589 4509 tuus
2607 4453 2855 4523 simplex,
2879 4461 3049 4508 totum
3077 4467 3272 4522 corpus
3297 4461 3445 4506 tuum
3473 4449 3692 4506 lucidum
3709 4441 3788 4497 erit

2263 4545 2413 4618 (Luc.
2446 4561 2524 4608 xl,
2550 4543 2664 4613 54).
2693 4562 2712 4594 ι
2763 4543 2898 4598 Cum
2950 4557 3080 4613 ergo
3123 4542 3335 4597 verbosi
3383 4543 3539 4596 amici
3581 4544 3712 4599 sunt,
3748 4529 3788 4586 id

2258 4649 2364 4705 est,
2394 4653 2516 4696 eum
2541 4627 2602 4692 et
2629 4636 2726 4706 ipsi
2773 4635 3054 4704 derogant,
3108 4635 3199 4704 qui
3248 4635 3300 4688 in
3330 4634 3433 4689 fide
3461 4633 3716 4689 sociantur
3737 4622 3788 4677 ad

2260 4730 2430 4784 Deum
2472 4742 2693 4782 necesse
2723 4723 2805 4781 est
2837 4735 2896 4780 ut
2919 4725 3109 4780 oculus
3138 4725 3319 4788 stillet,
3351 4734 3611 4794 quatenus
3637 4722 3785 4774 nostra

2260 4820 2488 4875 intentio
2537 4829 2644 4874 tota
2697 4819 2752 4872 iu
2785 4818 2985 4873 amoris
3038 4816 3213 4872 intimi
3273 4813 3674 4871 comounctione
3711 4805 3785 4860 dc-

2257 4911 2408 4966 ﬂuat.
2439 4909 2695 4978 Sequitur
2721 4927 2734 4963 :

2331 5003 2496 5058 Vens.
2526 5002 2616 5056 2:2.
2657 5001 2822 5072 Atque
2871 5002 3076 5055 utinam
3126 5001 3202 5054 sic
3235 4999 3566 5068 judicaretur
3599 4994 3670 5049 vir
3691 4999 3783 5041 cum

2192 1811 2234 1871 Β

581 5100 770 5145 nostra
791 5093 1158 5163 redemptione
1185 5093 1451 5148 toleravit.
1486 5091 1587 5158 Qui
1617 5091 1762 5148 solus
1783 5109 1880 5164 pro
1903 5077 2220 5150 omnibus?"
2256 5093 2386 5161 Deo,
2409 5092 2664 5165 quomodo
2694 5092 2969 5163 judicatnr
3006 5091 3149 5159 ﬁlius
3194 5091 3417 5144 hominis
3459 5099 3575 5139 cum
3621 5077 3782 5165 collega

2254 5203 2370 5238 suo.
2398 5164 2468 5227 έ-
2493 5185 2815 5238 Peccatores
2840 5182 3055 5238 quidem
3081 5195 3182 5236 nos
3205 5195 3327 5236 esse
3351 5191 3560 5236 seruas:-
3578 5164 3782 5236 agnosci-
