3948 5398
135 330 243 385 9.53

894 331 1196 390 EPITOME
1235 333 1597 392 MORALIUM
1640 334 1700 390 S.
1740 333 1948 391 GREG.
1990 335 2058 390 IN
2095 333 2235 394 JOB.
2272 367 2343 377 —-—
2377 336 2508 395 LIB.
2549 339 2687 396 XIII.

3293 335 3403 405 ξδι

131 445 396 514 Quisquis
435 460 563 501 vero
593 461 716 502 cum
747 445 952 518 collega
985 463 1084 502 suo
1110 449 1174 503 ad
1197 450 1462 520 judicium
1493 449 1721 513 accedit,
1753 454 1798 511 Α
1829 463 1989 518 quam
2032 449 2234 523 ﬂagella
2262 453 2506 521 peccati?
2530 453 2712 524 Neque
2747 457 2849 512 hoc
2891 458 2962 513 ita
3003 460 3222 525 dicitur,
3253 474 3316 517 ac
3356 464 3404 518 si

131 543 182 587 et
214 534 361 601 quod
391 535 576 598 sentit,
601 535 752 597 dicit,
786 544 840 589 et
867 537 1127 606 quidquid
1153 540 1538 595 contradicitur
1563 554 1726 610 agno-

130 625 260 688 scit,
296 634 351 678 et
377 625 629 692 voluerit,
661 627 839 696 pulsat
868 635 923 682 et
955 629 1105 682 novit
1138 631 1283 684 unde
1317 630 1580 699 pulsatur.
1623 631 1722 696 Qui

135 716 287 769 enim
335 716 515 770 divina
568 718 1038 774 animadversione
1071 721 1393 790 percutitur,
1423 721 1548 775 dum
1577 721 1726 775 novit

129 806 356 874 quidem
387 808 512 876 quia
542 809 775 878 vapulat,
800 811 895 865 sed
922 826 1020 866 cur
1059 811 1275 881 vapulet
1307 812 1542 880 ignorat,
1569 813 1722 880 quasi

128 896 268 950 dicit
319 899 435 966 ipse
481 901 627 970 quod
676 903 860 969 sentit,
904 903 996 958 sed
1033 903 1175 972 quod
1227 913 1412 958 contra
1444 919 1502 959 se
1529 904 1726 959 dicitur

127 988 332 1053 nescit,
363 991 489 1057 quia
522 992 635 1060 ipse
661 991 878 1060 quidem
922 993 1226 1063 ingemiscit
1254 994 1306 1046 in
1352 993 1594 1057 verbere,
1631 993 1724 1048 sed

127 1076 278 1133 Deus
311 1089 501 1149 aperte
547 1097 650 1136 non
696 1083 959 1148 declarat,
1005 1098 1107 1153 pro
1148 1099 1252 1154 qua
1299 1099 1422 1140 eum
1458 1083 1616 1140 feriat
1642 1085 1724 1139 ul-

129 1168 302 1224 tione.
341 1170 601 1240 Sequitur
629 1191 640 1226 :

196 1256 362 1312 Vens.
378 1260 467 1313 9.5.
487 1259 619 1314 Ecce
634 1261 768 1314 enim
788 1261 960 1316 breves
976 1281 1099 1317 anni
1117 1273 1408 1328 transeunt,
1426 1273 1472 1318 et
1486 1266 1722 1319 semitam

123 1367 220 1418 per
249 1367 413 1420 quam
450 1368 553 1406 non
580 1365 808 1406 revertar
836 1355 1066 1409 ambulo.
1086 1386 1145 1395 —
1165 1356 1338 1412 Omne
1359 1356 1501 1426 quod
1532 1356 1726 1411 transit

123 1440 291 1497 breve
307 1444 630 1505 est,etiamsi
652 1446 856 1501 tardius
872 1448 1147 1502 terminari
1166 1449 1430 1504 videatur.
1453 1449 1510 1502 In
1529 1450 1722 1504 mortis

122 1544 309 1592 autem
353 1539 572 1604 semita,
601 1555 700 1610 per
727 1556 890 1610 quam
938 1556 1044 1597 non
1089 1542 1436 1609 revertimur,
1475 1543 1720 1598 ambula-

122 1642 248 1682 mus
273 1644 287 1692 ;
320 1644 431 1683 non
463 1631 604 1699 quod
635 1631 701 1686 ad
730 1633 896 1686 vitam
927 1634 1107 1688 carnis
1136 1634 1357 1690 minime
1390 1636 1721 1706 resurgendo

125 1719 473 1784 reducimur,
514 1723 605 1778 sed
632 1724 775 1792 quod
809 1725 874 1779 ad
904 1725 1116 1780 labores
1144 1726 1298 1795 hujus
1323 1727 1447 1782 vita:
1479 1729 1718 1784 mortalis

120 1809 207 1865 vel
230 1811 299 1865 ad
325 1813 694 1882 conquirenda
723 1817 943 1885 praemia
970 1817 1246 1874 laboribus
1269 1819 1464 1875 iterum
1497 1836 1600 1877 nos
1635 1836 1720 1876 ve-
1754 1801 1796 1860 Β

119 1900 328 1958 uimus.
365 1903 628 1976 Sequitur
651 1925 663 1960 :

707 1999 939 2057 CAPUT
979 2001 1139 2057 XVII.

194 2090 362 2147 Vens.
394 2094 447 2147 1.
474 2092 701 2162 Spiritus
733 2109 878 2146 meus
903 2095 1280 2148 attenuabitur.
1303 2124 1375 2134 —
1395 2093 1725 2150 Attenuatur

115 2183 347 2252 Spiritus
369 2185 562 2238 timore
579 2183 788 2253 judicii,
814 2185 937 2254 quia
954 2183 1248 2240 electorum
1265 2196 1472 2241 mentes
1485 2200 1591 2256 quo
1613 2202 1724 2241 am-

117 2274 268 2344 plius
298 2273 770 2344 extremojudicio
799 2274 1166 2344 propinquare
1193 2290 1250 2330 se
1276 2276 1534 2340 sentiunt,
1565 2290 1630 2330 eo
1655 2276 1723 2330 ad

114 2365 499 2421 discutiendos
521 2367 844 2436 semctipsos
875 2365 1173 2422 terribilius
1197 2367 1644 2431 contremiscunt,
1668 2375 1724 2422 et

116 2456 162 2509 si
197 2471 342 2525 quas
395 2457 450 2510 in
497 2472 556 2511 se
605 2457 856 2512 carnales
895 2459 1251 2528 cogitationes
1295 2474 1532 2528 unquam
1578 2460 1725 2515 inve-

116 2546 295 2610 niunt,
319 2546 652 2616 poenitentia:
673 2547 868 2604 ardore
887 2559 1230 2615 consumunt,
1251 2565 1350 2605 nec
1367 2553 1722 2621 cogitationes

115 2652 249 2691 suas
273 2636 490 2690 dilatari
521 2637 727 2692 carnali
751 2639 1025 2710 voluptate
1055 2642 1396 2710 permittunt.
1429 2641 1718 2713 Sequitur:

117 2727 246 2780 Dies
279 2730 384 2782 mei
417 2728 806 2794 breviabuntur,
842 2741 888 2785 et
918 2732 1086 2786 solum
1113 2735 1239 2788 mihi
1277 2745 1509 2804 superest
1545 2737 1720 2807 sepul-

116 2835 294 2871 crum.
324 2849 398 2858 -—
425 2819 528 2886 Qui
582 2821 725 2876 enim
772 2823 1084 2878 considerat
1111 2825 1288 2893 qualis
1313 2827 1417 2890 erit
1446 2828 1496 2880 in
1527 2837 1720 2893 morte,

117 2923 341 2978 semper
369 2908 430 2963 lit
460 2909 680 2964 timidus
710 2911 762 2965 in
787 2913 1126 2980 operatione,
1157 2923 1319 2983 atque
1346 2914 1486 2970 unde
1518 2915 1570 2969 in
1599 2931 1724 2970 ocu—

122 3001 192 3054 lis
223 3001 340 3055 suis
361 3001 477 3070 jam
503 3002 658 3071 quasi
688 3017 794 3057 non
820 3004 976 3070 vivit,
1024 3004 1149 3061 inde
1173 3007 1443 3062 veraciter
1468 3006 1521 3061 in
1549 3006 1722 3062 oculis

124 3091 212 3144 sui
247 3089 565 3147 Conditoris
589 3093 744 3147 vivit.
782 3093 1073 3165 Sequitur:

1825 542 2165 610 omnipotens
2193 552 2245 597 et
2275 544 2579 600 misericors
2604 545 2744 602 Deus
2785 547 2942 619 longe
2981 563 3076 604 cor
3115 550 3348 607 hominis
3372 567 3405 608 a

1825 630 2103 699 disciplina
2136 631 2317 697 faciat,
2361 634 2454 688 sed
2499 635 2641 704 quod
2670 648 2862 704 sponte
2886 638 3094 708 lapsum
3123 639 3196 694 ibi
3229 655 3405 696 rema-

1825 735 1954 775 nere
1980 723 2067 777 ubi
2096 722 2292 777 cecidit
2312 721 2606 791 judicando
2627 727 2920 795 permittat.
2952 727 3206 798 Sequitur
3229 745 3244 784 :
3271 729 3407 786 Pro-

1823 820 2000 880 pterea
2033 828 2134 866 non
2174 813 2564 867 exaltabuntur.
2603 845 2674 854 —
2711 816 2845 882 Quia
2867 817 2992 871 dum
3025 819 3224 874 inlimis
3248 819 3406 875 volus

1825 906 2060 972 ptatibus
2081 906 2285 962 dimissi
2311 916 2522 963 terrena
2546 909 2684 965 bona
2710 925 2925 982 semper
2945 913 3284 982 desiderant,
3311 931 3407 971 cor

1824 996 1892 1051 ad
1935 1011 2168 1066 superna
2207 999 2402 1068 gaudia
2449 1015 2722 1068 nunquam
2776 1000 2977 1056 levant.
3026 1003 3409 1059 Exaltareutur

1825 1091 2021 1161 quippe
2044 1093 2089 1146 si
2119 1101 2351 1158 mentem
2373 1095 2441 1147 ad
2463 1108 2612 1163 spem
2635 1094 2825 1163 patriae
2851 1094 3088 1151 cmlestis
3113 1096 3403 1167 erigerent.

1827 1181 1934 1236 Sed
1981 1185 2072 1252 qui
2121 1200 2218 1254 per
2266 1185 2604 1254 disciplinam
2655 1187 2929 1242 custodire
2971 1188 3137 1242 vitam
3188 1188 3408 1243 minime

1825 1272 2061 1337 student,
2122 1288 2336 1344 semper
2374 1289 2472 1345 per
2509 1276 2775 1332 desideria
2824 1277 2880 1332 in
2933 1277 3056 1334 imis
3081 1278 3285 1349 jacent.
3309 1274 3410 1334 Se-

1823 1363 2051 1431 qunur:

1895 1451 2058 1507 Vens.
2098 1451 2152 1507 5.
2196 1450 2442 1509 Prwdam
2473 1455 2748 1526 pollicetur
2774 1460 2930 1513 sociis
2947 1467 2995 1514 et
3018 1458 3156 1513 oculi
3176 1458 3408 1527 ﬁliorum

1823 1542 2084 1612 deﬁcient.
2118 1575 2189 1585 —
2226 1542 2518 1616 Postquam
2567 1549 2634 1603 de
2677 1549 3018 1606 multitudine
3076 1551 3407 1621 iniquorum,
3502 1581 3508 1588 ~-

1824 1633 1877 1689 id
1911 1644 1994 1691 est
2039 1637 2105 1692 de
2149 1637 2356 1709 antiqui
2387 1639 2556 1695 hostis
2597 1656 2825 1710 corpore
2853 1643 3042 1698 beatus
3066 1641 3166 1698 Job
3187 1652 3408 1698 senten-

1824 1724 1954 1779 tiam
1991 1728 2234 1797 protulit,
2284 1743 2411 1784 mox
2456 1731 2521 1784 ad
2570 1731 2742 1800 ipsum
2782 1748 2968 1790 eorum
3003 1734 3320 1804 principem,
3357 1733 3410 1788 id

1823 1825 1907 1871 est
1961 1827 2121 1887 caput
2174 1819 2412 1873 omnium
2461 1820 2790 1889 perditorum
2841 1823 3165 1877 sententiam
3223 1822 3407 1887 vertit,

1824 1917 1985 1978 atque
2011 1925 2040 1961 a
2071 1909 2262 1978 plurali
2296 1926 2524 1979 numero
2545 1913 2612 1967 ad
2642 1913 2967 1984 singularem
2999 1914 3156 1968 redit.
3184 1912 3412 1968 Perver-

1823 2013 1917 2053 sus
1940 1998 2122 2068 itaque
2161 2001 2264 2055 iste
2299 2008 2489 2055 auctor
2513 2003 2716 2057 erroris
2742 2001 2977 2072 praedam
3010 2002 3172 2058 sociis
3197 2002 3413 2070 pollice.

1824 2097 1996 2154 retur,
2027 2091 2152 2158 quia
2184 2089 2434 2160 malignis
2472 2092 2752 2160 spiritibus
2794 2107 3083 2162 pravorum
3113 2080 3277 2148 mittit
3302 2095 3414 2148 aui-

1825 2194 1962 2245 mas,
1997 2180 2264 2234 ineorum
2295 2180 2400 2235 line
2436 2182 2742 2250 rapiendas.
2773 2182 2841 2236 Et
2868 2182 3004 2236 oculi
3040 2183 3274 2252 ﬁliorum
3295 2182 3413 2253 ejus

1821 2269 2080 2338 deﬁcient.
2129 2271 2266 2338 Quia
2312 2271 2437 2326 dum
2483 2273 2810 2327 intentiones
2862 2273 3140 2327 hominum
3172 2274 3240 2328 ad
3290 2273 3405 2327 sola

1827 2370 2040 2417 terrena
2066 2363 2332 2432 speranda
2363 2363 2583 2428 excitat,
2613 2365 2716 2419 hoc
2745 2364 2862 2418 illos
2889 2379 3072 2419 amare
3097 2349 3241 2429 facit,
3270 2363 3415 2434 quod

1823 2451 1915 2506 diu
1940 2460 2122 2507 tenere
2148 2468 2252 2507 nou
2281 2455 2508 2523 possint.
2537 2453 2771 2508 Possunt
2797 2468 3009 2522 quoque
3032 2461 3086 2508 et
3118 2468 3218 2524 per
3237 2453 3414 2508 socios

1823 2543 2052 2600 fortasse
2080 2546 2302 2617 intelligi
2331 2546 2689 2602 crudelissimi
2719 2547 2922 2616 quique
2945 2554 3003 2601 et
3021 2546 3166 2601 omni
3208 2545 3414 2600 malitia

1818 2631 1932 2702 jam
1963 2635 2172 2705 repleti.
2216 2635 2319 2690 Per
2351 2636 2488 2692 ﬁlios
2518 2651 2646 2692 vero
2682 2637 2738 2691 hi
2769 2637 2863 2708 qui
2906 2637 3081 2692 adhuc
3109 2637 3415 2707 deceptoris

1821 2726 2276 2796 promissionibus
2306 2727 2479 2793 illusi,
2517 2730 2772 2800 augenda:
2797 2730 3050 2800 pravitati
3077 2733 3412 2788 nutriuntur.

1825 2815 1931 2872 Sed
1962 2817 2099 2871 oculi
2125 2817 2358 2886 ﬁliorum
2394 2817 2510 2887 ejus
2551 2821 2814 2889 deﬁcient,
2851 2821 2976 2890 quia
3015 2835 3302 2891 pravorum
3334 2821 3415 2876 iu-

1825 2909 2092 2964 tentiones
2116 2910 2338 2965 cadunt.
2369 2909 2629 2981 Sequitur
2663 2930 2677 2966 :

1892 2996 2058 3053 Vsus.
2099 2999 2150 3052 6.
2194 2997 2383 3054 Posuit
2428 3018 2510 3055 me
2552 3004 2704 3072 quasi
2734 3004 2789 3057 in
2815 3003 3142 3074 proverbium
3174 3003 3335 3074 vulgi,
3365 3014 3417 3059 et

1821 3088 2115 3158 exemplum
2140 3106 2293 3143 suum
2325 3107 2503 3144 coram
2531 3093 2624 3147 eis.
2665 3123 2735 3132 —
2773 3094 2900 3149 lltec
2922 3095 3111 3149 beatus
3131 3094 3241 3180 μοὶ)
3270 3097 3417 3151 dicat

197 3178 364 3235 Vens.
406 3181 461 3234 2.
509 3180 628 3234 Non
652 3154 889 3252 peccavi:
909 3195 956 3239 et
979 3186 1033 3239 in
1066 3187 1508 3242 amaritudinibus
1549 3205 1720 3244 mora-

1828 3191 1889 3232 ex
1918 3193 1995 3244 se,
2043 3178 2188 3234 dicat
2221 3195 2286 3234 ex
2330 3181 2552 3237 vocibus
2597 3183 2839 3240 omnium
2880 3163 3195 3242 electorum.
3227 3173 3416 3242 Omnis

120 3282 210 3324 tur
259 3272 445 3326 oculus
501 3290 666 3329 meus.
711 3305 780 3314 ——
815 3275 894 3330 Ac
920 3277 967 3330 si
1017 3287 1202 3346 aperte
1241 3280 1382 3334 dicat
1431 3297 1446 3334 :
1494 3280 1718 3350 Culpam

119 3380 228 3419 non
271 3364 402 3431 feci,
431 3373 486 3419 et
517 3365 722 3437 ﬂagella
754 3369 990 3438 suscepi.
1021 3369 1127 3424 Sed
1167 3371 1269 3426 hac
1295 3372 1348 3426 in
1380 3387 1440 3427 re
1480 3373 1720 3429 animum

118 3464 323 3521 movet,
348 3457 443 3526 qui
467 3457 520 3511 in
558 3457 746 3512 multis
784 3473 843 3512 se
875 3459 1114 3514 historiae
1143 3461 1276 3517 locis
1303 3475 1562 3532 peccasse
1587 3478 1720 3518 cons

117 3547 325 3611 litetur,
339 3562 445 3616 qua
473 3547 683 3602 ratione
712 3563 854 3602 nunc
882 3563 1136 3618 peccasse
1161 3566 1220 3605 se
1242 3551 1505 3621 abnegat?
1530 3551 1637 3607 Sed
1654 3553 1722 3607 ad

116 3637 235 3692 hmc
268 3638 409 3692 ratio
434 3637 685 3693 celeriter
722 3641 982 3704 occurrit,
1011 3642 1140 3710 quia
1169 3655 1271 3696 nec
1297 3650 1503 3697 tantum
1527 3657 1722 3712 pecca-

113 3728 213 3794 vit,
236 3739 297 3783 ut
319 3728 527 3798 ﬂagella
548 3739 872 3796 mereretur,
893 3746 993 3787 nec
1020 3740 1196 3787 tamen
1219 3733 1338 3788 sine
1356 3745 1579 3803 peccato
1599 3750 1720 3791 esse

112 3822 314 3892 potuit.
365 3822 698 3894 Redemptor
741 3823 907 3878 etiam
967 3824 1036 3878 ad
1085 3824 1421 3893 ereptionem
1476 3835 1720 3881 nostram

113 3915 340 3969 veniens
360 3955 374 3978 ,
404 3925 460 3968 et
487 3931 592 3969 non
627 3915 891 3983 peccavit,
933 3925 986 3970 et
1016 3917 1431 3972 amaritudinem
1472 3917 1716 3988 pertulit,

115 4006 243 4074 quia
277 4019 499 4075 plenam
547 4015 748 4062 nostra:
793 4007 965 4077 culpa:
1003 4007 1123 4063 sine
1150 4009 1307 4077 culpa
1339 4010 1594 4079 suscepit.
1627 4009 1720 4065 Se-

115 4099 347 4165 qunur:
684 4149 704 4164 ,

187 4187 354 4243 Vens.
391 4188 444 4244 5.
492 4187 677 4242 Libera
707 4173 808 4254 me,
831 4199 880 4244 et
901 4207 1034 4260 pone
1064 4192 1316 4262 mejuxta
1342 4201 1412 4260 te,
1446 4202 1494 4247 et
1526 4191 1711 4263 cujus-

115 4282 188 4334 ris
239 4297 431 4336 manus
484 4291 676 4352 pugnet
724 4293 908 4337 contra
954 4300 1058 4339 me.
1093 4314 1164 4325 --
1200 4284 1318 4355 Ipse
1359 4285 1560 4340 etenim
1609 4299 1716 4340 non

116 4373 364 4441 peccavit
395 4375 450 4428 in
474 4375 803 4446 cogitatione
822 4375 906 4430 vel
925 4392 1110 4446 opere,
1137 4377 1248 4446 ipse
1270 4377 1324 4432 in
1353 4378 1716 4433 amaritudine

119 4473 364 4520 moratus
407 4475 494 4520 est
535 4480 633 4535 per
678 4467 1009 4536 passionem,
1061 4468 1177 4538 ipse
1222 4469 1481 4524 liberatus
1510 4478 1592 4524 est
1620 4485 1716 4539 per

118 4557 600 4612 resurrectionem.
650 4557 768 4626 Ipse
807 4556 962 4625 juxta
1008 4567 1218 4628 patrem
1249 4558 1459 4628 positus
1496 4567 1581 4613 est
1619 4574 1716 4628 per

118 4647 512 4712 ascensionem,
539 4648 664 4718 quia
685 4648 959 4718 profectus
982 4649 1035 4710 iu
1061 4649 1258 4704 caelum
1286 4649 1439 4705 sedet
1458 4665 1487 4703 a
1510 4650 1719 4706 dextris

117 4740 233 4796 Dei.
262 4741 330 4795 Et
362 4743 489 4812 quia
529 4759 626 4813 per
657 4743 991 4798 ascensionis
1017 4743 1133 4813 ejus
1165 4743 1389 4812 gloriam
1432 4743 1617 4800 Judaaa
1663 4745 1718 4800 in

120 4832 504 4902 discipulorum
530 4836 649 4904 ejus
670 4837 1110 4904 persecutionem
1139 4847 1408 4892 commota
1435 4845 1540 4904 est,
1570 4847 1719 4894 recte

120 4937 265 4979 nunc
295 4925 492 4980 dicitur
562 4926 628 4980 Et
675 4926 906 4996 cujusvis
947 4944 1136 4984 manus
1170 4939 1363 5001 pugnet
1401 4917 1587 4987 contrti
1611 4947 1715 4986 me.

123 5013 382 5084 Sequitur
405 5034 419 5070 :

195 5103 354 5159 Vens.
393 5106 444 5161 4.
487 5103 594 5162 Cor
627 5122 812 5162 eorum
843 5107 993 5178 longe
1051 5110 1220 5179 fecisti
1252 5129 1283 5165 a
1306 5111 1607 5182 disciplina.
1648 5139 1720 5151 —-

126 5195 182 5250 Si
231 5198 372 5252 enim
411 5201 719 5271 disciplinae
758 5201 1060 5256 custodiam
1097 5211 1340 5269 nossent,
1375 5217 1717 5273 nequaquam

123 5286 494 5360 Redemptoris
518 5292 694 5349 uestri
727 5300 995 5361 praecepta
1021 5303 1454 5351 contemnerent.
1482 5294 1596 5365 Ipsa
1621 5308 1717 5349 eos

158 5391 182 5398 Α
191 5391 248 5398 ___

1743 4510 1794 4569 D

1821 3269 2019 3340 quippe
2046 3271 2138 3340 qui
2167 3271 2378 3342 ﬂagello
2404 3275 2741 3342 percutitur,
2774 3277 2928 3348 quasi
2974 3279 3029 3331 iu
3065 3278 3414 3346 proverbium

1821 3363 2040 3431 ponitur
2087 3364 2252 3434 vulgi,
2303 3365 2428 3434 quia
2479 3367 2677 3424 stultus
2735 3369 2964 3439 quisque
3005 3369 3131 3425 dum
3160 3371 3412 3440 cuiquam

1821 3453 2148 3510 maledicere
2169 3458 2396 3527 appetit,
2428 3473 2494 3513 ex
2527 3459 2671 3514 illius
2696 3461 3051 3516 similitudine
3077 3461 3418 3518 maledictio.
3457 3505 3461 3511 .

1821 3560 1945 3600 nem
1992 3548 2174 3612 sumit,
2230 3564 2390 3618 quem
2450 3539 2826 3621 temporalitcr
2880 3568 3194 3623 percussum
3243 3552 3411 3622 videt,

1822 3651 2046 3707 eamque
2087 3654 2302 3708 poenam
2345 3656 2443 3696 suo
2491 3651 2644 3714 Optat
2693 3645 3039 3710 adversario,
3079 3659 3241 3714 quam
3288 3658 3416 3699 eve.

1821 3728 1969 3784 nisse
2000 3732 2266 3800 conspicit
2286 3731 2456 3799 justo,
2481 3734 2672 3804 sicque
2698 3735 2760 3789 lit
2786 3744 2845 3788 ut
2883 3750 2988 3788 non
3017 3745 3162 3789 recte
3191 3720 3412 3804 sapienc

1822 3820 1965 3875 tibus
1995 3821 2046 3875 in
2071 3823 2375 3892 exemplum
2407 3823 2709 3879 deducatur
2730 3833 2927 3879 rectus.
2955 3821 3213 3893 Sequitur
3244 3838 3260 3878 :

1890 3911 2066 3971 Vsns.
2108 3913 2160 3966 7.
2203 3913 2460 3984 Caligavit
2500 3915 2570 3968 ad
2598 3915 3013 3985 indignationem
3056 3914 3144 3986 [ab
3174 3915 3416 3984 indigna-

1820 4007 1980 4080 tione]
2014 4006 2194 4061 oculus
2229 4022 2406 4070 meus,
2436 4016 2482 4060 et
2526 4005 2758 4061 membra
2796 4022 2911 4060 mea
2938 4007 3091 4076 quasi
3116 4006 3174 4073 in
3190 4003 3416 4060 nihilum

1818 4111 1941 4156 sunt
1960 4098 2347 4154 reducm—Ah
2373 4097 2741 4168 indignatione
2768 4099 2958 4154 oculus
2983 4099 3412 4169 caligatquando

1819 4193 1920 4264 ipsi
1939 4207 2151 4263 quoque
2171 4191 2262 4261 qui
2287 4191 2338 4244 in
2359 4189 2637 4245 Dominico
2649 4205 2896 4260 corpore,
2916 4189 2966 4243 id
2981 4189 3131 4244 estin
3148 4188 3413 4256 Ecclesia,

1820 4285 2001 4339 lumen
2027 4284 2274 4339 veritatis
2306 4283 2523 4345 habent,
2553 4285 2677 4337 dum
2703 4297 2762 4336 se
2783 4282 2987 4337 diutius
3010 4281 3214 4352 despici
3235 4295 3299 4335 ac
3323 4281 3416 4336 de-

1819 4373 2028 4445 dignari
2056 4372 2415 4442 conspiciunt,
2469 4372 2537 4426 de
2584 4373 2780 4428 occulti
2826 4373 3013 4442 judicii
3059 4372 3417 4428 admiratione

1821 4466 2128 4532 turbantur,
2157 4475 2213 4520 et
2233 4474 2505 4520 secretum
2536 4465 2630 4520 Dei
2663 4477 2954 4537 penetrare
2984 4474 3281 4535 nequeunt,
3317 4482 3417 4530 cur

1823 4555 2121 4626 praevalere
2172 4555 2413 4625 perversi
2470 4562 2657 4609 contra
2722 4555 2986 4610 bonorum
3051 4554 3415 4610 innocentiam

1821 4647 2224 4717 permittantur.
2249 4646 2613 4702 Membrorum
2635 4647 2833 4716 quippe
2854 4647 3088 4710 nomine,
3109 4647 3416 4702 teneritudo

1821 4737 2162 4792 inﬁrmorum
2193 4736 2540 4807 exprimitur,
2584 4737 2678 4806 qui
2723 4736 2848 4791 dum
2889 4752 3176 4806 perversos
3207 4735 3417 4807 prospi-

1821 4830 1972 4886 ciunt
1995 4828 2208 4894 ﬂorere,
2222 4827 2512 4899 justosque
2531 4829 2790 4888 cruciari,
2810 4830 2874 4882 ad
2899 4829 3004 4884 hoc
3031 4841 3414 4896 nonnunquam

1820 4922 2162 4992 perveniunt.
2217 4928 2277 4975 ut
2332 4935 2392 4976 se
2443 4921 2587 4976 bona
2641 4919 2726 4975 vel
2779 4919 3067 4998 inchoasse
3095 4918 3410 4990 pceniteant.

1823 5013 2089 5084 Sequitur
2120 5029 2135 5068 :

1900 5105 2062 5160 Vsus.
2095 5106 2151 5161 8.
2189 5102 2476 5172 Stupebant
2502 5120 2659 5176 super
2686 5101 2804 5165 hoc,
2855 5112 2901 5155 et
2947 5102 3192 5156 innocens
3236 5105 3419 5150 contra

1818 5197 2144 5268 Izypocritam
2188 5194 2566 5252 suscitabatur.
2592 5226 2662 5237 —-
2690 5193 2804 5248 Hoc
2841 5193 2960 5247 loco
2992 5193 3260 5256 innocens,
3292 5199 3424 5239 nec.-

1819 5290 1946 5345 dum
1975 5289 2248 5358 perlectus
2277 5286 2458 5355 justus
2491 5289 2775 5360 accipitur,
2824 5284 2916 5354 qui
2955 5285 3096 5337 bona
3130 5279 3304 5333 adlmc
3341 5275 3424 5329 in~

2957 5369 3191 5398 .u...l‘..nsn
3241 5374 3422 5398 iamnn
