3948 5398
576 342 698 413 ’255
739 362 751 373 ⁵

1581 353 1639 410 s.
1667 353 1916 412 onoms
1954 351 2246 409 ABBATIS
2287 351 2848 410 cuumceusxsu
3471 335 3498 362 ί
3716 354 3797 410 956

588 477 778 528 contra
803 453 1137 540 bypocrrtam
1185 464 1446 521 innocens
1493 467 1808 532 suscitatur,
1855 467 2068 536 quando
2109 474 2163 521 et
2191 470 2236 528 Α
2267 465 2321 519 in
2361 464 2446 520 die
2499 466 2761 520 malorum
2809 481 2877 521 ne
2924 465 3205 519 immemor
3235 463 3308 518 sis
3347 462 3602 519 bonorum
3647 465 3796 535 (Et-cli.

587 559 782 614 ﬂorere
809 556 1091 626 conspicit,
1127 566 1182 612 et
1211 565 1389 612 tamen
1434 571 1557 613 cum
1603 570 1702 610 suo
1731 572 1854 611 eum
1890 556 2021 612 llore
2046 571 2172 610 con-

589 649 796 704 temnit.
839 647 1094 716 sequitur
1118 666 1130 701 :

659 735 822 790 Vens.
853 736 907 791 9.
959 736 1028 790 Et
1062 739 1249 791 tenebit
1276 737 1448 806 justus
1476 739 1610 792 viam
1636 755 1809 803 suam,
1861 747 1909 792 et
1965 738 2172 792 mundis

585 825 827 878 manibus
879 825 1035 880 addet
1087 827 1467 895 fortitudinem.
1495 859 1563 867 —
1588 828 1940 882 Consitlerato
1978 828 2174 898 quippe

587 911 1084 982 hypocrita,justus
1114 914 1253 968 viam
1293 930 1444 968 suam
1485 923 1652 980 tenet,
1689 915 1818 984 quia
1859 915 1983 969 dum
2027 914 2171 968 illum

585 1016 652 1055 ex
689 1017 944 1070 perversa
983 1003 1256 1058 voluntate
1298 1005 1545 1059 obtinere
1574 1019 1636 1059 ea
1680 1020 1799 1074 qua:
1837 1006 2019 1060 mundi
2049 1012 2173 1059 sunt

586 1089 826 1145 intuetur
850 1109 863 1144 :
893 1091 1006 1160 ipse
1027 1093 1092 1146 ad
1113 1109 1352 1147 amorem
1382 1093 1978 1163 ctelcstiumrobustius
2005 1094 2169 1147 strin-

585 1181 749 1250 gitur,
795 1183 976 1238 sciens
1018 1186 1144 1254 quia
1187 1185 1343 1240 bonis
1386 1186 1667 1240 desideriis
1711 1186 1932 1255 prsentia
1971 1195 2171 1240 mterna

583 1285 690 1325 non
735 1273 985 1339 deerunt,
1029 1274 1156 1328 dum
1202 1284 1257 1330 et
1295 1276 1472 1345 pravis
1503 1286 1557 1331 ct
1591 1275 1891 1344 duplicibus
1919 1277 2171 1330 cordibus

583 1362 726 1418 bona
774 1365 1086 1434 temporalia
1138 1381 1244 1420 non
1277 1377 1557 1438 negantur.
1607 1365 1720 1433 Qua
1759 1382 1824 1422 ex
1861 1382 1918 1421 re
1964 1368 2170 1421 mundis

583 1457 1056 1530 quoquemanibus
1087 1457 1244 1511 addet
1271 1459 1650 1526 fortitudinem,
1680 1459 1805 1527 quia
1833 1459 2170 1528 conspiciens

499 1565 504 1568 ·
581 1560 867 1614 perversos
916 1547 1160 1603 obtinere
1201 1557 1471 1603 terrenam
1509 1549 1782 1619 gloriam,
1823 1549 1964 1604 bona
2007 1565 2168 1619 opera

581 1648 678 1687 sua
716 1635 962 1702 provehit
990 1636 1056 1689 ad
1088 1636 1495 1706 perfectionem,
1522 1647 1576 1692 et
1603 1646 1751 1692 tanto
1776 1639 1936 1694 altius
1963 1647 2170 1710 tempo-

583 1721 713 1777 ralia
748 1724 994 1794 despicit,
1017 1735 1218 1795 quanto
1239 1729 1354 1785 haec
1381 1730 1542 1785 etiam
1564 1730 1720 1785 malis
1747 1731 2021 1786 abundare
2049 1747 2167 1787 cer-

575 1813 676 1866 n'it.
721 1814 976 1886 Sequitur
1010 1836 1023 1873 :

653 1904 816 1960 Vens.
865 1905 950 1961 l0.
1012 1906 1186 1978 Igitur
1228 1927 1315 1964 vos
1361 1927 1537 1966 omnes
1584 1912 1941 1967 convertimini
1990 1922 2038 1967 et
2079 1930 2167 1968 ee-

579 1993 950 2062 nite.—Quse
995 1999 1247 2054 videlicet
1287 2002 1680 2057 exhortationis
1722 2005 1906 2069 verba,
1953 2004 2168 2074 proprie

578 2085 646 2138 ad
692 2083 892 2140 electos
927 2085 1146 2154 format,
1183 2106 1318 2160 quos
1351 2093 1417 2147 ad
1455 2094 1810 2149 aeternitatem
1838 2104 2013 2149 vocat.
2066 2095 2167 2161 Qui

578 2174 786 2229 duobus
813 2178 988 2233 modis
1013 2179 1327 2248 invitantur,
1359 2184 1565 2238 scilicet
1605 2195 1664 2238 ut
1699 2195 1753 2240 et
1786 2195 2170 2242 convertantur

577 2271 635 2316 et
685 2265 924 2321 veniant.
994 2267 1390 2326 Convertuntur
1444 2274 1698 2328 nimirum
1754 2275 1897 2344 fide,
1949 2277 2170 2332 veniant

577 2368 759 2424 opere.
815 2355 906 2412 Vel
948 2368 1095 2416 certe
1134 2371 1520 2418 convertantur
1559 2365 1857 2422 deserendo
1903 2368 2062 2433 mala,
2115 2376 2170 2422 et

576 2447 797 2503 veniant
817 2450 954 2505 bona
983 2450 1249 2520 faciendo,
1281 2456 1422 2511 sicut
1442 2457 1700 2527 scriptum
1731 2468 1815 2515 est
1843 2477 1855 2514 :
1897 2479 1914 2511 t
1947 2461 2163 2514 Declina

579 2553 607 2590 a
635 2538 774 2594 malo
793 2548 846 2594 et
870 2540 958 2596 fac
985 2543 1182 2598 bonum
1213 2545 1383 2616 (Psal.
1434 2563 1620 2613 xxxvi,
1664 2549 1777 2620 27).
1801 2547 1844 2601 ι’
1865 2548 2122 2619 Sequitur
2150 2568 2162 2604 :

575 2625 644 2680 lt't
681 2645 783 2683 non
809 2631 977 2686 inveni
1005 2635 1058 2688 in
1085 2636 1223 2690 vobis
1250 2637 1412 2691 ullam
1435 2639 1766 2708 sapientiam.
1797 2667 1867 2682 -—
1892 2639 2033 2708 Quid
2083 2649 2167 2697 est

573 2720 716 2775 enim
739 2723 883 2792 quod
906 2738 1000 2780 eos
1023 2726 1090 2780 ad
1113 2729 1433 2796 sapientiam
1484 2739 1660 2795 vocat,
1699 2740 1756 2786 et
1795 2740 1973 2788 tamen
2017 2742 2166 2804 optat

573 2825 643 2867 ne
669 2811 788 2868 illos
818 2815 1088 2895 sapientes
1129 2817 1390 2884 inveniat,
1431 2818 1534 2874 nisi
1584 2821 1729 2890 quod
1767 2820 1833 2876 ad
1871 2837 2054 2878 veram
2081 2838 2170 2878 sa-

573 2903 832 2971 pientiam
876 2907 1063 2961 venire
1091 2923 1198 2963 non
1223 2919 1472 2978 possunt,
1502 2911 1594 2982 qui
1621 2911 1769 2968 falsae
1797 2929 1908 2970 suae
1946 2897 2165 2986 sapien-

575 2993 664 3047 tiae
703 2993 896 3050 ﬁducia
944 2996 1329 3067 decipiuntur?
1371 3001 1449 3057 De
1487 3002 1683 3071 quibus
1726 3004 1988 3076 scriptum
2033 3016 2162 3063 est:

577 3099 601 3136 ι
632 3081 721 3138 Va:
767 3086 920 3144 vobis
979 3089 1072 3158 qui
1119 3091 1388 3162 sapientes
1439 3093 1570 3149 estis
1621 3093 1678 3150 in
1723 3095 1894 3152 oculis
1945 3099 2158 3164 vestris,

575 3183 631 3231 et
680 3189 865 3232 coram
903 3177 1304 3252 vobismetipsis
1341 3183 1634 3255 prudentes
1695 3182 1828 3256 (Isa.
1880 3201 1953 3256 v,
1990 3187 2101 3262 21).
2135 3208 2154 3242 ι

576 3264 835 3338 Sequitur

647 3361 812 3417 Vens.
850 3363 936 3419 ll.
994 3364 1120 3422 Dies
1158 3367 1260 3423 mei
1291 3370 1632 3438 transierunt,
1670 3373 2008 3444 cogitationes
2035 3390 2162 3429 meta

575 3451 841 3523 dissipata:
876 3467 1033 3524 sunt,
1080 3468 1372 3530 torquentes
1408 3479 1499 3517 cor
1521 3480 1713 3518 meum.
1735 3495 1808 3504 —
1830 3464 2028 3522 Sancta
2056 3467 2164 3522 ele-

575 3551 783 3600 ctorum
833 3546 1074 3604 Ecclesia
1125 3565 1221 3621 per
1270 3553 1461 3609 diurna
1507 3563 1562 3611 et
1608 3565 1871 3612 nocturna
1921 3565 2164 3629 tempora

576 3638 839 3708 conspicit
873 3640 997 3697 vitae
1026 3657 1136 3699 sua:
1155 3645 1338 3715 Spatia
1386 3647 1641 3714 transire,
1687 3649 1814 3718 quia
1850 3663 2063 3707 noctem
2108 3649 2162 3706 in

575 3726 1011 3796 adversitatibus,
1037 3733 1178 3788 diem
1207 3750 1338 3790 vero
1382 3735 1438 3790 in
1469 3739 1921 3807 prosperitatibus
1963 3742 2164 3797 habere

574 3817 870 3872 consuevit.
923 3819 1085 3888 Quasi
1111 3825 1254 3880 enim
1285 3825 1374 3882 lux
1397 3827 1447 3882 ei
1473 3829 1650 3884 oritur
1674 3845 1742 3886 ex
1774 3833 2164 3903 tranquillitate

574 3907 764 3974 pacis,
815 3917 872 3964 et
919 3927 1026 3966 nox
1074 3928 1141 3968 ex
1187 3915 1371 3971 dolore
1416 3921 1830 3988 persecutionis.
1879 3921 1986 3977 Sed
2039 3939 2160 3980 cum

571 4004 694 4064 post
717 3998 915 4066 quietis
943 4001 1070 4068 otia,
1104 4003 1173 4057 ad
1195 4015 1572 4064 excrescentes
1595 4018 1784 4064 contra
1816 4025 1875 4065 se
1908 4027 2156 4082 persecu-

575 4087 748 4144 tiones
782 4089 1129 4164 laboremque
1153 4097 1311 4162 redit,
1339 4098 1452 4154 dies
1477 4116 1604 4155 suos
1626 4102 1884 4158 transisse
1911 4111 2159 4163 testatur.

571 4175 631 4231 1n
671 4179 868 4247 quibus
906 4189 1083 4238 tamen
1106 4185 1295 4243 diebus
1319 4188 1456 4244 solet
1478 4197 1628 4245 tanto
1651 4193 1989 4262 gravioribus
2017 4199 2163 4254 curis

571 4269 766 4336 premi,
789 4283 991 4339 quanto
1026 4290 1056 4329 a
1093 4290 1152 4331 se
1191 4277 1306 4346 ipsa
1336 4280 1723 4350 tranquillitate
1746 4285 1892 4352 pacis
1919 4287 2164 4344 subtilio-

575 4373 663 4414 res
710 4375 741 4415 a
786 4356 975 4419 Judice
1015 4367 1254 4424 rationes
1290 4372 1561 4442 excogitat
1602 4377 1835 4446 exquiri.
1885 4377 1989 4434 Sed
2035 4381 2159 4435 dum

573 4449 731 4505 bonis
778 4453 1048 4509 mentibus
1097 4459 1407 4527 temporalis
1458 4460 1686 4518 felicitas
1731 4467 1943 4533 transit,
1997 4469 2157 4524 etiam

2274 569 2334 619 ll,
2384 554 2496 621 27).
2529 573 2547 605 ι
2605 553 2905 623 Sequitur:

2348 641 2504 696 Vsus.
2534 644 2619 696 15.
2672 641 2729 696 Si
2754 645 3068 708 sustinuero,
3092 642 3327 712 infernus
3359 643 3545 696 domus
3590 661 3689 698 mea
3726 653 3797 709 est,

2271 733 2326 786 in
2375 733 2595 786 tenebris
2636 734 2794 788 stravi
2835 733 3077 787 lectulum
3103 749 3291 786 meum.
3314 764 3383 774 —
3409 733 3616 788 Priores
3645 736 3799 790 etenim

2273 823 2441 876 sancti
2465 833 2518 877 et
2541 824 2806 878 sustinere
2835 825 3056 878 adversa
3079 834 3347 893 poterant,
3369 835 3425 880 et
3452 835 3621 880 tamen
3650 841 3800 895 corpo-

2273 913 2422 967 ribus
2454 914 2630 968 educti
2666 915 2840 970 adlmc
2874 915 2941 969 ab
2984 915 3178 970 inferni
3215 916 3345 970 locis
3373 917 3591 971 liberari
3622 934 3712 972 non
3735 935 3803 987 po-

2275 1011 2470 1067 terant,
2517 1004 2642 1073 quia
2683 1005 2911 1058 necdum
2957 1013 3183 1059 venerat
3224 1005 3313 1074 qui
3358 1005 3486 1059 illuc
3537 1007 3644 1059 sine
3685 1006 3804 1075 culpa

2273 1092 2644 1158 descenderet,
2672 1103 2731 1147 ut
2755 1110 2848 1148 eos
2868 1095 2958 1165 qui
2982 1095 3052 1148 ibi
3080 1111 3143 1150 ex
3169 1096 3322 1164 culpa
3349 1096 3676 1160 tenebantur,
3701 1096 3803 1152 libe-

2276 1190 2440 1235 raret.
2493 1182 2642 1236 Tunc
2687 1198 2814 1237 vero
2853 1185 3014 1238 homo
3061 1200 3216 1237 suum
3245 1185 3498 1238 lectulum
3538 1186 3588 1238 in
3616 1186 3804 1240 tenebris

2273 1271 2500 1334 stravit,
2558 1273 2774 1340 quando
2823 1272 2996 1327 lucem
3033 1273 3257 1342 justitize
3302 1275 3606 1344 persuasori
3655 1275 3804 1329 callido

2274 1362 2658 1417 consentiendo
2685 1364 2945 1429 deseruit,
2976 1373 3030 1418 et
3058 1365 3183 1432 quia
3226 1365 3278 1418 in
3327 1363 3461 1435 ipsis
3501 1363 3680 1418 inferni
3707 1364 3804 1420 locis

2267 1452 2537 1522 justorum
2579 1469 2792 1523 quoque
2833 1455 3026 1509 animae
3068 1457 3185 1510 sine
3222 1464 3492 1510 tormento
3519 1457 3801 1517 tenebantur,

2273 1552 2332 1598 ut
2361 1554 2415 1598 et
2438 1560 2534 1614 pro
2557 1545 2803 1614 originali
2831 1545 2984 1614 culpa
3007 1547 3184 1601 adhuc
3208 1548 3337 1601 illud
3363 1547 3744 1612 descenderent,
3768 1558 3804 1601 et

2274 1642 2456 1688 tamen
2488 1649 2555 1689 ex
2586 1636 2817 1706 propriis
2850 1637 3059 1691 actibus
3085 1637 3402 1706 supplicium
3439 1652 3544 1692 non
3575 1639 3802 1693 haberent.

2276 1725 2436 1790 Quasi
2474 1725 2527 1780 in
2563 1727 2798 1781 tenebris
2829 1727 3081 1781 lectulum
3113 1729 3394 1792 stravisse,
3427 1737 3511 1782 est
3549 1729 3598 1781 in
3639 1729 3803 1782 inferno

2194 1806 2244 1866 B
2273 1817 2372 1871 sibi
2405 1816 2644 1886 requiem
2680 1833 3030 1887 prarparasse.
3083 1818 3262 1874 Grave
3298 1819 3443 1874 enim
3484 1819 3684 1873 taedium
3722 1820 3802 1872 ele-

2269 1905 2372 1958 ctis
2404 1903 2502 1959 fuit
2528 1914 2648 1976 post
2676 1907 2994 1961 solutionem
3030 1908 3229 1973 carnis,
3279 1909 3456 1963 adhuc
3483 1909 3700 1978 speciem
3727 1925 3804 1962 non

2269 1998 2452 2052 videre
2474 1998 2763 2055 Creatoris.
2811 2000 2964 2067 Quod
2997 2001 3212 2055 liCdlUlll
3245 2018 3350 2056 non
3377 2002 3642 2056 immerito
3664 2002 3804 2055 beatus

2267 2088 2368 2144 Job
2397 2089 2645 2145 tenebras
2676 2099 2848 2146 vocat.
2907 2091 3165 2161 Sequitur
3197 2111 3209 2146 :

2340 2176 2504 2234 Vsus.
2535 2179 2622 2232 M.
2669 2178 2944 2233 Putredini
2973 2181 3130 2233 dixi:
3168 2180 3326 2234 Pater
3369 2199 3519 2236 meus
3563 2199 3632 2247 es,
3679 2191 3807 2235 mter

2269 2287 2404 2335 mea,
2439 2280 2486 2323 et
2514 2287 2661 2325 soror
2684 2287 2794 2324 mea
2825 2272 3100 2326 vermibus.
3132 2301 3202 2310 —
3230 2271 3368 2338 Quid
3401 2282 3490 2327 est
3541 2273 3668 2343 quod
3706 2273 3805 2326 dixit

2267 2361 2558 2430 putredini,
2597 2361 2756 2415 Pater
2777 2378 2920 2415 meus
2942 2378 3014 2426 es,
3042 2361 3145 2416 nisi
3173 2363 3315 2430 quod
3353 2362 3540 2417 omnis
3581 2364 3721 2417 homo
3754 2362 3802 2414 ab

2267 2452 2477 2522 origine
2523 2451 2636 2519 jam
2684 2451 2871 2506 vitiata
2920 2452 3243 2506 descendit?
3297 2450 3456 2507 Unde
3501 2462 3554 2507 et
3597 2452 3801 2505 additur:

2268 2545 2441 2598 Mater
2478 2561 2612 2610 mea,
2655 2553 2702 2599 et
2737 2561 2888 2600 soror
2924 2561 3038 2599 mea
3072 2546 3347 2600 vermibus.
3403 2545 3544 2612 Quia
3587 2545 3799 2605 videlicet,

2264 2641 2320 2688 et
2347 2634 2414 2688 ab
2442 2634 2554 2703 ipsa
2592 2634 2894 2702 putredine,
2925 2643 2979 2690 et
3013 2651 3135 2689 cum
3167 2635 3281 2704 ipsa
3318 2636 3568 2690 venimus
3609 2635 3654 2687 in
3698 2634 3808 2687 hunc

2268 2726 2548 2780 mundum.
2587 2725 2859 2793 Quantum
2898 2728 3042 2782 enim
3077 2727 3144 2782 ad
3177 2727 3465 2780 materiam
3492 2723 3804 2796 corruptibilis

2266 2816 2467 2890 carnis,
2494 2824 2672 2871 mater
2707 2824 2894 2872 nostra
2922 2831 2985 2872 ac
3010 2831 3171 2872 soror
3204 2830 3418 2872 vermes
3459 2825 3601 2880 sunt,
3632 2814 3735 2884 quia
3765 2823 3802 2866 et
3888 2843 3889 2881 γ

2264 2907 2329 2962 de
2352 2907 2636 2976 putredine
2664 2906 3046 2977 processimus,
3073 2915 3127 2962 et
3155 2921 3279 2961 cum
3305 2905 3593 2975 putredine
3609 2903 3801 2958 venimus

2263 3013 2424 3068 quam
2457 3006 2757 3068 portamus.
2803 2999 2957 3066 Quod
2995 2997 3042 3053 si
3072 2998 3294 3069 intelligi
3323 2997 3636 3068 spiritaliter
3653 3001 3799 3066 potest,

2263 3097 2317 3142 et
2345 3097 2518 3143 mater
2544 3096 2758 3154 natura,
2787 3095 2841 3144 et
2871 3089 3204 3144 consuetudo
3229 3103 3336 3143 non
3382 3088 3647 3143 immerito
3679 3097 3796 3140 soror

2187 3157 2233 3220 ο
2264 3188 2508 3246 vocatur,
2538 3180 2665 3250 quia
2694 3181 2762 3236 ab
2790 3181 2881 3236 illa
2909 3195 3031 3236 cum
3061 3181 3163 3237 ista
3191 3195 3398 3236 sumus.
3456 3180 3583 3248 Quae
3607 3176 3802 3233 videlicet

2263 3276 2440 3323 mater
2467 3276 2524 3324 et
2552 3284 2707 3326 soror
2735 3285 2950 3326 vermes
2976 3281 3122 3335 sunt,
3155 3270 3280 3338 quia
3329 3286 3396 3326 ex
3432 3277 3621 3324 natura
3660 3280 3799 3322 corru-

2262 3359 2435 3429 ptibili
2485 3368 2541 3415 et
2583 3362 2972 3417 consuetudine
3028 3376 3282 3430 perversa
3325 3362 3585 3432 cogimur,
3611 3368 3663 3413 ut
3685 3355 3796 3427 quasi

2263 3450 2586 3520 quibusdam
2625 3451 2916 3516 vermibus,
2954 3452 3033 3506 sic
3068 3451 3322 3522 inquietis
3346 3449 3733 3522 cogitationibus
3759 3445 3797 3497 in

2264 3549 2446 3595 mente
2496 3540 2807 3611 fatigentur.
2854 3539 3047 3596 Carnis
3097 3541 3244 3596 enim
3290 3551 3486 3595 natura
3536 3541 3731 3601 vitiata,
3761 3545 3798 3586 et

2264 3631 2596 3685 consuetudo
2622 3645 2901 3700 perversa,
2927 3631 3054 3699 quia
3083 3629 3396 3684 innumeras
3421 3645 3581 3685 curas
3609 3630 3656 3683 in
3678 3623 3797 3681 corde

2263 3719 2594 3775 inﬁrmitatis
2637 3731 2836 3775 nostra:
2877 3727 3158 3790 generant,
3203 3719 3340 3774 bene
3380 3731 3558 3774 mater
3599 3727 3650 3772 et
3686 3727 3798 3770 soror

2264 3826 2480 3868 vermes
2503 3821 2789 3867 vocantur.
2834 3811 3082 3868 Mordent
3108 3810 3253 3866 enim
3284 3811 3525 3866 animqu
3557 3823 3684 3866 cura:
3707 3807 3797 3862 dum

2262 3905 2584 3975 inquietant.
2636 3903 2898 3974 Sequitur
2929 3919 2946 3958 :

2339 3992 2500 4049 Vens.
2531 3993 2618 4048 15.
2662 3991 2762 4046 Ubi
2791 4003 2866 4047 est
2895 4009 3016 4063 ergo
3045 4009 3183 4047 nunc
3226 3994 3549 4064 prtestolatio
3595 4006 3693 4046 mea
3714 3989 3796 4042 2-

2263 4087 2393 4154 Qute
2435 4101 2554 4144 esse
2593 4085 2766 4156 potuit
2790 4084 3120 4156 prtestolatio
3147 4085 3440 4156 justorum,
3473 4085 3570 4139 nis:
3590 4082 3741 4152 justus
3761 4082 3799 4129 et

2257 4175 2562 4248 justiticans
2607 4177 2790 4242 Deus,
2855 4176 2948 4246 qui
2999 4176 3067 4230 ad
3120 4189 3312 4245 poenas
3367 4175 3586 4230 humani
3633 4165 3797 4242 generis

2263 4278 2453 4339 sponte
2481 4267 2838 4333 descenderit,
2871 4275 2932 4322 ut
2971 4267 3212 4338 captivos
3247 4267 3439 4322 mortis
3475 4264 3685 4336 justitize
3719 4269 3806 4312 suat-

2262 4367 2462 4422 virtute
2493 4365 2797 4420 liberaret?
2849 4362 3020 4431 Hujus
3059 4363 3204 4418 enim
3245 4364 3584 4432 praesentiam
3617 4354 3793 4412 minime

2264 4456 2550 4511 cessabant
2577 4455 2780 4510 intenta
2809 4441 3132 4524 cogitatione
3153 4453 3474 4523 praestolari,
3497 4463 3648 4521 quam
3669 4455 3794 4514 quan-

575 4553 705 4594 cura
730 4540 812 4596 eis
836 4550 1060 4600 terrente
1094 4546 1509 4616 dispensationis
1534 4553 1893 4622 subtrahitur,
1921 4516 2040 4626 quae
2065 4575 2160 4614 eos
2193 4516 2241 4575 Β
2269 4551 2443 4618 doque
2489 4564 2611 4605 esse
2662 4555 2945 4603 vellllll‘am
2987 4553 3270 4611 noveram.
3321 4545 3414 4600 86d
3466 4542 3640 4598 νεηίνθ
3677 4531 3795 4590 Clu“

573 4629 628 4685 in
664 4633 1081 4702 cogitationibus
1113 4645 1366 4709 torquere
1397 4642 1696 4700 videbatur.
1743 4647 2001 4718 Sequitur
2037 4668 2052 4705 :

649 4721 810 4779 Vens.
849 4725 933 4780 12.
979 4725 1199 4783 Noctem
1240 4741 1497 4788 verterunt
1525 4735 1581 4789 in
1605 4736 1762 4791 diem.
1787 4768 1860 4778 —
1880 4739 2162 4810 Dissipatte

573 4814 773 4869 etenim
810 4817 1167 4888 cogitationes
1209 4831 1421 4879 noctem
1472 4825 1524 4879 in
1569 4825 1711 4882 diem
1757 4839 1993 4898 vertunt,
2037 4834 2160 4902 quia

573 4920 959 4977 nonnunquam
999 4910 1160 4980 justis
1205 4915 1434 4984 amplius
1491 4916 1668 4987 placet
1716 4934 1782 4975 ex
1834 4921 2162 4980 adversitate

575 4999 713 5056 mala
754 5003 982 5072 perpeti,
1010 5019 1168 5074 quam
1207 5022 1273 5061 ex
1299 5009 1658 5079 prosperitate
1684 5019 1909 5067 terrenae
1936 5014 2154 5084 dispon-

575 5093 799 5134 cnlinnic
846 5111 972 5134 (Olli-0
1019 5097 1229 5136 raliaor:
1307 5102 1565 5138 annhnn
1601 5117 1616 5133 ο
1673 5103 1737 5140 ΠΙ
1788 5123 1847 5140 ru

1857 5123 1994 5142 uso-rm
2045 5119 2160 5142 nnc!

2268 4640 2600 4709 quaerebant.
2634 4638 2890 4708 Sequitur
2922 4652 2936 4690 :
2965 4636 3033 4690 Et
3058 4637 3365 4706 patientiam
3393 4650 3558 4688 nteant
3581 4629 3681 4698 quis
3704 4637 3795 4678 tou-

2267 4733 2513 4788 siderat?
2555 4761 2626 4772 —
2668 4730 2946 4802 Expressit
3011 4728 3337 4784 desiderium
3378 4743 3484 4798 quo
3527 4721 3720 4779 festinat
3754 4711 3791 4764 in

2269 4838 2430 4878 carne
2458 4823 2665 4892 positus
2696 4822 2920 4886 redimi,
2947 4828 3001 4874 et
3033 4820 3102 4874 ab
3129 4818 3317 4874 inferis
3346 4820 3413 4874 ad
3437 4828 3651 4887 superna
3677 4818 3789 4862 reto-

2269 4915 2400 4970 cari.
2447 4915 2513 4969 Et
2549 4915 2766 4984 quidem
2805 4929 3104 4985 paucorum
3134 4913 3414 4969 hominum
3451 4911 3551 4965 ista
3586 4905 3674 4960 fuit
3706 4908 3790 4985 μετέ

2267 5007 2522 5078 pendere,
2553 4982 2615 5061 ut
2651 4982 2854 5062 scirent
2882 5007 2948 5060 de
2984 5005 3268 5075 prtesentis
3292 5005 3414 5058 vitre
3447 4998 3708 5057 laboribus,
3729 4982 3787 5038 νει

2267 5101 2334 5142 du.
2386 5099 2732 5142 gnhcnnnonti
2801 5107 2920 5142 me!
2976 5106 3206 5142 mni-tem
3255 5096 3535 5142 dilpolinne
3583 5088 3784 5142 cogitare-
