3948 5398
166 299 271 352 957

897 305 1200 364 ΕΡΙΤΟΜΕ
1238 307 1624 368 MOBALIUM.
1668 309 1726 367 S.
1767 313 1974 371 GREG.
2013 313 2080 369 IN
2119 311 2258 370 JOB.
2297 343 2365 352 —
2405 310 2532 366 LIB.
2575 310 2712 367 XIV.

3350 312 3454 371 258

165 413 324 464 tarde
353 413 694 481 credebatur,
728 418 853 486 quia
875 417 1042 490 iongo
1093 422 1350 490 temporis
1390 423 1565 491 spatio
1590 439 1620 477 a
1651 439 1760 479 cm-
1788 430 1835 489 Α
1864 435 1944 480 est
1979 425 2122 496 quod
2149 425 2233 478 vir
2258 433 2478 479 sanctus
2521 423 2648 479 illuc
2693 420 2941 493 perhibet
2987 423 3167 479 omnia
3211 439 3309 479 sua
3365 425 3459 481 de-

164 500 384 556 lestium‘
412 509 842 564 remuneratione
885 510 1139 580 disjuncti
1180 523 1326 577 sunt,
1359 514 1599 569 \‘eritate
1620 524 1760 570 atte-

163 595 366 655 stanle,
406 608 526 662 quae
564 596 637 648 ait
671 614 684 648 :
723 615 741 647 ‹
773 597 921 652 Multi
945 601 1222 669 propheta:
1271 611 1326 655 et
1376 618 1529 672 reges
1573 604 1760 659 volue-

163 687 292 733 runt
325 681 514 734 videre
555 699 674 752 qua:
706 684 917 751 videtis,
946 696 1000 740 et
1036 703 1142 741 non
1165 687 1440 755 viderunt,
1483 700 1535 746 et
1576 694 1764 748 audire

161 785 284 838 quae
321 771 545 835 auditis,
590 782 646 828 et
686 789 792 828 non
838 777 1125 831 audierunt
1166 777 1315 848 (Luc.
1358 795 1413 848 x,
1458 781 1572 852 24).
1602 799 1621 834 ι
1666 783 1764 838 Se-

162 861 354 930 quitur
383 878 397 914 :

235 949 404 1009 Vsus.
435 953 519 1009 16.
560 955 627 1009 In
655 955 1127 1024 profundissimam
1157 957 1420 1026 infernum
1447 961 1757 1017 descendent

159 1043 346 1096 omnia
370 1060 505 1097 mea.
537 1075 608 1084 —
632 1045 763 1100 Cum
793 1058 1005 1105 constet
1033 1053 1174 1120 quod
1217 1053 1358 1122 apud
1401 1054 1604 1110 inferos
1626 1056 1761 1126 justi

156 1150 269 1189 non
301 1135 520 1205 in_locis
546 1141 868 1208 pmualibus,
903 1145 994 1199 sed
1028 1145 1083 1199 in
1113 1147 1376 1216 superiori
1406 1149 1606 1217 quietis
1641 1151 1760 1205 sinu

159 1235 505 1294 tenerentur,
536 1246 726 1301 magna
756 1234 912 1289 nobis
935 1235 1182 1290 oboritur
1201 1239 1452 1306 quaestio,
1501 1241 1759 1310 quidnam

157 1316 228 1371 sit
273 1319 420 1388 quod
475 1320 667 1377 beatus
718 1321 819 1379 Job
845 1326 1072 1391 asserit,
1105 1327 1290 1384 dicens
1318 1347 1330 1382 :
1362 1329 1430 1384 In
1457 1331 1762 1400 profundis-

155 1409 355 1464 simam
408 1413 671 1483 infernum
723 1418 1032 1474 descendent
1080 1423 1256 1476 omnia
1291 1439 1425 1477 mea.
1483 1423 1540 1478 Si
1580 1425 1760 1496 itaque

156 1509 424 1568 quantum
452 1518 483 1557 a
507 1505 826 1562 celsitudine
865 1510 986 1564 eteli
1035 1526 1130 1566 aer
1173 1512 1276 1567 iste
1314 1513 1643 1584 caliginosus
1678 1517 1761 1572 iu-

155 1589 354 1646 fernus
395 1601 501 1659 est,
540 1607 802 1665 quantum
840 1601 907 1654 ad
942 1600 1181 1672 ejusdem
1231 1605 1372 1659 aeris
1419 1604 1759 1662 altitudinem

1865 515 2144 580 scendere,
2179 514 2283 569 nisi
2314 514 2456 583 quod
2481 514 2554 568 ibi
2584 527 2642 568 se
2667 527 2788 568 esse
2818 521 2987 567 totum
3014 513 3178 579 videt,
3202 513 3291 567 ubi
3317 530 3457 583 pon-

1864 605 1964 660 dus
1993 621 2104 660 sua:
2147 605 2601 660 remunerationis
2649 603 2946 673 intelligit?
2988 603 3122 670 Quia
3164 603 3268 658 hoc
3315 604 3457 672 quod

1863 709 1928 748 ex
1959 709 2016 748 se
2042 693 2355 747 insensibile
2403 693 2458 748 in
2505 702 2650 746 terra
2689 692 2910 758 deserit,
2951 706 3231 761 quousque
3269 692 3338 746 ad
3375 692 3460 746 in-

1862 791 2260 860 corruptionem
2285 788 2699 845 resurreCtionis
2719 787 2928 853 redeat,
2959 802 3019 843 se
3047 802 3166 842 esse
3191 801 3297 841 non
3325 801 3457 842 sen-

1864 883 1948 936 tit.
2014 881 2109 936 Vel
2154 890 2301 937 certe
2343 881 2398 935 in
2445 879 2712 935 infernum
2746 879 2862 949 ejus
2888 879 3070 934 omnia
3097 877 3452 942 descendunt,

1862 971 1986 1041 quia
2027 971 2271 1026 laborum
2303 971 2544 1025 omnium
2583 970 2868 1024 retributio
2901 970 3076 1024 adhuc
3125 970 3181 1024 in
3223 969 3340 1024 sola
3369 969 3456 1023 in-

1863 1062 1999 1117 ferni
2031 1065 2210 1132 quiete
2239 1064 2406 1132 recipi
2451 1062 2879 1133 praestolabatur,
2925 1070 2980 1116 et
3018 1063 3174 1131 quasi
3203 1062 3328 1116 illuc
3359 1063 3456 1116 de-

1861 1153 2072 1207 scendit
2105 1167 2265 1208 omne
2293 1152 2436 1222 quod
2467 1152 2595 1222 egit,
2624 1151 2750 1220 quia
2777 1151 2850 1205 ibi
2875 1149 3110 1219 quietem
3139 1149 3456 1205 retributio-

1860 1239 1945 1295 uis
1997 1255 2107 1296 suae
2157 1256 2224 1295 ex
2278 1241 2528 1295 omnibus
2573 1239 2794 1294 invenit.
2861 1238 3120 1308 Sequitur
3160 1237 3457 1292 :‘Putasne

1860 1332 2044 1385 saltem
2084 1332 2157 1385 ibi
2198 1334 2295 1386 erit
2327 1331 2526 1402 requies
2553 1331 2680 1384 nti/ti
2709 1332 2826 1384 ?—
2849 1330 2907 1384 In
2949 1331 3144 1400 quibus
3185 1329 3444 1384 nimirum

1858 1421 2058 1487 verbis,
2087 1430 2141 1476 et
2165 1422 2453 1476 innotescit
2477 1422 2621 1491 quod
2649 1421 2940 1486 desiderat,
2968 1431 3023 1475 et
3045 1429 3224 1474 tamen
3245 1435 3305 1475 se
3327 1434 3450 1474 esse

1859 1508 2036 1584 adhuc
2085 1509 2150 1562 de
2193 1509 2531 1578 suscipienda
2586 1508 2772 1577 requie
2817 1508 3041 1563 dubium
3088 1508 3355 1578 designat,
3388 1524 3457 1562 ne

1857 1600 2012 1669 cujus
2054 1607 2244 1654 sancta
2299 1615 2461 1669 opera
2495 1607 2573 1653 tot
2605 1597 2813 1669 ﬂagella
2843 1607 3026 1654 secuta
3065 1607 3210 1663 sunt,
3242 1597 3456 1653 occulto

155 1689 307 1736 terra
338 1683 566 1742 inferius
583 1687 750 1756 jacet,
779 1699 834 1745 et
861 1691 1108 1748 infernus
1132 1690 1357 1765 intelligi
1380 1702 1435 1748 et
1455 1694 1756 1765 profundus
1851 1690 2055 1760 judicio
2081 1691 2301 1762 superni
2329 1689 2531 1746 Judicis
2561 1701 2686 1762 post
2705 1691 2911 1762 ﬂagella
2940 1690 3257 1760 temporalia
3287 1690 3454 1747 etiam

152 1781 339 1852 potest
371 1791 383 1826 :
417 1785 676 1844 quantum
699 1793 825 1834 vero
851 1781 917 1834 ad
941 1782 1181 1852 ejusdem
1209 1782 1549 1838 altitudinem
1575 1793 1751 1851 terrm,
1786 1772 1830 1832 Β
1859 1796 2112 1836 mansura
2167 1789 2434 1837 tormenta
2487 1791 2860 1851 sequerentur.
2929 1780 3045 1847 Qua
3106 1781 3163 1835 in
3216 1794 3276 1836 re
3331 1793 3454 1835 cum

153 1873 207 1916 et
242 1863 328 1917 illa
357 1864 474 1920 loca
509 1865 685 1933 inferi,
716 1884 834 1938 qua:
860 1871 1136 1940 superiora
1182 1881 1308 1926 sunt
1351 1871 1470 1928 aliis
1517 1883 1756 1943 recepta-

151 1951 316 2018 culis,
368 1954 565 2010 inferni
609 1957 1014 2027 profundissimi
1052 1960 1408 2030 appellatione
1455 1962 1754 2034 signantur,

151 2045 303 2114 quod
327 2060 425 2100 aer
451 2046 610 2114 coelo,
639 2057 783 2103 terra
812 2050 880 2104 ad
909 2065 1056 2117 aera,
1097 2053 1200 2106 hoc
1248 2051 1336 2106 ille
1383 2058 1467 2107 est
1509 2053 1758 2122 superior

151 2137 496 2194 infernorum
533 2140 686 2197 sinus
713 2143 776 2196 ad
798 2151 1019 2198 terram.
1071 2143 1178 2198 Sed
1205 2144 1400 2198 mirum
1426 2143 1581 2199 valde
1609 2145 1753 2214 quod

153 2227 444 2299 adjungit:
479 2229 803 2286 Descenderit
856 2233 1032 2286 omnia
1079 2249 1216 2287 mea.
1270 2232 1404 2288 Cum
1445 2234 1752 2289 enim-sola

154 2318 342 2374 anima
390 2334 512 2375 mea
567 2320 892 2377 descensura
937 2331 1086 2378 esset
1125 2323 1192 2378 ad
1226 2323 1422 2378 inferni
1454 2323 1592 2390 loca,
1623 2322 1753 2394 qu‘id

1859 1886 2056 1943 magno
2084 1871 2240 1926 nobis
2287 1872 2479 1926 timore
2520 1871 2854 1941 pensandum
2897 1881 3002 1937 est,
3036 1872 3158 1941 quis
3206 1878 3453 1925 nostrum

1852 1961 1966 2032 jam
1996 1963 2062 2017 de
2099 1962 2285 2032 requie
2322 1971 2526 2017 aeterna
2567 1977 2791 2018 securus
2833 1962 2923 2027 sit,
2951 1961 2996 2017 si
3026 1972 3082 2018 et
3107 1975 3168 2016 ea
3199 1962 3374 2015 adhuc
3400 1969 3455 2016 et

1858 2053 1948 2110 ille
1978 2054 2230 2123 trepidat,
2276 2053 2430 2124 cujus
2469 2054 2688 2108 virtutis
2732 2054 3002 2124 praeconia
3049 2065 3104 2109 et
3139 2053 3254 2123 ipse
3283 2051 3452 2121 judex

1860 2146 1952 2218 qui
1986 2145 2206 2214 pertulit
2229 2144 2426 2199 clamat
2459 2161 2472 2198 :
2508 2163 2526 2195 ι
2556 2143 2613 2199 Si
2643 2144 2786 2198 enim
2807 2143 2988 2213 justus
3012 2143 3101 2199 vix
3130 2143 3448 2209 salvabitur,

1860 2238 2056 2308 impius
2083 2245 2138 2293 et
2166 2247 2420 2308 peccator
2445 2237 2534 2292 ubi
2570 2237 2812 2307 parebit?
2838 2237 2889 2309 (1
2915 2237 3062 2293 Petr.
3095 2253 3172 2306 tv,
3200 2235 3314 2308 18.)
3342 2255 3364 2290 ι

164 2510 3417 2538 Mm

1107 2681 1410 2760 LIBER
1471 2682 1956 2776 QUARTUS
2013 2681 2498 2761 DECIMUS.

723 3034 954 3092 CAPUT
995 3035 1180 3091 XVIII.

232 3123 396 3179 Vsus.
440 3123 496 3191 I,
539 3123 598 3178 2.
641 3123 974 3197 Respondeas
1027 3137 1203 3183 autem
1263 3125 1493 3182 Baldatlt
1542 3127 1754 3184 Suhites

156 3216 290 3271 dixit
323 3230 344 3270 :
372 3215 618 3287 lntellige
639 3218 784 3286 prius
804 3229 850 3273 et
881 3220 958 3273 sic
981 3218 1261 3289 loquamur
1291 3211 1494 3289 [Usque
1513 3219 1580 3273 ad
1601 3234 1753 3289 quem

157 3306 316 3373 ﬁnem
361 3307 515 3361 verba
540 3307 836 3376 jactabitis.
879 3307 1202 3379 Intelligite].
1239 3337 1310 3347 -
1345 3308 1544 3381 Omnes
1579 3310 1752 3364 heare-

161 3397 253 3451 tici
283 3405 532 3451 sanctam
554 3395 851 3453 Ecclesiam
869 3399 921 3453 in
949 3399 1147 3468 quibus
1163 3399 1455 3469 incognitis
1477 3401 1755 3469 superbire

159 3496 372 3558 putant,
425 3489 670 3560 quaedam
723 3504 856 3546 vero
902 3505 1003 3546 nec
1055 3489 1356 3561 intelligere
1386 3490 1750 3561 suspicantur.

161 3580 427 3650 Sequitur
458 3598 472 3635 :

235 3671 400 3727 Vens.
441 3672 495 3726 5.
558 3672 734 3738 Quare
791 3673 1014 3742 reputati
1059 3687 1240 3726 sumus
1280 3680 1337 3725 ut
1391 3673 1656 3741 jumenta,
1705 3679 1756 3726 et

159 3763 465 3818 sorduimus
502 3779 680 3816 coram
725 3761 818 3816 te?
855 3791 928 3801 —
967 3760 1227 3816 Humana:
1267 3762 1464 3816 mentis
1508 3771 1593 3822 est
1631 3775 1758 3830 pro-

160 3856 342 3927 prium
364 3855 466 3908 hoc
489 3853 591 3909 sibi
624 3852 738 3908 ﬁeri
762 3852 1024 3922 suspicari
1050 3853 1195 3921 quod
1218 3850 1368 3906 facit.
1396 3851 1752 3906 Arbitrantur

163 3949 312 4005 enim
365 3961 426 4004 se
469 3946 696 4017 despici,
746 3946 872 4016 quia
919 3947 1186 4001 bonorum
1239 3960 1422 4002 mores
1479 3945 1758 4020 despicere

164 4049 585 4098 consueverunt.
628 4041 692 4095 Et
719 4041 843 4111 quia
877 4041 929 4094 in
959 4040 1044 4095 his
1073 4054 1194 4109 quae
1232 4035 1620 4112 comprehendi
1663 4050 1756 4089 va-

162 4136 278 4193 lent
317 4137 527 4192 ratione
555 4144 743 4191 contra
774 4135 1078 4198 hmreticos,
1121 4131 1362 4188 ostendit
1392 4129 1635 4185 Ecclesia
1668 4144 1757 4182 ra-

167 4228 430 4284 tionabile
476 4241 581 4282 non
622 4238 743 4281 esse
783 4224 928 4296 quod
970 4231 1242 4288 astruunt,
1285 4221 1544 4277 aestimari
1589 4234 1650 4275 se
1687 4219 1756 4274 ab

166 4319 282 4390 ejus
306 4318 514 4388 judicio
538 4317 688 4373 velut
708 4316 954 4385 jumenta
977 4315 1342 4385 suspicantur.
1374 4312 1636 4382 Sequitur
1668 4329 1682 4365 :

1781 3036 1827 3099 C
1858 3010 1988 3103 gere
2017 3033 2279 3098 studeret,
2308 3031 2436 3102 quid
2461 3030 2606 3086 aliud
2630 3044 2792 3100 quam
2817 3029 2884 3084 de
2914 3027 3047 3083 locis
3073 3027 3311 3099 propriis
3335 3043 3450 3082 tuo.

1860 3135 1970 3191 vet,
1993 3133 2054 3179 ut
2081 3125 2221 3178 intra
2246 3139 2368 3178 eam
2405 3131 2550 3177 recta
2592 3121 2886 3177 sentientes
2907 3117 3125 3188 jaceant
3151 3118 3448 3184 humiliter,

1856 3215 1948 3285 qui
1977 3215 2049 3269 ~in
2074 3214 2353 3284 perversis
2387 3213 2500 3268 suis
2531 3212 2779 3266 sensibus
2820 3210 2971 3279 prius
2994 3208 3152 3278 rigidi
3181 3205 3444 3262 stabant?

1859 3306 1964 3362 Sed
2004 3307 2109 3360 hoc
2137 3304 2253 3359 ﬁeri
2292 3303 2532 3359 haeretici
2563 3301 2784 3356 omnino
2815 3297 3218 3360 contradicunt,
3247 3305 3302 3350 et
3324 3310 3452 3366 pro-

1855 3409 1976 3471 pter
2002 3414 2188 3454 vocem
2219 3395 2334 3466 ejus
2363 3411 2524 3466 rupes
2552 3395 2618 3450 de
2645 3394 2767 3448 loco
2796 3391 3017 3462 proprio
3048 3389 3332 3445 transferri
3361 3403 3456 3443 re.-

1854 3491 2122 3545 nituntur.
2157 3488 2417 3559 Sequitur
2456 3505 2469 3539 :

1926 3579 2093 3634 Vsus.
2133 3579 2188 3642 5,
2228 3578 2281 3631 6.
2326 3576 2514 3632 Nonne
2577 3574 2670 3629 lux
2718 3572 2865 3643 impii
2910 3573 3291 3641 exstinguetur,
3353 3585 3446 3622 nec

1854 3669 2139 3740 splendebit
2182 3669 2397 3737 ﬂamma
2434 3665 2568 3735 ignis
2598 3661 2990 3733 ejus?—Haec
3027 3661 3075 3714 si
3117 3661 3171 3714 in
3206 3673 3446 3727 praesen-

1856 3762 1926 3816 tis
1954 3761 2078 3814 vita:
2105 3757 2419 3815 deﬁnitione
2453 3754 2758 3818 denuntiat,
2786 3751 2985 3805 fallitur
3009 3769 3025 3814 ;
3061 3749 3186 3819 quia
3210 3747 3449 3817 plerum-

1856 3865 1962 3922 que
1988 3858 2043 3906 et
2077 3847 2259 3919 impiis
2283 3847 2458 3901 inesse
2485 3843 2663 3898 lumen
2691 3839 3068 3912 prosperitatis
3090 3837 3357 3909 cernitur,
3389 3843 3446 3889 et

1855 3943 1975 4013 pios
1998 3940 2231 3996 tenebrae
2261 3935 2614 4008 ignobilitatis
2636 3929 3044 4003 ctpaupertatis
3088 3925 3447 3982 abscondunt.

1859 4031 1954 4088 Sin
2000 4046 2132 4086 vero
2175 4029 2244 4085 ad
2287 4031 2392 4085 hoc
2422 4025 2538 4095 ejus
2573 4038 2754 4081 sermo
2799 4021 3078 4092 dirigitur,
3112 4028 3171 4073 ut
3198 4017 3450 4073 ostendat

1857 4123 1986 4193 quid
2033 4121 2186 4191 impii
2218 4121 2272 4175 in
2312 4133 2412 4174 suo
2451 4117 2558 4171 ﬁne
2586 4115 2883 4183 patiantur,
2931 4111 3199 4166 veraciter
3227 4108 3447 4164 dicitur.

1858 4211 2049 4266 Nonne
2078 4209 2172 4263 lua:
2196 4208 2340 4278 impii
2386 4203 2791 4274 exstinguetur?
2826 4201 3014 4258 Omnis
3067 4214 3304 4270 namque
3349 4199 3450 4252 im-

1857 4305 1978 4376 pius
2029 4303 2192 4357 habet
2216 4301 2487 4354 ﬂammam
2532 4296 2673 4370 ignis
2716 4296 2946 4367 proprii,
2990 4310 3153 4365 quem
3191 4293 3243 4348 in
3287 4291 3452 4347 corde

236 4381 406 4465 vias.
446 4407 499 4461 4.
539 4405 645 4471 Qui
687 4381 857 4476 perdis
899 4381 1133 4459 animum
1188 4405 1244 4458 in
1302 4381 1482 4471 furore
1541 4411 1650 4455 tuo.
1689 4430 1758 4440 —
1784 4383 1837 4442 D
1865 4410 1962 4451 suo
1993 4409 2059 4449 ex
2085 4393 2296 4448 fervore
2337 4388 2731 4445 desideriorum
2766 4385 3142 4456 temporalium
3173 4381 3449 4476 accendit,

167 4497 424 4556 Ilmretici
456 4495 543 4553 vel
585 4494 759 4548 zelum
788 4494 1130 4550 rectitudinis
1172 4493 1258 4548 vel
1310 4491 1609 4562 spiritalem
1639 4506 1760 4562 gra-

167 4592 300 4647 tiam
326 4599 531 4646 sanctae
559 4586 982 4658 praedicationis,
1011 4600 1119 4640 non
1144 4584 1362 4639 virtutis
1387 4584 1598 4656 pondus
1619 4623 1635 4648 ,
1663 4583 1760 4638 sed

167 4683 438 4738 insaniam
489 4679 692 4734 furoris
737 4677 1074 4742 existimant,
1135 4690 1244 4746 quo
1285 4677 1470 4731 furore
1508 4676 1762 4732 videlicet

167 4774 349 4843 perire
372 4770 616 4827 ﬁdelium
643 4769 854 4824 animas
883 4769 1243 4823 arbitrantur.
1262 4767 1519 4839 Sequitur
1547 4787 1560 4822 :
1595 4769 1762 4824 Nun-

165 4867 293 4938 quid
311 4876 524 4937 propter
554 4873 603 4918 te
631 4857 1016 4933 derelinqttetur
1039 4862 1220 4917 terra?
1249 4862 1386 4930 Quid
1413 4876 1543 4934 ergo
1569 4873 1653 4919 est
1680 4863 1762 4918 di-

167 4971 314 5023 cere,
347 4955 587 5026 nunquid
617 4963 829 5024 propter
850 4961 898 5006 te
922 4952 1311 5023 derelinquetur
1341 4962 1501 5019 terra,
1531 4954 1637 5010 nisi
1659 4955 1763 5009 hoc

166 5050 313 5120 quod
344 5063 487 5119 saepe
519 5046 770 5102 ﬁdelibus
811 5043 1019 5109 dicunt,
1068 5044 1195 5115 quia
1239 5045 1284 5100 si
1325 5045 1427 5101 hoc
1460 5055 1543 5101 est
1571 5057 1762 5100 verum

141 5141 310 5170 ..η-ΑΛ
343 5156 438 5170 ,γι-ιη
484 5138 662 5170 ιιῖηἷιῖο
719 5135 896 5170 nrnnic
932 5142 1072 5170 Ωον-ιη
1121 5135 1374 5170 [Iov-alin":
1439 5150 1600 5170 nurum
1650 5134 1759 5170 iam

1865 4486 1957 4543 sed
1981 4502 2090 4542 non
2123 4482 2679 4554 splendebatﬂamma
2727 4477 2860 4549 ignis
2901 4477 3040 4546 ejus,
3087 4490 3213 4530 cum
3263 4473 3315 4526 in
3366 4471 3453 4527 die

1865 4579 2045 4635 exitus
2073 4577 2251 4633 omnis
2281 4573 2521 4630 exterior
2551 4573 2715 4627 decor
2739 4568 3102 4632 subtrahitur,
3127 4574 3181 4620 et
3212 4563 3326 4619 solo
3355 4578 3454 4618 suo

1864 4669 2190 4726 intrinsecus
2231 4667 2423 4722 ardore
2471 4668 2870 4720 concrematur.
2917 4657 3163 4712 Flamma
3211 4669 3341 4722 ergo
3388 4653 3456 4706 ab

1865 4764 1990 4835 igne
2019 4760 2378 4826 subtrahitur,
2409 4772 2535 4813 cum
2560 4753 2727 4828 gloria
2751 4751 2991 4807 exterior
3021 4750 3088 4804 ab
3110 4757 3314 4803 aeterno
3340 4743 3460 4812 ejus

1867 4855 2060 4910 ardore
2091 4860 2394 4922 separatur.
2444 4847 2659 4902 Habent
2700 4843 2865 4899 etiam
2913 4849 2970 4896 et
3009 4839 3140 4912 justi
3183 4835 3454 4922 ﬂammam

1867 4945 2008 5016 ignis
2037 4920 2166 5009 sui;
2187 4942 2281 4997 sed
2313 4938 2569 4993 nimirum
2599 4948 2718 5005 quae
2747 4931 3112 5000 resplendeat,
3151 4925 3275 4996 quia
3307 4920 3458 5016 vide.

1867 5010 1995 5090 licet
2026 5049 2211 5093 eorum
2252 5030 2520 5087 desideria
2557 5031 2612 5086 in
2654 5025 2812 5080 bonis
2839 5024 3096 5092 operibus
3122 5019 3322 5072 lucent.
3353 5010 3457 5064 Se-

1869 5126 2053 5170 nnimr
2080 5143 2093 5170 ξ
2131 5123 2244 5170 Lua:
2283 5119 2652 5170 obtenebrescit
2699 5117 2753 5169 in
2795 5109 3129 5167 tabernaculo
3168 5105 3352 5170 ipsius.
3387 5127 3460 5141 ~—
