3948 5398
591 232 700 291 2‘59

1617 231 1675 288 S.
1718 232 1966 291 ODONIS
1999 232 2292 290 ABBATIS
2329 234 2825 296 CLUNlACENSlS
2847 240 2888 296 ll

3707 261 3783 320 an
3882 224 3883 227 γ

593 348 804 418 loquar,
828 345 1046 402 lucerna
1064 342 1241 399 lumen
1265 342 1318 398 in
1344 350 1481 399 testa
1501 351 1604 409 est,
1635 344 1889 415 gaudium
1916 345 1969 399 in
1992 358 2178 401 carne.
2207 345 2255 407 Α
2283 345 2456 401 micus
2484 348 2680 418 quippe
2705 350 2967 405 insidians
2990 354 3227 409 ostendit
3252 354 3492 415 humana:
3527 368 3669 420 menti
3691 375 3785 439 quid

593 436 832 491 Lucerna
862 450 994 501 ergo
1017 448 1134 504 qua:
1163 449 1321 503 super
1367 449 1486 487 eum
1531 443 1605 487 est
1646 434 2022 504 exstinguetur,
2055 434 2181 503 quia

593 539 715 580 cum
755 525 1020 580 malorum
1051 540 1272 579 suorum
1318 525 1607 582 retributio
1646 527 1868 598 impium
1912 529 2176 598 sequitur,

592 615 646 669 in
678 614 791 682 ejus
821 624 1000 671 mente
1034 616 1286 686 gaudium
1325 615 1544 671 carnale
1575 616 1890 688 dissipatur.
1915 618 2005 674 Sic
2034 620 2178 675 enim

592 706 900 778 iniquorum
925 716 1162 762 mentem
1194 716 1409 761 terrena
1444 708 1636 777 gaudia
1670 708 1967 778 possident.
1997 718 2059 764 ut
2081 725 2176 766 su-

589 812 689 870 per
717 799 888 868 ipsam
913 799 1041 863 sint,
1072 811 1179 852 non
1210 797 1353 867 apud
1384 798 1574 868 ipsam.
1607 797 1864 869 Sequitur
1904 817 1918 853 :

661 889 827 944 Vens.
871 887 924 942 7.
964 886 1324 941 Arctabuntur
1382 900 1590 957 gressus
1652 889 1856 943 uirtutis
1923 890 2058 960 ejus.
2108 920 2178 932 —-

588 975 745 1032 Nunc
766 977 909 1032 enim
933 976 1087 1046 quasi
1119 976 1337 1032 virtutis
1363 991 1474 1032 suae
1497 990 1714 1049 gressus
1733 979 1927 1046 exerit,
1963 981 2177 1050 quoties

586 1069 874 1141 potestatis
898 1084 1009 1125 suae
1032 1068 1319 1125 violentias
1339 1078 1576 1125 exercet.
1611 1069 1718 1126 Sed
1739 1087 1946 1141 gressus
1974 1072 2177 1129 virtutis

585 1159 706 1229 ejus
729 1159 1096 1226 arctabuntur,
1117 1156 1247 1230 quia'
1270 1159 1415 1215 vires
1446 1160 1664 1217 malitia:
1693 1160 1835 1216 illius
1863 1177 2000 1233 quas
2021 1177 2175 1218 nunc

591 1252 647 1307 in
673 1252 1037 1323 voluptatibus
1069 1252 1183 1307 suis
1227 1253 1446 1308 exhibet
1486 1256 1833 1322 postmodum
1859 1267 2020 1324 pmna
2047 1270 2175 1309 eon-

590 1341 825 1413 stringit.
878 1341 1134 1411 Sequitur
1179 1358 1192 1395 :
1235 1340 1306 1395 Et
1350 1342 1695 1412 prcecipitabit
1741 1359 1858 1397 eum
1897 1343 2172 1398 consilium

589 1447 763 1487 suum.
802 1462 875 1472 ——
910 1430 1086 1487 Habet
1109 1431 1253 1487 nunc
1276 1431 1563 1487 consilium
1593 1432 1775 1487 omnis
1796 1431 2012 1502 iniquus
2038 1447 2170 1503 pra:-

589 1521 764 1576 sentia
810 1528 1086 1590 appetere,
1125 1526 1329 1575 aeterna
1386 1520 1696 1589 desperare,
1745 1518 1943 1589 iniusta
1990 1536 2170 1592 agere,

581 1611 729 1681 justa
752 1610 1017 1666 deridere.
1046 1609 1153 1666 Sed
1180 1625 1302 1665 cum
1331 1608 1502 1665 Judex
1528 1610 1797 1680 justorum
1823 1602 2174 1681 iniustorum-

2284 434 2339 488 in
2365 444 2580 493 terreno
2607 438 2755 493 luero
2778 450 3014 509 appetat,
3041 451 3095 507 et
3120 447 3352 502 occultat
3378 454 3570 518 peccati
3593 434 3783 529 laqueum

2282 527 2424 582 unde
2451 528 2566 598 ejus
2591 530 2825 585 animam
2853 534 3089 610 stringit.
3114 537 3363 607 Decipula
3382 558 3503 597 vero
3527 560 3554 598 a
3576 527 3786 619 decipien.

2281 616 2350 671 do
2379 627 2566 672 vocata
2594 628 2700 687 est,
2730 628 2784 676 et
2819 631 2945 681 tunc
2983 625 3051 679 ab
3104 619 3327 698 antiquo
3374 631 3522 689 hoste
3553 616 3690 707 super
3724 660 3785 699 se.

2280 707 2469 761 mitam
2519 710 2763 780 decipula
2791 714 3030 783 ponitur,
3084 720 3297 787 quando
3343 723 3397 776 in
3451 727 3640 783 actione
3670 730 3787 802 hujus
3870 786 3871 789 η

2280 798 2490 863 mundi,
2540 815 2700 869 quam
2728 818 2887 859 mens
2931 809 3156 877 appetit,
3190 815 3396 878 peccati
3441 815 3643 887 laqueus
3674 798 3789 892 para-

2280 896 2388 943 tur.
2421 888 2551 957 Qua:
2594 892 2845 949 videlicet
2896 912 2999 952 non
3047 897 3206 957 facile
3264 904 3547 975 deciperet,
3590 911 3629 965 si
3666 888 3789 970 videri

2275 979 2560 1049 potuisset.
2589 982 2681 1038 Sic
2714 984 2912 1054 quippe
2940 987 3184 1058 decipula
3213 993 3448 1061 ponitur,
3492 1006 3546 1050 ut
3574 999 3787 1059 dumesca

2275 1066 2598 1138 ostenditur,
2627 1088 2966 1144 nequaquam
3013 1079 3128 1147 ipsa
3163 1096 3194 1134 a
3242 1091 3550 1141 transeunte
3571 1089 3787 1147 videatur:

2274 1160 2429 1228 quasi
2453 1175 2578 1217 esca
2618 1164 2816 1235 quippe
2851 1165 2900 1219 in
2930 1166 3121 1238 laqueo
3161 1180 3243 1226 est
3272 1172 3480 1228 lucrum
3521 1193 3632 1232 eum
3658 1182 3789 1251 culpa,

2274 1258 2329 1302 et
2351 1247 2509 1317 hujus
2553 1252 2738 1306 mundi
2770 1256 3103 1324 prosperitas
3133 1261 3582 1331 cumiriniqnitate.
3607 1266 3672 1321 lbi
3701 1247 3792 1340 ergo

2274 1335 2525 1394 inimicus
2552 1340 2852 1410 decipulam
2882 1345 3054 1414 ponit,
3088 1347 3176 1402 ubi
3206 1363 3325 1404 esse
3365 1354 3600 1408 semitam
3639 1335 3784 1413 mentis

2275 1427 2562 1497 conspicit,
2608 1422 2734 1499 quia
2781 1431 2890 1487 illic
2928 1434 3225 1502 periculum
3269 1437 3592 1510 deceptionis
3638 1445 3790 1512 inserit,

2275 1515 2364 1569 ubi
2395 1516 2539 1571 viam
2570 1533 2690 1574 esse
2734 1520 2998 1578 invenerit
3047 1528 3362 1598 pr0pinquze
3404 1532 3728 1601 cogitationis.
3749 1537 3793 1590 Et

2275 1605 2401 1675 quia
2430 1622 2718 1676 perversus
2765 1612 2950 1679 homo,
2995 1629 3157 1671 omne
3203 1619 3347 1688 quod
3376 1619 3524 1682 facit,
3550 1609 3691 1678 etiam
3717 1626 3792 1694 pali

588 1716 694 1772 que
726 1701 961 1768 venerit,
995 1701 1487 1773 suo’unusquisque
1530 1701 1728 1773 impius
1772 1702 1998 1759 consilio
2031 1718 2171 1773 prte-
2204 1689 2250 1749 Β
2277 1699 2486 1765 meum.
2511 1709 2659 1755 r0016
2685 1703 2961 1771 sequitur:

588 1794 865 1864 cipitatur,
915 1793 1043 1863 quia
1088 1809 1186 1864 per
1227 1795 1332 1850 boc
1375 1793 1518 1864 quod
1560 1793 1651 1849 hic
1694 1794 1857 1865 elegit
1898 1804 2172 1865 appetere,

586 1883 770 1953 pravis
818 1884 1235 1954 cogitationibus
1285 1884 1338 1939 in
1391 1884 1581 1939 aeterni
1627 1884 1873 1955 supplicii
1922 1886 2175 1943 tenebras

588 1973 869 2044 mergitur.
930 1973 1101 2042 Quem
1150 1975 1297 2030 enim
1350 1974 1440 2030 hic
1497 1974 1667 2046 gloria
1716 1977 2028 2047 temporalis
2078 1993 2173 2033 ex-

588 2062 748 2131 tollit,
793 2064 946 2120 illum
995 2065 1104 2121 illic
1150 2066 1267 2122 sine
1312 2066 1545 2121 termino
1590 2080 1751 2136 pinna
1802 2068 2016 2138 premit.
2076 2067 2171 2125 Se-

588 2155 775 2226 quitur
811 2173 826 2212 :
1774 2230 1779 2235 λ

657 2243 824 2299 Vens.
864 2243 922 2300 8.
950 2245 1178 2301 Immisit
1213 2247 1350 2301 enim
1380 2247 1436 2302 in
1464 2256 1569 2303 rete
1595 2249 1778 2320 pedem
1828 2266 2007 2316 suum,
2038 2261 2085 2305 et
2113 2252 2168 2306 in

584 2337 806 2392 maculis
835 2338 948 2409 ejus
993 2341 1247 2395 ambulat.
1281 2372 1349 2382 —
1385 2340 1485 2409 Qui
1511 2343 1674 2413 pedes
1714 2344 1769 2398 in
1820 2355 1935 2400 rete
1980 2346 2165 2414 mittit,

584 2441 693 2481 non
730 2443 852 2483 cum
880 2426 1136 2495 voluerit,
1165 2428 1342 2499 ejicit;
1376 2429 1456 2486 sic
1501 2431 1594 2500 qui
1620 2429 1673 2485 in
1703 2433 1940 2501 peccatis
1987 2448 2047 2488 se
2075 2434 2166 2489 de-

577 2514 720 2585 jicit,
750 2532 856 2573 non
880 2534 1006 2574 mox
1035 2527 1097 2574 ut
1137 2518 1370 2574 voluerit
1395 2521 1589 2592 surgit,
1614 2529 1671 2575 et
1713 2523 1805 2592 qui
1837 2523 1891 2576 in
1938 2524 2166 2580 maculis

583 2606 715 2662 retis
739 2606 998 2672 ambulat,
1020 2622 1237 2676 gressus
1286 2622 1414 2663 suos
1457 2608 1781 2666 ambulando
1823 2611 2083 2681 implicat,
2109 2623 2166 2668 et

581 2696 971 2768 cumexpediri
1015 2697 1085 2752 ad
1128 2696 1508 2755 ambulandum
1549 2700 1760 2768 nititur,
1812 2717 1881 2758 ne
1926 2703 2163 2758 ambulet

580 2787 869 2860 obligatur.
919 2786 1073 2857 Saepe
1119 2802 1352 2859 namque
1408 2791 1674 2864 contingit
1718 2800 1779 2848 ut
1835 2793 1958 2863 quis
2003 2791 2163 2862 hujus

580 2879 766 2947 mundi
795 2878 1151 2935 delectatione
1183 2895 1475 2950 persuasus
1499 2882 1556 2936 in
1599 2896 1663 2937 eo
1693 2883 1759 2938 ad
1798 2882 2020 2939 honoris
2043 2883 2160 2955 glo-

2346 1789 2512 1845 Vens.
2549 1792 2633 1846 11.
2665 1791 2908 1865 Undique
2946 1797 3213 1853 terrebunt
3261 1816 3379 1856 eum
3419 1802 3716 1872 formidines.
3746 1835 3793 1844 —

2274 1878 2435 1935 Tales
2462 1879 2605 1935 enim
2633 1891 2825 1936 contra
2857 1898 2916 1940 se
2942 1899 3132 1942 omnes
3175 1902 3295 1945 esse
3317 1892 3633 1961 suspicatur,
3660 1894 3792 1964 qualia

2271 1970 2385 2042 ipse
2412 1985 2530 2027 esse
2557 1984 2748 2028 contra
2777 1990 2966 2031 omnes
3015 1979 3227 2034 nititur.
3274 1980 3549 2052 Sequitur.
3594 1984 3654 2038 Et
3676 1987 3795 2041 insol-

2270 2073 2386 2118 uent
2437 2065 2591 2135 pedes
2619 2066 2753 2135 ejus.
2776 2097 2851 2110 —
2871 2067 3044 2124 Prava
3074 2071 3257 2143 itaque
3295 2076 3563 2132 desideria
3588 2080 3646 2132 ad
3670 2080 3796 2148 pessi-

2269 2168 2413 2209 mam
2435 2154 2703 2212 actionem
2731 2159 2973 2226 trahunt,
3004 2165 3307 2232 etpessima
3330 2168 3478 2224 actio
3506 2171 3743 2242 restringit
3758 2171 3794 2225 in

2268 2242 2575 2302 formidine.
2608 2248 2738 2315 Quae
2772 2250 3024 2308 videlicet
3054 2253 3285 2313 formido
3315 2259 3544 2316 involvit
3569 2264 3724 2333 pedes,
3750 2278 3795 2318 ne

2268 2333 2321 2388 in
2349 2343 2548 2390 rectam
2575 2339 2726 2394 exire
2751 2340 2967 2398 valeant
2987 2346 3278 2415 actionem,
3308 2359 3362 2404 et
3388 2367 3536 2421 saepe
3560 2355 3791 2422 contingit,

2265 2433 2327 2478 ut
2349 2423 2553 2483 idcirco
2581 2429 2812 2500 quisque
2836 2432 3009 2489 bonus
3038 2449 3160 2491 esse
3181 2448 3411 2507 metuat,
3437 2456 3504 2497 ne
3545 2442 3638 2499 hoc
3663 2459 3688 2497 a
3707 2459 3794 2512 pra-

2266 2513 2347 2568 vis
2374 2515 2488 2585 ipse
2513 2518 2776 2585 patiatur,
2807 2524 2949 2590 quod
2969 2538 3027 2578 se
3052 2525 3209 2582 bonis
3230 2526 3431 2586 fecisse
3456 2532 3793 2594 reminiscitur;

2264 2601 2501 2674 dumque
2529 2605 2631 2662 hoc
2666 2609 2776 2678 pati
2805 2612 2946 2680 quod
2974 2613 3120 2681 fecit,
3154 2620 3365 2684 metuit,
3414 2621 3644 2692 undique
3684 2623 3796 2676 terri-

2262 2699 2371 2838 tsus,
2399 2696 2637 2767 undique
2663 2711 2967 2770 suspectus,
2998 2707 3153 2774 quasi
3177 2708 3341 2776 pedes
3369 2709 3637 2767 involutos
3658 2711 3794 2767 habet.

2305 2785 2548 2838 canitur:

2305 2785 2548 2854 equitur:

2331 2875 2496 2932 Vens.
2551 2879 2637 2933 12.
2694 2879 2934 2937 Attenuct
2979 2884 3117 2953 fame
3171 2888 3331 2943 robur
3385 2891 3528 2961 ejus,
3572 2901 3618 2947 et
3667 2892 3796 2946 inedia

578 2970 716 3025 riam
744 2973 1034 3042 ρει-ωηερε,
1057 2979 1114 3027 et,
1145 2971 1466 3044 plerumque
1508 2973 1696 3030 habita
1722 2974 2007 3040 vilescunt,
2036 2990 2161 3046 per.
2203 3050 2227 3052 ᾃ
2260 2969 2473 3022 invadat
2497 2982 2665 3025 costas
2687 2972 2821 3042 ejus.
2850 3004 2923 3014 —
2959 2974 3251 3048 Scripturze
3277 2994 3453 3037 sacrae
3485 2998 3628 3038 more
3650 2992 3793 3052 optare

577 3059 824 3141 ςίρίοηάο
849 3061 1008 3118 disci;
1051 3077 1213 3133 quam
1264 3063 1336 3118 si;
1376 3062 1482 3119 vile
1531 3064 1675 3134 quod
1717 3065 1960 3135 expetiit,
2008 3065 2160 3122 Unde
2187 3050 2231 3111 C
2265 3058 2474 3156 videtur
2498 3061 2640 3156 quod
2665 3060 2905 3119 futurum
2932 3068 3210 3135 praevidet,
3253 3071 3595 3156 scilicet'non
3617 3050 3794 3129 maledi-

578 3162 865 3221 revocatus
892 3154 959 3210 ad
1002 3163 1256 3219 mentem,
1310 3154 1547 3225 exquirit
1574 3154 1805 3225 qualiter
1848 3157 1965 3212 sine
2006 3156 2162 3229 culpa
2260 3151 2435 3207 cenlis
2463 3152 2668 3220 animo.
2700 3156 2798 3211 sed
2826 3159 3188 3229 prmdicentis.
3215 3159 3407 3221 Omnis
3443 3151 3622 3237 itaque
3653 3166 3792 3227 homo,

574 3240 769 3313 fugiat,
823 3242 965 3314 quod
1003 3257 1062 3299 se
1101 3242 1367 3314 conspicit
1410 3259 1529 3300 esse
1573 3244 1848 3314 adeptum.
1899 3247 2006 3301 Sed
2043 3247 2158 3318 ipsa

574 3347 700 3389 eum
744 3333 977 3404 dignitas
1017 3349 1137 3405 qua:
1176 3334 1490 3404 implieavit,
1520 3343 1704 3402 tenet;
1741 3344 1796 3391 et
1833 3337 1951 3393 sine
1989 3336 2177 3407 culpis‘

574 3420 696 3477 aliis
723 3420 908 3493 fugere
932 3437 1038 3478 non
1064 3422 1210 3480 valet
1252 3423 1375 3493 hoc,
1410 3424 1503 3479 ubi
1543 3425 1663 3481 sine
1697 3425 1853 3499 culpa
1887 3428 2154 3498 pervenit.

574 3509 864 3582 Sequitur:

643 3602 810 3660 Vens.
847 3603 899 3661 9.
935 3604 1214 3662 Tenebitur
1248 3607 1431 3679 planta
1471 3608 1614 3665 illius
1649 3609 1857 3682 laqueo.
1905 3641 1977 3652 —
2017 3611 2152 3680 Quia

570 3690 823 3750 videlicet
866 3695 1151 3768 stringitur
1172 3697 1319 3754 funis
1349 3699 1403 3754 in
1439 3701 1644 3771 peccati
1674 3700 1887 3773 laqueo,
1938 3712 1994 3759 et
2028 3705 2153 3774 quia

572 3781 981 3855 bOStisgeneris
1023 3786 1246 3842 humani
1285 3803 1407 3843 cum
1454 3788 1875 3861 uniuscujusque
1902 3793 2068 3848 vitam
2097 3794 2151 3848 in

569 3870 726 3943 culpa
762 3873 967 3944 diligat,
999 3876 1067 3930 ad
1104 3864 1233 3946 ejus
1272 3886 1501 3933 mortem
1553 3880 1747 3935 anxius
1775 3881 2012 3936 anhelat.
2055 3881 2151 3939 Se-

569 3963 782 4032 quitur:
837 3963 1159 4021 Exardescet
1209 3968 1393 4022 contra
1436 3984 1554 4022 eum
1600 3971 1736 4025 sitis.
1765 3956 1838 4013 —¥
1879 3971 2151 4044 Antiquus

567 4053 766 4124 quippe
792 4065 976 4111 noster
1021 4057 1438 4125 inimicus,cum
1482 4060 1536 4115 in
1579 4070 1804 4131 peccato
1832 4063 1998 4119 vitam
2022 4064 2147 4121 illa-

567 4155 750 4215 queat,
778 4146 912 4213 sitit,
940 4157 1001 4202 ut
1025 4158 1252 4206 mortem
1280 4153 1763 4222 peccatorisbibat.
1789 4154 1942 4223 Quod
1963 4163 2147 4214 tamen

565 4244 624 4291 et
646 4236 807 4293 aliter
836 4238 1060 4310 intelligi
1087 4250 1280 4309 potest.
1312 4241 1445 4297 Nam
1471 4259 1726 4314 perversa
1761 4262 1914 4302 meus
1943 4262 2064 4303 cum
2091 4250 2147 4305 in

565 4336 790 4395 peccato
828 4344 887 4385 se
940 4331 1153 4386 venisse
1201 4333 1482 4402 conspicit,
1530 4338 1760 4404 quadam
1803 4338 2145 4410 cogitationis

564 4416 851 4486 superﬁcie
879 4420 1108 4476 evadere
1152 4422 1362 4490 peccati
1411 4422 1632 4492 laqueos
1662 4429 1873 4496 quaerit.
1901 4428 2009 4485 Sed
2057 4430 2143 4486 vel

565 4514 801 4564 terrores
832 4507 916 4563 vel
968 4511 1255 4581 opprobria
1286 4512 1564 4568 hominum
1617 4516 1833 4586 timens,
1887 4519 2038 4592 eligit
2085 4522 2140 4577 in

559 4607 823 4655 aeternum
856 4602 1017 4665 mori.
1052 4620 1212 4674 quam
1249 4606 1318 4662 ad
1352 4614 1567 4678 tempus
1603 4609 1804 4681 aliquid
1832 4612 2138 4670 adversita-

560 4689 632 4745 tis
658 4692 884 4761 perpeti.
911 4691 1064 4749 Unde
1086 4709 1144 4750 se
1169 4702 1338 4753 totum
1376 4699 1523 4754 vitiis
1550 4701 1772 4767 deserit,
1812 4701 2007 4770 quibus
2023 4700 2139 4771 jam

559 4782 726 4837 semel
755 4784 1045 4855 obligatum
1073 4788 1256 4843 sentit.
1287 4788 1452 4858 Cujus
1491 4807 1621 4863 ergo
1666 4807 1837 4863 usque
1864 4793 1932 4847 ad
1974 4793 2137 4850 finem

556 4874 668 4930 vita
693 4874 746 4929 in
774 4876 928 4946 culpa
957 4880 1365 4951 constringitur,
1395 4882 1511 4953 ejus
1558 4883 1742 4952 planta
1768 4883 1962 4953 laqueo
1990 4892 2138 4940 tene-

558 4974 664 5021 tur.
689 4966 747 5022 ln
771 4969 925 5039 cujus
964 4972 1159 5042 quippe
1204 4974 1387 5028 animo
1434 4982 1622 5030 contra
1670 4992 1792 5033 eum
1831 4978 1951 5035 sitis
1977 4994 2136 5034 exar-

555 5057 745 5124 descit,
792 5062 918 5128 quia
966 5078 1072 5133 quo
1118 5078 1279 5133 agere
1319 5080 1572 5134 perverse
1613 5070 1911 5135 consuevit,
1960 5085 2025 5126 eo
2067 5070 2133 5126 ad

555 5147 816 5203 cbibenda
847 5153 987 5207 mala
1012 5154 1363 5208 vehementer
1389 5155 1719 5210 accenditur.
1748 5157 2132 5229 lmpioquippe

555 5235 708 5291 sitire
752 5248 835 5294 est
872 5239 1031 5310 hujus
1077 5240 1263 5296 mundi
1310 5241 1453 5296 bona
1483 5244 1889 5314 concupiscere.
1933 5245 2127 5316 Sequi-

557 5334 643 5380 IUI‘
662 5345 678 5382 ε

2171 4386 2224 4447 D

2260 3242 2387 3311 quia
2420 3258 2489 3298 ex
2517 3245 2697 3300 anima
2722 3255 2775 3303 et
2806 3263 2969 3305 carne
2998 3262 3232 3318 constat,
3270 3256 3429 3324 quasi
3452 3312 3457 3319 κ
3478 3272 3545 3312 ex
3574 3255 3740 3312 robore
3758 3263 3796 3308 et

2258 3332 2574 3392 inﬁrmitate
2597 3340 2925 3408 compositus
2955 3350 3055 3396 est.
3088 3343 3274 3399 Robur
3306 3360 3439 3418 ergo
3470 3348 3692 3404 hominis
3713 3346 3797 3399 ani-

2256 3440 2345 3479 ma
2402 3436 2488 3483 est
2536 3429 2838 3498 rationalis,
2887 3447 3006 3502 quae
3044 3434 3489 3507 impugnantibus
3540 3440 3676 3495 vitiis
3697 3437 3796 3493 resi-

2256 3524 2400 3572 stere
2448 3533 2546 3589 per
2593 3521 2856 3578 rationem
2890 3526 3050 3582 valet.
3103 3529 3244 3600 Ergo
3288 3534 3459 3589 robur
3483 3534 3650 3605 iniqui
3690 3532 3796 3586 fame

2255 3615 2586 3678 attenuatur,
2613 3614 2741 3683 quia
2770 3614 2886 3685 ejus
2926 3618 3107 3675 anima
3152 3622 3298 3677 nulla
3330 3622 3534 3681 interni
3566 3626 3664 3681 cibi
3692 3622 3797 3678 rele-

2254 3700 2437 3757 ctione
2462 3704 2723 3772 pascitur,
2753 3706 2820 3762 de
2841 3722 2946 3777 qua
2985 3711 3210 3767 scilicet”
3233 3713 3377 3769 fame
3401 3731 3502 3786 per
3526 3716 3795 3787 prophetam

2252 3789 2482 3846 dicitur:
2534 3810 2553 3844 ι
2607 3794 2861 3851 Emittam
2909 3797 3106 3855 famem
3168 3802 3219 3857 in
3273 3811 3443 3872 terra,
3495 3822 3600 3861 non
3640 3804 3796 3859 famem

2252 3881 2427 3950 panis,
2461 3896 2635 3953 neque
2679 3885 2820 3940 sitim
2851 3903 3021 3959 aqua},
3055 3894 3147 3947 sed
3179 3895 3433 3951 audiendi
3465 3899 3684 3973 verbum
3725 3895 3796 3950 llei

2252 3971 2452 4040 (Amos.
2474 3988 2593 4042 vut,
2612 3974 2752 4048 11).»
2782 3976 2957 4035 Costa:
2980 3997 3109 4052 ergo
3137 3985 3564 4060 uniuscujusque
3582 3971 3799 4045 Suntsen-

2254 4074 2347 4115 sus
2368 4061 2562 4118 anima:
2583 4104 2597 4129 ,
2623 4067 2712 4134 qui
2738 4064 2965 4125 latentes
2989 4073 3340 4144 cogitationes
3364 4079 3632 4134 muniunt.
3652 4075 3796 4133 inedia

2249 4149 2416 4240 igitur
2441 4153 2662 4212 invadet
2689 4166 2868 4216 costas
2889 4201 2903 4228 ,
2933 4165 3148 4233 quando
3177 4169 3322 4223 omni
3373 4170 3644 4240 spirituali
3685 4167 3796 4223 rele-

2249 4239 2430 4295 ctione
2458 4243 2758 4312 subtracta,
2789 4262 2980 4305 sensus
3012 4253 3209 4308 mentis
3234 4239 3516 4323 deficiunt,
3549 4268 3603 4313 et
3631 4257 3795 4328 cogita.

2250 4330 2422 4388 tiones
2448 4349 2578 4391 suas
2611 4350 2800 4408 regere
2827 4339 2912 4395 vel
2939 4343 3078 4397 tueri
3115 4360 3219 4400 nou
3245 4356 3493 4416 possunt.
3525 4348 3791 4419 Sequitur:

2319 4424 2482 4481 Vens.
2516 4428 2602 4482 15.
2638 4429 2860 4485 Devoret
2905 4433 3349 4503 pulchritudinem
3389 4441 3530 4493 cutis
3579 4441 3717 4509 ejus,
3759 4443 3794 4487 tl

2245 4528 2513 4573 consumet
2541 4519 2753 4575 brachia
2780 4522 2922 4578 illius
2940 4527 3284 4597 primogenita
3307 4547 3468 4585 mors.
3492 4561 3565 4571 —-
3585 4526 3793 4586 Pulchri-
3882 4576 3883 4595 ξ

2240 4608 2372 4663 tudo
2399 4610 2536 4665 cutis
2561 4620 2643 4666 est
2669 4612 2839 4682 gloria
2871 4620 3206 4685 temporalis,
3231 4634 3351 4688 qua:
3376 4620 3503 4675 dum
3537 4620 3666 4674 foris
3691 4631 3792 4672 cor:-

2242 4699 2558 4768 CIIpiscitur,
2587 4704 2740 4772 quasi
2762 4707 2970 4776 species
2996 4707 3049 4762 in
3082 4720 3206 4765 cute
3253 4712 3535 4767 retinetur.
3569 4708 3793 4766 Brachia.

2241 4801 2362 4841 rum
2392 4803 2521 4845 vero
2547 4793 2764 4848 nomine
2794 4811 2900 4850 non
2933 4797 3228 4869 incongrue
3256 4815 3419 4870 opera
3444 4799 3789 4870 designantur,

2243 4876 2369 4948 quia
2419 4882 2702 4952 corporale
2748 4899 2882 4954 Opus
2927 4887 3171 4945 brachiis
3200 4891 3422 4960 agitur:
3475 4890 3607 4960 quid
3638 4896 3789 4941 autem

2236 4986 2388 5028 mors
2416 4972 2519 5026 nisi
2549 4985 2832 5044 peccatum
2870 4987 2973 5045 est,
3004 4981 3147 5049 quod
3184 4982 3251 5036 ab
3296 4983 3541 5036 interiori
3571 4982 3677 5036 vita
3699 4977 3792 5033 ani-

2238 5076 2381 5117 mam
2412 5064 2612 5119 occidit
2639 5065 2662 5118 'l
2692 5066 2749 5120 Si
2779 5067 2943 5138 igitur
2967 5080 3250 5139 peccatum
3280 5086 3440 5135 mors,
3476 5088 3586 5127 non
3632 5073 3788 5125 incana

2237 5169 2367 5224 grue
2399 5156 2756 5227 primogenita
2784 5173 2928 5214 mors
2957 5153 3207 5230 superbia
3238 5163 3379 5216 valet
3406 5161 3659 5232 intelligi,
3684 5160 3786 5228 qua

2232 5245 2498 5315 scriptum
2546 5255 2670 5302 est:
2726 5266 2745 5300 ι
2796 5247 3015 5305 Initium
3063 5253 3239 5308 omnis
3289 5251 3503 5322 peccati
3564 5246 3786 5320 superbia

2235 5332 2424 5398 (Eccli.
2455 5353 2509 5398 ι,
2542 5336 2652 5398 15).
2707 5325 2726 5391 i
2757 5340 3219 5398 Pulchritudincm
3251 5345 3410 5398 initur
3435 5342 3584 5398 cutis
3618 5341 3725 5398 eius
3746 5344 3787 5385 cl
