3948 5398
139 389 235 445 26!

862 387 1159 444 ΕΡΙΤΟΜΕ
1193 386 1554 445 MORALIUM
1592 385 1651 440 S.
1693 382 1719 441 ί

1828 383 1902 442 LG.
1941 384 2010 440 1N
2046 384 2186 444 ton.
2224 418 2292 429 —
2333 388 2460 444 un.
2504 389 2650 469 xw.

3284 403 3390 461 202

208 500 383 553 Vsus.
418 498 504 552 Η.
548 499 812 554 Allevatur
844 502 1146 576 [avellatur]
1168 519 1232 558 tte
1257 501 1594 557 tabernaculo
1619 516 1714 556 suo
1740 503 1790 562 Α
1888 500 2050 555 Vnus.
2087 500 2171 555 i8.
2213 500 2456 572 Expellat
2485 518 2602 556 eum
2625 501 2689 555 de
2711 503 2826 558 luce
2846 504 2914 558 ad
2939 508 3195 564 tenebras.
3226 540 3293 552 -—
3317 513 3398 572 Do

137 589 341 659 ﬁducia
367 589 506 659 ejus,
541 590 698 643 calcet
725 609 879 661 super
915 609 1030 645 eum
1061 594 1210 663 quasi
1241 609 1332 646 rex
1358 593 1621 646 interitus.
1649 619 1718 632 —-

136 679 254 733 Hoc
283 677 403 732 loco
433 679 684 733 interitus
715 681 964 746 nomine,
993 681 1106 751 ipse
1136 683 1308 737 hostis
1353 682 1566 752 generis
1613 683 1717 736 hu-

135 769 288 823 mani
337 769 429 837 qui
461 769 738 824 interitum
777 771 957 824 intulit
1006 770 1336 842 designatur.
1389 773 1491 827 Iste
1536 773 1719 842 itaque

134 858 415 924 interitus,
449 859 503 912 iu
535 860 620 914 die
646 861 822 915 exitus
867 863 1018 930 quasi
1049 877 1140 916 rex
1171 877 1330 934 super
1361 863 1582 933 impium
1613 863 1722 918 cal-

134 958 246 1012 cat,
274 949 401 1016 quia
430 965 589 1018 quem
627 951 775 1019 prius
799 951 1008 1005 blandis
1033 953 1474 1020 persuasionibus
1499 955 1718 1024 decipit,

131 1038 204 1092 ad
242 1047 549 1092 extremum
575 1040 824 1094 violentis
869 1042 1076 1096 nisibus
1106 1043 1173 1096 ad
1201 1043 1523 1113 supplicium
1556 1045 1715 1113 rapit.

133 1127 233 1182 Sin
263 1143 396 1182 vero
424 1129 673 1183 interitus
705 1131 944 1195 nomine,
973 1147 1080 1184 non
1111 1140 1296 1201 aperte
1326 1133 1590 1198 diabolus,
1626 1133 1718 1188 sed

131 1226 422 1285 peccatum
453 1218 611 1273 debet
657 1219 901 1290 intelligi,
945 1236 1010 1275 ex
1042 1236 1150 1290 quo
1188 1223 1413 1294 contigit
1461 1225 1720 1295 reprobos

131 1305 205 1359 ad
255 1306 540 1360 interitum
587 1309 766 1361 trahi:
813 1307 932 1363 talis
981 1311 1236 1365 nimirum
1282 1312 1535 1368 interitus
1563 1315 1717 1384 quasi

129 1410 232 1449 rex
265 1396 441 1449 calcat
471 1406 738 1462 mentem,
771 1414 892 1452 cum
938 1415 1057 1454 eam
1086 1415 1191 1453 non
1229 1403 1568 1458 resistentem
1598 1420 1720 1472 pos-

46 1546 52 1552 _
130 1484 300 1538 sidet.
333 1483 451 1538 Non
495 1486 639 1540 enim
689 1497 863 1556 potest
898 1489 951 1542 in
993 1490 1094 1544 hac
1137 1491 1245 1544 vita
1295 1492 1498 1546 homini
1545 1495 1719 1563 posito

131 1577 370 1632 tentatio
396 1579 584 1634 deesse
604 1581 833 1649 peccati,
857 1583 949 1636 sed
974 1583 1119 1637 aliud
1141 1591 1222 1637 est
1247 1592 1468 1652 peccato
1492 1585 1717 1638 tentanli

128 1669 415 1734 resistere,
445 1671 589 1725 aliud
619 1674 917 1729 dominanti
965 1675 1187 1730 servire.
1220 1674 1387 1746 Hujus
1413 1675 1609 1746 quippe
1653 1678 1718 1731 de

127 1759 491 1816 tabernaculo
539 1762 734 1818 ﬁducia
797 1765 1085 1829 avellitur,
1146 1767 1360 1836 quando
1431 1782 1717 1836 perversus

1820 588 1940 643 luce
1966 589 2032 642 ad
2060 591 2311 645 tenebras
2335 591 2554 655 dicitur,
2587 606 2710 646 eum
2757 593 2823 648 de
2866 595 3075 651 honore
3108 598 3230 654 vitae
3253 616 3394 670 prae-

1819 677 1988 734 sentis
2012 677 2077 730 ad
2101 687 2299 732 aeterna
2327 680 2586 749 supplicia
2615 679 2922 737 damnatur.
2975 684 3128 742 Unde
3153 693 3396 759 apertius

1820 765 2102 820 subditur:
2129 763 2195 820 Et
2222 768 2285 820 de
2310 768 2429 821 orbe
2469 770 2743 839 transferet
2769 788 2905 826 eum.
2941 773 3015 829 De
3037 777 3167 831 orbe
3198 779 3397 850 quippe

1820 853 2144 908 transfertur
2166 894 2180 917 ,
2212 870 2334 909 cum
2365 871 2599 925 superno
2630 870 2922 929 apparente
2955 859 3138 929 judice
3182 867 3247 920 de
3293 869 3396 924 hoc

1820 943 2021 997 mundo
2053 943 2275 1009 tollitur,
2305 945 2358 998 in
2387 960 2495 1014 quo
2518 963 2772 1015 perverse
2793 950 3073 1018 gloriatur.
3107 956 3392 1026 Sequitur:

1889 1034 2050 1090 Vsus.
2084 1035 2170 1090 19.
2214 1035 2336 1090 Non
2365 1039 2462 1090 erit
2486 1055 2658 1092 semen
2681 1040 2825 1110 ejus,
2857 1059 3019 1112 neque
3044 1048 3317 1116 progenies
3338 1050 3393 1102 in

1818 1125 2009 1195 populo
2035 1119 2164 1192 suo,
2212 1143 2303 1180 nec
2336 1127 2458 1181 ulla:
2488 1127 2722 1200 reliquiw
2749 1133 2802 1185 in
2828 1135 3126 1202 regionibus
3161 1139 3295 1207 ejus.
3325 1169 3396 1183 --

1823 1215 2097 1286 Scriptum
2145 1218 2340 1288 quippe
2368 1228 2453 1273 est
2484 1221 2609 1290 quia
2646 1221 2907 1278 Dominus
2936 1223 3096 1280 Jesus
3129 1245 3147 1278 ι
3186 1229 3395 1283 interli-

1820 1306 1927 1360 ciet
1963 1321 2087 1360 eum
2135 1309 2327 1377 spiritu
2359 1310 2471 1363 oris
2515 1309 2621 1375 sui,
2669 1319 2723 1366 et
2752 1313 2995 1370 destruet
3040 1315 3397 1373 tllustrationo

1821 1397 2088 1453 adventus
2117 1401 2198 1454 sui
2231 1399 2316 1469 (11
2349 1400 2528 1456 Thess.
2571 1418 2629 1464 ιι,
2660 1403 2736 1474 8).
2774 1424 2792 1455 ι
2826 1405 2961 1460 Dum
3007 1423 3134 1478 ergo
3158 1409 3274 1477 ejus
3297 1410 3398 1465 iui-

1821 1489 2004 1558 quitas
2029 1504 2151 1542 cum
2201 1493 2384 1546 mundi
2421 1502 2562 1547 statu
2595 1496 2939 1562 terminatur,
2970 1500 3256 1569 progenies
3281 1501 3399 1570 ejus

1821 1578 1874 1632 in
1905 1579 2100 1648 populo
2130 1595 2227 1635 suo
2265 1597 2370 1636 non
2404 1583 2746 1653 relinquitur,
2773 1587 2899 1656 quia
2931 1596 2984 1640 et
3013 1588 3126 1658 ipse
3153 1589 3268 1657 ejus
3298 1605 3394 1659 po-

1819 1668 1976 1736 pulus
2001 1685 2121 1723 cum
2153 1684 2217 1725 eo
2245 1671 2310 1724 ad
2339 1672 2659 1741 supplicium
2689 1677 2894 1742 pariter
2921 1690 3160 1748 urgetur,
3187 1689 3242 1736 et
3271 1694 3396 1736 om-

1821 1773 1918 1812 nes
1947 1759 2114 1828 iniqui
2141 1760 2233 1828 qui
2261 1761 2326 1814 de
2354 1758 2470 1828 ejus
2495 1777 2742 1830 perversa
2763 1767 3110 1834 persuasione
3134 1769 3186 1822 in
3217 1770 3399 1838 pravis

128 1852 367 1922 quisque
390 1892 407 1919 ,
461 1854 550 1923 qui
581 1855 747 1908 multa
776 1855 875 1909 sibi
907 1856 973 1909 ad
1008 1864 1190 1910 votum
1216 1857 1268 1910 in
1308 1857 1410 1910 hac
1431 1857 1538 1910 vita
1568 1871 1721 1926 ραι-³.
1749 1843 1796 1902 Β
1826 1851 2034 1905 actibus
2090 1850 2203 1904 nati
2253 1860 2407 1916 sunt,
2465 1852 2821 1910 illustratione
2866 1857 3128 1916 adventus
3183 1861 3401 1917 Domini

126 1954 311 2010 verat,
344 1947 624 2015 repentina
664 1956 836 2002 morte
868 1947 1180 2015 dissipatur.
1207 1946 1503 2017 Sequitur:

207 2035 374 2089 Vens.
409 2036 495 2089 l5.
539 2035 791 2091 Habitent
823 2039 876 2090 in
903 2037 1238 2092 tabernaculo
1270 2039 1430 2108 ipsius
1457 2041 1584 2093 socii
1605 2043 1718 2108 ejus

124 2124 222 2195 qui
256 2141 360 2178 non
389 2136 482 2180 est.
511 2126 652 2181 —ld
678 2137 787 2189 est,
822 2127 875 2181 in
905 2138 1083 2182 mente
1111 2128 1226 2196 ejus
1257 2139 1513 2198 apostatze
1543 2129 1718 2199 angeli

125 2229 232 2286 per
259 2215 616 2285 cogitationes
654 2217 1014 2286 nequissimus
1040 2227 1449 2284 conversentur,
1498 2219 1612 2288 ejus
1642 2219 1718 2272 vi-

128 2303 335 2360 delicet
365 2303 518 2368 socii,
561 2306 653 2374 qui
690 2304 893 2360 idcirco
917 2304 1030 2373 jam
1073 2321 1180 2360 non
1211 2316 1318 2369 est,
1348 2307 1474 2375 quia
1506 2322 1715 2360 summa

128 2393 376 2449 essentia
426 2395 668 2458 recessit,
697 2403 753 2448 et
779 2409 878 2464 per
929 2396 1032 2450 hoc
1078 2395 1321 2464 quotidie
1368 2401 1716 2449 exeresceute

128 2482 353 2538 defectu
386 2483 537 2552 quasi
567 2483 632 2538 ad
662 2499 768 2538 non
799 2499 919 2540 esse
951 2486 1140 2549 tendit,
1171 2485 1311 2552 quod
1341 2484 1505 2538 semel
1532 2484 1598 2538 ab
1629 2499 1714 2550 eo,

129 2574 227 2643 qui
254 2588 384 2628 vere
409 2581 513 2639 est,
544 2574 763 2628 cecidit.
788 2572 1046 2642 Sequitur
1080 2592 1092 2627 :
1123 2576 1442 2642 Aspergatur
1473 2574 1526 2627 in
1547 2577 1718 2627 taber-

129 2661 328 2715 naculo
375 2663 488 2732 ejus
532 2661 772 2730 sulphur.
803 2691 870 2700 —
902 2662 1143 2731 Sulphur
1189 2663 1318 2730 quid
1365 2662 1508 2716 aliud
1557 2677 1716 2731 quam

133 2749 375 2805 fontium
405 2751 546 2818 ignis
573 2760 657 2805 est
677 2751 700 2804 ?
724 2751 876 2817 Quod
908 2760 1087 2804 tamen
1117 2751 1195 2805 sic
1221 2752 1399 2821 ignem
1440 2751 1629 2817 nutrit,
1662 2760 1718 2805 ut

133 2840 367 2898 fetorem
409 2843 788 2914 gravissimum
839 2842 1075 2897 exhalet.
1111 2843 1247 2909 Quid
1294 2844 1475 2913 itaque
1516 2845 1568 2898 in
1610 2843 1720 2898 sul-

133 2930 333 3002 phure,
365 2931 472 2985 nisi
499 2941 780 3001 peccatum
811 2934 992 2987 carnis
1036 2933 1378 3002 accipimus?
1413 2933 1562 2999 Quod
1592 2935 1718 2988 dum

132 3023 413 3093 perversis
447 3024 863 3094 cogitationibus
892 3026 1043 3094 quasi
1087 3027 1407 3094 quibusdam
1460 3028 1722 3081 fetoribus

134 3124 377 3169 mentem
408 3115 600 3186 replet,
642 3124 841 3170 interna
869 3116 1110 3194 incendia
1140 3126 1425 3186 prteparat.
1455 3116 1567 3172 iloc
1593 3133 1722 3188 ergo

1823 1949 2025 1993 aeterno
2067 1939 2290 1994 interitu
2339 1956 2461 1996 cum
2513 1943 2702 1999 eodem
2747 1947 2925 2016 capite
2971 1963 3070 2005 suo
3112 1949 3393 2007 ferientur.

1825 2030 2085 2099 Sequitur
2110 2049 2124 2085 :
3401 2095 3404 2098 ,

1894 2120 2055 2174 Vsus.
2091 2120 2180 2174 20.
2218 2119 2287 2175 In
2317 2122 2498 2197 diebus
2542 2123 2654 2193 ejus
2692 2127 2967 2197 stupebant
3016 2131 3314 2198 novissimi,
3352 2143 3402 2188 et

1819 2208 2016 2278 primos
2058 2209 2265 2263 invadet
2295 2211 2504 2265 horror.
2534 2243 2605 2254 —
2634 2213 2806 2270 Tanta
2851 2217 2994 2272 enim
3044 2228 3168 2275 tunc
3211 2231 3403 2276 contra

1817 2298 1996 2368 justos
2043 2298 2326 2368 iniquitate
2363 2299 2755 2369 etl‘renabitur,
2804 2314 2865 2360 ut
2909 2309 3072 2362 etiam
3105 2310 3402 2367 electorum

1826 2387 1990 2442 corda
2021 2402 2127 2442 non
2172 2403 2338 2458 parvo
2369 2404 2584 2458 pavore
2622 2390 2911 2448 feriantur.
2959 2395 3114 2451 Unde
3139 2399 3400 2469 scriptum

1822 2485 1906 2530 est
1940 2492 1954 2527 :
1993 2494 2011 2526 ι
2041 2475 2120 2529 Ita
2157 2484 2215 2530 ut
2243 2477 2294 2529 in
2327 2491 2566 2532 errorem
2592 2479 2940 2548 inducantur,
2972 2485 3016 2538 si
3060 2486 3176 2540 fieri
3201 2497 3401 2557 potest,

1822 2567 1986 2622 etiam
2012 2567 2170 2622 electi
2203 2567 2417 2638 (Matth.
2445 2585 2594 2634 xxiv,
2625 2570 2736 2644 24).
2786 2591 2806 2624 ι
2841 2573 2994 2640 Quod
3027 2575 3274 2632 videlicet
3321 2580 3403 2634 dis

1819 2658 1984 2722 citur,
2016 2672 2121 2712 non
2172 2658 2296 2727 quia
2347 2659 2504 2714 electi
2536 2661 2714 2716 casuri
2745 2672 2888 2728 sunt,
2927 2665 3020 2718 sed
3053 2667 3265 2737 magnis
3296 2675 3400 2723 ter-

1821 2746 2033 2799 roribus
2064 2747 2399 2814 trepidaturi.
2432 2747 2579 2804 Tunc
2609 2766 2740 2805 vero
2760 2761 2948 2807 contra
2975 2769 3096 2809 eum
3125 2767 3400 2812 certamen

1815 2832 2040 2902 justitiae
2088 2846 2144 2891 et
2199 2837 2484 2892 novissimi
2534 2839 2690 2894 electi
2746 2842 2975 2907 habere
3004 2855 3296 2900 narrantur
3348 2857 3404 2904 et

1820 2925 1979 2994 primi
2006 2965 2020 2992 ,
2052 2929 2177 2996 quia
2229 2932 2440 2988 scilicet
2469 2944 2523 2988 et
2552 2934 2606 2989 hi
2637 2935 2728 3004 qui
2762 2936 2815 2990 in
2870 2936 2977 2993 [ine
3020 2939 3209 2994 mundi
3240 2941 3401 2998 electi

1823 3018 2166 3086 reperiuntur
2187 3062 2201 3088 ,
2238 3024 2292 3078 iu
2341 3035 2515 3082 morte
2545 3029 2727 3084 carnis
2761 3034 3137 3100 prosternendi
3169 3043 3316 3101 sunt,
3349 3045 3404 3092 et

1824 3109 1898 3162 illi
1927 3111 2088 3165 etiam
2118 3114 2209 3183 qui
2251 3130 2280 3168 a
2311 3116 2581 3186 prioribus
2610 3121 2793 3176 mundi
2836 3123 3082 3191 partibus
3110 3141 3404 3196 praecesse-

135 3205 192 3260 in
227 3205 578 3261 tabernaculo
634 3207 802 3276 iniqui
851 3205 1078 3274 sulphur
1120 3208 1458 3276 aspergitur,
1506 3209 1718 3276 quoties
1747 3205 1792 3269 C
1825 3208 1966 3266 rant.
1994 3200 2180 3258 Enoch
2222 3204 2427 3261 scilicet
2458 3216 2512 3261 el
2549 3207 2729 3276 Elias,
2761 3210 2829 3265 ad
2868 3213 3104 3268 medium
3147 3231 3405 3274 revocan-

134 3310 396 3366 perversa
434 3297 720 3353 delectatio
747 3298 927 3352 carnis
951 3297 1002 3350 in
1029 3297 1145 3366 ejus
1175 3308 1352 3352 mente
1391 3299 1718 3353 dominatur.

135 3387 398 3459 Sequitur
424 3407 438 3443 :

207 3482 374 3537 Vnus.
411 3479 495 3535 16.
539 3480 796 3537 Dearsum
824 3473 1026 3535 radices
1058 3483 1171 3550 ejus
1205 3481 1482 3546 siccentur,
1511 3498 1718 3536 sursum

136 3582 314 3629 autem
343 3583 603 3628 atteratur
620 3575 804 3628 messis
826 3575 961 3644 ejus.
975 3604 1045 3614 —
1063 3573 1200 3641 Quid
1219 3589 1450 3644 namque
1479 3575 1718 3629 radicum

135 3666 380 3730 nomine,
405 3682 527 3736 qua:
549 3667 602 3720 in
623 3666 832 3721 occulto
856 3666 1043 3736 posita:
1067 3664 1230 3737 [sitm]
1253 3674 1399 3731 sunt,
1417 3675 1472 3720 et
1499 3681 1719 3736 germen

134 3756 194 3812 in
215 3766 467 3827 apertum
493 3755 691 3822 ferunt,
721 3757 823 3811 nisi
851 3757 1205 3827 cogitationes
1228 3756 1566 3826 accipimus?
1593 3756 1720 3822 Quae

136 3850 265 3904 dum
295 3863 404 3903 non
449 3849 700 3904 videntur
725 3848 776 3901 in
824 3849 1016 3912 corde,
1051 3847 1281 3901 visibilia
1316 3861 1480 3916 opera
1522 3845 1722 3916 produ-

135 3950 291 4007 cunt,
320 3941 464 3996 unde
489 3949 544 3996 et
573 3941 764 3996 messis
783 3941 1022 4003 nomine,
1049 3939 1236 3995 eadem
1263 3947 1446 4010 aperta
1478 3937 1720 4007 operatio

136 4031 476 4103 designatur,
508 4045 629 4099 qua:
673 4029 922 4084 videlicet
965 4045 1029 4083 ex
1061 4029 1250 4082 latenti
1298 4029 1482 4083 radice
1525 4026 1724 4098 produ-

137 4121 303 4176 citur.
337 4119 445 4175 Sed
483 4121 608 4175 dum
637 4135 833 4190 pravus
859 4120 1087 4190 quisque
1115 4119 1470 4189 cogitationes
1514 4134 1639 4174 suas
1667 4118 1720 4173 in

136 4212 375 4267 inﬁrmis
406 4211 569 4266 rebus
597 4211 777 4280 ponit,
804 4221 858 4265 et
886 4212 1230 4280 sempiterna:
1269 4210 1560 4265 viriditatis
1589 4226 1721 4280 gau-

137 4302 222 4358 dia
253 4309 511 4372 appetere
555 4299 777 4370 negligit
797 4341 811 4365 ,
836 4300 963 4368 quid
992 4299 1135 4354 aliud
1166 4315 1328 4369 quam
1356 4299 1565 4354 radices
1595 4315 1722 4356 suas

137 4395 394 4450 deorsum
437 4393 646 4448 siccare
689 4392 990 4462 permittit?
1047 4390 1211 4461 Cujus
1255 4393 1448 4445 messis
1502 4405 1721 4446 sursum

136 4484 412 4548 atteritur,
438 4485 567 4554 quia
596 4483 712 4553 ejus
740 4483 916 4537 ontnis
945 4483 1187 4550 operatio
1208 4497 1238 4536 a
1259 4497 1496 4553 superno
1519 4481 1722 4550 judicio

1825 3298 1929 3356 tur,
1959 3301 2014 3346 et
2041 3294 2382 3352 crudelitatis
2406 3297 2524 3366 ejus
2546 3300 2806 3355 saevitiam
2834 3303 2889 3358 in
2921 3319 3017 3360 sua
3045 3306 3220 3363 adhuc
3258 3324 3406 3364 mor-

1823 3382 1914 3437 tali
1941 3399 2103 3438 carne
2123 3387 2334 3454 passuri
2357 3398 2500 3444 sunt.
2533 3389 2699 3461 Hujus
2719 3391 2860 3448 vires
2881 3395 2935 3448 in
2961 3403 3106 3450 tanta
3134 3406 3402 3466 potestate

1820 3473 2030 3531 laxatas
2057 3479 2338 3534 novissimi
2369 3483 2794 3553 obstupescunt,
2841 3495 2896 3543 et
2933 3489 3096 3558 primi
3130 3501 3398 3548 metuunt.

1821 3565 2076 3636 Sequitur
2104 3586 2119 3624 :

1892 3663 2056 3718 Vens.
2086 3664 2173 3720 2i.
2205 3666 2346 3735 Ergo
2373 3669 2483 3724 ha'c
2511 3681 2628 3724 sunt
2651 3671 2991 3729 tabernacula
3021 3676 3207 3746 iniqui,
3240 3688 3289 3732 et
3309 3679 3406 3733 iste

1821 3754 1967 3810 lorus
1994 3758 2109 3826 ejus
2131 3761 2220 3828 qui
2246 3763 2454 3831 ignorat
2479 3764 2664 3818 Deum.
2691 3795 2762 3806 ——
2787 3766 3050 3837 Superius
3076 3771 3220 3824 enim
3251 3772 3403 3827 dixe-

1827 3854 1948 3900 rat:
1981 3845 2225 3916 Expellat
2269 3866 2386 3905 eum
2429 3852 2494 3907 de
2536 3853 2652 3908 luce
2680 3855 2750 3908 ad
2782 3857 3046 3922 tenebras,
3098 3869 3146 3913 et
3188 3860 3252 3914 de
3280 3860 3405 3914 orbe

1822 3935 2109 4004 transferat
2161 3955 2277 3992 eum
2303 3981 2318 4006 ,
2350 3942 2502 4014 cujus
2545 3959 2667 3999 cum
2717 3946 2858 4000 mala
2889 3947 3238 4019 subjungeret
3261 3990 3276 4014 ,
3308 3950 3404 4004 ad-

1816 4025 2034 4096 junxit:
2075 4023 2204 4084 Hau:
2231 4042 2352 4086 sunt
2392 4035 2731 4090 tabernacula
2775 4038 2973 4108 iniqui,
3019 4049 3066 4094 et
3115 4042 3213 4095 iste
3257 4039 3405 4096 locus

1820 4120 1934 4189 ejus
1964 4121 2054 4191 qui
2085 4121 2293 4193 ignorat
2318 4123 2508 4180 Deum.
2531 4126 2796 4182 Videlicet
2825 4129 3046 4194 indicat,
3079 4131 3205 4199 quia
3237 4131 3284 4186 is
3310 4131 3405 4201 qui

1822 4224 1966 4263 nunc
2008 4209 2176 4264 Deum
2213 4212 2512 4282 ignorando
2555 4215 2863 4283 extollitur,
2919 4226 3046 4274 tunc
3075 4220 3138 4274 ad
3184 4223 3403 4291 propria

1826 4297 2171 4355 tabernacula
2215 4305 2478 4372 pervenit,
2511 4309 2727 4375 quando
2765 4323 2888 4364 eum
2934 4327 3031 4365 sua
3061 4313 3320 4384 iniquitas
3350 4315 3406 4369 in

1825 4391 2084 4460 supplicia
2111 4393 2398 4466 demergit,
2428 4406 2485 4451 et
2509 4396 2684 4453 locum
2713 4415 2870 4456 suum
2901 4404 3223 4476 quandoque
3251 4407 3404 4462 inve-

1827 4480 1905 4534 nit
1962 4481 2229 4549 tenebras,
2269 4485 2360 4553 qui
2399 4486 2525 4540 dum
2577 4488 2666 4542 hic
2698 4489 2764 4544 de
2813 4491 2948 4546 falsa
2992 4495 3255 4564 gauderet
3287 4495 3409 4550 luce

135 4576 298 4647 quasi
329 4575 559 4629 nihilum
601 4573 924 4644 deputatur,
965 4573 1181 4628 etiamsi
1238 4583 1363 4627 ante
1409 4571 1593 4628 oculos
1625 4573 1724 4627 hu-
1754 4554 2064 4640 Djustitiaz,
2113 4573 2287 4630 locum
2337 4577 2554 4633 tenebat
2580 4579 2851 4648 alienum;
2894 4554 3133 4653 perversi
3177 4586 3321 4640 enim
3351 4587 3406 4641 in

135 4682 330 4722 manos
360 4667 500 4721 bona
529 4665 792 4719 videatur.
821 4663 1077 4733 Sequitur
1118 4680 1132 4715 :

206 4758 380 4814 Vens.
417 4757 504 4812 Π.
550 4755 805 4810 Memoria
835 4755 978 4810 illius
1019 4764 1195 4824 pereat
1239 4756 1302 4809 de
1332 4765 1493 4818 terra,
1543 4764 1590 4808 et
1619 4771 1724 4809 non

137 4849 429 4904 celebretur
454 4863 640 4901 nomen
670 4847 812 4900 illius
845 4847 897 4900 in
927 4845 1134 4916 plateis.
1162 4877 1231 4885 —
1254 4845 1576 4901 Intuendum
1620 4861 1722 4900 no-

138 4940 220 4994 bis
250 4948 356 5004 est,
388 4938 514 5007 quia
561 4937 642 4992 sic
669 4936 896 4990 Buldatb
939 4937 1156 4990 Suhites
1195 4937 1262 4991 de
1293 4952 1615 5007 unoquoque
1644 4936 1724 4990 lo-

140 5030 347 5097 quitur,
374 5036 435 5083 ut
455 5027 684 5082 latenter
705 5027 770 5080 ad
796 5036 954 5094 caput
981 5026 1218 5080 omnium
1251 5027 1574 5095 iniquorum,
1605 5028 1724 5098 ejus

138 5119 304 5175 verba
330 5126 637 5173 vertantur.
668 5117 866 5170 Plateze
890 5132 1102 5186 quoque
1125 5117 1481 5186 appellatione
1508 5117 1721 5182 Grieca,

139 5227 170 5266 a
197 5210 481 5266 latitudine
525 5217 655 5266 sunt
698 5215 918 5261 vocatae.
953 5207 1263 5264 Memoriam
1311 5226 1436 5266 vero
1482 5224 1635 5264 suam
1667 5209 1722 5262 in

140 5313 284 5357 terra
323 5311 560 5358 statuere
586 5308 821 5357 conatur
840 5299 1220 5368 Antichristus,
1251 5317 1374 5358 cum
1409 5304 1462 5358 in
1505 5310 1721 5356 terrena

1825 4662 1972 4716 omni
2003 4664 2145 4732 quod
2176 4679 2272 4733 per
2301 4665 2697 4723 simulationem
2728 4669 2970 4737 faciunt,
3001 4690 3194 4730 nomen
3222 4675 3410 4746 gloria:

1819 4751 2088 4821 jnstorum
2124 4755 2278 4823 quasi
2326 4755 2503 4812 locum
2545 4773 2810 4829 occupare
2856 4762 3089 4818 alienum
3139 4765 3405 4820 nituntur.

1827 4838 2084 4910 Sequitur
2114 4859 2126 4894 :

2409 4933 2635 4991 CAPUT
2674 4933 2816 4988 XIX.

1904 5020 2065 5077 Vens.
2107 5023 2158 5085 l,
2205 5023 2261 5076 ‘2.
2304 5022 2638 5092 Respondeas
2668 5033 2844 5078 autent
2871 5023 2974 5079 Job
3001 5026 3130 5080 dixit
3158 5039 3176 5076 :
3209 5021 3412 5093 Usque-

1827 5127 1930 5182 quo
1947 5112 2173 5183 aﬂligitis
2190 5113 2419 5166 animum
2436 5129 2624 5178 meant,
2641 5122 2688 5167 et
2711 5102 2936 5170 alterius.
2949 5133 3027 5169 me
3044 5114 3368 5170 sermonibus
3386 5117 3412 5170 Ρ

1828 5230 1900 5240 -
1925 5200 2112 5256 Sancti
2157 5201 2257 5254 viri
2300 5199 2548 5271 eloquia,
2581 5211 2638 5256 ut
2673 5218 2814 5272 saepe
2847 5203 2960 5274 jam
3006 5204 3272 5266 diximus,
3309 5205 3411 5260 alis

1829 5291 2044 5360 quando
2071 5307 2139 5346 ex
2165 5305 2399 5361 persona
2427 5293 2665 5365 propria,
2709 5292 2997 5361 aliquando
3027 5308 3154 5347 vero
3177 5307 3242 5346 ex
3272 5309 3412 5352 voce

3217 5381 3252 5398 Ρ
