3948 5398
564 382 674 442 263

1534 378 1591 438 S.
1630 379 1881 439 ODONIS
1917 378 2207 437 ABBATlS
2242 376 2736 441 CLUNIACENSIS
2762 382 2805 441 ll

3681 392 3762 455 261

566 504 760 551 runtur
795 491 940 549 enim
991 500 1118 549 nom
1166 489 1509 548 sermonibus
1557 493 1865 563 iniquorum
1886 534 1900 559 ,
1933 490 2148 564 quando
2175 492 2229 553 Α
2320 491 2490 549 Vens.
2524 496 2578 551 5.
2612 496 2681 551 At
2703 514 2790 552 vos
2815 509 2995 553 contra
3017 516 3099 555 me
3125 503 3567 574 erigimiui.-—Ac
3586 508 3627 563 si
3646 525 3763 581 aper-

566 597 753 643 contra
784 583 861 638 illi
892 583 947 637 in
974 582 1154 638 verbis
1183 590 1410 638 tument.
1443 582 1704 654 Sequitur
1736 601 1749 638 :

634 672 797 728 Vss.
829 672 886 726 5.
928 671 1011 725 En
1039 671 1208 725 decies
1253 673 1567 741 confudistis
1609 690 1707 726 me.
1738 704 1809 714 —
1837 671 2150 727 Numeratis

564 763 773 818 vicibus
802 761 1136 838 locutionum
1163 763 1460 817 amicorum
1503 762 1627 828 Job,
1652 763 1827 818 adhuc
1860 762 2148 832 quinquies

562 851 772 908 locutos
795 867 890 908 eos
915 866 1035 907 esse
1060 851 1455 921 cognoscimus.
1498 852 1603 907 Sed
1633 863 1853 923 propter
1872 852 1974 907 hoc
2002 852 2150 922 quod

564 943 635 998 ab
678 942 760 999 eis
805 942 1095 1014 quinquies
1139 941 1538 1021 increpationes
1582 942 1866 1006 audierat,
1918 955 2148 1011 quorum

564 1033 1031 1104 increpationibus
1058 1032 1355 1103 quinquies
1400 1033 1515 1102 ipse
1547 1032 1856 1103 respondit,
1886 1031 2067 1086 decies
2090 1023 2150 1087 se

562 1124 815 1193 perhibet
838 1138 960 1179 esse
982 1122 1266 1178 confusum
1293 1136 1307 1176 :
1332 1122 1458 1192 quia
1483 1130 1539 1178 et
1564 1122 1618 1177 in
1647 1137 1712 1178 eo
1738 1121 1975 1194 graviter
2003 1121 2153 1176 labo-

564 1213 706 1269 ravit
733 1214 875 1283 quod
921 1212 1128 1268 frustra
1164 1213 1475 1283 increpatus
1511 1220 1633 1279 est,
1662 1220 1718 1268 et
1761 1213 1815 1267 in
1847 1226 1913 1267 eo
1957 1210 2152 1267 confu-

565 1306 774 1361 sionem
815 1305 1056 1376 pertulit,
1088 1307 1231 1375 quod
1276 1305 1443 1360 verba
1471 1304 1734 1360 doctrinae
1780 1319 1887 1358 non
1935 1303 2153 1357 audien-

567 1396 715 1451 tibus
743 1394 899 1449 dixit.
931 1394 1028 1450 Sin
1058 1411 1186 1451 vero
1211 1397 1279 1450 ad
1311 1405 1493 1467 typum
1527 1405 1728 1451 sanctae
1755 1394 2012 1450 Ecclesiae
2033 1394 2152 1450 haec

566 1485 731 1540 verba
760 1478 1044 1541 referimus
1070 1525 1085 1551 ,
1128 1484 1299 1554 liquet
1324 1487 1465 1556 quod
1503 1502 1754 1557 magnum
1784 1493 1869 1542 est
1895 1484 2152 1556 gaudium

568 1589 786 1631 servare
816 1575 1064 1645 Decalogi
1088 1585 1376 1646 praecepta.
1402 1577 1510 1632 Sed
1538 1578 1681 1633 hanc
1707 1577 1948 1648 perversi
1973 1577 2153 1632 decies

568 1664 924 1729 confundunt,
976 1664 1104 1734 quia
1154 1680 1254 1734 per
1296 1680 1459 1720 omne
1502 1666 1650 1735 quod
1700 1674 1946 1736 peccant,
1973 1668 2153 1737 pravis

567 1755 682 1810 suis
707 1753 950 1809 moribus
992 1753 1241 1824 DecaIOgi
1276 1765 1552 1826 praecepta
1596 1754 1928 1825 relinquunt.
1956 1756 2153 1828 Sequi-

2251 582 2358 639 tius
2393 584 2633 640 dicatur:
2671 587 2772 655 Qui
2798 590 2932 661 erigi
2983 602 3171 648 contra
3213 597 3556 668 vosmetipsos
3592 616 3649 655 ex
3674 619 3764 661 mea

2248 674 2622 742 persecutione
2660 678 2940 734 debuistis.
2983 681 3129 737 Ordo
3169 684 3368 753 quippe
3435 688 3695 746 erectionis
3725 694 3765 748 in

2247 763 2391 849 bono
2414 766 2516 821 iste
2536 775 2640 834 est,
2671 777 2731 822 ut
2753 771 2985 840 primum
3013 785 3200 831 contra
3246 792 3364 843 nos,
3392 786 3444 833 et
3484 784 3767 849 postmodum

2249 844 2440 908 contra
2467 858 2640 911 malos
2679 858 2970 929 erigamur.
3011 861 3146 916 Nam
3175 864 3267 934 qui
3296 875 3481 920 contra
3527 868 3675 924 bonos
3694 874 3769 926 eri-

2249 945 2412 1015 gitur,
2443 962 2541 1016 per
2569 950 2872 1017 superbiam
2928 951 3166 1009 inﬂatur.
3218 956 3421 1011 Contra
3470 963 3770 1031 nosmetipsos

2191 1112 2196 1119 '
2249 1035 2394 1115 enim
2433 1035 2712 1105 erigimur,
2761 1041 2978 1108 quando
3006 1042 3147 1097 mala
3190 1046 3405 1113 propria
3440 1061 3770 1117 recognoscen-

2249 1130 2348 1187 tes,
2390 1124 2637 1180 districta
2687 1130 3046 1199 nosmetipsos
3092 1134 3424 1202 paenitentiae
3457 1136 3645 1191 ultione
3678 1138 3773 1195 feri-

2250 1231 2389 1281 mus,
2418 1217 2635 1286 quando
2650 1233 2993 1289 nequaquam
3016 1223 3247 1279 nobisin
3274 1226 3512 1293 peccatis
3531 1229 3769 1296 parcimus,

2251 1314 2307 1361 et
2335 1307 2495 1363 nullis
2523 1321 2653 1380 erga
2700 1325 2803 1365 nos
2830 1311 3221 1378 cogitationum
3271 1314 3636 1372 blandimentis
3658 1319 3772 1374 incli-

2252 1409 2466 1449 namur.

2324 1483 2428 1552 Qui
2458 1487 2502 1542 si
2541 1488 2787 1546 distriete
2805 1491 2959 1562 prius
2985 1502 3172 1549 nostra
3221 1494 3275 1550 in
3307 1495 3465 1551 nobis
3516 1497 3643 1551 mala
3668 1498 3773 1553 inse-

2253 1577 2488 1647 quimur,
2513 1578 2716 1647 justum
2747 1598 2960 1654 quoque
2985 1593 3089 1650 est,
3120 1595 3180 1641 ut
3205 1587 3369 1643 etiam
3416 1582 3606 1643 contra
3641 1591 3775 1645 aliena

2256 1666 2393 1720 mala
2425 1668 2628 1723 utiliter
2647 1671 2940 1741 erigamur,
2975 1684 3027 1729 et
3053 1690 3115 1731 ea
3137 1691 3257 1746 quae
3281 1678 3335 1732 in
3378 1679 3534 1734 nobis
3553 1681 3774 1748 punimus,

2254 1758 2420 1812 etiam
2450 1758 2505 1812 in
2556 1759 2676 1815 aliis
2728 1763 3100 1833 redarguendo
3149 1782 3488 1839 superemus.
3532 1770 3774 1842 Sequitur:

566 1852 695 1899 tur:
733 1841 806 1896 Et
846 1858 951 1897 non
997 1843 1299 1898 erubescitis
1341 1845 1690 1915 opprimente:
1732 1846 1863 1900 me?
1897 1876 1969 1887 —
2017 1845 2154 1902 Sunt
2187 1831 2231 1891 Β
2260 1847 2330 1902 Et
2377 1851 2600 1920 arguilis
2636 1868 2719 1907 me
2770 1831 3061 1926 opprobriis
3110 1831 3257 1916 meis.
3300 1893 3371 1901 —
3396 1863 3588 1918 Omnes
3611 1831 3777 1934 reprobi
3880 1834 3881 1847 χ

568 1931 811 1986 nonnulli
859 1945 999 1999 quos
1040 1932 1109 1986 ad
1154 1932 1577 2007 perpetrandam
1626 1935 1923 2003 nequitiam
1963 1936 2154 1991 oborta

572 2021 751 2076 subito
778 2017 983 2073 malitia
1022 2020 1237 2087 invitat,
1270 2022 1365 2078 sed
1405 2032 1584 2078 tamen
1627 2024 1864 2079 humana
1892 2039 2159 2080 verecun-

572 2111 660 2166 dia
690 2116 941 2175 revocat,
987 2118 1042 2165 ct
1076 2110 1403 2182 plerumque
1446 2126 1544 2183 per
1584 2113 1690 2168 hoc
1732 2104 1876 2184 quod
1921 2115 2161 2172 exterius

487 2193 491 2196 ’
570 2202 916 2269 erubescunt,
948 2203 1039 2258 ad
1077 2202 1334 2258 interiora
1371 2218 1466 2259 sua
1505 2204 1756 2272 redeunt,
1785 2213 1841 2259 et
1882 2213 2073 2261 contra
2100 2219 2160 2261 se

570 2282 845 2348 internum
891 2291 1154 2362 judicium
1204 2302 1443 2349 sumunt.
1473 2292 1543 2349 Et
1592 2302 1718 2350 sunt
1769 2294 2034 2362 nonnulli,
2064 2293 2159 2365 qui
2206 2336 2213 2340 .

570 2386 856 2454 postquam
910 2383 1081 2439 Deum
1135 2384 1192 2439 in
1240 2394 1423 2441 mente
1471 2386 1942 2456 contempserint,
1988 2385 2160 2443 multo

571 2475 743 2546 magis
766 2475 1002 2531 humana
1020 2475 1223 2545 judicia
1251 2484 1534 2547 spernunt.
1568 2475 1707 2533 Hinc
1729 2486 1815 2533 est
1843 2477 1990 2533 enim
2014 2479 2159 2549 quod

571 2564 639 2620 de
681 2564 1006 2636 quibusdam
1033 2566 1331 2636 impudenti
1358 2565 1538 2622 fronte
1569 2567 1922 2637 peccantibus
1941 2568 2149 2624 dictum

569 2662 692 2710 est:
739 2672 759 2707 i
788 2654 858 2711 Et
882 2663 1165 2727 peccatum
1195 2670 1353 2711 suum
1382 2655 1537 2726 quasi
1565 2655 1799 2712 Sodoma
1823 2657 2157 2727 praedicave-
2201 2662 2215 2681 '

2258 1952 2420 2008 grave
2443 1942 2785 2011 opprobrium
2807 1945 3067 2015 deputant
3090 1949 3229 2003 mala
3246 1952 3580 2021 temporalia,
3601 1963 3650 2009 et
3671 1963 3779 2007 tanto

2258 2044 2378 2085 esse
2396 2046 2832 2104 unumquemque
2861 2051 2892 2090 a
2919 2036 3029 2093 Deo
3051 2039 3363 2110 despectum
3394 2044 3629 2107 credunt,
3652 2060 3780 2114 quan-

2260 2123 2316 2170 to
2344 2117 2488 2174 hunc
2522 2120 2779 2177 aﬂlictum
2825 2139 2894 2179 ex
2947 2129 3314 2194 percussionis
3365 2128 3577 2201 ﬂagello
3622 2134 3782 2202 conspi-

2239 2208 2429 2264 ciunt.
2458 2208 2543 2265 Nil
2565 2212 2709 2267 enim
2740 2215 2795 2269 in
2826 2218 3087 2283 moribus,
3115 2220 3189 2274 nil
3230 2222 3286 2277 in
3314 2224 3529 2279 actibus
3567 2237 3781 2297 quierunt,

2259 2299 2353 2355 sed
2382 2302 2656 2373 quoslibet
2681 2320 2819 2375 quos
2874 2308 2928 2362 in
2972 2310 3074 2367 hac
3110 2312 3221 2367 vita
3275 2315 3511 2369 viderint
3552 2328 3782 2387 percussos
3880 2320 3881 2377 ζ

2260 2404 2402 2458 esse,
2424 2393 2537 2462 jam
2571 2395 2755 2451 divino
2785 2396 2992 2467 judicio
3020 2401 3302 2459 damnatos
3334 2405 3675 2461 arbitrantur.
3714 2405 3784 2461 Se-

2260 2481 2475 2552 quitur:

2330 2571 2497 2631 Vstts.
2527 2573 2579 2631 6.
2627 2574 2824 2634 Saltem
2855 2597 2993 2637 nunc
3027 2582 3319 2655 intelligile,
3365 2588 3494 2658 quia
3539 2584 3667 2643 Deut
3710 2600 3784 2641 non
3880 2600 3881 2667 ξ

2259 2679 2409 2735 (equo
2422 2666 2630 2736 judicio
2645 2669 2886 2741 amiserit
2903 2689 3078 2727 me.-—
3089 2672 3134 2731 Ο
3155 2691 3317 2747 quam
3333 2678 3531 2733 durum
3556 2687 3695 2734 sonat
3711 2692 3782 2731 vox

571 2752 701 2800 runt
745 2744 884 2817 (ha.
914 2762 998 2811 ιιι,
1031 2745 1109 2818 9).
1149 2764 1168 2798 ι
1217 2744 1543 2816 Plerumque
1589 2747 1736 2801 enim
1769 2747 1904 2803 tales
1923 2756 2047 2803 sunt
2069 2749 2164 2804 ad-
2251 2751 2385 2823 justi
2411 2757 2730 2816 verberibus
2757 2759 2961 2829 afﬂicti,
2989 2778 3150 2832 quam
3172 2744 3354 2822 tamen
3378 2782 3489 2823 non
3517 2768 3682 2835 elatio,
3718 2765 3784 2821 sed

569 2834 800 2918 versagii
830 2843 1033 2892 sanctze
1070 2834 1360 2902 Ecclesiae,
1396 2835 1490 2905 qui
1518 2849 1550 2889 a
1573 2837 1951 2907 perpetrandis
1976 2838 2156 2906 malis,

570 2940 673 2982 nec
700 2925 894 2981 timore
919 2925 1158 2993 Domini,
1202 2940 1307 2983 nec
1332 2927 1541 2998 pudore
1570 2926 1849 2983 hominum
1874 2925 2159 2982 refrenan-

572 3024 681 3072 tur.
708 3016 1004 3087 Sequitur:

578 3134 583 3135 ί
642 3106 804 3161 Vens.
832 3107 888 3161 4.
919 3106 1120 3177 Nempe
1144 3118 1193 3164 et
1217 3108 1263 3163 si
1282 3109 1537 3180 ignoravi,
1561 3125 1762 3164 mecum
1789 3110 1888 3164 erit
1905 3110 2159 3180 ignoran-

2258 2844 2414 2902 dolor
2437 2851 2722 2919 expressit.
2762 2851 2871 2908 Sed
2895 2854 3075 2925 justus
3120 2873 3227 2913 non
3260 2867 3343 2915 est
3373 2862 3470 2930 qui
3492 2859 3727 2929 justitiam
3747 2860 3784 2913 in

2260 2932 2444 2993 dolore
2471 2938 2689 2995 deserit.
2712 2940 2910 2999 Beatus
2939 2954 3118 3002 autem
3152 2946 3273 3014 Job,
3305 2949 3435 3019 quia
3462 2951 3587 3007 mite
3613 2966 3694 3007 cor
3717 2951 3784 3004 ha-

2258 3027 2394 3093 buit,
2416 3043 2518 3085 nec
2541 3032 2595 3085 in
2611 3032 2745 3087 dura
2768 3050 2897 3092 voce
2917 3039 3180 3107 peccavit.
3208 3040 3341 3096 Nam
3357 3043 3399 3097 si
3427 3044 3570 3100 hunc
3587 3052 3785 3103 peccasse

2260 3116 2315 3171 in
2347 3119 2445 3175 hac
2476 3136 2607 3177 voce
2636 3124 2888 3192 dicimus,
2945 3128 3197 3199 implesse
3223 3132 3501 3189 diabolum
3545 3134 3785 3190 astruimus

573 3197 649 3251 tia
681 3212 816 3250 mea.
844 3225 915 3238 -—-
942 3196 1156 3267 Habent
1204 3199 1307 3254 hoc
1357 3199 1595 3289 bmrelici
1628 3200 1927 3270 proprium.
1988 3207 2047 3253 ιιι
2090 3200 2156 3254 de
2184 3182 2229 3247 (ἶ
2258 3211 2401 3280 quod
2423 3215 2702 3284 proposuit
2727 3182 2941 3273 dicetis:
2978 3238 2998 3271 ι
3021 3182 3229 3293 rTange
3257 3239 3319 3279 os
3361 3222 3483 3293 ejus
3510 3236 3563 3281 et
3592 3239 3782 3287 carnem,

574 3286 724 3341 inani
750 3287 988 3342 scientiae
1013 3302 1124 3343 suae
1152 3289 1458 3360 arrogantia
1487 3280 1762 3356 inﬂentur,
1785 3299 1840 3344 et
1865 3298 2012 3346 recte
2033 3304 2153 3345 cre-

575 3376 823 3431 dentium
871 3370 1270 3448 simplicitatem
1316 3394 1458 3450 saepe
1518 3381 1817 3447 derideant,
1865 3390 1919 3436 et
1959 3381 2157 3437 nullius

573 3478 696 3522 esse
720 3466 900 3522 meriti
926 3464 1091 3522 vitam
1113 3468 1399 3524 humilium
1433 3470 1653 3526 ducant.
1685 3471 1757 3526 At
1784 3481 1995 3538 contra,
2025 3488 2155 3528 san-

574 3567 661 3612 cta
689 3557 928 3614 Ecclesia
962 3559 1017 3614 in
1068 3561 1218 3616 omni
1254 3563 1398 3632 quod
1422 3564 1691 3619 veraciter
1739 3566 1904 3635 sapit,
1936 3581 2153 3621 sensum

573 3663 732 3705 suum
783 3650 1060 3706 humiliter
1097 3652 1369 3723 deprimit,
1423 3669 1492 3710 ne
1542 3655 1770 3712 scientia
1801 3655 2035 3724 infletur,
2089 3673 2157 3713 ne

573 3736 920 3809 inquisitione
946 3741 1286 3801 occultorum
1335 3751 1558 3810 tumeat,
1588 3753 1642 3801 et
1686 3732 2016 3817 perscrutari
2048 3748 2151 3803 ali-

572 3847 682 3903 qua
718 3850 841 3906 quae
892 3836 1036 3892 ultra
1072 3837 1219 3894 vires
1263 3846 1389 3894 sunt
1419 3839 1567 3895 illius
1609 3848 1923 3910 praisumat.
1958 3840 2156 3896 Utilius

571 3926 773 3982 etenim
812 3928 996 3984 studet
1050 3929 1266 3985 nescire
1304 3945 1424 4000 quae
1473 3932 1804 4002 perscrutari
1869 3947 1978 3988 non
2011 3932 2155 3989 valet

571 4030 737 4085 quam
760 4018 1018 4075 audacter
1064 4018 1296 4077 diﬂinire
1347 4035 1467 4092 quae
1510 4022 1703 4079 nescit.
1752 4022 2024 4094 Scriptum
2073 4031 2155 4079 est

572 4108 812 4179 quippe:
847 4129 867 4163 ι
908 4109 1064 4167 Sicut
1106 4112 1198 4183 qui
1229 4112 1335 4169 mel
1362 4113 1586 4169 multum
1631 4115 1889 4181 comedit,
1922 4131 2029 4171 non
2068 4125 2156 4172 est

571 4195 623 4250 ei
648 4196 869 4264 bonum,
896 4199 975 4255 sic
998 4201 1089 4271 qui
1116 4211 1390 4259 scrutator
1416 4215 1500 4260 est
1542 4201 1865 4274 majestatis,
1890 4207 2154 4277 opprimi-

572 4294 663 4341 tur
689 4288 857 4360 gloria
886 4289 1070 4361 (Prov.
1095 4308 1224 4359 xxv,
1248 4293 1365 4366 27).
1403 4313 1423 4348 ι
1453 4294 1694 4352 Dulcedo
1727 4297 1928 4353 etenim
1959 4297 2151 4365 mellis,

573 4377 617 4432 si
647 4378 932 4450 plusquam
964 4398 1191 4439 necesse
1228 4393 1333 4451 est,
1389 4387 1642 4453 sumitur,
1674 4389 1818 4445 unde
1853 4388 2153 4445 delectatur

570 4483 653 4534 os,
678 4469 803 4525 inde
829 4471 938 4525 vita
963 4473 1299 4530 comedentis
1326 4485 1569 4532 necatur.
1618 4477 1801 4535 Dulcis
1828 4495 2044 4550 quoque
2068 4488 2151 4536 est

572 4562 855 4632 requisitio
900 4564 1221 4633 majestatis,
1251 4568 1347 4622 sed
1400 4569 1492 4640 qui
1541 4571 1682 4627 hanc
1734 4572 1855 4642 plus
1915 4574 2149 4629 scrutari

571 4655 798 4725 appetit,
831 4670 992 4725 quam
1026 4658 1383 4715 humanitatis
1440 4662 1675 4731 cognitio
1714 4664 1998 4734 permittit,
2036 4665 2150 4735 ipsa

571 4736 718 4802 hunc
737 4745 855 4818 ejus
901 4749 1072 4819 gloria
1113 4751 1391 4822 opprimit,
1431 4753 1557 4823 quia
1604 4755 1753 4810 velut
1797 4755 2152 4814 immoderate

569 4833 679 4892 mel
714 4847 985 4909 sumptum
1016 4844 1410 4911 perscrutantis
1464 4859 1703 4912 sensum,
1751 4847 1877 4902 dum
1908 4862 2016 4902 non
2055 4861 2150 4901 ca-

567 4926 735 4997 pitur,
786 4929 1001 4999 rumpit.
1058 4931 1347 4987 Nobiscum
1399 4936 1527 4990 vero
1570 4950 1692 4991 esse
1741 4936 1954 5001 dicitur,
2006 4937 2150 5006 quod

567 5031 668 5087 pro
692 5018 850 5074 nobis
872 5029 974 5088 est,
1006 5029 1060 5077 et
1093 5037 1309 5078 rursum
1338 5039 1444 5079 non
1471 5024 1747 5080 nobiscum
1777 5040 1898 5081 esse
1928 5026 2144 5093 dicitur,

568 5109 712 5175 quod
756 5120 942 5165 contra
992 5127 1092 5167 nos
1130 5122 1235 5168 est.
1284 5113 1418 5180 Quia
1448 5129 1577 5185 ergo
1624 5117 1852 5171 scientia
1900 5132 1996 5172 sua
2052 5132 2146 5171 cor

570 5195 808 5254 haeretici
868 5201 1036 5269 inﬂat,
1088 5203 1262 5257 ﬁdelis
1315 5211 1496 5258 autem
1541 5206 1776 5274 cognitio
1831 5206 2147 5275 ignorantiae

571 5302 682 5342 suae
701 5288 965 5357 humiliat,
995 5293 1140 5347 dicat
1168 5294 1359 5347 beatus
1387 5291 1487 5347 Job
1511 5309 1607 5347 sua
1637 5310 1787 5361 voce,
1814 5296 1958 5350 dicat
1981 5297 2143 5352 etiam

575 5379 901 5398 ΔΑ.ι.’..Α-ξ-..-
961 5380 1279 5398 ____.._-____|’_
1326 5379 1475 5398 Π..Ι.

2259 3300 2304 3354 si
2351 3316 2458 3357 non
2484 3304 2539 3358 in
2579 3303 2719 3362 facie
2749 3307 3089 3367 bcnedixerit
3114 3313 3208 3369 tibi
3239 3312 3361 3387 (Job
3391 3331 3461 3383 ιι,
3489 3314 3564 3389 5).
3594 3336 3612 3370 ι
3638 3315 3784 3372 Gravis

2257 3390 2443 3461 itaque
2463 3395 2691 3463 quaestio
2733 3398 2926 3453 oritur.
2961 3399 3018 3454 Si
3048 3391 3249 3458 etenim
3278 3420 3384 3461 non
3418 3408 3653 3477 peccavit
3676 3407 3718 3460 in
3739 3419 3786 3460 eo

2257 3482 2400 3550 quod
2413 3483 2544 3540 dicit
2566 3484 2749 3541 saltem
2772 3504 2907 3543 nunc
2932 3491 3221 3563 intelligile,
3242 3497 3367 3566 quia
3389 3497 3535 3553 Deus
3563 3515 3655 3553 non
3675 3512 3783 3568 atquo

2248 3570 2454 3641 judicio
2484 3574 2741 3645 afﬂimen'l
2782 3593 2883 3634 me.
2920 3579 3090 3636 Deum
3118 3586 3262 3653 quod
3318 3587 3424 3660 din
3454 3587 3602 3644 nelas
3633 3595 3705 3642 est
3730 3587 3785 3638 in-

2250 3660 2396 3731 juste
2423 3663 2602 3736 egisse
2632 3666 2836 3737 aliquid
2876 3672 3267 3730 consentimus.
3310 3674 3513 3733 Beatus
3564 3677 3691 3733 enim
3714 3671 3785 3729 Job

2256 3755 2419 3823 vitam
2443 3770 2599 3811 suam
2619 3758 2947 3828 attenderat,
2968 3769 3024 3818 et
3049 3778 3114 3818 ea
3143 3778 3262 3835 qua:
3291 3768 3598 3836 patiebatur
3624 3763 3786 3837 ﬂagella

2254 3848 2538 3916 pensabat,
2560 3859 2616 3904 et
2641 3848 2860 3905 videbat
2906 3868 3119 3924 atquum
3152 3872 3258 3913 non
3289 3850 3434 3923 esse,
3491 3867 3551 3914 ut
3576 3860 3638 3914 ad
3663 3855 3785 3912 talem

2256 3937 2383 3992 talia
2420 3937 2630 4010 ﬂagella
2675 3942 2962 4012 reciperet,
3001 3953 3206 4004 etcum
3236 3948 3364 4004 dicit
3412 3964 3526 4005 non
3575 3965 3630 4005 se
3670 3958 3786 4015 (equo

2246 4022 2453 4093 judicio
2482 4024 2759 4093 alliictum,
2791 4030 2895 4085 hoc
2933 4030 3121 4088 libenti
3151 4048 3283 4090 voce
3313 4036 3524 4093 locutus
3558 4048 3654 4102 εει,
3680 4031 3786 4104 quod

2252 4115 2307 4171 in
2337 4126 2546 4173 secreto
2569 4132 2667 4173 suo
2692 4118 2953 4177 Dominus
3000 4122 3068 4179 de
3112 4124 3204 4179 illo
3246 4127 3560 4184 adversario
3602 4128 3704 4198 ejus
3726 4123 3785 4178 di-

2253 4213 2435 4273 xerat;
2480 4226 2499 4260 ε
2538 4206 2892 4265 Commovisti
2934 4226 3021 4267 me
3070 4212 3328 4269 adversus
3376 4232 3523 4283 eum,
3553 4226 3609 4271 ut
3630 4214 3787 4282 aliiigc—

2252 4312 2369 4353 rem
2391 4313 2515 4354 eum
2568 4296 2774 4354 frustra
2826 4300 2947 4372 (Job
2994 4318 3054 4369 ιι,
3086 4302 3162 4373 '5).
3210 4323 3229 4357 ι
3282 4305 3452 4373 igitur
3480 4316 3535 4362 ct
3560 4319 3675 4361 vera
3711 4298 3786 4358 Job

2254 4388 2407 4453 dixit,
2445 4390 2570 4445 dum
2597 4389 2763 4445 vitam
2802 4406 2927 4446 cum
2947 4390 3156 4463 ﬂagello
3179 4396 3447 4464 pensavit,
3475 4405 3531 4452 et
3554 4396 3680 4451 Deus
3705 4405 3784 4446 non

2255 4479 2455 4548 injusto
2472 4480 2678 4550 judicio
2728 4480 2831 4537 Job
2871 4480 3079 4548 aﬂlixit,
3117 4486 3243 4553 quia
3296 4486 3488 4541 merita
3527 4502 3590 4542 ex
3620 4479 3785 4554 ﬂagello

2255 4570 2568 4637 cumulavit,
2600 4581 2653 4626 et
2679 4572 2925 4628 diabolus
2954 4573 3098 4644 quod
3136 4575 3482 4644 promiserat,
3510 4591 3612 4631 non
3638 4571 3784 4643 imple-

2257 4663 2354 4727 vit,
2382 4662 2508 4732 quia
2525 4661 2715 4718 beatus
2730 4662 2832 4718 Job
2858 4663 2999 4717 inter
3026 4665 3209 4729 verba,
3245 4681 3365 4735 quae
3395 4667 3582 4721 durum
3613 4668 3782 4721 sonant,

2255 4760 2368 4806 eta
2426 4765 2554 4806 vera
2601 4753 2909 4819 sententia,
2962 4761 3018 4807 et
3069 4769 3099 4807 a
3154 4765 3335 4811 mente
3390 4756 3661 4810 humilium
3706 4765 3784 4805 nou

2254 4844 2502 4900 recessit.
2541 4843 2837 4914 Sequitur:
2878 4844 2950 4899 Et
2976 4847 3200 4917 ﬂagellis
3242 4850 3353 4903 suis
3391 4865 3468 4903 me
3488 4848 3708 4902 cinxerit.
3734 4866 3784 4881 -—-

2252 4930 2412 4985 Aliud
2481 4931 2676 5000 quippe
2720 4940 2845 4997 est,
2907 4930 3133 5004 ﬂagellis
3186 4937 3416 5006 percuti,
3462 4935 3603 4990 aliud
3653 4928 3783 5001 cingi.

2251 5018 2502 5093 Flagellis
2527 5037 2759 5092 namque
2788 5024 3137 5093 percutitnur,
3167 5042 3289 5080 cum
3328 5025 3723 5083 consolationem
3745 5026 3785 5072 et

2252 5115 2306 5170 in
2367 5116 2644 5171 doloribus
2692 5131 2758 5170 ex
2813 5118 2975 5172 rebus
3022 5117 3142 5172 aliis
3190 5120 3465 5174 habemus.
3515 5117 3640 5172 Nam
3688 5124 3781 5168 cum

2255 5216 2403 5263 tanta
2471 5222 2570 5262 nos
2633 5207 2848 5262 alilictiu
2899 5209 3195 5279 deprimit,
3258 5220 3317 5264 ut
3367 5227 3430 5266 ex
3492 5209 3677 5264 nullius
3722 5200 3781 5256 rei

2252 5297 2621 5352 consolatione
2669 5298 2936 5367 respirare
2982 5300 3193 5354 animus
3231 5302 3415 5370 possit,
3462 5317 3568 5354 non
3588 5299 3685 5368 jam
3711 5292 3781 5346 ﬂa-
