3948 5398
161 374 275 430 265

916 371 1215 428 ιειιιτυιιε
1252 369 1613 428 mensuum
1655 326 1712 423 s.
1751 375 1755 414 ι

1860 368 1958 424 ec.
1998 366 2060 422 IN
2099 366 2238 422 .IOB.
2277 393 2345 404 --
2382 363 2508 418 LIB.
2550 361 2686 416 xw.
2741 335 2758 342 ’

3306 361 3413 417 265

237 480 408 536 Vens.
433 483 485 534 7.
520 481 653 535 Ecce
678 481 911 534 clamabo
937 484 1035 534 vim
1061 484 1282 550 patiens,
1304 491 1350 533 et
1376 495 1522 532 nemo
1537 479 1734 540 audiet,
1768 483 1814 542 Α
1839 478 2080 546 phetam,
2107 493 2127 527 ι
2162 485 2323 544 caput
2349 483 2402 528 et
2422 475 2592 529 cauda
2612 471 2746 543 (Isa.
2783 488 2855 534 lx,
2888 471 2973 542 14)
3017 490 3035 523 ι
3062 472 3414 528 exterminari

164 573 519 641 mciferabor,
560 581 610 626 et
664 587 765 623 non
793 580 866 624 est
903 571 991 639 qui
1033 571 1254 638 judicct.
1296 600 1364 610 —
1395 569 1747 638 Omnipotens

167 662 314 714 Deus
361 659 491 728 quid
543 657 696 713 nobis
743 656 1084 726 profuturum
1133 672 1254 710 esse
1305 656 1476 710 valeat
1539 655 1745 719 sciens,

165 748 484 803 dissimulat
531 746 786 800 exaudire
842 759 1026 798 vocem
1078 743 1394 809 dolentium,
1451 751 1510 797 ut
1556 751 1750 812 augeat

163 838 488 902 utilitatem,
525 843 581 891 et
622 841 878 904 purgetur
915 832 1024 887 vita
1068 847 1163 902 per
1191 846 1426 900 poenam,
1464 840 1522 885 ut
1554 831 1751 901 quietis

167 925 560 994 tranquillitas,
587 938 706 992 quae
732 923 820 977 hic
869 921 1096 976 inveniri
1129 936 1232 974 non
1259 919 1422 983 valet,
1455 919 1578 973 alibi
1606 935 1750 990 quae-

165 1027 348 1071 ratur.
410 1013 482 1069 Et
532 1031 635 1068 non
684 1023 756 1066 est
812 1013 898 1081 qui
938 1011 1158 1081 judicet.
1209 1008 1322 1064 Non
1371 1017 1455 1064 est
1483 1010 1626 1063 enim
1657 1009 1748 1077 qui

159 1107 378 1176 judicet
421 1105 638 1170 dicitur,
681 1102 1164 1174 quandujudicare
1202 1099 1524 1156 dissimulat.
1559 1097 1750 1166 Sequi-

168 1205 302 1248 tur:

245 1265 410 1342 Vetas.
460 1283 513 1338 8.
546 1282 795 1339 Semitam
821 1295 989 1334 meam
1035 1277 1410 1346 circumsepsit,
1441 1286 1488 1328 et
1528 1274 1750 1328 transire

167 1391 278 1429 non
306 1391 539 1445 possum,
585 1384 632 1428 ct
668 1376 722 1426 in
748 1371 880 1426 calle
921 1385 1032 1423 meo
1055 1369 1290 1422 tenebras
1319 1369 1511 1436 posuit.
1543 1393 1611 1404 -—
1637 1363 1752 1419 Cir-

166 1472 512 1533 cumseptam
556 1461 877 1516 verberibus
922 1458 1172 1513 semitam
1216 1471 1370 1511 suam
1420 1455 1592 1520 vidit,
1628 1469 1750 1509 cum

169 1555 410 1609 transire
431 1555 496 1609 ad
523 1553 866 1608 securitatem
893 1551 1132 1619 cupiens,
1159 1549 1386 1603 evadere
1411 1546 1620 1617 ﬂagella
1646 1561 1752 1601 non

166 1645 371 1713 potuit,
400 1651 453 1697 et
487 1642 614 1712 quia
645 1656 702 1697 se
730 1639 938 1709 percuti
989 1636 1220 1707 aspexit,
1271 1650 1371 1689 nec
1398 1644 1575 1688 tamen
1625 1648 1751 1703 per-

173 1732 434 1786 cussione
461 1732 674 1801 dignam
710 1729 875 1782 vitam
919 1726 971 1780 in
1003 1723 1293 1798 semetipso
1334 1722 1553 1792 reperit,
1600 1722 1751 1791 quasi

169 1836 229 1890 in
265 1821 403 1877 calle
451 1836 548 1875 cor
597 1818 914 1890 ignorantiae
964 1831 1075 1871 suae
1122 1815 1375 1870 tenebras
1405 1813 1628 1877 invenit,
1659 1815 1748 1883 qui

167 1926 274 1966 cur
321 1913 396 1965 ita
428 1910 788 1981 ﬂagellaretur
819 1914 1104 1977 penetrare
1133 1920 1238 1958 non
1271 1903 1463 1973 potuit.
1498 1902 1648 1969 Quod
1686 1902 1754 1957 ad

169 1999 392 2054 inﬁrma
421 2015 634 2069 quoque
661 1998 900 2052 membra
929 2004 1131 2050 sanetae
1155 1993 1409 2048 Ecclesiae
1439 2007 1545 2046 non
1570 1991 1756 2046 incon-

169 2107 312 2162 grue
340 2089 597 2145 refertur.
629 2088 764 2156 Quia
791 2087 953 2156 igitur
973 2099 1115 2154 saepe
1143 2083 1478 2147 inﬁrmitate,
1512 2097 1758 2137 nonnun-

170 2197 340 2252 quam
398 2196 526 2236 vero
573 2179 898 2249 ignorantia,
934 2183 1226 2248 peccatur,
1263 2190 1328 2229 ex
1358 2173 1754 2228 inﬁrmantibus

169 2269 439 2327 membris
493 2269 692 2324 dicitur
724 2284 738 2322 :
774 2265 1024 2321 Semitam
1071 2281 1238 2318 meam
1288 2264 1662 2332 circumsepsit,
1710 2273 1756 2317 et

169 2360 405 2413 transire
432 2374 534 2412 non
557 2373 787 2427 possum.
817 2355 897 2410 Ex
924 2355 1002 2409 eis
1032 2369 1162 2408 vero
1190 2353 1281 2423 qui
1317 2352 1384 2406 ad
1422 2351 1595 2424 ipsum
1625 2368 1759 2422 opus

168 2451 380 2504 bonum
404 2450 546 2517 quod
569 2447 788 2518 eligant,
815 2445 1084 2513 caligant,
1115 2443 1369 2498 subditur
1397 2461 1408 2496 :
1438 2440 1503 2497 Et
1535 2444 1588 2496 in
1629 2443 1759 2497 calle

168 2557 292 2595 meo
341 2530 579 2594 tenebras
637 2537 834 2610 posuit.
879 2537 938 2592 In
991 2534 1126 2592 calle
1175 2551 1305 2607 ergo
1361 2550 1458 2591 suo
1507 2535 1759 2588 tenebras

172 2627 410 2694 invenit,
437 2631 562 2700 quia
605 2630 658 2684 in
691 2629 776 2684 his
805 2642 925 2698 qua:
961 2641 1120 2699 agere
1152 2627 1378 2698 appetit,
1408 2623 1534 2697 quid
1563 2619 1760 2695 eligere

172 2719 398 2783 debeat,
427 2718 621 2773 nescit.
648 2718 848 2773 Contra
879 2715 996 2772 haec
1024 2726 1250 2785 utraque
1289 2732 1387 2785 per
1418 2713 1757 2770 Psalmistam

173 2809 425 2865 dicitur:
469 2827 487 2860 ι
516 2809 778 2864 Dominus
823 2806 1145 2862 illuminatio
1183 2822 1322 2873 mea,
1359 2816 1414 2860 et
1450 2801 1594 2861 salus
1641 2821 1759 2860 mea

175 2901 355 2972 (Psal.
389 2917 537 2966 XXVI,
565 2901 638 2970 l).
671 2920 688 2951 ι
719 2900 979 2970 Sequitur
1017 2918 1032 2955 :

257 3002 418 3057 Vens.
457 3003 508 3058 9.
567 3001 890 3072 Exspatiavit
935 3018 1016 3056 me
1073 3002 1239 3072 gloria
1291 3017 1427 3067 mea,
1468 3010 1517 3054 et
1550 2999 1760 3055 abstulit

173 3108 430 3146 coronam
469 3092 534 3146 de
575 3093 742 3162 capite
771 3109 903 3146 meo.
934 3123 1003 3133 —
1029 3091 1180 3160 Quod
1230 3102 1421 3147 cuncta
1459 3092 1572 3147 haec
1615 3089 1757 3146 beati

1846 564 2061 619 dicitur.
2095 563 2306 618 Corona
2331 578 2460 633 ergo
2484 564 2548 617 de
2575 563 2750 632 capite
2776 561 3039 625 aufertur,
3069 577 3189 616 cum
3222 579 3411 634 super-

1847 667 1930 705 nae
1986 649 2436 704 remunerationis
2479 650 2696 719 prsentia
2749 650 2912 703 etiam
2964 649 3066 718 ipsi
3121 650 3415 717 deserunt,

1847 739 1938 809 qui
1981 739 2035 792 in
2077 739 2180 793 hoc
2219 737 2474 794 Ecclesiae
2506 752 2734 808 corpore
2785 752 3018 807 praeesse
3075 737 3413 793 videbantur.

1849 828 2103 898 Sequitur
2134 842 2148 881 :

1918 918 2082 973 Vens.
2117 916 2202 970 10.
2231 915 2502 970 Destruxit
2542 933 2622 970 me
2649 917 2876 988 undique
2901 925 2948 970 et
2971 933 3146 984 pereo,
3178 927 3225 971 et
3264 918 3417 987 quasi

1850 1007 2044 1060 avulsa:
2073 1007 2248 1060 arbori
2275 1006 2484 1060 abstulit
2514 1023 2651 1075 spem
2680 1022 2866 1060 meam.
2893 1037 2960 1046 —
2986 1006 3151 1073 Quasi
3183 1009 3419 1076 undique

1850 1098 1990 1151 enim
2013 1096 2253 1152 Ecclesia
2278 1097 2590 1159 destruitur,
2635 1106 2795 1164 atque
2821 1097 2873 1150 in
2901 1097 3129 1151 inﬁrmis
3161 1097 3418 1152 membris

1850 1188 2080 1257 deperit,
2095 1188 2306 1256 quando
2334 1187 2446 1258 ipsa
2464 1203 2583 1258 quae
2605 1188 2922 1242 videbantur
2947 1187 3108 1242 fortia
3133 1199 3412 1251 corruunt,

1851 1280 2064 1349 quando
2097 1294 2296 1334 corona
2328 1279 2392 1334 de
2436 1279 2613 1348 capite
2634 1278 2982 1333 abstrahitur.
3022 1277 3198 1333 Arbor
3225 1280 3422 1348 quippe

1851 1380 2012 1424 vento
2046 1369 2335 1438 impellitur
2357 1377 2414 1422 ut
2439 1369 2618 1432 cadat,
2645 1378 2698 1423 et
2733 1382 2892 1437 quem
2921 1367 3080 1421 mina:
3124 1376 3332 1420 terrent
3363 1376 3422 1420 ut

1852 1459 1917 1512 ad
1949 1457 2220 1527 injustiam
2251 1465 2490 1522 corruat,
2523 1457 2650 1527 quid
2679 1457 2820 1512 aliud
2845 1471 3007 1526 quam
3053 1458 3264 1511 arboris
3293 1456 3423 1512 ﬂatu

1852 1553 2070 1600 ventum
2103 1545 2342 1615 pertulit,
2383 1553 2436 1600 et
2466 1554 2666 1601 statum
2690 1560 2798 1600 suae
2827 1532 3164 1601 rectitudinis
3194 1546 3374 1602 amisit
3400 1549 3422 1599 ’ἒ

1855 1634 2113 1703 Sequitur
2136 1653 2148 1687 :

1927 1725 2089 1778 Vens.
2134 1724 2220 1777 ll.
2272 1723 2450 1778 Iratus
2480 1733 2552 1778 est
2582 1724 2732 1796 furor
2761 1725 2876 1795 ejus
2917 1722 3098 1779 contra
3145 1743 3242 1792 me,
3271 1735 3319 1780 et
3349 1729 3424 1781 sic

1782 1818 1826 1876 Β
1855 1831 1933 1868 me
1961 1815 2139 1868 habuit
2169 1816 2320 1884 quasi
2343 1815 2540 1869 hostem
2563 1831 2734 1869 suum.
2754 1847 2825 1856 —
2845 1815 3206 1872 Praedicatore
3227 1818 3424 1889 quippe

1857 1911 2146 1958 attestante
2182 1903 2466 1957 didicimus
2490 1941 2505 1966 ,
2530 1904 2655 1972 quia
2684 1921 2702 1955 ι
2741 1903 2913 1960 ﬁdelis
2933 1912 3014 1959 est
3048 1905 3211 1970 Deus,
3239 1914 3293 1960 et
3318 1921 3425 1960 non

1854 1994 2060 2064 patitur
2095 2008 2192 2048 nos
2225 1992 2422 2048 tentari
2463 2009 2624 2062 supra
2657 1993 2709 2048 id
2750 1996 2890 2064 quod
2921 2003 3207 2064 posSumus
3257 1997 3424 2060 ferre,

1855 2085 1951 2139 sed
1997 2083 2127 2138 facit
2168 2100 2290 2138 cum
2342 2083 2637 2138 tentatione
2663 2093 3004 2154 proventum,
3061 2087 3118 2140 ιιι
3160 2087 3429 2155 possimus

1856 2174 2326 2246 sustinere(I_Cor.
2345 2191 2401 2239 κ,
2422 2175 2528 2244 15).
2547 2194 2564 2225 ι
2593 2175 2695 2229 Per
2723 2177 3036 2244 prophetam
3057 2187 3269 2246 quoque
3299 2179 3430 2232 dicit

1859 2265 2116 2321 Dominus
2151 2285 2162 2320 :
2199 2284 2218 2318 ι
2260 2266 2421 2334 Plaga
2454 2266 2675 2326 inimici,
2725 2268 2966 2336 percussi
2997 2277 3048 2322 te
3071 2269 3426 2338 castigatione

1857 2355 2060 2411 crudeli
2094 2354 2225 2426 (Jer.
2261 2371 2388 2419 xxx,
2417 2354 2524 2425 li).
2567 2375 2583 2406 ι
2621 2355 2720 2422 Qui
2752 2371 2878 2425 ergo
2909 2355 2980 2410 ita
3019 2358 3342 2426 percutitur,
3369 2367 3430 2411 ut

1857 2435 1998 2502 vires
2027 2441 2170 2500 illius
2192 2461 2222 2499 a
2251 2446 2598 2514 percussione
2648 2449 2988 2515 superentur,
3017 2461 3122 2501 non
3151 2449 3294 2502 hunc
3326 2450 3427 2502 Do-

1859 2536 2036 2590 minus
2058 2534 2210 2604 quasi
2235 2528 2401 2588 ﬁlium
2424 2548 2521 2604 per
2541 2533 2898 2604 disciplinam,
2925 2535 3015 2589 sed
3040 2537 3192 2606 quasi
3218 2538 3427 2592 hostem

1858 2642 1956 2697 per
1982 2627 2116 2681 iram
2144 2625 2289 2682 ferit.
2314 2625 2572 2696 Sequitur
2599 2645 2610 2679 :

1931 2716 2094 2772 Vens.
2120 2717 2204 2772 12.
2245 2716 2418 2772 Simul
2442 2728 2682 2772 venerunt
2711 2719 2936 2774 latrones
2965 2717 3100 2791 ejus,
3124 2732 3170 2776 et
3197 2723 3429 2792 fecerunt

1860 2809 1960 2863 sibi
1988 2811 2121 2864 viam
2149 2811 2240 2880 per
2265 2827 2364 2865 me.
2397 2841 2465 2851 —
2489 2811 2751 2867 Latrones
2781 2829 3010 2884 namque
3042 2814 3178 2885 ejus,
3211 2818 3429 2888 maligni

1860 2911 1983 2958 sunt
2013 2903 2235 2973 spiritus
2262 2943 2278 2967 ,
2329 2903 2421 2974 qui
2456 2903 2803 2974 exquirendis
2850 2900 3123 2961 hominum
3169 2909 3432 2964 mortibus

1861 2990 2213 3064 ecettpantur,
2250 2995 2359 3073 qui.
2383 2995 2526 3048 viam
2581 2996 2681 3050 sibi
2734 2997 2785 3050 in
2825 2996 3140 3054 alllictornm
3181 3002 3432 3058 cordibus

1865 3077 2086 3151 faciunt,
2112 3087 2325 3156 quando
2352 3087 2491 3143 inter
2513 3085 2738 3143 adversa
2770 3104 2886 3159 quae
2911 3092 3150 3147 exterius
3177 3093 3430 3158 tolerant,

172 3181 283 3235 viri
313 3181 367 3236 in
398 3181 685 3236 aﬁlictiOue
711 3180 870 3250 positi
896 3195 1139 3250 persona:
1165 3181 1508 3244 conveniant,
1531 3177 1752 3234 dubium
1784 3165 1826 3226 C
1858 3177 2210 3248 cogitationes
2237 3192 2449 3246 quoque
2479 3181 2669 3248 pravas
2698 3179 2986 3236 immittere
3012 3197 3119 3236 non
3141 3181 3426 3238 desistunt.

172 3287 287 3328 non
317 3281 420 3327 est.
463 3271 570 3326 Sed
615 3271 744 3340 quia
779 3271 1021 3325 historiae
1069 3270 1228 3324 verba
1267 3277 1483 3339 patent,
1537 3268 1754 3338 exposi-

177 3363 328 3416 tione
364 3362 518 3431 juxta
561 3356 797 3415 litteram
831 3375 936 3414 non
977 3357 1236 3429 indigent.
1274 3357 1500 3426 Oportet
1549 3371 1678 3426 ergo
1700 3364 1760 3409 ut

171 3466 276 3520 per
330 3466 523 3506 sensus
582 3449 776 3504 debeat
841 3449 1097 3519 mysticos
1152 3446 1482 3516 investigari,
1542 3446 1594 3501 id
1643 3452 1758 3511 est,

168 3541 391 3611 iustitia
423 3541 492 3596 ab
520 3539 750 3594 inﬁrmis
771 3539 947 3594 ablata
968 3546 1068 3602 est,
1099 3553 1218 3609 quae
1236 3539 1302 3592 ab
1327 3538 1405 3592 eis
1427 3535 1626 3592 auferri
1652 3553 1756 3591 non

172 3633 372 3701 possit,
406 3631 501 3686 sed
527 3630 730 3686 idcirco
751 3630 924 3700 potuit
962 3629 1098 3695 tolli,
1123 3629 1248 3698 quia
1283 3643 1431 3684 more
1453 3627 1758 3683 vestimenti

176 3723 424 3777 exterius
463 3721 708 3776 adhaesit.
744 3721 861 3788 Qua
912 3721 963 3775 in
999 3736 1057 3775 re
1086 3719 1434 3790 quaerendum
1487 3728 1571 3774 est
1621 3733 1757 3789 quo-

178 3811 346 3866 modo
398 3821 600 3867 sanctae
646 3810 901 3866 Ecclesiae
955 3811 1194 3865 membra
1243 3809 1346 3864 diei
1405 3808 1621 3862 valeant
1667 3807 1756 3877 qui

177 3911 477 3971 potuerunt
499 3901 766 3970 justitiam
793 3903 1036 3972 perdere,
1067 3917 1227 3973 quam
1285 3910 1469 3956 tenere
1502 3901 1760 3956 videban-

180 4003 296 4048 tur.
353 3993 458 4049 Sed
502 3994 781 4049 sciendum
816 3996 1063 4064 estquod
1101 3995 1418 4063 plerumque
1442 4009 1472 4047 a
1505 3992 1760 4048 membris

177 4084 302 4152 ejus
337 4077 734 4140 inﬁrmantibus
757 4083 969 4154 justitia
997 4085 1062 4138 ad
1107 4095 1315 4154 tempus
1337 4085 1626 4149 amittitur,
1661 4085 1755 4138 sed

177 4193 280 4247 per
307 4173 666 4247 cognitionem
706 4177 876 4247 culpm
919 4165 1258 4247 postmodum
1290 4177 1356 4232 ad
1385 4173 1757 4246 paenitentiam

182 4272 440 4336 redeunt,
465 4286 692 4340 seseque
735 4270 802 4324 ad
827 4271 1070 4326 eamdem
1087 4269 1353 4338 justitiam
1379 4271 1572 4324 fortius
1597 4284 1759 4340 quam

182 4359 516 4412 credebatur
557 4359 880 4429 astringunt.
944 4356 1198 4428 Sequitur
1235 4379 1245 4412 :
1277 4359 1342 4412 Et
1375 4358 1586 4412 abstulit
1614 4376 1761 4412 coro-

177 4463 306 4500 nam
338 4447 402 4500 de
440 4449 607 4516 capite
638 4463 769 4500 meo.
811 4478 882 4488 —
915 4443 1067 4501 Sicut
1096 4456 1256 4517 caput
1293 4446 1537 4516 corporis
1585 4447 1755 4515 prima

178 4551 309 4602 pars
348 4545 453 4600 est,
490 4538 560 4591 ita
590 4537 886 4607 principale
916 4537 1190 4591 interioris
1217 4537 1453 4591 hominis
1476 4551 1627 4591 mens
1653 4546 1752 4590 est.

176 4625 393 4681 Corona
437 4642 565 4681 vero
613 4627 854 4681 victoriae
884 4628 1164 4697 praemium
1193 4635 1295 4692 est,
1330 4629 1472 4697 quod
1529 4627 1757 4696 desuper

175 4714 417 4784 ponitur,
454 4712 634 4786 utqui
668 4717 959 4771 certaverit
1002 4727 1397 4771 remuneretur.
1452 4716 1586 4782 Quia
1630 4730 1758 4786 ergo

175 4807 334 4862 multi
391 4807 810 4870 adversitatibus
857 4808 1029 4877 pressi
1075 4807 1294 4863 minime
1350 4809 1401 4862 in
1461 4809 1757 4863 certamine

177 4895 496 4965 perdurant,
548 4896 601 4950 in
654 4897 734 4952 eis
765 4907 951 4951 sancta
1005 4894 1248 4952 Ecclesia
1280 4899 1434 4968 quasi
1487 4899 1553 4953 de
1582 4899 1757 4968 capite

173 4999 434 5040 coronam
470 4984 688 5038 amittit.
741 4983 953 5039 Corona
986 4983 1180 5053 quippe
1219 4985 1273 5039 in
1327 4986 1502 5055 capite
1539 4995 1624 5040 est
1673 5000 1755 5039 su-

170 5088 342 5142 perna
393 5073 758 5128 remuneratio
789 5073 844 5127 in
897 5083 1094 5128 mente.
1121 5073 1187 5127 Et
1235 5083 1360 5129 sunt
1399 5075 1640 5144 plerique
1669 5072 1758 5142 qui

172 5166 301 5219 dum
373 5165 797 5220 adversitatibus
857 5164 1161 5236 afﬂiguntur
1235 5182 1463 5235 superna
1541 5165 1758 5234 praemia

1859 3263 2114 3334 Sequitur
2137 3284 2149 3319 ε
2179 3264 2240 3318 Et
2265 3265 2572 3320 obsederunt
2599 3269 2653 3320 in
2673 3284 2797 3337 gyro
2823 3270 3212 3326 tabernaculum
3237 3289 3427 3326 meum.

1856 3387 1926 3396 —
1948 3355 2004 3410 In
2036 3372 2166 3428 gyro
2194 3355 2336 3411 enim
2370 3358 2773 3414 tabernaculum
2805 3362 3074 3426 obsident,
3113 3367 3327 3433 quando
3365 3381 3432 3419 cx

1858 3446 2002 3504 Omni
2031 3449 2198 3503 latere
2229 3451 2340 3504 suis
2369 3443 2755 3524 tentationibus
2781 3461 3010 3507 mentem
3042 3455 3284 3524 cingunt,
3313 3472 3432 3526 quae

1859 3549 2035 3595 tamen
2064 3542 2250 3606 verba,
2281 3549 2340 3594 ut
2368 3539 2479 3611 jam
2517 3541 2885 3612 praediximus,
2923 3545 3080 3600 beato
3114 3545 3233 3612 Job,
3268 3549 3433 3602 etiam

1852 3627 2004 3700 juxta
2032 3632 2335 3697 historiam,
2364 3642 2689 3700 congruunt,
2729 3635 2818 3704 qui
2844 3636 2967 3691 dum
2999 3637 3136 3691 mala
3161 3653 3278 3707 quae
3307 3655 3432 3709 per-

1861 3721 2002 3785 tulit,
2042 3731 2167 3776 ante
2215 3713 2398 3777 oculos
2442 3724 2740 3792 congessit,
2782 3739 2886 3777 non
2921 3726 3072 3794 quasi
3114 3726 3300 3791 ﬁlium,
3339 3731 3432 3782 sed

1858 3809 2011 3879 quasi
2039 3811 2244 3864 hostem
2273 3825 2584 3877 percussum
2609 3826 2665 3866 se
2693 3827 2812 3866 esse
2840 3812 3115 3867 indicavit.
3144 3813 3248 3868 Per
3272 3828 3430 3882 quem

1857 3888 2022 3960 etiam
2053 3901 2152 3957 sibi
2178 3901 2414 3956 latrones
2442 3901 2554 3970 ejus
2590 3903 2729 3957 viam
2761 3902 3023 3969 fecerunt,
3058 3905 3183 3974 quia
3215 3905 3430 3976 maligni

1859 3986 2080 4063 spiritus
2123 4001 2310 4047 contra
2339 4006 2460 4047 eum
2494 3991 2768 4048 licentiam
2807 3995 3170 4063 percussionis
3205 4011 3431 4070 accepe-

1860 4094 2003 4139 runt.
2025 4082 2188 4152 Cujus
2214 4084 2265 4138 in
2295 4098 2424 4155 gyro
2467 4085 2870 4140 tabernaculum
2915 4085 3250 4153 obsiderent,
3281 4090 3429 4161 quia,

1860 4174 2081 4229 Sublatis
2118 4173 2276 4228 rebus
2311 4182 2364 4226 et
2394 4172 2535 4236 ﬁliis,
2571 4174 2733 4229 etiam
2765 4190 2960 4245 corpus
2995 4175 3110 4248 ejus
3135 4192 3293 4234 omne
3315 4179 3437 4232 vul-

1858 4261 2080 4317 neribus
2117 4261 2457 4314 attriverunt.
2501 4260 2608 4315 Sed
2641 4262 2832 4316 mirum
2873 4263 3029 4319 valde
3066 4275 3170 4331 est,
3205 4282 3326 4322 eum
3354 4267 3435 4320 la-

1858 4359 2030 4404 trones
2060 4351 2282 4415 diceret,
2312 4367 2410 4406 cur
2436 4352 2643 4406 addidit
2675 4353 2808 4422 ejus.
2843 4353 2912 4409 Ut
2941 4355 3190 4412 videlicet
3215 4359 3433 4413 eosdem

1859 4433 2094 4495 latrones
2128 4441 2219 4494 Dei
2249 4457 2370 4495 esse
2399 4451 2742 4497 monstraret.
2779 4442 2884 4499 Sed
2914 4445 3037 4514 quia
3070 4448 3122 4500 in
3152 4448 3230 4502 eis
3258 4456 3311 4502 et
3342 4463 3439 4502 vo-

1859 4533 2038 4586 luntas
2080 4530 2272 4600 injusta
2303 4541 2407 4596 est,
2445 4541 2498 4586 et
2537 4543 2776 4603 potestas
2798 4536 2963 4606 justa,
2995 4546 3048 4592 et
3077 4537 3315 4593 latrones
3350 4537 3436 4591 di-

1860 4631 2054 4678 cuntur
2081 4621 2219 4693 ejus,
2248 4630 2302 4678 et
2331 4623 2443 4677 Dei.
2476 4623 2580 4679 Sed
2611 4627 2757 4694 quia,
2791 4635 2848 4679 ut
2875 4641 3014 4696 saepe
3037 4626 3148 4698 jam
3178 4628 3433 4693 diximus,

1858 4721 2078 4768 sanctus
2102 4713 2184 4767 vir
2211 4714 2418 4782 positus
2461 4713 2514 4772 in
2547 4714 2731 4769 dolore
2774 4731 3075 4786 pmnarum,
3110 4719 3268 4772 modo
3300 4719 3432 4781 suis,

1860 4803 2017 4857 modo
2052 4802 2324 4868 Ecclesiae,
2369 4803 2526 4858 modo
2557 4803 2934 4874 Redemptoris
2988 4807 3160 4861 nostri
3214 4807 3437 4860 vocibus

1859 4894 2049 4960 utitur,
2080 4903 2134 4948 et
2164 4893 2478 4963 plerumque
2523 4894 2602 4948 sic
2645 4909 2739 4948 sua
2787 4905 2990 4961 narrat,
3023 4906 3081 4949 ut
3121 4906 3294 4950 tamen
3340 4910 3438 4964 per

1863 4993 2066 5054 typum,
2100 4999 2162 5040 ea
2192 4999 2312 5053 quae
2353 4990 2479 5037 sunt
2511 4997 2711 5038 sanctae
2745 4985 2997 5040 Ecclesiae
3023 5002 3086 5040 ac
3115 4985 3439 5052 Redempto-

1862 5073 1935 5125 ris
1984 5071 2150 5126 nostri
2202 5071 2480 5140 proferat,
2529 5073 2820 5141 postposita
2851 5085 2979 5126 cura
3011 5071 3266 5132 historiae,
3297 5083 3434 5137 pau~

1859 5159 2027 5228 lisper
2075 5160 2128 5212 in
2167 5159 2250 5213 his
2296 5173 2416 5226 quae
2463 5157 2776 5229 subjungit,
2824 5162 3054 5228 qualiter
3113 5157 3436 5228 Redempto-
