3948 5398
517 286 625 349 267
1475 285 1532 341 S.
1575 283 1826 343 000le
1862 282 2155 341 ABBATIS
2191 283 2688 342 CLUNIACENSIS
2722 284 2769 341 Il
3637 289 3716 354 εδδ

521 399 1049 474 receperuntann.
1078 400 1255 471 1,“).
1284 420 1302 453 ι
1338 400 1488 456 Adeo
1511 404 1708 474 quippe
1732 400 1928 456 fratres
1946 399 2105 470 longe
2131 396 2376 463 Acreati
2433 411 2531 467 per
2572 397 2768 452 saecula
2833 398 3235 468 producamnr?
3303 397 3439 457 Deus
3482 415 3612 476 ergo,
3650 413 3717 480 qui

520 496 649 551 faeti
675 503 820 561 sunt,
849 501 903 549 et
945 491 1059 548 noti
1091 503 1451 559 recesserunt,
1492 494 1617 564 quia
1658 500 1906 549 tenentes
1931 491 2104 562 legem
2207 496 2394 545 manet
2451 497 2576 543 ante
2629 488 2848 555 saecula,
2903 487 3045 543 uteri
3099 488 3185 543 sui
3239 487 3375 544 ﬁlios
3419 498 3591 561 oravit,
3627 501 3720 568 quia

518 586 841 656 prophetare
885 582 1095 639 Hebraei
1124 592 1410 649 noverant,
1440 592 1495 638 et
1533 589 1853 653 prmsentem
1883 580 2105 637 minime
2205 591 2301 635 eos
2357 593 2494 648 quos
2560 587 2811 649 potenter
2880 593 2976 648 per
3058 578 3376 650 dignitatem
3439 596 3576 639 suam
3625 603 3722 643 οοη.

516 676 992 747 recognoscebant.
1031 674 1189 733 Unde
1220 687 1274 733 et
1299 684 1446 731 recte
1476 674 1716 730 dicitur:
2206 666 2383 733 didit,
2436 667 2751 724 incarnatus
2793 667 3019 724 veniens
3063 667 3346 725 humiliter
3386 673 3593 742 rogavit.
3648 675 3721 733 se.

584 769 748 825 Vens.
781 769 867 824 14.
907 768 973 824 Et
1013 768 1402 841 dereliquerunt
1444 784 1525 822 me
1575 766 1853 838 prapinqui
1894 766 2016 831 mei,
2057 772 2107 821 et
2206 759 2394 831 quitur
2427 774 2443 814 :

512 861 601 932 qui
647 877 728 914 me
778 868 1026 915 noverant
1075 859 1221 915 obliti
1269 868 1390 915 sunt
1430 859 1553 913 mei.
1590 888 1660 898 —
1687 856 1854 913 Judmi
1903 856 2104 913 etenim
2274 849 2441 905 VII-ms.
2490 849 2577 905 18.
2616 849 2781 907 Stulti
2814 867 3019 923 quoque
3046 850 3395 922 despiciebant
3437 864 3529 909 me.
3566 886 3627 898 -
3653 855 3727 913 Saé

511 951 801 1022 propinqui
854 966 953 1022 per
1004 967 1222 1007 carnem
1250 992 1264 1017 ,
1316 950 1429 1006 noti
1474 965 1572 1021 per
1613 949 1747 1020 legis
1798 948 2105 1003 instructio—
2202 940 2481 1012 pientibus
2508 958 2538 996 a
2566 943 2814 1000 veritatis
2840 942 2946 999 ﬁde
2977 943 3313 1010 cadentibus,
3345 955 3485 1002 recte
3509 947 3569 1004 de
3588 948 3727 1006 stultis

512 1058 636 1098 nem
672 1083 688 1108 ,
752 1043 907 1117 quasi
967 1042 1119 1099 obliti
1183 1051 1310 1099 sunt
1371 1055 1531 1112 quem
1598 1040 2056 1110 prophetaverunt
2084 1078 2099 1104 ,
2205 1033 2423 1088 additur
2452 1049 2701 1105 quoque,
2750 1036 2879 1106 quia
2923 1035 3051 1090 dum
3098 1034 3359 1094 Pharisaei
3401 1038 3653 1095 Dominum
3683 1056 3728 1096 ac

509 1124 639 1187 dum
689 1118 813 1188 eam
863 1142 918 1189 ει
968 1122 1359 1189 ἷῃδθτῂθηάατη
1410 1130 1592 1185 verbis
1635 1129 1768 1200 legis
1822 1136 2100 1193 canerem,
2203 1120 2500 1192 legisperiti
2532 1123 2907 1195 despicerent,
2944 1138 3133 1180 eorum
3164 1125 3581 1184 incredulitatem
3601 1130 3727 1186 etiam

509 1232 563 1277 et
612 1224 956 1280 incarnatum
1007 1224 1188 1282 verbis
1248 1221 1491 1295 perﬁdiae
1546 1227 1823 1298 negarent.
1904 1217 2100 1288 Sequi-
2202 1211 2385 1283 populi
2411 1214 2493 1269 sui
2518 1213 2674 1269 turba
2703 1221 2889 1270 secuta
2913 1223 3015 1279 est,
3039 1230 3160 1285 qum
3183 1215 3235 1271 in
3258 1228 3324 1271 eo
3344 1218 3481 1286 quod
3506 1218 3727 1274 hominem

502 1323 658 1392 ,ιυτξε
2202 1303 2371 1372 vidit,
2409 1304 2788 1376 Redemptoris
2824 1304 3012 1361 mundi
3056 1305 3473 1376 prtudicamenta
3514 1308 3727 1377 despexit.

580 1391 747 1463 Vens.
800 1400 886 1463 {5.
926 1392 1180 1480 [inquilini
1219 1409 1405 1465 domus
1461 1423 1590 1464 mets
1625 1417 1674 1463 et
1720 1406 1927 1462 ancilla:
1972 1421 2101 1461 mea:
2204 1392 2463 1466 Sequitur
2501 1412 2515 1449 ε
2553 1394 2626 1450 Et
2674 1412 2792 1451 cum
2834 1396 2899 1450 ab
2939 1396 3014 1452 eis
3051 1398 3411 1464 recessissem,
3449 1391 3730 1453 detrahebant

508 1499 642 1552 sicut
672 1498 900 1555 alienum
934 1499 1227 1555 habuerunt
1257 1517 1357 1555 me.
1386 1532 1458 1542 --
1483 1498 1739 1570 lnquilini
1789 1499 1980 1554 domus
2004 1497 2099 1554 Dei
2201 1485 2354 1573 mihi:
2371 1516 2442 1526 ·-·
2462 1484 2629 1554 0033i
2651 1486 2943 1543 accedebat
2967 1486 3167 1558 quippe
3188 1487 3258 1544 ad
3277 1488 3439 1545 corda
3464 1487 3731 1560 Ροβυιοτηω

508 1587 723 1646 fuerant
750 1593 1096 1660 sacerdotes,
1143 1608 1372 1664 quorum
1421 1595 1574 1665 origo
1618 1592 1673 1647 in
1715 1590 1810 1646 Dei
1859 1588 2096 1654 servitio,
2202 1576 2484 1644 Dominus,
2518 1592 2639 1633 cum
2666 1576 2748 1633 Eis
2795 1576 3060 1632 mirﬁcum
3106 1578 3518 1645 demODSll‘arela
3543 1576 3732 1648 ειίιιιδεε

509 1681 826 1752 deputatum
848 1683 960 1755 jam
988 1699 1086 1756 per
1118 1683 1353 1741 cilicium
1393 1685 1447 1740 in
1480 1684 1845 1741 conditionem
1876 1678 2065 1737 teneba

2204 1668 2512 1735 recedebat,
2543 1683 2665 1750 cum
2704 1667 2848 1723 nulla
2893 1669 3046 1741 signa
3092 1671 3422 1726 ostenderet.
3475 1669 3574 1725 Sed
3614 1683 3730 1725 rece-

503 1782 616 1827 tur.
654 1773 879 1829 Ancilla:
908 1783 1090 1830 autem
1126 1790 1234 1832 non
1264 1775 1536 1831 immerito
1567 1774 1941 1846 intelliguntur
1968 1770 2100 1827 levi—
2128 1760 2174 1820 Β
2203 1759 2351 1816 denti
2392 1759 2621 1816 θοῐῐιίηο
2657 1759 3038 1826 (lambebant.
3070 1775 3194 1817 Cum
3242 1776 3274 1815 εὶ
3317 1760 3582 1817 ωίΐθουιίδ
3619 1759 3734 1830 limi?“

506 1870 682 1917 tarum
711 1863 904 1918 animze
929 1865 997 1919 ad
1036 1872 1243 1920 secreta
1284 1864 1639 1931 tabernaculi,
1674 1863 1827 1935 quasi
1861 1863 1925 1916 ad
1957 1861 2065 1917 inte

1919 1864 1925 1915 |
1957 1861 2098 1917 inte.
2200 1849 2373 1906 seenti
2399 1850 2646 1920 praebere
2670 1848 2831 1905 ﬁdem
2867 1850 3142 1907 nolebant.
3175 1851 3436 1922 Sequitur
3464 1868 3478 1904 :

506 1951 651 2006 riora
681 1953 878 2010 cubilis
904 1952 1229 2011 familiarius
1256 1955 1581 2023 servientes,
1617 1955 1710 2027 qui
1753 1954 2065 2010 incernatur

2272 1945 2435 2001 Vens.
2466 1944 2555 2000 19.
2593 1944 2896 2002 Abominati
2934 1955 3057 2001 sunt
3091 1963 3172 2001 me
3197 1947 3461 2019 quondam
3498 1944 3733 2000 consiliarii

508 2040 817 2109 Dominum,
846 2057 1009 2113 quem
1054 2043 1255 2099 dudum
1303 2060 1401 2116 per
1445 2044 1578 2116 legis
1619 2044 1785 2099 verba
1834 2042 2100 2115 pmdixe.
2197 2036 2298 2089 mei
2321 2046 2368 2089 et
2398 2052 2549 2106 quem
2595 2038 2821 2091 maxime
2851 2037 3131 2109 diligebam
3170 2039 3475 2093 adversatus
3520 2046 3588 2091 est
3620 2036 3734 2089 mihi.

500 2142 651 2200 erant,
685 2149 1011 2206 cognoscere
1042 2151 1107 2191 ac
1138 2137 1381 2192 venerari
1430 2137 1741 2192 noluerunt.
1789 2135 2047 2205 Sequitur
2080 2153 2094 2191 :
2198 2160 2267 2169 —-
2296 2128 2500 2184 Scribat:
2533 2128 2713 2199 imaue
2747 2139 2802 2185 et
2825 2129 2960 2202 legis
2987 2131 3239 2187 doctores
3267 2131 3360 2201 qui
3387 2130 3590 2187 erudire
3606 2142 3736 2200 popu-

507 2222 574 2277 I'It
606 2226 758 2295 quasi
792 2227 1095 2297 peregrinus
1135 2226 1215 2295 [ui
1241 2226 1294 2281 in
1326 2225 1492 2282 oculis
1524 2243 1726 2281 eorum.
1758 2255 1829 2264 —
1858 2225 2097 2280 Redem-
2196 2219 2277 2275 los
2305 2220 2372 2275 ad
2397 2220 2562 2274 vitam
2595 2229 3009 2287 consueverant,
3038 2222 3168 2292 quid
3206 2222 3355 2278 aliud
3385 2237 3540 2292 quam
3566 2218 3736 2276 venturi

504 2326 628 2385 ptor
654 2320 852 2374 etenim
898 2330 1083 2375 noster
1125 2319 1251 2374 dum
1297 2335 1327 2375 a
1382 2318 1664 2390 Synagoga
1701 2318 1949 2388 cognitus
1988 2332 2096 2371 non
2198 2314 2579 2385 Redemptoris
2629 2316 2927 2372 consiliarii
2980 2316 3233 2373 fuerunt?
3278 2317 3384 2385 Qui
3437 2325 3602 2372 tamen
3641 2314 3739 2368 dum

500 2417 621 2474 est,
666 2410 718 2464 in
765 2411 924 2467 domo
955 2427 1050 2466 sua
1101 2411 1256 2481 quasi
1305 2410 1623 2481 peregrinus
1669 2408 1899 2471 exstitit.
1942 2407 2098 2476 Quod
2197 2404 2538 2471 incarnatum
2588 2407 2879 2463 Dominum
2927 2410 3346 2481 conspicerent,
3397 2408 3620 2465 consiliis
3654 2404 3739 2461 suis

502 2508 691 2569 aperte
729 2501 990 2571 propheta
1038 2509 1266 2556 testatur
1295 2500 1481 2557 dicens
1513 2517 1526 2552 :
1563 2518 1581 2551 ι
1614 2497 1792 2566 Quare
1820 2497 1964 2554 sicut
2000 2512 2094 2551 co-
2198 2497 2396 2553 multos
2446 2498 2516 2553 ab
2552 2498 2671 2570 ejus
2718 2500 2823 2556 ﬁde
2867 2501 3209 2569 diviserunt,
3263 2503 3511 2575 quamvis
3537 2502 3668 2573 prius
3687 2498 3740 2573 ad

504 2586 664 2644 lonus
704 2588 916 2645 iuturus
957 2605 1017 2645 es
1047 2590 1099 2645 in
1134 2599 1303 2656 terra,
1334 2600 1388 2645 et
1427 2589 1582 2659 quasi
1612 2588 1792 2643 viator
1820 2586 2097 2643 declinans
2196 2588 2525 2645 credendum
2582 2592 3015 2649 incarnationem
3066 2594 3183 2665 ejus
3248 2609 3350 2666 per
3405 2593 3737 2666 prophetarum

510 2678 575 2734 ad
604 2680 971 2735 manendum?
1010 2699 1028 2732 ι
1067 2679 1196 2752 (Jer.
1230 2695 1340 2745 xiv,
1372 2679 1452 2751 8.)
1485 2677 1746 2748 Sequitur
1778 2696 1791 2731 :
2202 2678 2366 2735 verba
2415 2680 2614 2738 multos
2655 2683 2902 2738 docuisse
2945 2684 3278 2740 viderentur.
3323 2685 3445 2755 Ipse
3471 2684 3606 2738 enim
3636 2678 3740 2736 ordo

581 2767 747 2824 Vens.
782 2770 863 2824 16.
907 2770 1128 2825 Servum
1169 2787 1336 2825 meant
1377 2770 1574 2836 vocari,
1607 2779 1655 2823 et
1683 2785 1786 2823 non
1814 2764 2093 2839 respondit.
2197 2769 2458 2825 suadente
2510 2771 2737 2840 perﬁdia
2774 2789 2805 2827 a
2849 2771 2956 2828 ﬁde
3003 2774 3248 2830 veritatis
3292 2790 3515 2831 aversus
3543 2780 3641 2837 est,
3671 2766 3739 2839 qui

509 2888 581 2900 —
602 2860 741 2926 Quid
767 2860 912 2915 enim
941 2859 1196 2916 Iudaicus
1224 2860 1453 2932 populus
1483 2860 1604 2926 fuit,
1633 2860 1733 2915 nisi
1764 2874 1976 2925 servus,
2005 2858 2097 2930 qui
2195 2844 2347 2927 prius
2375 2859 2427 2913 in
2470 2844 2661 2916 labore
2688 2861 3091 2931 praedicationis
3120 2864 3368 2919 serviens
3407 2863 3624 2918 maxime
3652 2856 3740 2915 dili-

507 2964 611 3004 non
647 2964 832 3006 amore
885 2950 978 3006 ﬁlii
1020 2953 1419 3021 obsequebatur
1469 2952 1718 3017 Domino,
1757 2951 1853 3006 sed
1903 2951 2098 3006 timore
2201 2950 2453 3022 gebatur.
2488 2950 2797 3023 Sequitur:
3474 3022 3477 3023 ν
3574 2970 3579 2975 θ

505 3041 728 3097 servili?
760 3042 877 3110 Quo
897 3051 1083 3098 contra
1109 3043 1263 3099 nobis
1288 3059 1384 3115 per
1403 3043 1629 3098 Paulum
1652 3044 1850 3099 dicitur
1878 3060 1890 3096 :
1930 3063 1948 3095 ι
1975 3042 2095 3098 Νοιι
2269 3039 2431 3098 Vsus.
2464 3043 2554 3097 20.
2594 3040 2731 3098 Pelli
2759 3060 2887 3099 mete
2914 3047 3250 3117 consumptis:
3272 3047 3520 3102 carnibus
3566 3042 3743 3099 adiurit

505 3132 792 3203 accepistis
836 3124 1082 3203 spiritum
1131 3136 1411 3191 servitutis
1442 3122 1639 3191 iterum
1669 3136 1721 3190 in
1753 3136 1966 3202 timore,
1999 3136 2095 3192 sed
2124 3124 2167 3186 C
2200 3147 2256 3185 os
2295 3149 2486 3187 meum.
2539 3162 2605 3173 -—
2652 3131 2709 3187 ln
2740 3147 2863 3190 osse
2906 3133 3169 3192 fortitudo
3195 3175 3210 3202 ,
3257 3136 3310 3190 in
3362 3135 3611 3192 carnibus
3647 3143 3743 3186 vero

503 3225 760 3294 spiritum
806 3226 1109 3296 adoptionis
1173 3226 1447 3294 ﬁliorum,
1495 3228 1549 3282 in
1594 3243 1702 3298 quo
1748 3227 2092 3284 clamamus:
2203 3218 2491 3275 inﬁrmitas
2519 3222 2765 3292 corporis
2794 3222 3127 3294 designatur.
3179 3226 3315 3292 Quia
3355 3226 3520 3297 igitur
3541 3220 3741 3278 Christus

507 3311 689 3379 Abba,
722 3312 881 3368 Pater
926 3311 1099 3384 (Rom.
1133 3315 1386 3389 vm,15).
1421 3336 1438 3368 ι
1491 3315 1646 3371 llunc
1682 3315 1845 3387 igitur
1882 3331 2097 3372 servum
2201 3317 2254 3363 οι
2305 3309 2541 3365 Ecclesia
2589 3326 2694 3365 una
2741 3326 2972 3382 persona
3025 3321 3129 3378 cst,
3170 3315 3297 3385 quid
3328 3330 3429 3387 per
3453 3330 3513 3370 os
3538 3311 3630 3367 nisi
3660 3309 3745 3379 ipse

504 3405 722 3460 vocavit
770 3405 1067 3471 Dominus,
1125 3408 1252 3477 quia
1300 3408 1514 3464 collatis
1565 3409 1881 3464 muneribus
1940 3408 2096 3479 quasi
2203 3399 2460 3456 Dominus
2491 3399 2848 3473 designatur?
2887 3402 3015 3472 quid
3070 3418 3168 3473 per
3216 3420 3440 3460 carnem
3492 3401 3589 3458 nisi
3617 3396 3743 3455 disci-

505 3496 720 3552 emissis
746 3498 970 3553 vocibus
1000 3498 1068 3552 ad
1107 3514 1167 3556 se
1200 3514 1325 3555 eum
1369 3501 1566 3556 ducere
1596 3501 1825 3565 studuit,
1864 3500 1956 3555 sed
1992 3516 2096 3554 non
2200 3489 2329 3556 pnii.
2363 3490 2452 3558 Qui
2481 3491 2749 3561 passionis
2777 3493 2894 3563 cjus
2927 3502 3171 3563 tempore
3203 3494 3420 3549 inﬁrma
3459 3485 3745 3565 sapuerunt!

505 3586 795 3653 respondit,
823 3586 948 3655 quia
976 3587 1137 3660 digna
1163 3603 1329 3660 opera
1368 3589 1525 3646 donis
1549 3590 1670 3661 ejus
1712 3590 1939 3645 reddere
1966 3604 2064 3645 con

2200 3579 2304 3634 Per
2334 3579 2524 3649 pellem
2573 3596 2703 3637 vero
2749 3598 2868 3653 quae
2895 3583 3137 3640 exterior
3182 3599 3346 3641 carne
3377 3590 3556 3640 manet
3584 3582 3633 3637 in
3655 3592 3744 3634 cor-

507 3676 746 3745 tempsit.
795 3675 967 3732 Vocat
991 3679 1134 3733 enim
1168 3694 1265 3736 nos
1298 3681 1580 3748 Dominus,
1625 3696 1746 3737 cum
1783 3680 2097 3735 muneribus
2200 3688 2350 3743 pore,
2385 3673 2514 3745 quid
2549 3674 2654 3731 nisi
2704 3675 2807 3731 illae
2842 3687 3044 3733 sanctae
3077 3676 3291 3732 feminae
3321 3677 3631 3750 ﬁgurantur,
3656 3683 3745 3742 qua!

507 3768 787 3836 praevenit.
828 3767 1084 3839 Sequitur
1115 3788 1129 3824 :
1160 3768 1267 3837 Ore
1311 3787 1424 3826 meo
1459 3772 1779 3843 deprecabar
1813 3770 1982 3825 illum.
2029 3801 2097 3809 —
2200 3766 2267 3820 ad
2312 3767 2664 3837 praeparanda
2695 3768 2934 3824 subsidia
2975 3769 3254 3839 corporis,
3293 3768 3644 3825 exterioribus
3665 3763 3746 3818 υθέ

504 3858 584 3915 Ac
613 3859 657 3914 si
688 3860 927 3930 apertius
956 3860 1227 3916 (liceretur
1260 3881 1272 3915 :
1302 3861 1413 3934 Ego
1448 3863 1538 3918 ille
1566 3862 1658 3932 qui
1688 3871 1815 3918 ante
1852 3862 2098 3916 incarna-
2202 3858 2345 3914 mino
2382 3859 2697 3914 ministeriis
2732 3861 3078 3916 serviebant?
3126 3860 3263 3916 Nam
3309 3877 3439 3919 cum
3472 3860 3583 3930 ejus
3623 3853 3746 3912 disci-

507 3950 705 4007 tionem
737 3948 910 4007 meam
939 3960 1016 4007 tot
1049 3951 1100 4007 ei
1127 3961 1391 4024 praecepta
1411 3952 1657 4010 facienda
1684 3969 1780 4025 per
1804 3953 2095 4024 propheta-
2198 3950 2331 4020 puli,
2363 3950 2612 4021 quamvis
2641 3951 2873 4007 necdum
2919 3953 3061 4008 ﬁrmi
3086 3953 3333 4015 veritatis
3376 3955 3536 4012 ﬁdem
3577 3943 3747 4021 populis

508 4055 628 4095 rum
656 4056 752 4096 ora
781 4042 1167 4098 mandaveram
1192 4083 1208 4108 ,
1250 4044 1565 4100 incarnatus
1597 4047 1664 4099 ad
1694 4059 1819 4100 eum
1847 4045 2095 4110 veniens,
2197 4044 2579 4113 praedicarent,
2616 4043 2728 4101 ossi
2773 4059 2873 4102 suo
2917 4045 3258 4101 inluerebant
3304 4061 3524 4111 carnes,
3564 4049 3614 4097 et
3653 4048 3746 4092 cum

510 4147 609 4189 ore
634 4149 756 4189 eum
775 4135 992 4205 proprio
1017 4136 1370 4206 deprecabar.
1403 4136 1539 4194 llinc
1568 4150 1663 4208 per
1685 4152 1937 4209 sponsam
1966 4136 2099 4193 dici-
2199 4142 2402 4190 sancta:
2430 4136 2686 4193 mulieres
2723 4152 2785 4192 ea
2820 4152 2942 4207 quae
2970 4138 3282 4194 necessaria
3309 4146 3471 4193 erant
3520 4143 3748 4208 prtepar-‘t-

511 4223 976 4281 turztOsculetur
998 4240 1085 4282 me
1109 4226 1294 4282 osculo
1317 4227 1429 4283 oris
1453 4227 1535 4283 sui
1559 4225 1736 4299 (Cant.
1765 4226 1936 4299 ι,1).›
1956 4226 2100 4281 Bene
2198 4222 2352 4292 rent,
2414 4228 2569 4296 quasi
2618 4228 2774 4299 pellis
2822 4229 3063 4286 exterius
3129 4228 3386 4287 manebat
3440 4230 3493 4283 in
3541 4231 3745 4295 corpore-

513 4320 694 4368 autcm
751 4312 989 4381 dicitur,
1049 4315 1388 4386 deprecabar,
1441 4316 1565 4387 quia
1623 4317 1675 4370 in
1726 4331 1891 4372 carne
1947 4331 2100 4371 mon-
2200 4313 2367 4381 Quasi
2411 4331 2540 4389 ergo
2588 4326 2913 4389 consumpta
2963 4333 3129 4374 carne
3162 4333 3226 4374 os
3270 4318 3487 4375 Domini
3519 4314 3635 4387 pelli
3666 4322 3748 4364 sum

509 4410 744 4466 stratus,
789 4402 917 4457 dum
968 4403 1225 4459 mandata
1269 4404 1391 4459 vitae
1433 4405 1710 4461 humiliter
1754 4407 1910 4471 dixit,
1943 4408 2097 4479 quasi
2130 4473 2163 4481 λ
2200 4406 2447 4473 adhaesit,
2478 4408 2604 4479 quia
2651 4409 2912 4466 fortitudo
2957 4410 3075 4481 ejus
3124 4410 3393 4481 passionis
3437 4401 3750 4479 temporelu-

509 4492 912 4564 superbientem
986 4508 1206 4550 servum
1277 4504 1337 4550 ut
1390 4495 1640 4564 viveret,
1695 4498 1924 4568 rogavit.
1959 4473 2098 4554 ‘80?
2130 4473 2174 4530 Ῐ)
2200 4497 2472 4566 gientibus
2496 4473 2800 4569 discipulis,
2828 4473 3079 4572 juxtavse
3120 4473 3378 4556 mulieres
3426 4473 3640 4554 invenit.
3677 4490 3751 4545 Se-

511 4583 698 4654 quitur
732 4601 747 4638 :
2199 4586 2386 4656 quitur
2429 4605 2442 4641 :
2494 4587 2562 4641 Et
2601 4589 2849 4643 derelicta
2886 4598 3006 4644 sunt
3053 4590 3416 4645 tantummodo
3466 4588 3601 4643 labia
3640 4584 3751 4638 circa

582 4674 752 4732 Vens.
787 4677 874 4733 l7.
911 4676 1155 4734 Halitum
1194 4694 1364 4733 meum
1396 4679 1666 4734 exhorruit
1702 4693 1838 4734 uxor
1864 4697 1999 4736 mea.
2027 4713 2099 4721 —
2199 4680 2381 4735 dentes
2422 4698 2585 4738 meos.
2613 4710 2682 4722 ——
2717 4681 2855 4750 Quid
2886 4683 3030 4738 enim
3059 4682 3205 4738 circa
3237 4683 3425 4738 dentes
3452 4679 3593 4736 aliud
3620 4684 3748 4746 quam

515 4769 653 4838 Quid
676 4784 815 4825 uxor
840 4768 1074 4835 Domini,
1106 4771 1208 4827 nisi
1242 4770 1526 4843 Synagoga
1558 4770 1846 4842 accipitur,
1886 4774 1940 4828 in
1963 4773 2097 4845 legis
2196 4768 2341 4826 labia
2373 4772 2656 4836 habemus,
2685 4771 2902 4826 etiamsi
2933 4770 3076 4826 nulla
3103 4772 3310 4843 ﬂagella
3345 4766 3641 4842 patiamur?
3668 4756 3749 4816 Sed

516 4857 717 4916 foedere
742 4859 948 4915 carnali
978 4859 1029 4915 ei
1054 4858 1410 4931 intelligentia
1437 4860 1713 4932 subjecta?
1738 4863 1945 4919 Halitus
1970 4878 2098 4920 vero
2199 4860 2329 4931 quid
2358 4873 2456 4931 per
2503 4858 2667 4924 labia.
2700 4860 2805 4915 nisi
2854 4860 3078 4926 locutio,
3127 4861 3255 4932 quid
3304 4876 3401 4931 per
3434 4860 3637 4922 dentes,
3670 4846 3749 4905 ηίεί

515 4964 583 5006 ex
611 4965 775 5007 carne
804 4959 910 5020 est,
939 4953 1037 5008 sed
1084 4952 1315 5009 inﬁdelis
1355 4954 1587 5025 pepulns
1628 4970 1850 5010 carnem
1884 4954 2097 5011 Domini
2202 4950 2379 5005 sancti
2406 4948 2637 5019 apostoli
2667 4950 3056 5022 designantur?
3093 4949 3199 5006 Sed
3231 4951 3357 5022 quia
3378 4936 3644 5021 passionis
3660 4941 3751 5011 ejus

520 5042 811 5098 carnaliter
861 5042 1168 5109 intellexit,
1214 5043 1338 5113 quia
1388 5059 1583 5114 purum
1631 5044 1777 5100 hunc
1825 5044 2098 5105 hominem
2204 5050 2484 5112 tempore,
2530 5040 2618 5097 isti
2642 5041 2850 5114 _dentes
2886 5057 3001 5113 prae
3031 5043 3226 5099 timore
3265 5043 3459 5100 mortis
3488 5038 3753 5098 amiserunt

520 5131 769 5188 credidit.
821 5132 1055 5190 Halitum
1100 5149 1231 5205 ergo
1273 5133 1391 5203 ejus
1441 5150 1581 5189 uxor
1622 5136 1938 5202 exhorruit,
1973 5134 2103 5205 quia
2204 5147 2443 5190 morsum
2488 5132 2883 5203 correptionis,
2927 5132 3231 5190 amiserunt
3273 5134 3524 5191 ﬁduciam
3552 5124 3750 5187 roboris

521 5222 806 5297 Synagoga
837 5241 957 5283 eum
989 5239 1151 5298 quem
1190 5225 1405 5282 videbat
1449 5225 1746 5290 hominem,
1778 5225 1945 5280 Deum
1984 5239 2107 5281 cre-
2205 5227 2506 5283 amiserunt
2532 5210 2826 5281 eﬁicaciam
2860 5226 3188 5283 omnimodae
3222 5224 3582 5299 operationis.
3615 5220 3680 5277 ita
3707 5220 3755 5269 ιιι

522 5314 652 5370 dere
679 5317 915 5386 expavit.
948 5317 1210 5388 Sequitur
1238 5334 1252 5370 :
1286 5315 1352 5369 Et
1387 5315 1605 5369 orabam
1627 5314 1768 5382 filios
1805 5316 1938 5368 uteri
1975 5318 2097 5372 mei.
2207 5317 2315 5374 duo
2339 5316 2674 5373 ambulantes
2700 5322 2824 5388 post
2848 5317 2965 5388 ejus
2991 5328 3221 5375 mortem
3251 5334 3314 5375 ac
3339 5314 3751 5374 resurrectionem
