3948 5398
137 382 232 436 269

844 378 1138 434 EPITOME
1175 376 1533 434 MORALIUM
1577 375 1632 431 S.
1679 374 1885 432 GREG.
1928 375 1991 428 ΙΝ
2031 374 2172 430 JOB.
2213 405 2279 414 —-
2317 375 2442 429 LIB.
2485 375 2621 430 XIV.

3257 384 3360 438 270

135 496 196 549 de
220 509 308 558 eo,
339 494 431 549 sed
453 492 564 560 jam
614 492 667 547 iu
713 491 802 546 illo
839 492 1060 546 minime
1103 491 1412 545 credebant.
1459 488 1700 544 Peractis
1729 490 1777 548 A
1803 502 1898 555 per
1922 486 2123 556 plumbi
2153 487 2407 540 laminam
2462 485 2640 542 Judaca
2684 490 3021 557 exprimitur,
3067 509 3184 562 qua:
3225 512 3366 567 pm-

135 588 314 656 itaque
335 585 422 640 his
440 599 559 654 quae
586 584 640 638 in
668 597 795 639 voce
815 582 1004 652 capitis
1028 582 1188 646 dixit,
1210 581 1276 636 ad
1303 580 1519 652 propria
1542 579 1716 634 verba.

132 676 274 731 beati
305 672 408 729 Job
437 674 725 729 revertitur
750 672 936 728 dicens
963 689 977 726 :

201 763 370 817 Vsus.
396 762 485 816 2|.
525 761 845 816 Miseremini
872 761 994 826 mei,
1021 759 1336 815 miseremini
1371 761 1490 826 mei,
1521 759 1702 816 saltem

130 872 216 910 eos
242 895 258 921 ,
298 855 455 908 amici
497 854 597 908 mei
620 893 637 920 ,
675 854 801 924 quia
836 869 1023 908 manus
1060 851 1269 907 Domini
1297 852 1459 923 tetigit
1490 869 1592 908 me.
1635 883 1706 892 —

131 943 244 998 Hoc
268 944 473 999 habere
498 942 634 997 solet
674 943 949 1014 praprium
979 957 1131 996 mens
1156 941 1386 1011 piorum,
1413 942 1555 1012 quod
1583 956 1704 996 cum

131 1033 328 1100 injusta
374 1034 443 1088 ab
479 1032 804 1087 adversariis
832 1031 1070 1100 patitur,
1120 1046 1225 1085 non
1275 1039 1383 1085 tam
1450 1031 1518 1084 ad
1568 1030 1705 1085 iram

130 1137 294 1192 quam
337 1123 405 1177 ad
446 1137 634 1190 preces
677 1131 948 1183 movetur,
992 1129 1050 1174 ut
1097 1121 1468 1180 sc.moderari
1517 1137 1705 1176 eorum

129 1208 374 1276 pravitas
406 1208 612 1278 placide
651 1209 852 1273 valeat,
883 1209 1001 1278 plus
1047 1209 1322 1279 deprecari
1352 1225 1512 1281 quam
1545 1211 1706 1267 irasci

130 1297 356 1366 eligunt.
407 1297 711 1353 Notandum
753 1313 967 1369 quoque
1012 1299 1155 1368 quod
1205 1299 1286 1354 eis
1334 1314 1452 1368 qua:
1499 1309 1708 1355 secreto

131 1389 271 1457 apud
301 1387 472 1443 Deum
515 1398 667 1458 gesta
714 1397 860 1453 sunt,
890 1389 1032 1443 beati
1075 1389 1175 1442 viri
1207 1389 1260 1442 iu
1289 1389 1502 1458 publico
1544 1391 1707 1444 verba

129 1480 482 1533 concordant.
529 1478 576 1532 Ᾱ
620 1477 786 1533 Satan
826 1479 1023 1548 quippe
1053 1493 1339 1549 percussus
1382 1478 1578 1544 fuerat,
1611 1493 1710 1534 nec

132 1578 310 1624 tamen
339 1571 746 1639 percussionem
793 1586 945 1628 suam
979 1570 1190 1626 Satanae
1224 1570 1453 1635 tribuit,
1503 1570 1594 1624 sed
1625 1577 1709 1622 ta-

129 1667 278 1712 ctum
321 1674 384 1715 se
411 1675 573 1715 manu
603 1659 813 1716 Domini
843 1661 1074 1732 appellat
1104 1701 1119 1725 ,
1173 1663 1314 1717 sicut
1359 1662 1471 1732 ipse
1497 1675 1710 1730 quoque

131 1746 302 1802 Satan
337 1748 554 1804 dixerat
583 1767 595 1802 :
633 1768 651 1801 ι
695 1748 844 1804 Mitte
872 1764 1091 1804 manum
1123 1758 1267 1804 tuam
1297 1790 1312 1814 ,
1353 1759 1409 1804 et
1453 1759 1608 1820 tange
1648 1765 1710 1804 os

129 1849 186 1895 et
213 1857 431 1896 carnem
481 1841 603 1910 (Job
633 1858 693 1909 ll,
730 1843 805 1913 5).
853 1863 871 1896 ι
913 1841 1214 1912 Sequitur:

205 1934 370 1990 Vens.
418 1936 509 1990 22.
549 1937 724 2002 Quare
762 1937 1130 2008 persequimini
1177 1953 1257 1990 me
1282 1936 1416 1990 sicut
1463 1936 1626 2000 Deus,
1661 1945 1708 1990 et

130 2027 382 2080 carnibus
423 2028 551 2081 meis
594 2029 906 2082 saturamiui
923 2027 949 2081 1’
972 2058 1042 2068 —-
1068 2027 1186 2082 Non
1215 2027 1470 2082 abhorret
1495 2042 1524 2081 a
1565 2026 1712 2082 locu—

130 2117 280 2170 tione
313 2117 547 2185 pietatis,
592 2119 736 2186 quod
761 2133 791 2172 a
813 2117 926 2173 Deo
957 2131 1015 2173 se
1047 2117 1297 2187 perhibet
1318 2117 1594 2186 persequi.
1618 2118 1715 2172 Est

129 2219 374 2274 namque
398 2216 716 2276 persecutor
758 2209 952 2274 bonus,
991 2208 1136 2264 sicut
1178 2209 1244 2264 de
1291 2208 1582 2278 semetipso
1619 2223 1714 2263 ore

129 2297 459 2367 prophetico
491 2300 751 2356 Dominus
799 2301 932 2356 dicit
981 2317 993 2353 :
1041 2321 1061 2352 ‹
1094 2299 1477 2355 Detrahentem
1507 2300 1715 2355 occulte

130 2385 426 2452 adversus,
457 2389 758 2458 proximum
787 2406 944 2445 suum
967 2390 1109 2445 hunc
1151 2390 1516 2460 persequebar
1539 2388 1711 2458 (Psal.

128 2490 184 2538 c,
214 2476 292 2547 5).
331 2496 357 2533 ι
393 2479 528 2536 Cum
580 2495 708 2536 vero
765 2489 985 2537 sanctus
1031 2481 1262 2551 quisque
1294 2480 1555 2552 ﬂagellari
1594 2494 1716 2550 per-

130 2565 400 2636 mittitur,
422 2570 527 2624 scit
569 2571 711 2640 quod
733 2571 1163 2640 persecutionem
1191 2577 1379 2624 contra
1425 2570 1714 2625 commissa

127 2654 264 2708 vitia
307 2670 383 2713 ex
438 2657 652 2713 interna
706 2659 1104 2729 dispensatione
1160 2659 1414 2728 patiatur.
1463 2658 1718 2716 Crudeles

132 2755 325 2800 autem
346 2755 556 2802 mentes
574 2755 980 2818 persecuturum
1004 2761 1126 2801 cum
1147 2755 1473 2816 potestatem
1489 2747 1718 2803 feriendi

135 2846 410 2906 appetunt
446 2845 634 2893 contra
660 2838 923 2894 bonorum
951 2839 1139 2904 vitam,
1166 2852 1272 2894 non
1315 2839 1493 2894 studio
1518 2854 1717 2910 purga-

135 2929 329 2996 tionis,
380 2929 476 2984 sed
507 2930 693 2985 livoris
726 2929 965 2986 fascibus
989 2931 1375 2985 accenduntur.
1414 2929 1480 2984 Et
1505 2931 1719 3000 quidem

139 3020 248 3072 hoc
278 3018 509 3083 faciunt,
551 3019 691 3089 quod
719 3021 860 3075 Deus
887 3021 1227 3090 omnipotens
1267 3020 1382 3075 ﬁeri
1420 3021 1717 3091 permittit;

139 3107 237 3160 sed
275 3105 406 3159 dum
449 3121 554 3159 una
585 3121 744 3160 causa
776 3122 899 3161 cum
946 3107 1055 3161 Deo
1085 3108 1245 3162 etiam
1275 3123 1370 3176 per
1399 3122 1493 3162 eos
1521 3109 1719 3178 agitur,

1801 586 1955 646 cepta
1989 577 2078 632 Dei
2110 585 2166 632 et
2193 577 2310 630 sine
2355 577 2537 630 labore
2565 580 2823 647 percepit,
2863 589 3058 636 etcum
3089 585 3369 643 celeritate

1800 669 2054 738 perdidit.
2094 666 2258 724 Recte
2282 667 2552 738 gentilitas
2579 684 2674 739 per
2697 671 2900 726 silicem
2937 672 3215 744 ﬁguratur,
3247 694 3369 748 quae

1803 759 1965 814 verba
2017 759 2156 814 sacri
2191 758 2389 829 eloquii
2422 759 2509 814 vix
2555 761 2904 816 custodienda
2957 766 3230 834 suscipere
3273 783 3372 838 po-

1806 849 1925 914 tuit,
1963 850 2056 904 sed
2093 858 2268 904 tamen
2295 848 2507 904 fortiter
2538 858 2782 920 suscepta
2830 861 3028 906 servat.
3067 853 3165 908 Per
3187 856 3369 910 stilum

1804 954 1932 994 vero
1955 937 2210 1002 ferreum,
2238 939 2365 1008 quid
2406 938 2548 994 aliud
2593 955 2754 1008 quam
2792 938 2945 995 fortis
2975 940 3068 996 Dei
3100 945 3369 1000 Sententia

1805 1030 2162 1101 designatur?
2195 1029 2342 1086 Unde
2367 1038 2422 1085 et
2453 1045 2548 1098 per
2572 1030 2886 1099 prophetam
2916 1031 3113 1085 dicitur
3145 1049 3159 1085 :
3193 1053 3209 1085 ι
3239 1033 3372 1088 Pec-

1806 1129 1986 1176 catum
2035 1117 2186 1174 Judaa
2237 1117 2495 1189 scriptum
2553 1128 2636 1172 est
2685 1119 2808 1173 stilo
2857 1117 3032 1175 ferreo
3085 1121 3134 1174 in
3195 1138 3372 1192 ungue

1808 1209 2154 1264 adamantino
2194 1208 2326 1278 (Jer.
2381 1225 2516 1273 xvtt,
2580 1209 2652 1277 l).
2715 1228 2733 1261 ι
2804 1209 2968 1265 Recte
3023 1225 3235 1280 quoque
3281 1226 3376 1280 per

1809 1300 2010 1371 plumbi
2028 1299 2284 1355 laminam
2303 1314 2396 1355 eos
2417 1299 2712 1368 accipimus
2750 1315 2884 1369 quos
2909 1301 3146 1355 avaritia:
3168 1302 3374 1370 pondus

1809 1399 2014 1460 gravat,
2054 1390 2246 1459 quibus
2268 1404 2364 1459 per
2393 1390 2754 1459 increpantem
2782 1390 3102 1460 Prophetam
3130 1392 3326 1446 dicitur
3357 1410 3371 1445 :

1817 1499 1835 1531 ι
1855 1480 1976 1536 Filii
2005 1481 2301 1546 hominum,
2327 1496 2603 1551 usqueqno
2629 1497 2818 1552 graves
2842 1482 3065 1536 corde?»
3097 1481 3268 1552 (Psal.
3299 1499 3373 1546 tv,

1810 1571 1890 1640 5.)
1928 1570 2031 1627 Per
2059 1570 2334 1641 plumbum
2383 1588 2637 1642 namque,
2675 1574 2828 1642 cujus
2857 1582 3044 1626 natura
3078 1573 3257 1643 gravis
3294 1581 3380 1628 est

1812 1661 2086 1731 ponderis,
2127 1670 2404 1731 peccatum
2448 1665 2686 1718 avaritiae
2717 1664 3023 1732 specialiter
3045 1665 3378 1735 designatur,

1813 1751 1954 1822 quod
2001 1762 2234 1809 mentem
2269 1769 2428 1823 quam
2463 1754 2709 1809 infecerit
2742 1758 2816 1809 ita
2852 1770 3070 1824 gravem
3100 1756 3296 1820 reddit,
3322 1765 3383 1810 ut

1741 1856 1785 1914 Β
1815 1843 1880 1896 ad
1925 1842 2221 1911 appetenda
2271 1841 2518 1898 sublimia
2574 1842 2740 1897 attolli
2791 1858 3128 1913 nequaquam
3189 1847 3378 1914 possit.

1813 1926 1948 1984 Hinc
1963 1930 2104 1984 enim
2119 1931 2259 2000 apud
2273 1931 2589 1988 Zachariam
2604 1932 2860 2002 scriptum
2879 1941 2962 1988 est
2977 1950 2988 1984 :
3003 1953 3020 1984 ‹
3041 1933 3183 1987 Leva
3200 1933 3385 1990 oculos

1815 2029 1956 2083 tuos,
1987 2030 2043 2077 et
2072 2023 2216 2086 vide,
2239 2023 2366 2092 quid
2411 2024 2618 2080 esthoc
2652 2024 2796 2094 quod
2833 2025 3143 2096 egreditur;
3174 2034 3230 2080 et
3252 2027 3385 2080 dixi.

1813 2109 2079 2178 Quidnam
2104 2113 2216 2166 est!
2268 2122 2323 2168 et
2346 2112 2422 2167 ait
2463 2131 2475 2166 :
2519 2113 2644 2170 llaec
2676 2123 2760 2170 est
2788 2117 3048 2187 amphora
3081 2117 3384 2188 egrediens.

1814 2202 1882 2256 Et
1901 2203 2034 2256 dixit
2059 2220 2072 2255 :
2103 2201 2226 2258 Hmc
2245 2212 2328 2258 est
2346 2204 2534 2259 oculus
2552 2221 2738 2261 eorum
2777 2207 2829 2261 in
2857 2215 2998 2262 terra
3029 2210 3302 2272 universa,
3336 2217 3392 2262 et

1815 2303 1942 2345 ecce
1983 2289 2240 2345 talentum
2277 2291 2480 2361 plumbi
2515 2294 2832 2361 portabatur
2879 2294 3062 2363 (Zach.
3090 2311 3139 2361 v,
3167 2295 3220 2362 5,
3252 2295 3326 2366 7).
3367 2315 3385 2346 ι

1816 2376 1946 2444 Quae
1976 2386 2152 2432 tamen
2174 2378 2332 2432 beato
2355 2377 2456 2434 Job
2474 2380 2638 2435 verba
2664 2390 2866 2435 sanctae
2892 2381 3147 2437 Ecclesia:
3177 2396 3392 2452 quoque

1817 2455 2140 2537 congruunt,
2164 2482 2283 2537 quae
2304 2469 2409 2524 duo
2432 2469 2571 2524 sacri
2600 2469 2798 2539 eloquii
2825 2470 3172 2527 Testamenta
3209 2481 3396 2528 custo-

1817 2556 1993 2621 diens,
2013 2557 2168 2626 quasi
2193 2557 2488 2613 secundum
2520 2573 2800 2614 sermones
2820 2575 2948 2618 suos
2970 2562 3208 2617 scribere
3235 2563 3388 2633 petit.

1818 2645 1948 2712 Quae
1981 2646 2109 2716 quia
2150 2645 2276 2701 forti
2301 2647 2570 2702 sententia
2599 2649 2758 2703 modo
2785 2664 2881 2718 per
2918 2651 3126 2719 pondus
3149 2653 3392 2706 avaritia:

1819 2737 2091 2807 gravibus,
2131 2737 2290 2792 modo
2313 2745 2495 2792 autem
2518 2737 2669 2793 duris
2689 2739 2942 2794 cordibus
2975 2740 3236 2810 loquitur,
3268 2743 3390 2797 stilo

1821 2827 2000 2883 ferreo
2026 2828 2081 2882 in
2123 2828 2324 2899 plumbi
2351 2829 2574 2894 lamina,
2609 2831 2691 2886 vel
2726 2840 2874 2887 certe
2901 2832 2954 2886 in
3000 2833 3150 2888 silice
3180 2835 3390 2888 scribit.

1825 2918 2082 2990 Sequitur
2111 2934 2126 2973 :

1894 3009 2058 3063 Vens.
2090 3008 2181 3064 25.
2214 3008 2334 3064 Scio
2367 3012 2502 3064 enim
2549 3012 2685 3080 quod
2714 3011 3024 3083 Redemptor
3068 3030 3211 3068 meus
3254 3014 3390 3069 vivit.

1822 3101 2023 3169 —-Qui
2073 3101 2218 3158 enim
2253 3117 2360 3158 non
2419 3103 2495 3158 ait
2558 3103 2840 3171 Conditor,
2902 3107 2994 3161 sed
3039 3106 3393 3175 Redemptor,

141 3208 253 3248 non
287 3203 468 3249 tamen
499 3195 747 3250 voluntas
794 3212 899 3250 una
931 3197 983 3249 in
1032 3197 1218 3250 eadem
1261 3212 1423 3252 causa
1455 3207 1718 3262 servatur,
1751 3197 1792 3258 C
1826 3201 2009 3263 aperte
2047 3208 2168 3248 eum
2216 3193 2515 3259 denuntiat,
2575 3197 2663 3266 qui
2721 3205 2782 3251 ut
2831 3212 2928 3252 nos
2976 3198 3042 3252 de
3083 3200 3396 3268 captivitate

141 3284 269 3351 quia
295 3300 418 3338 cum
442 3285 792 3354 Omnipotens
822 3287 1050 3340 amando
1076 3287 1448 3356 purgationem
1480 3286 1720 3352 exhibet,

144 3371 475 3440 iniustorum
529 3376 766 3443 pravitas
819 3376 1087 3430 saeviendo
1144 3377 1400 3430 malitiam
1464 3386 1720 3443 exercet;

150 3463 290 3533 quod
321 3464 545 3533 intelligi
575 3473 630 3519 et
670 3465 828 3520 aliter
854 3475 1049 3536 potest,
1085 3475 1232 3522 tanto
1272 3469 1413 3522 enim
1444 3469 1583 3523 Deus
1610 3484 1726 3522 om-

146 3560 619 3630 nipotens,justus
642 3560 882 3633 [iustius]
904 3563 1077 3615 aliena
1105 3562 1232 3616 vitia
1250 3563 1502 3633 percutit,
1525 3571 1726 3632 quanto

145 3654 203 3708 in
234 3651 530 3724 semetipso
557 3653 687 3708 nihil
709 3654 868 3709 habet
901 3653 1176 3709 vitiorum.
1202 3653 1459 3710 Homines
1485 3670 1604 3708 cum
1631 3670 1728 3723 per

147 3742 494 3811 disciplinam
548 3742 682 3798 alios
717 3742 935 3807 feriunt,
976 3743 1054 3798 sic
1105 3743 1333 3798 alienam
1361 3743 1724 3800 inﬁrmitatem

148 3835 357 3890 debent
399 3845 706 3904 percutere,
735 3845 793 3888 ut
821 3835 982 3891 etiam
1033 3835 1099 3888 ad
1131 3850 1283 3889 suam
1325 3836 1510 3890 oculos
1560 3851 1726 3891 nove-

147 3915 262 3980 rint
293 3940 575 3980 revocare.
605 3925 683 3980 Ac
714 3926 756 3979 si
797 3933 982 3995 aperte
1019 3925 1291 3980 diceretur
1320 3942 1338 3978 :
1363 3925 1440 3980 lta
1469 3940 1534 3979 ex
1576 3926 1728 3980 inﬁr-

147 4015 436 4070 mitatibus
463 4015 597 4071 meis
639 4015 893 4087 aﬂligitis,
936 4031 999 4070 ac
1020 4016 1062 4070 si
1097 4031 1246 4071 more
1279 4016 1373 4071 Dei
1403 4016 1471 4072 de
1505 4016 1729 4071 inﬁrmi-

150 4117 262 4163 tate
313 4109 448 4164 nihil
506 4109 768 4164 habeatis.
808 4109 959 4164 Unde
988 4118 1041 4165 et
1069 4111 1314 4165 subditur
1343 4125 1356 4163 :
1393 4110 1458 4164 Et
1487 4114 1731 4167 carnibus

147 4198 281 4252 meis
310 4200 665 4252 saturamini?
694 4198 929 4265 Quorum
963 4215 1114 4254 mens
1154 4201 1517 4268 proximorum
1544 4216 1732 4270 poenas

149 4289 350 4352 esurit,
374 4289 604 4343 saturari
636 4289 821 4358 procul
843 4290 1006 4346 dubio
1035 4290 1225 4344 alienis
1245 4291 1498 4346 carnibus
1519 4293 1729 4362 qumrit.

151 4375 452 4432 Sciendum
484 4392 718 4447 quoque,
775 4379 896 4448 quia
953 4379 1006 4433 hi
1059 4379 1222 4434 etiam
1257 4381 1347 4450 qui
1394 4381 1580 4436 aliena:
1610 4382 1734 4437 vitae

152 4465 496 4522 detractione
531 4477 844 4537 pascuntur,
865 4467 1056 4524 alienis
1078 4470 1267 4540 procul
1297 4469 1459 4526 dubio
1481 4472 1732 4527 carnibus

150 4555 450 4610 satiantur.
507 4557 661 4613 Unde
703 4571 800 4628 per
840 4557 1183 4614 Salomonem
1237 4559 1437 4614 dicitur

152 4661 281 4704 esse
334 4647 387 4701 in
420 4649 686 4704 conviviis
709 4657 1073 4720 _potatorum,
1117 4665 1292 4721 neque
1329 4652 1582 4708 comedas
1611 4669 1732 4709 cum

154 4739 237 4792 eis
252 4739 350 4809 qui
380 4754 577 4796 carnes
601 4741 667 4796 ad
691 4740 1011 4796 vescendum
1035 4740 1326 4798 conferunt
1350 4742 1548 4814 (Prov.
1578 4761 1733 4811 χχιιι,

153 4828 274 4893 20).
300 4848 321 4880 ι
352 4829 614 4900 Sequitur
637 4849 649 4883 :

227 4917 399 4976 Vsus.
436 4920 530 4984 25,
560 4919 652 4974 24.
679 4919 808 4985 Quis
843 4922 971 4975 mihi
1001 4923 1106 4988 det,
1138 4932 1496 4978 mercarentur
1531 4926 1584 4980 in
1607 4924 1739 4979 libro

160 5007 282 5062 stilo
313 5009 508 5077 ferreo,
527 5017 619 5062 aut
646 5007 845 5078 plumbi
875 5007 1071 5063 lamina
1097 5010 1174 5064 uel
1196 5021 1330 5064 certe
1352 5012 1656 5081 sculpantur
1680 5013 1735 5066 in

159 5099 310 5152 silice
335 5106 532 5153 cuncta
555 5113 674 5167 qua:
709 5096 944 5168 pertuli?
969 5097 1100 5165 Quia
1133 5098 1255 5155 forti
1277 5099 1494 5154 Patrum
1522 5110 1737 5157 senten-

163 5187 381 5244 tia......
412 5189 590 5261 gravis
619 5189 710 5245 ille
761 5187 1069 5243 Iudaeorum
1097 5191 1320 5260 populus
1350 5191 1586 5261 agnovit,
1616 5191 1738 5246 stilo

164 5280 337 5349 ferreo
361 5292 412 5336 et
435 5282 629 5352 plumbi
657 5281 863 5334 lamina
889 5280 1086 5349 scripta
1123 5291 1285 5348 sunt;
1317 5282 1440 5352 quia
1460 5296 1590 5336 vero
1625 5282 1740 5336 haec

163 5370 330 5398 ηιὲιι-υι
371 5371 503 5398 ..ιη-ι.
544 5369 822 5398 ηηηιζιέηηη
851 5367 1007 5398 nni-lla
1051 5382 1311 5398 κΛ--Α-...ιι
1369 5370 1493 5398 ιιι-,ΞΑ
1541 5385 1600 5398 An
1633 5369 1736 5398 σιἶηῖ

1825 3284 2136 3350 redimeret,
2184 3284 2324 3339 inter
2361 3301 2459 3341 nos
2505 3286 2815 3342 incarnatus
2864 3289 3134 3358 apparuit,
3192 3305 3395 3359 suaque

1822 3374 2073 3443 passione
2094 3388 2192 3429 nos
2226 3390 2257 3427 a
2289 3383 2543 3445 perpetua
2595 3385 2767 3433 morte
2811 3378 3079 3434 liberavit.
3111 3380 3175 3433 Et
3206 3391 3396 3434 notan-

1826 3463 1950 3518 dum
1979 3475 2180 3534 quanta
2205 3466 2308 3520 ﬁde
2336 3481 2395 3520 se
2425 3467 2476 3520 in
2505 3468 2701 3522 virtute
2725 3466 2842 3535 ejus
2870 3469 3166 3524 divinitatis
3193 3471 3395 3524 astrin-

1826 3554 1922 3624 git,
1951 3555 2017 3609 de
2048 3571 2155 3626 quo
2178 3564 2234 3611 et
2262 3572 2359 3627 per
2381 3557 2604 3612 Paulum
2634 3559 2834 3614 dicitur
2859 3579 2871 3614 :
2903 3581 2921 3613 ι
2955 3560 3090 3628 Quia
3121 3564 3164 3618 si
3188 3572 3242 3618 et
3273 3580 3394 3619 cru—

1827 3645 2020 3701 ciﬁxus
2046 3655 2129 3702 est
2179 3662 2246 3701 ex
2295 3647 2630 3716 inﬁrmitate,
2669 3650 2762 3704 sed
2801 3651 2932 3705 vivit
2956 3667 3022 3706 ex
3072 3653 3272 3708 virtute
3299 3656 3393 3709 Dei

1830 3735 1913 3805 (II
1971 3735 2093 3790 Cor.
2143 3737 2367 3807 mni).
2402 3757 2420 3790 ι
2473 3738 2562 3804 Ait
2588 3754 2854 3808 namque:
2893 3739 3014 3794 Scio
3065 3745 3203 3796 enim
3253 3751 3390 3813 quod

1828 3825 2139 3896 Redemptor
2163 3843 2306 3882 meus
2353 3828 2488 3882 vivit.
2518 3829 2594 3882 Ac
2620 3829 2663 3883 si
2721 3830 2921 3899 apertis
2955 3833 3174 3888 vocibus
3204 3834 3348 3888 dicat
3379 3849 3393 3886 :

1829 3913 2061 3970 lnﬁdelis
2091 3916 2317 3986 quisque
2347 3917 2492 3971 illum
2533 3917 2878 3988 ﬁagellatum,
2911 3923 3172 3988 derisum,
3201 3923 3394 3992 palmis

1831 4021 2049 4074 caesum,
2097 4023 2293 4064 corona
2328 4010 2514 4080 spinea
2565 4022 2907 4080 coronatum,
2956 4016 3128 4084 sputis
3178 4016 3394 4082 illitum,

1832 4099 2172 4167 cruciﬁxum,
2198 4110 2468 4157 mortuum
2490 4105 2720 4169 noverit,
2735 4121 2833 4175 ego
2855 4107 3002 4161 illum
3023 4117 3146 4178 post
3167 4118 3394 4165 mortem

1834 4189 2018 4245 vivere
2055 4199 2202 4245 certa
2239 4191 2344 4246 ﬁde
2375 4194 2557 4248 credo.
2609 4193 2715 4249 Sed
2774 4196 2904 4266 quid
2948 4198 3138 4254 beatus
3170 4199 3270 4255 Job
3301 4217 3400 4271 per

1836 4279 2280 4336 resurrectionem
2332 4282 2475 4337 illius
2521 4285 2684 4339 etiam
2711 4286 2775 4341 de
2816 4297 2920 4343 tuae
2950 4290 3132 4345 carnis
3159 4305 3402 4348 resurre-

1837 4369 2015 4425 ctione
2035 4371 2282 4436 conﬁdis,
2309 4383 2493 4442 aperta
2517 4375 2824 4445 quaesumus
2845 4394 2979 4434 voce
3006 4380 3277 4450 proﬁtere.
3305 4381 3402 4438 Se-

1841 4461 2024 4530 quitur
2052 4475 2066 4514 :
2095 4461 2160 4515 Et
2211 4464 2486 4518 novissimo
2513 4466 2598 4520 die
2623 4467 2686 4520 de
2720 4477 2858 4522 terra
2889 4479 3219 4525 surrecturus
3265 4489 3403 4525 sum.

1491 4577 1506 4614 ;
1558 4580 1577 4613 ι
1613 4561 1730 4617 Non
1763 4541 1814 4602 D
1837 4582 1907 4592 —
1942 4549 2076 4617 Quia
2101 4551 2350 4608 videlicet
2378 4556 2828 4611 resurrectionem
2861 4573 3022 4628 quam
3061 4561 3113 4614 in
3137 4575 3197 4616 se
3227 4570 3408 4615 osten-

1837 4641 1934 4706 dit,
1975 4641 2030 4696 in
2058 4641 2212 4697 nobis
2239 4644 2404 4698 etiam
2451 4645 2772 4716 quandoque
2798 4646 3038 4705 facturus
3072 4659 3177 4706 est.
3207 4651 3410 4705 Resur-

1836 4735 2134 4789 rectionem
2162 4736 2358 4807 quippe
2379 4752 2538 4806 quam
2568 4738 2622 4792 in
2644 4754 2702 4794 se
2721 4741 2974 4806 ostendit,
3009 4743 3164 4798 nobis
3207 4743 3409 4812 promi-

1838 4824 1930 4890 sit,
1956 4825 2078 4892 quia
2105 4827 2189 4880 sui
2224 4828 2418 4897 capitis
2439 4827 2663 4898 gloriam
2695 4840 2996 4899 sequuntur
3019 4835 3284 4889 membra.
3307 4831 3412 4886 Sed

1839 4931 1969 4972 ecce
1995 4920 2449 4974 resurrectionem
2481 4923 2661 4986 audio,
2689 4922 2938 4978 eﬂ‘ectum
2971 4915 3151 4980 tamen
3176 4923 3414 4993 ejusdem

1841 5009 2257 5064 resurrectionis
2305 5009 2552 5077 exquiro.
2594 5011 2766 5067 Credo
2817 5029 3049 5084 namque
3077 5016 3204 5082 quia
3240 5025 3421 5064 resur-

1842 5103 2094 5152 recturus
2112 5097 2236 5162 sim,
2260 5099 2353 5154 sed
2380 5097 2502 5151 volo
2523 5101 2709 5154 audire
2738 5101 2929 5170 qualis.
2971 5103 3228 5171 Sequitur
3260 5115 3274 5151 :

1915 5185 2082 5242 Vnus.
2111 5187 2199 5240 26.
2241 5185 2309 5242 Et
2352 5201 2562 5241 rursum
2607 5190 2970 5242 eireunulabor
3011 5191 3141 5260 pelle
3185 5204 3318 5243 mea.
3349 5217 3420 5229 —

1845 5278 1986 5332 Dum
2034 5287 2218 5348 aperte
2264 5279 2421 5348 pellis
2469 5279 2696 5344 dicitur,
2745 5279 2920 5332 omnis
2971 5280 3239 5335 dubitatio
3287 5293 3429 5333 vera:

1847 5369 2264 5398 Μοιι-υΛΑΙῖΛ-ιὲο
2315 5367 2559 5398 aura-pln-
2665 5368 2787 5398 nu|:n
2828 5379 2932 5398 nnn
3007 5369 3143 5398 abun
3184 5366 3427 5398 πιιοῖηἷηη
