3948 5398
581 359 682 416 271

1603 361 1660 416 S.
1705 361 1950 417 ODONIS
1988 361 2276 416 ABBATIS
2314 359 2806 418 (ILUNIACENSIS
2840 361 2882 416 ll
3663 369 3739 428 2ῖέ

603 479 781 526 celum
807 469 1061 539 spiritalis
1089 470 1338 539 potentiae
1360 511 1376 534 ,
1427 469 1519 523 sed
1559 471 1824 540 palpabile
1871 487 1966 541 per
2010 472 2149 526 vcri-
2179 477 2225 534 Α
2254 487 2352 526 nos
2379 473 2577 528 certius
2603 474 2800 528 habere
2827 472 3118 540 credimus,
3143 489 3303 543 quam
3329 473 3424 531 lioc
3446 480 3566 546 quod
3589 482 3632 536 in
3654 486 3738 538 sinu

584 576 746 622 tatem
809 574 1038 619 naturae.
1111 565 1264 619 Unde
1325 563 1485 618 etiam
1550 563 1874 632 Redemptor
1938 572 2152 629 noster,

581 655 946 710 dubitantibus
971 655 1036 708 de
1062 669 1158 708 sua
1188 654 1582 707 resurrectione
1605 653 1900 723 discipulis,
1924 653 2158 708 ostendit

584 760 777 801 manus
807 754 862 799 et
890 745 1054 808 latus,
1083 744 1457 813 palpandaque
1503 758 1627 798 ossa
1673 743 1904 812 praebuit
1930 743 2154 798 dicens:
2198 813 2204 820 κ

586 855 603 886 ι
631 834 852 904 Palpate
879 841 934 888 et
960 832 1153 896 videte,
1179 833 1302 901 quia
1327 832 1546 900 spiritus
1573 845 1792 886 carnem
1821 839 1874 885 et
1898 846 2020 886 ossa
2048 846 2156 886 non

580 929 782 992 habet,
833 927 974 981 sicut
1022 938 1111 978 me
1155 923 1349 978 videtis
1395 923 1595 978 habere
1633 921 1784 993 (Luc.
1813 938 1960 988 xxrv,
1988 923 2098 992 59).
2132 941 2150 974 ι

581 1018 878 1085 Sequitur:
914 1017 980 1070 Et
1019 1018 1080 1070 in
1127 1033 1284 1070 carne
1331 1031 1444 1068 mea
1494 1014 1672 1068 videbo
1702 1014 1891 1068 Deum.
1917 1044 1988 1054 —
2019 1014 2158 1070 Ecce

580 1108 1032 1162 resurrectionem
1058 1148 1074 1172 ,
1117 1121 1242 1162 ecce
1272 1105 1462 1175 pellem
1487 1133 1502 1170 ~,
1547 1118 1674 1159 ecce
1703 1120 1922 1159 carnem
1953 1106 2157 1175 apertis

578 1199 799 1252 vocibus
821 1197 1034 1252 fatetur.
1061 1197 1196 1263 Quid
1219 1211 1348 1267 ergo
1371 1205 1630 1258 remanet,
1646 1194 1786 1250 unde
1807 1196 1984 1265 possit
2006 1212 2156 1252 mens

581 1295 766 1341 nostra
795 1289 1038 1341 dubitare
1062 1289 1084 1338 ‘.’
1123 1285 1178 1340 Si
1213 1287 1391 1355 itaque
1421 1286 1522 1339 iste
1549 1283 1632 1337 vir
1663 1293 1878 1338 sanctus
1905 1284 2152 1339 cll‘ectum

556 1379 992 1433 resurrectionis
1015 1379 1304 1433 Dominica:
1325 1375 1683 1431 reducendum
1701 1390 1924 1429 carnem
1949 1376 2002 1429 in
2025 1375 2158 1430 inte-

581 1482 674 1537 gro
701 1468 841 1520 statu
872 1466 1116 1531 Credidit,
1150 1468 1270 1536 quis
1297 1467 1399 1519 crit
1428 1472 1611 1520 reatus
1638 1473 1838 1518 nostrae
1866 1463 2156 1519 dubitatio-

584 1557 698 1621 nis,
741 1557 786 1610 si
825 1572 948 1610 vera
979 1557 1158 1611 carnis
1197 1557 1541 1621 resurrectio,
1579 1571 1677 1610 nec
1704 1562 1823 1624 post
1849 1553 2154 1623 exemplum

589 1649 828 1703 creditur
855 1649 1268 1718 Redemptoris?
1309 1648 1562 1718 Sequitur
1585 1666 1598 1701 :

654 1735 812 1792 Vens.
841 1740 928 1792 27.
970 1739 1134 1804 Quem
1163 1740 1366 1793 visurus
1393 1756 1507 1792 sum
1537 1755 1626 1810 ego
1654 1739 1777 1808 ipse,
1813 1749 1858 1792 et
1888 1737 2023 1792 oculi
2051 1739 2152 1790 mei

2256 575 2522 620 tenemus.
2567 566 2622 620 ln
2651 566 2772 620 sinu
2799 580 2928 636 ergo
2956 581 3106 620 suam
3136 581 3288 635 spem
3317 571 3575 637 repositam
3600 577 3740 638 tenuit,

2256 655 2347 723 qui
2375 669 2500 708 vera
2525 654 2848 710 certitudine
2885 656 2953 710 de
2990 669 3085 726 spe
3123 658 3520 714 resurrectionis
3541 675 3741 729 presum-

2257 746 2384 814 psit.
2417 745 2673 814 Sequitur
2695 759 2710 797 :

2330 835 2494 890 Vens.
2523 835 2610 891 28.
2649 834 2823 900 Quare
2859 851 2979 906 ergo
3019 853 3154 890 nunc
3191 836 3404 892 dicitis:
3439 837 3749 909 Persequamur

2258 940 2398 990 eum,
2447 935 2493 978 et
2544 925 2770 978 radicem
2813 925 2950 978 verbi
2979 926 3302 980 inveniamus
3349 939 3517 982 contra
3557 933 3751 985 eum?—

2256 1015 2428 1069 Priori
2454 1015 2649 1085 quippe
2670 1016 2936 1070 sententia
2962 1015 3268 1085 iniquorum
3294 1017 3430 1071 facta
3455 1021 3749 1088 reprehendit,

2260 1108 2502 1176 sequenti
2536 1115 2715 1162 autem
2761 1122 2829 1161 ex
2871 1106 3052 1162 divino
3093 1106 3298 1172 judicio
3346 1122 3522 1176 pinnas
3558 1109 3750 1163 innotuit.

2256 1198 2346 1251 Ait
2365 1198 2507 1251 enim
2538 1215 2550 1249 :
2578 1197 2754 1262 Quare
2774 1212 2896 1265 ergo
2917 1213 3050 1250 nunc
3071 1197 3244 1249 dicitis
3263 1213 3281 1250 :
3311 1194 3658 1266 Persequamur
3673 1209 3754 1250 euut

2259 1299 2304 1342 et
2350 1288 2574 1341 radicem
2605 1287 2742 1341 verbi
2795 1287 3114 1340 inveniamus
3163 1295 3342 1340 contra
3390 1287 3538 1339 cum?
3567 1287 3755 1341 Pcrversi

2255 1379 2479 1449 quilibet
2526 1378 2667 1433 malo
2713 1379 2889 1433 studio
2927 1379 3064 1433 bene
3113 1377 3320 1448 prolata
3351 1377 3602 1443 audiunt,
3641 1385 3686 1432 et
3718 1377 3756 1432 in
3863 1338 3865 1446 ⁴

2255 1471 2432 1542 lingua
2457 1469 2586 1540 justi
2616 1469 2977 1525 accusationis
3001 1469 3244 1524 auditum
3272 1469 3512 1524 invenire
3541 1475 3757 1538 appetunt,
3863 1453 3865 1492 ⁴

2255 1559 2382 1629 quid
2431 1558 2573 1613 aliud
2621 1573 2778 1627 quam
2828 1565 3014 1612 contra
3059 1572 3182 1612 eum
3217 1559 3366 1612 verbi
3410 1557 3624 1611 radicem
3657 1571 3762 1626 qua:-

2255 1657 2403 1716 runt,
2431 1665 2496 1707 ex
2525 1664 2630 1720 qua
2660 1650 2910 1706 videlicet
2939 1649 3191 1720 loquendi
3220 1647 3480 1720 originem
3507 1656 3704 1712 sumant,
3724 1656 3761 1702 et

2257 1753 2437 1794 ramos
2472 1753 2651 1809 prava:
2685 1739 3027 1810 loquacitatis
3060 1739 3114 1794 in
3154 1740 3545 1795 accusationem
3570 1740 3761 1795 dilatent.

2259 1831 2515 1899 Sequitur
2543 1848 2556 1885 :
3865 1770 3867 1908 Ι

579 1829 905 1897 conspecturi
949 1839 1092 1893 sunt,
1143 1837 1192 1881 et
1239 1843 1343 1881 non
1390 1809 1641 1881 aliusa—
1670 1826 1725 1881 Si
1779 1827 1920 1880 enim
1947 1867 1961 1891 ,
2014 1826 2154 1880 sicut
2189 1809 2226 1866 Β
2259 1831 2556 1899 Sequitur:

579 1918 798 1987 quidam
847 1927 1096 1972 errorum
1147 1931 1405 1986 sequaces
1451 1915 1813 1979 arbitrantur,
1868 1914 1991 1985 quia
2033 1924 2153 1984 post

578 2007 1032 2062 resurrectionem
1064 2011 1258 2076 corpus
1285 2005 1553 2076 palpabile
1583 2021 1686 2060 non
1715 2007 1820 2061 erit
1839 2047 1854 2072 ,
1900 2006 1994 2060 sed
2021 2005 2154 2059 invi-

578 2094 748 2150 sibilis
778 2097 1020 2166 corporis
1065 2097 1334 2152 subtilitas
1381 2111 1508 2152 caro
1556 2097 1856 2159 vocabitur,
1909 2094 2154 2164 quamvis

581 2184 881 2240 substantia
910 2187 1090 2242 carnis
1119 2202 1225 2243 non
1254 2188 1345 2254 sit,
1374 2185 1618 2256 profecto
1643 2186 1780 2240 alius
1809 2195 1890 2241 est
1919 2185 2011 2257 qui
2040 2200 2154 2241 mo-

579 2275 736 2340 ritur,
779 2275 914 2332 alius
941 2278 1030 2346 qui
1063 2279 1312 2348 resurgit.
1369 2277 1472 2333 Sed
1515 2279 1704 2334 beatus
1745 2278 1844 2332 Job
1890 2278 2028 2332 banc
2075 2277 2155 2332 eis

580 2366 907 2420 sententiam
936 2367 1168 2421 veridica
1210 2382 1340 2422 voce
1381 2367 1645 2432 destruit,
1697 2367 1786 2435 qui
1834 2367 1948 2419 ait:
1989 2363 2155 2429 Quem

577 2454 778 2508 visurus
805 2456 1077 2525 sumipse,
1103 2467 1148 2510 et
1179 2456 1314 2510 oculi
1341 2457 1439 2512 mei
1466 2456 1790 2525 conspecturi
1814 2470 1954 2519 sum,
1975 2465 2023 2508 et
2051 2469 2155 2509 non

577 2540 734 2598 alius.
800 2541 909 2599 Nos
953 2553 1132 2600 autem
1187 2545 1325 2600 beati
1354 2543 1454 2600 Job
1507 2545 1664 2599 [idem
1719 2550 2037 2612 sequentes,
2101 2550 2155 2596 ct

580 2631 956 2703 Redemptoris
981 2635 1154 2690 nostri
1187 2645 1309 2705 post
1339 2633 1793 2689 resurrectionem
1821 2646 2014 2701 corpus
2042 2631 2154 2700 pal-

577 2723 753 2788 pabile
783 2723 1050 2778 veraciter
1076 2724 1382 2787 credentes,
1411 2721 1644 2776 fatemur
1665 2736 1883 2776 carnem
1911 2732 2153 2776 nostram

579 2822 698 2882 post
729 2814 1178 2869 resurrectionem
1206 2814 1438 2868 futuram
1470 2814 1760 2875 diversam,
1796 2820 1854 2866 et
1883 2811 2146 2867 eamdem.

582 2905 836 2959 Eamdcm
869 2920 965 2974 per
992 2913 1265 2970 naturam,
1293 2906 1561 2960 diversam
1593 2920 1688 2974 per
1717 2904 1974 2974 gloriam;
2007 2917 2155 2958 eam-

580 2994 698 3047 dem
730 3009 824 3062 per
852 2996 1152 3059 veritatem,
1184 2996 1449 3051 diversam
1481 3011 1577 3066 per
1603 2996 1920 3065 potentiam.
1957 2995 2151 3063 Sequi-

582 3092 667 3136 tur
692 3098 706 3136 :
744 3083 987 3152 chosita
1015 3096 1088 3140 est
1119 3086 1228 3141 haec
1256 3102 1369 3152 spes
1401 3103 1512 3140 nica
1540 3086 1594 3139 in
1626 3087 1742 3139 sinu
1775 3101 1991 3138 meo.-—
2010 3083 2154 3139 Nibil

2331 1917 2489 1972 Vens.
2517 1919 2604 1973 29.
2644 1917 2802 1989 Fugit
2828 1935 2950 1989 ergo
2979 1936 3011 1972 a
3038 1919 3173 1988 facie
3199 1919 3384 1989 gladii,
3411 1919 3532 1990 quia
3560 1918 3680 1971 ultor
3696 1917 3766 1969 ini-
3865 1911 3867 1980 ξ

2254 2008 2509 2078 quitatum
2531 2007 2738 2078 gladius
2760 2017 2855 2075 est,
2878 2017 2923 2061 et
2947 2008 3125 2061 scitote
3146 2024 3255 2062 esse
3270 2009 3616 2078 judicium.-
3628 2005 3766 2060 Omnis
3865 2009 3867 2012 ’

2256 2098 2343 2166 qui
2371 2113 2625 2167 perverse
2651 2097 2780 2168 agit,
2811 2112 2875 2151 eo
2904 2098 3019 2168 ipso
3046 2112 3150 2167 quo
3178 2099 3279 2152 hoc
3308 2098 3554 2167 despicit,
3581 2112 3683 2151 esse
3701 2095 3766 2149 Dei

2253 2186 2510 2256 iudicium
2541 2189 2734 2246 nescit.
2768 2187 2826 2243 Si
2854 2189 2996 2242 cnim
3028 2189 3129 2242 hoe
3158 2187 3396 2242 timendo
3419 2189 3595 2250 sciret,
3621 2184 3770 2255 quzeiu

2257 2276 2346 2331 illo
2391 2285 2516 2332 sunt
2560 2277 2828 2346 punienda
2862 2291 2966 2332 non
3011 2285 3215 2344 ageret.
3268 2275 3404 2330 Nam
3437 2285 3558 2331 sunt
3583 2276 3770 2344 plerique

2255 2366 2343 2434 qui
2373 2375 2673 2420 extremum
2702 2380 2823 2422 esse
2840 2365 3102 2434 judicium
3152 2366 3480 2420 verbotenus
3508 2366 3682 2427 sciunt,
3705 2360 3772 2415 sed

2256 2469 2507 2524 perversa
2545 2456 2752 2526 agendo
2782 2463 3047 2510 testantur
3072 2456 3196 2524 quia
3227 2455 3496 2510 nesciunt.
3543 2453 3633 2520 Qui
3666 2451 3770 2504 enin

2256 2545 2357 2599 boc
2383 2559 2489 2599 non
2521 2544 2804 2610 formidat,
2841 2554 2899 2601 ut
2935 2547 3123 2612 debet,
3161 2547 3390 2602 necdum
3426 2546 3659 2617 cognovit
3685 2557 3773 2596 cum

2255 2643 2457 2703 quanto
2488 2634 2701 2688 turbine
2730 2635 2956 2690 terroris
2991 2635 3261 2690 adveniat.
3320 2634 3381 2690 Si
3422 2636 3560 2690 enim
3599 2645 3775 2703 pensare

2254 2725 2463 2797 pondus
2500 2726 2750 2781 trementi
2780 2727 3046 2780 examinis
3085 2733 3300 2793 nosset,
3343 2727 3440 2780 irae
3475 2725 3608 2780 diem
3637 2722 3778 2788 utique

2256 2816 2534 2870 tremendo
2563 2825 2910 2884 praecaveret.
2963 2815 3175 2870 Faciem
3205 2831 3424 2886 quoque
3460 2815 3610 2886 gladii
3638 2811 3777 2881 iugere

2253 2914 2336 2962 est
2364 2920 2378 2958 :
2405 2905 2911 2962 animadversionis
2954 2906 3214 2963 districta:
3263 2907 3623 2969 sententiam,
3667 2902 3778 2972 prius

2254 3009 2414 3066 quam
2441 3004 2718 3067 appareat,
2745 2996 2982 3066 placare.

1520 3418 1821 3495 LIBER
1874 3415 2342 3509 QUINTUS
2402 3397 2886 3493 DECIMUS.

653 3722 789 3790 Quia
819 3721 976 3776 amici
1025 3721 1169 3775 beati
1219 3718 1319 3777 Job
1369 3722 1707 3792 nequaquam
1754 3695 1994 3792 perversi
2028 3737 2147 3778 csse
2175 3734 2218 3795 ρ
2250 3735 2412 3792 agerc
2461 3727 2514 3774 et
2569 3717 2908 3788 postmodum
2967 3727 3156 3787 poenas
3209 3711 3452 3767 tolerare
3513 3703 3784 3777 conspexit.

576 3815 849 3886 potuerint
877 3813 1090 3881 Sophar
1122 3811 1473 3868 Naamatbitis
1513 3815 1675 3868 verba
1728 3823 1994 3870 testantur
2019 3856 2034 3880 ,
2061 3816 2152 3885 qui

577 3905 644 3960 de
671 3920 764 3959 ore
790 3902 904 3972 ejus
928 3913 1189 3958 terrorem
1223 3903 1430 3959 venturi
1450 3901 1635 3971 iudicii
1659 3904 1883 3959 audiens
1908 3904 2154 3974 protinus

578 3997 824 4067 adjungit
856 4014 870 4050 :

1169 4084 1394 4139 CAPUT
1444 4085 1562 4140 XX.

649 4175 810 4229 Vens.
845 4175 898 4240 1,
927 4176 980 4228 2.
1032 4173 1237 4228 Idcirco
1271 4177 1609 4244 cogitationes
1632 4191 1758 4229 mere
1784 4177 1942 4231 variae
1971 4191 2151 4231 succe-

577 4262 706 4314 dunt
727 4263 844 4326 sibi,
870 4273 916 4314 et
947 4279 1087 4316 meus
1119 4264 1173 4316 in
1195 4262 1398 4316 diversa
1424 4266 1658 4337 rapitur.
1681 4294 1750 4304 —
1777 4265 1854 4318 Ac
1875 4265 1918 4318 si
1947 4267 2152 4335 apertis

577 4349 799 4404 vocibus
828 4349 970 4402 dicat
1005 4367 1016 4402 :
1045 4351 1168 4418 quia
1192 4359 1490 4405 extremum
1512 4351 1697 4419 iudicii
1730 4364 1989 4410 terrorem
2015 4371 2148 4410 eon-

581 4441 784 4506 sidero,
815 4440 1014 4494 idcirco
1045 4440 1434 4508 cogitationum
1469 4443 1778 4498 tumultibus
1808 4445 1860 4498 in
1884 4446 2150 4511 ,timorcm

583 4529 904 4585 confundor.
932 4528 1106 4581 Tanto
1134 4528 1332 4597 quippe
1361 4543 1419 4582 se
1451 4531 1661 4586 animus
1696 4533 1928 4601 amplius
1975 4535 2027 4588 in
2056 4550 2149 4589 co—

578 4622 840 4693 gitatione
865 4619 1088 4675 dilaniat
1116 4659 1130 4681 ,
1159 4629 1363 4688 quanto
1404 4619 1534 4674 illud
1584 4635 1704 4676 esse
1742 4623 1982 4679 terribile
2008 4626 2151 4694 quod

580 4714 824 4768 imminet
853 4721 1060 4780 pensat.
1089 4711 1346 4782 Sequitur
1371 4729 1384 4765 :

652 4805 815 4859 Vens.
845 4805 897 4858 ’5.
925 4805 1229 4858 Doctrinam
1257 4843 1272 4869 ,
1299 4821 1402 4874 qua
1437 4819 1518 4858 me
1557 4805 1734 4874 arguis
1760 4843 1776 4871 ,
1821 4804 2056 4872 audiam,
2100 4814 2150 4859 et

578 4897 792 4966 spiritus
831 4893 1184 4963 intelligentia:
1214 4909 1341 4948 mea:
1371 4893 1695 4962 respondebit
1728 4893 1876 4947 mihi.
1901 4922 1974 4934 -
1997 4893 2076 4948 Ac
2101 4893 2150 4949 si

578 4993 765 5054 aperte
793 4985 972 5038 dicat:
1003 4982 1115 5037 Tua
1146 4984 1361 5051 quidem
1391 4984 1550 5036 verba
1574 4981 1755 5048 audio,
1787 4982 1880 5036 sed
1910 4998 1976 5036 an
2000 4992 2149 5038 recte

2254 3827 2467 3869 omnem
2497 3811 2548 3865 in
2574 3810 2662 3865 illo
2691 3807 3017 3880 hypocrisin:
3047 3805 3278 3859 aestimat
3305 3803 3482 3859 fuisse
3509 3800 3649 3872 quod
3668 3795 3791 3853 vidit.

2253 3904 2378 3975 quia
2411 3901 2660 3957 videlicet
2692 3915 2720 3953 a
2747 3899 2895 3968 justo
2943 3899 3052 3952 Deo
3092 3895 3295 3964 justum
3348 3895 3618 3950 famulum
3669 3882 3793 3946 aiiliti

2253 4008 2410 4064 posse
2438 4007 2542 4046 non
2568 3991 2814 4046 credidit.
2864 3989 2969 4044 Sed
3000 4003 3096 4042 nos
3131 3988 3446 4041 intueamur
3475 4027 3490 4050 ,
3521 3995 3677 4054 quam
3700 3988 3795 4030 vera

2252 4084 2401 4148 dicit,
2431 4083 2474 4137 si
2505 4083 2620 4136 bare
2641 4090 2832 4136 contra
2869 4079 3062 4148 impios
3098 4077 3436 4145 loqueretur.
3468 4073 3622 4143 [mpii
3651 4071 3794 4134 itaque

2253 4177 2375 4245 quia
2406 4183 2725 4244 praesentem
2766 4173 2933 4226 vitam
2960 4169 3226 4238 diligunt,-
3255 4168 3310 4223 in
3351 4181 3425 4222 eo
3453 4163 3642 4236 procul
3673 4156 3798 4214 dubio

2257 4266 2406 4329 elati,
2437 4265 2715 4334 percipere
2739 4261 2952 4316 laudem
2976 4267 3264 4329 quaerunt,
3310 4257 3520 4327 lingua:
3569 4247 3797 4308 favoribus

2252 4355 2596 4417 extolluntur,
2630 4367 2728 4408 nec
2750 4366 2870 4408 esse
2896 4350 3022 4407 boni
3049 4389 3064 4414 ,
3095 4347 3191 4403 sed
3213 4347 3316 4402 diei
3343 4353 3634 4416 appetunt.
3663 4339 3798 4406 Quam

2254 4449 2504 4504 videlicet
2539 4446 2751 4500 laudem
2783 4444 2996 4512 longam
3049 4454 3168 4496 esse
3196 4439 3480 4493 aestimant
3526 4437 3652 4491 dum
3683 4441 3797 4485 assc-

2252 4547 2508 4608 quuntur,
2539 4536 2631 4589 sed
2652 4535 2868 4589 brevem
2887 4531 3192 4600 intelligunt
3211 4529 3381 4584 fuisse
3410 4528 3544 4583 ditm
3566 4525 3798 4608 amittunt.

2251 4603 2307 4681 In
2361 4625 2467 4679 ﬁne
2513 4624 2712 4692 quippe
2740 4622 2820 4676 eis
2865 4621 3169 4675 ostenditur
3211 4631 3374 4688 quam
3432 4615 3514 4671 nil
3572 4614 3668 4668 fuit
3693 4603 3801 4678 quod

2251 4721 2603 4777 amaverunt,
2647 4719 2702 4765 et
2758 4725 2899 4780 saepe
2943 4709 3262 4780 hypocrita,
3312 4707 3448 4762 dum
3493 4712 3730 4758 sanctum
3762 4707 3801 4746 se

2255 4803 2474 4859 simulat
2503 4811 2558 4857 et
2589 4802 2834 4871 iniquum
2863 4799 3121 4854 exhibere
3161 4798 3386 4852 minime
3425 4792 3714 4852 formidat,
3755 4783 3803 4836 ab

2250 4896 2498 4950 omnibus
2529 4895 2846 4957 honoratur,
2879 4891 3037 4960 eique
3066 4889 3376 4945 sanctitatis:
3394 4887 3576 4958 gloria
3604 4881 3803 4938 defertur

2251 4986 2317 5040 ab
2347 4985 2434 5039 bis
2458 4985 2549 5052 qui
2576 4983 2850 5037 exteriora
2875 4989 3140 5045 cernunt,
3179 4980 3272 5034 sed
3301 4979 3574 5032 interiora
3621 4964 3800 5052 prospif

579 5051 785 5140 prolata
819 5073 926 5127 sint
953 5071 1144 5141 spiritu
1175 5086 1306 5126 ineze
1337 5070 1700 5141 intelligentiae
1738 5071 2006 5129 discerno.
2051 5071 2150 5129 Se.
2175 5070 2226 5130 D
2253 5088 2374 5130 cere
2403 5051 2696 5142 nequeunt.
2731 5071 2836 5126 Sed
2863 5071 2988 5135 hoc,
3015 5084 3204 5124 eorum
3247 5068 3512 5138 gaudium
3543 5051 3798 5119 aeternin

582 5164 764 5230 quitur
798 5181 810 5216 :

857 5255 871 5272 1
937 5253 966 5272 II
1032 5251 1074 5272 ,1

2254 5174 2620 5235 comparatum
2646 5205 2660 5229 ,
2693 5163 2822 5234 quid
2863 5163 2967 5218 erit
2989 5201 3004 5227 ,
3035 5163 3251 5231 quando
3280 5199 3297 5226 ,
3345 5160 3602 5212 irruente
3642 5149 3805 5264 proni:
