3948 5398
513 254 618 309 275

1430 220 1777 308 senatus
1812 243 2104 303 seems
2137 241 2628 307 CLUNIACENSlS
2666 248 2707 302 II

3639 244 3740 300 276

513 368 734 424 verbum
763 382 927 438 prave
956 367 1225 438 intelligit,
1260 369 1403 437 quod
1437 369 1577 425 male
1604 368 1829 438 quaerit,
1864 374 1920 424 et
1956 382 2075 422 cum
2105 365 2151 425 Α
2181 362 2466 435 colligitur.
2500 363 2603 421 Mel
2629 365 2808 435 itaque
2828 380 2895 420 ex
2919 378 3063 430 aere,
3084 365 3336 436 butyrum
3365 375 3428 416 ex
3457 371 3622 415 carne
3640 367 3741 416 est.

514 458 568 512 in
599 470 837 513 errorem
865 456 1129 513 haereseos
1156 457 1371 527 labitur,
1414 459 1673 534 contingit
1709 460 1758 515 ei
1783 498 1801 526 ,
1847 467 1908 515 ut
1942 459 2082 515 sicut

517 547 583 600 de
614 544 734 600 felle
760 545 1023 615 aspidum,
1058 548 1137 603 sic
1164 547 1347 604 infelix
1379 551 1444 605 de
1471 566 1609 621 pane
1638 551 1918 615 moriatur,
1947 550 2079 605 etin

516 637 756 693 doctrina
800 653 897 698 sua
943 649 1170 695 mortem
1213 641 1475 707 invenit;-
1500 642 1625 712 quia
1662 643 1727 698 in
1753 642 1932 699 verbis
1957 641 2082 700 vita

515 727 679 781 vitam
705 727 925 785 minime
950 730 1215 799 quaesivit.
1249 730 1504 802 Sequitur
1529 750 1542 787 :

583 819 747 874 Vsus.
781 820 867 874 15.
906 819 1149 888 Divitias,
1177 840 1307 894 quas
1337 823 1629 893 devoravit,
1667 833 1890 889 evomat,
1931 834 1981 880 et
2017 825 2084 884 de

513 916 687 961 centre
730 906 873 963 illius
922 910 1158 983 extrahet
1207 928 1295 967 eas
1347 911 1506 987 Deus.
1534 942 1602 953 —
1640 910 1765 966 Vult
1803 912 2082 983 hypocrita

514 996 655 1051 scire
690 996 868 1052 divina
901 997 1142 1067 eloquia,
1186 1014 1286 1059 nec
1322 1008 1500 1057 tamen
1535 1000 1744 1066 facere,
1786 1001 1897 1059 vult
1929 1000 2084 1058 docte

511 1086 690 1155 loqui,
732 1104 831 1144 nec
860 1089 1057 1145 vivere.
1116 1091 1221 1147 Pro
1248 1109 1313 1149 eo
1340 1093 1482 1164 quod
1511 1109 1613 1148 non
1640 1094 1719 1148 ait
1743 1109 1862 1164 qua:
1891 1094 2041 1153 novit
2066 1134 2085 1161 ,

515 1178 679 1232 etiam
708 1179 811 1234 hoc
838 1182 979 1250 quod
1019 1183 1169 1238 novit
1202 1184 1417 1239 amittit.
1473 1183 1696 1239 Divitias
1728 1183 1890 1255 igitur
1916 1198 2086 1242 sacrae

513 1269 649 1340 legis
679 1284 813 1341 quas
838 1271 1062 1343 legendo
1092 1276 1408 1339 devoravit,
1447 1275 1812 1331 obliviscenda
1844 1277 2084 1344 evomit,

516 1375 715 1430 easque
748 1363 814 1418 de
841 1374 1030 1421 ventre
1062 1366 1204 1421 illius
1231 1366 1485 1429 extrahit,
1518 1367 1644 1436 quia
1673 1366 1774 1422 hoc
1799 1368 1941 1437 quod
1973 1381 2087 1423 ser-

517 1466 647 1505 vare
675 1452 864 1519 noluit,
883 1454 1030 1525 justo
1050 1455 1252 1526 judicio
1281 1455 1346 1510 de
1372 1456 1487 1525 ejus
1513 1455 1769 1513 memoria
1798 1455 1996 1522 evellit,
2020 1470 2090 1511 ne

516 1554 782 1613 praecepta
806 1545 896 1600 Dei
916 1546 1103 1601 saltem
1132 1546 1184 1600 in
1212 1546 1396 1618 lingua
1420 1557 1619 1613 teneat,
1639 1562 1758 1617 quae
1781 1563 1887 1603 non
1910 1555 2092 1602 servat

517 1633 571 1687 in
604 1633 732 1689 vita.
788 1633 940 1691 Unde
984 1651 1081 1706 per
1125 1636 1451 1706 Prophetam
1490 1638 1727 1693 dicitur:
1760 1656 1779 1691 ι
1813 1637 2088 1695 Peccatori

2183 454 2389 512 Summi
2414 464 2592 512 autem
2616 456 2793 513 Patris
2805 456 3148 528 Unigenitus,
3175 468 3297 511 cum
3325 453 3395 540 sit
3418 453 3563 507 Deus
3587 464 3747 521 super

2181 551 2383 616 Omnia,
2413 552 2574 608 homo
2601 551 2776 609 factus
2804 560 2890 610 est
2920 552 3062 608 inter
3089 551 3302 616 omnia;
3349 549 3440 619 qui
3489 562 3610 602 cum
3652 558 3745 602 nos

2181 639 2481 697 divinitatis
2506 657 2618 698 suae
2646 641 2930 698 dulcedine
2974 650 3030 698 et
3072 639 3328 713 mysterio
3364 636 3747 693 incarnationis

2184 732 2438 802 replevit,
2482 731 2640 788 melle
2668 747 2766 788 nos
2793 732 3000 804 pariter
3022 739 3078 787 et
3104 730 3298 802 butyro
3324 728 3563 785 satiavit.
3617 725 3747 800 Quia

2181 834 2310 892 ergo
2341 820 2574 891 Spiritus
2600 820 2801 880 Christi
2848 830 3083 878 mentem
3130 834 3290 890 quam
3339 816 3662 888 repleverit,
3698 825 3749 871 et

2184 910 2481 965 divinitatis
2508 907 2625 978 ejus
2657 909 2957 976 dulcedine,
2991 918 3046 965 et
3077 906 3464 964 incarnationis
3490 904 3599 960 (ide
3626 905 3752 958 [relic

2185 999 2336 1066 ﬂeat,
2379 999 2467 1055 isti
2499 999 2659 1054 rivuli
2707 999 2965 1054 torrentis
3008 996 3244 1053 ﬂuminis
3289 993 3465 1050 mellis
3511 990 3674 1049 simul
3701 999 3755 1046 et

2185 1092 2363 1162 butyri
2389 1106 2509 1147 esse
2535 1098 2924 1146 memorantur.
2961 1089 3255 1160 Sequitur:

2254 1180 2420 1235 Vens.
2450 1181 2537 1236 l8.
2573 1179 2701 1237 Luet
2726 1196 2843 1253 qua:
2870 1180 2991 1250 fecit
3020 1179 3216 1244 omnia,
3248 1193 3338 1232 nec
3366 1186 3546 1230 tamen
3574 1189 3757 1228 causa.

2188 1267 2755 1325 metur.-—Persolvit
2789 1268 2935 1324 enim
2985 1267 3038 1321 in
3087 1274 3355 1322 tormento
3400 1278 3464 1319 ea
3508 1278 3630 1332 qua:
3672 1263 3757 1317 hic

2189 1362 2374 1417 illicite
2394 1362 2631 1418 servavit
2655 1360 2939 1427 desideria,
2960 1369 3017 1415 et
3036 1357 3267 1414 ﬂammis
3288 1354 3577 1412 ultricibus
3600 1355 3759 1408 tradi.

2191 1459 2277 1507 tus
2303 1464 2518 1519 semper
2539 1450 2791 1516 moritur,
2816 1449 2942 1520 quia
2969 1461 3181 1518 semper
3209 1446 3263 1501 in
3293 1454 3468 1500 marte
3492 1452 3759 1499 servatur.

2190 1536 2305 1592 Non
2328 1537 2470 1592 enim
2496 1537 2548 1590 in
2572 1543 2744 1591 morte
2758 1536 3121 1591 consumitur:
3138 1534 3263 1605 quia
3284 1533 3329 1588 si
3351 1539 3761 1588 consumeretur

2191 1628 2301 1684 vita
2332 1625 2642 1690 morientis,
2678 1639 2807 1681 cum
2830 1625 2939 1680 vita
2979 1623 3140 1680 etiam
3178 1637 3341 1694 ptena
3371 1621 3643 1685 ﬁniretur,
3669 1617 3758 1673 sed

515 1733 695 1777 autem
724 1725 863 1780 dixit
891 1724 1035 1782 Deus
1061 1744 1075 1781 :
1111 1724 1290 1793 Quare
1322 1736 1378 1782 tu
1403 1741 1630 1784 enarras
1658 1726 1902 1797 justitias
1930 1742 2081 1783 meas
2113 1728 2157 1791 BA
2182 1729 2244 1778 ut
2271 1720 2388 1776 sine
2413 1718 2521 1774 ﬁne
2545 1717 2843 1782 crucietur,
2865 1716 3046 1772 vivere
3074 1716 3191 1771 sine
3219 1714 3324 1769 line
3353 1713 3406 1768 in
3434 1726 3599 1782 poena
3625 1724 3761 1765 com-

517 1822 573 1869 et
587 1815 817 1871 assumis
849 1826 1229 1874 testamentum
1246 1834 1424 1877 meum
1453 1835 1548 1891 per
1572 1835 1634 1876 os
1663 1829 1813 1876 tuum
1834 1821 1884 1875 ?)
1914 1818 2085 1892 (Psal.

515 1919 707 1969 XLVIII,
739 1904 849 1976 16.)
886 1906 1179 1977 Sequitur:

588 1994 752 2049 Vsus.
788 1995 875 2050 l6.
914 1996 1081 2065 Caput
1128 2000 1368 2066 aspidum
1412 2009 1588 2070 suget,
1637 2010 1685 2054 et
1732 2001 1929 2054 occidet
1973 2017 2091 2055 eum

517 2082 698 2152 lingua
741 2086 945 2155 viperae.
968 2117 1039 2128 --
1065 2086 1225 2157 Aspis
1267 2104 1466 2159 parvus
1510 2098 1589 2145 est
1636 2104 1879 2160 serpens,
1907 2090 2090 2160 vipera
2126 2130 2129 2133 η

517 2173 828 2242 prolixioris
850 2184 932 2231 est
956 2177 1217 2248 corporis.
1241 2177 1432 2247 Vipera
1463 2179 1606 2234 enim
1629 2180 1846 2246 dicitur,
1862 2194 1926 2234 eo
1950 2181 2094 2250 quod

521 2265 573 2318 vi
600 2268 797 2334 pariat.
831 2268 966 2336 Quid
999 2284 1127 2341 ergo
1154 2285 1251 2340 per
1274 2272 1488 2341 aspicies
1513 2288 1708 2342 parvos
1737 2273 1838 2328 nisi
1865 2272 2094 2329 latentes

523 2358 892 2428 suggestiones
920 2360 1317 2416 immundorum
1344 2362 1631 2432 spirituum
1657 2362 1979 2434 figurantur,
1999 2364 2092 2434 qui

522 2446 773 2502 cordibus
801 2448 1076 2503 hominum
1108 2465 1273 2521 parva
1304 2451 1454 2521 prius
1483 2452 1737 2507 suasione
1763 2453 2096 2524 surrepunt’t

523 2535 661 2603 Quid
690 2553 816 2593 vero
844 2555 942 2609 per
972 2540 1206 2612 linguam
1238 2542 1463 2613 viperze,
1506 2545 1608 2600 nisi
1635 2545 1867 2600 violenta
1895 2544 2095 2601 diaboli

522 2628 749 2681 tentatio
777 2628 1129 2699 designatur?
1180 2630 1338 2706 Prius
1383 2632 1528 2689 enim
1578 2632 1771 2688 leniter
1817 2634 2094 2703 surrepit,

521 2721 862 2789 postmodum
886 2737 1013 2777 vero
1036 2722 1197 2776 etiam
1221 2724 1487 2783 violenter
1508 2724 1694 2779 trahit.
1720 2725 1896 2795 Caput
1915 2726 2098 2796 itaque

525 2810 769 2878 aspidum
815 2813 955 2881 sugit
980 2851 994 2875 ,
1043 2811 1167 2880 quia
1205 2812 1414 2867 initium
1449 2814 1807 2885 suggestionis
1834 2816 2057 2871 occulta:
2079 2855 2095 2882 ,

523 2898 678 2967 prius
711 2914 933 2969 parvum
978 2901 1031 2955 in
1074 2902 1236 2958 corde
1277 2903 1557 2971 nascitur;
1606 2905 1701 2961 sed
1740 2906 1937 2963 occidit
1974 2921 2096 2962 eum

525 2988 706 3058 lingua
736 2989 969 3058 viperae,
1004 2992 1126 3060 quia
1157 2990 1492 3063 pestmodum
1524 3004 1680 3065 capta
1713 3012 1865 3052 mens
1891 3010 2099 3053 veneno

2189 1809 2432 1881 pellitur,
2460 1816 2538 1872 ut,
2564 1805 2717 1876 cujus
2738 1807 2849 1860 vita
2873 1806 2962 1863 hic
2988 1817 3201 1861 mortua
3225 1803 3403 1859 fuitin
3428 1802 3610 1872 culpa,
3636 1801 3760 1855 illice

2190 1918 2294 1972 que
2320 1915 2468 1956 mors
2492 1900 2639 1955 vivat
2667 1899 2721 1953 in
2746 1913 2925 1973 paena.
2960 1896 3256 1969 Sequitur:
3279 1896 3445 1953 Juxta
3472 1892 3761 1948 multitudiw

2192 2006 2307 2044 nem
2335 1989 2756 2043 adinventionum
2787 2003 3036 2051 suarum,
3065 1988 3139 2041 sic
3166 1997 3212 2041 et
3242 1985 3537 2040 sustinebit.
3565 2012 3640 2024 —
3666 1982 3757 2049 Qui

2189 2078 2331 2133 enim
2380 2077 2544 2132 multa
2574 2077 2776 2132 invenit
2810 2076 2891 2131 ‘ad
2940 2078 3170 2145 culpam,
3205 2075 3359 2130 novis
3386 2074 3663 2129 cruciatur
3690 2073 3759 2126 in-

2192 2166 2527 2223 ventionibus
2566 2166 2619 2220 in
2663 2180 2843 2236 poena.
2892 2165 3025 2221 Nam
3066 2164 3209 2235 quod
3251 2163 3342 2222 hic
3372 2163 3638 2233 suspicari
3665 2176 3760 2216 non

2191 2257 2382 2326 potu't,
2412 2257 2512 2311 hoc
2538 2254 2647 2310 illic
2670 2254 2957 2311 ultiouibus
2985 2253 3212 2310 traditus
3247 2253 3426 2308 sentit.
3454 2250 3603 2307 Sicut
3628 2251 3764 2305 enim

2192 2345 2473 2401 exercitati
2500 2346 2556 2403 in
2584 2346 2737 2400 bonis
2765 2345 3018 2414 operibus
3056 2343 3212 2399 electi
3244 2357 3626 2413 nonnunquam
3654 2341 3769 2411 plus

2193 2436 2404 2490 student
2438 2428 2598 2506 agere
2650 2449 2810 2504 quam
2855 2435 2937 2490 eis
2982 2434 3230 2505 dignatus
3275 2443 3358 2489 est
3399 2431 3659 2487 Dominus
3681 2428 3768 2497 ju~

2192 2528 2321 2584 bere
2380 2546 2392 2580 :
2442 2527 2519 2582 sic
2568 2526 2885 2598 plerumque
2939 2526 3177 2596 perversi
3234 2523 3432 2594 quique
3486 2522 3543 2577 in
3590 2523 3769 2591 pravis

2195 2616 2495 2672 actionibus
2522 2624 2866 2682 exercentur,
2905 2624 2962 2670 ut
2988 2615 3110 2685 plus
3140 2613 3412 2677 inveniant
3437 2613 3491 2667 in
3520 2625 3768 2682 perversa

2197 2708 2508 2783 operatione
2540 2708 2683 2779 quod
2716 2708 2929 2771 faciant,
2965 2722 3125 2778 quam
3164 2722 3235 2764 ex
3283 2722 3381 2762 usu
3422 2705 3769 2775 reproborum

2197 2802 2499 2873 iniquitatis
2519 2809 2823 2874 potuerunt.
2844 2799 2997 2863 Unde
3023 2808 3076 2854 et
3103 2795 3377 2869 amplioris
3405 2792 3769 2852 retributionis
3831 2801 3840 2811 '

2200 2900 2467 2947 tormento
2503 2889 2786 2950 feriuntur.
2828 2887 3123 2960 Sequitur:

2271 2982 2433 3037 Vens.
2460 2983 2548 3048 19,
2576 2981 2665 3036 ‘20.
2711 2979 2971 3049 Quoniam
3018 2977 3345 3048 confringens
3386 2974 3602 3029 nudavit
3642 2988 3770 3041 pau-

528 3077 778 3133 violenta:
810 3081 1118 3136 tentationis
1150 3092 1392 3139 necatur.
1447 3084 1556 3141 Sed
1582 3084 1815 3142 fortasse
1843 3087 1958 3143 haec
1987 3087 2101 3158 ipsa

2206 3093 2377 3146 peres,
2409 3076 2640 3141 domum,
2680 3072 2850 3143 rapuit
2880 3080 2929 3129 et
2957 3086 3059 3125 non
3089 3068 3363 3138 azdiﬁcavit
3401 3082 3518 3121 eant
3537 3105 3552 3129 ,
3587 3079 3678 3158 nec
3697 3072 3769 3116 est

534 3168 837 3239 intelligere
884 3172 1045 3226 etiam
1096 3188 1191 3239 per
1232 3174 1560 3232 contrariam
1603 3177 2100 3247 interpretationem

532 3259 790 3315 valemus.
846 3260 979 3316 Nam
1011 3263 1135 3332 quia
1175 3264 1321 3334 aspis
1365 3280 1573 3322 veneno
1617 3281 1715 3321 suo
1761 3267 1991 3333 concito,
2021 3267 2104 3321 vi-

533 3363 665 3417 pera
698 3361 876 3405 autem
924 3352 1147 3406 tardius
1174 3354 1411 3419 occidit;
1466 3370 1565 3426 per
1604 3355 1841 3426 aspidem
1873 3356 2106 3412 violenta

536 3447 589 3491 et
610 3438 808 3508 subita,
831 3455 927 3512 per
949 3442 1185 3512 viperam
1213 3444 1347 3500 lenis
1374 3455 1427 3500 et
1450 3447 1700 3502 diuturna
1724 3447 1948 3503 tentatio
1967 3449 2110 3504 desi-

537 3539 749 3599 gnatur.
794 3532 945 3589 Unde
972 3534 1044 3588 illi
1077 3551 1223 3591 mors
1256 3537 1645 3594 insurreclione
1671 3538 1881 3607 capitis,
1909 3540 2109 3611 vipera:

539 3628 717 3677 autem
768 3622 822 3676 in
871 3623 1048 3694 lingua
1099 3639 1219 3680 esse
1267 3626 1596 3695 perhibetur,
1653 3628 1779 3697 quia
1830 3628 2108 3698 repentina

537 3714 765 3769 tentatio
795 3729 936 3784 szepe
965 3716 1295 3784 inopinatam
1326 3726 1560 3773 mentem
1585 3758 1598 3779 ,
1649 3705 1770 3772 mox
1805 3726 1865 3773 ut
1899 3718 2108 3789 surgit,

540 3805 833 3873 interficit;
883 3806 1040 3878 longa
1085 3823 1217 3863 vero
1263 3811 1509 3875 tentatio,
1551 3810 1673 3879 quia
1713 3825 1875 3879 prava
1914 3810 2113 3867 diutius

536 3899 911 3966 persuadendo
932 3901 1190 3970 suggerit,
1212 3900 1356 3956 velut
1382 3917 1447 3956 ex
1478 3901 1657 3974 lingua
1685 3901 1863 3971 vipera
1892 3900 2107 3961 occidit.

538 3989 793 4060 Sequitur
818 4009 830 4044 :

611 4082 778 4138 Vens.
812 4083 899 4138 17.
940 4083 1063 4139 Νοη
1110 4086 1279 4141 videat
1327 4084 1521 4141 rivulos
1566 4084 1822 4156 ﬂuminis,
1861 4094 2113 4141 torrentes

542 4172 711 4226 mellis
757 4182 807 4226 et
858 4173 1050 4245 butyri.
1080 4206 1151 4216 —
1195 4174 1251 4245 In
1303 4173 1593 4245 Evangelia
1637 4174 1767 4231 dicit
1812 4173 2110 4230 Dominus:

553 4282 571 4313 ι
598 4264 697 4330 Qui
729 4265 901 4319 credit
930 4258 1122 4330 inme,
1153 4268 1293 4327 sicut
1322 4267 1453 4322 dicit
1482 4267 1778 4338 Scriptura,
1805 4266 2021 4323 ﬂumina
2049 4268 2115 4323 de

544 4366 735 4413 ventre
764 4356 879 4426 ejus
904 4358 1070 4414 ﬂuent
1096 4375 1250 4430 aqua:
1272 4361 1405 4415 vivae
1426 4359 1607 4428 (Joan.
1632 4376 1724 4423 vn,
1751 4359 1862 4431 58).
1884 4379 1903 4413 ι
1936 4359 2112 4416 Rivuli

544 4462 674 4517 ergo
702 4456 827 4503 sunt
855 4447 1107 4515 ﬂuminis,
1136 4451 1272 4505 dona
1304 4449 1536 4519 Spiritus
1562 4451 1754 4507 sancti.
1787 4449 2010 4513 Rivulus
2034 4460 2118 4506 est

546 4536 1078 4604 ﬂuminis'charitas,
1108 4538 1311 4594 rivulus
1332 4538 1573 4605 ﬂuminis
1602 4539 1755 4602 ﬁdes,
1788 4539 1994 4594 rivulus
2019 4537 2120 4593 ﬂu-

545 4625 711 4682 minis
736 4641 877 4695 spes.
916 4626 1021 4681 Sed
1050 4626 1303 4697 quoniam
1328 4626 1506 4683 omnis
1529 4627 1804 4697 hypocrita
1832 4639 1932 4681 nec
1952 4626 2117 4681 Deum

551 4730 654 4770 nec
681 4716 983 4785 proximum
1012 4702 1218 4788 diligit,
1247 4731 1368 4772 cum
1399 4714 1765 4771 transitoriam
1796 4714 1980 4769 mundi
2008 4713 2122 4787 glo-

551 4804 689 4860 riam
715 4806 904 4876 quaerit
941 4806 1140 4863 rivulos
1168 4804 1403 4863 ﬂuminis
1430 4822 1537 4863 non
1562 4806 1740 4871 videt,
1768 4805 1894 4876 quia
1926 4804 2115 4877 irriga-

550 4894 696 4950 tione
748 4912 852 4950 non
904 4896 1300 4967 perinfunditur
1346 4898 1649 4954 charitatis.
1717 4897 1784 4951 Et
1829 4897 2121 4952 notandum

552 4984 695 5054 quod
732 5001 834 5039 non
860 4986 1027 5051 rivos,
1053 4986 1147 5043 sed
1172 4986 1375 5043 rivulos
1403 4987 1553 5043 dicit.
1585 4986 1770 5057 Accipi
1797 4986 1940 5042 enim
1966 4984 2122 5040 rivuli

553 5073 786 5130 ﬂuminis
810 5085 1033 5145 possunt
1058 5090 1177 5133 esse
1200 5076 1338 5133 dona
1366 5075 1649 5148 spiritalia,
1671 5091 1790 5145 qute
1814 5076 1866 5130 in
1891 5073 2125 5133 amantis

552 5173 733 5219 mente
764 5166 834 5218 ita
863 5167 929 5221 de
954 5166 1265 5222 coelestibus
1296 5166 1562 5220 subtiliter
1587 5171 1832 5228 currunt,
1861 5170 1917 5217 ut
1945 5177 2040 5231 per
2062 5174 2126 5215 os

556 5254 736 5310 carnis
770 5256 975 5326 impleri
1009 5271 1113 5312 non
1143 5256 1370 5327 possint.
1422 5254 1643 5311 Fluvius
1686 5261 1865 5313 autem
1917 5260 2125 5313 torrens

564 5351 678 5398 est.
710 5345 821 5398 insa
851 5346 1129 5398 inundatio
1159 5347 1394 5398 Snirilns
1421 5345 1626 5398 sancti.
1655 5357 1775 5398 quae
1803 5342 1854 5395 in
1882 5350 2126 5398 contem-

2202 3166 2424 3221 satiatus
2454 3173 2625 3219 venter
2661 3162 2796 3232 ejus.
2825 3190 2895 3200 —-
2918 3158 3147 3214 Domum
3191 3153 3441 3227 pauperis
3489 3150 3773 3221 confringit

2205 3264 2259 3309 et
2286 3254 2470 3318 nudat,
2517 3252 2642 3321 quia
2683 3265 2804 3307 eum
2837 3263 2995 3320 quem
3043 3261 3143 3318 per
3186 3244 3478 3316 potentiam
3505 3241 3767 3302 conterit,

2206 3347 2505 3417 exspoliare
2528 3358 2738 3415 quoque
2761 3356 2855 3412 per
2871 3338 3150 3409 avaritiam
3176 3351 3279 3391 non
3301 3333 3596 3390 erubescit.
3619 3329 3771 3399 Rapit

2208 3452 2325 3494 eam
2372 3445 2424 3492 et
2472 3450 2578 3489 non
2614 3422 2863 3490 aediﬁcat.
2908 3431 2987 3485 Ac
3012 3428 3058 3484 si
3104 3434 3291 3500 aperte
3320 3426 3597 3481 diceretur
3629 3436 3646 3476 :
3676 3420 3769 3487 Qui

2208 3530 2349 3584 hanc
2381 3526 2650 3583 aediﬁcare
2681 3522 2865 3579 debuit
2915 3520 3136 3590 insuper
3186 3517 3345 3586 rapit.
3393 3514 3589 3579 Rapuit
3630 3525 3770 3582 ergo,

2209 3629 2257 3674 et
2304 3635 2409 3673 non
2457 3613 2732 3684 wdiﬁcavit
2761 3626 2906 3674 eam,
2937 3609 3061 3679 quia
3099 3622 3204 3663 non
3243 3605 3414 3661 solum
3468 3602 3538 3657 de
3578 3615 3680 3656 suo
3708 3599 3774 3653 nil

2210 3706 2425 3772 tribuit,
2461 3704 2554 3761 sed
2579 3702 2761 3765 etiam,
2782 3699 2923 3771 quod
2965 3704 3083 3752 erat
3116 3688 3372 3761 alienum,
3404 3691 3543 3747 tulit.
3587 3690 3776 3746 Venter

2212 3799 2407 3870 quippe
2439 3794 2606 3865 iniqui
2644 3791 2866 3846 avaritia
2914 3796 3033 3853 est,
3078 3787 3203 3857 quia
3253 3785 3308 3839 in
3344 3783 3457 3855 ipsa
3491 3780 3773 3851 colligitur,

2212 3889 2472 3962 quidquid
2517 3898 2774 3957 perverso
2813 3880 3080 3938 desiderio
3125 3878 3367 3950 glutitur.
3419 3875 3617 3943 Liquet
3657 3886 3777 3962 vero

2212 3961 2334 4051 quia
2362 3975 2588 4030 avaritia
2623 3973 2941 4029 desideratis
2965 3969 3123 4027 rebus
3149 3982 3255 4023 non
3278 3964 3664 4035 exstinguitur,
3695 3961 3780 4015 sed

2214 4079 2458 4142 augetur.
2487 4067 2621 4122 Nam
2650 4079 2795 4121 more
2828 4063 2986 4134 ignis,
3027 4075 3150 4115 cum
3178 4058 3322 4126 ligna
3356 4069 3475 4125 qure
3505 4061 3783 4110 consumat

2215 4160 2506 4233 acceperit,
2537 4157 2819 4214 excrescit.
2847 4153 3101 4223 Sequitur
3137 4169 3150 4204 :
3183 4147 3251 4203 Et
3276 4163 3393 4201 cum
3415 4143 3657 4199 habuerit
3677 4157 3783 4213 qua:

2217 4251 2582 4321 concupierat,
2611 4243 2874 4317 possidere
2908 4258 3011 4296 non
3041 4239 3249 4311 poterit.
3279 4268 3350 4277 —
3368 4234 3590 4304 Majoris
3616 4242 3782 4321 autem

2219 4320 2507 4407 iracundia:
2536 4349 2640 4404 est,
2670 4350 2792 4392 cum
2826 4341 2880 4389 et
2913 4334 3014 4387 hoc
3045 4328 3297 4385 tribuitur
3319 4325 3460 4398 quod
3484 4322 3629 4378 mala
3656 4320 3785 4406 desi-

2217 4434 2439 4488 deratur
2464 4469 2478 4496 ,
2510 4438 2672 4498 atque
2714 4425 2840 4479 inde
2873 4421 3147 4491 repentina
3189 4416 3321 4471 ultio
3367 4413 3636 4484 sequitur,
3669 4409 3784 4481 quia

2219 4525 2319 4580 hoc
2346 4537 2558 4596 quoque
2584 4518 2819 4574 obtinuit
2842 4516 2982 4586 quod
3016 4514 3128 4569 Deo
3159 4511 3422 4566 irascente
3462 4504 3783 4603 concupivit.

2222 4615 2377 4672 Unde
2417 4621 2495 4668 et.
2516 4626 2614 4682 per
2639 4607 2975 4664 Psalmistam
3005 4603 3220 4667 dicitur,
3257 4613 3378 4656 cum
3406 4610 3588 4653 escam
3617 4606 3787 4650 carnis

2223 4705 2361 4761 male
2395 4702 2618 4775 pOpqus
2646 4698 2977 4755 desiderasse
3012 4692 3359 4764 perhibetur:
3398 4706 3416 4738 ι
3452 4685 3648 4739 Adhuc
3674 4695 3787 4736 esca

2225 4806 2343 4852 erat
2368 4795 2420 4848 in
2452 4806 2547 4847 ore
2579 4792 2815 4860 ipsorum
2839 4828 2854 4853 ,
2881 4795 2937 4841 et
2970 4787 3046 4839 ira
3076 4783 3168 4838 Dei
3199 4778 3442 4835 ascendit
3469 4790 3633 4845 super
3664 4788 3786 4837 eos,

2226 4893 2281 4940 et
2314 4882 2510 4940 occidit
2536 4880 2793 4951 plurimos
2820 4891 3003 4932 eorum
3027 4871 3196 4944 (Psat.
3240 4884 3420 4925 Lxxvn
3443 4908 3459 4934 ,
3497 4866 3612 4937 58).
3652 4883 3671 4916 ι
3702 4862 3789 4918 Se-

2227 4973 2407 5044 quitur
2438 4989 2451 5027 :

2296 5062 2459 5121 Vsus.
2481 5061 2573 5117 Si.
2600 5060 2721 5114 Non
2751 5056 2995 5116 remansit
3023 5054 3087 5108 de
3111 5051 3224 5106 cibo
3249 5048 3468 5118 ejus.——
3486 5042 3655 5100 Cibus
3681 5039 3787 5109 ejus

2229 5161 2314 5208 est
2340 5165 2499 5207 omne
2546 5147 2688 5218 quod
2724 5156 2979 5217 perverso
3024 5137 3293 5195 desiderio
3340 5127 3785 5204 concupivit.Sed

2233 5257 2484 5315 perverso
2531 5236 2825 5310 hypocrita:
2852 5235 2917 5290 de
2946 5232 3066 5288 cibo
3094 5244 3191 5286 suo
3240 5229 3314 5283 nil
3358 5233 3624 5290 remanet,
3669 5220 3784 5321 quia

2232 5352 2352 5393 cum
2404 5334 2517 5398 ipse
2565 5331 2630 5386 ad
2668 5336 2868 5384 aeterna
2917 5322 3173 5395 supplicia
3223 5321 3471 5385 ducitur,
3525 5331 3555 5371 a
3590 5321 3783 5369 cunctts
