3948 5398
542 197 655 256 379

1507 274 1517 287 δ
1537 200 1595 257 S.
1635 195 1882 256 ODONIS
1917 189 2117 248 ABBA']

2235 191 2732 287 CLUNIACENSLS‘
2756 194 2815 287 ιε
3645 201 3742 287 ,280

552 320 795 373 mentum
830 315 1025 387 'itaque
1068 315 1355 394 tormentit,
1404 322 1458 371 et
1502 314 1591 370 hic
1630 314 1697 369 de
1742 324 1969 381 corpore
2023 322 2122 363 no-
2149 311 2195 372 Α
2225 321 2376 389 maus
2403 309 2545 378 quod
2575 280 2818 380 is:
2841 309 3070 367 Domino
3094 324 3380 381 percussus
3406 297 3562 379 esset,
3582 280 3742 372 cuncta

552 408 671 472 lens
693 408 960 476 educitur,
990 415 1044 463 et
1065 407 1172 463 illic
1198 408 1253 463 in
1278 420 1503 477 corpore
1533 412 1747 461 tenetur
1776 403 1993 459 invitus.
2025 400 2123 456 Se-

554 500 775 570 quhur:
1386 488 1445 507 ‘7
1697 485 1717 493 ”

625 591 787 646 Vsus.
832 591 923 647 28.
983 588 1302 645 Reuelabunt
1348 589 1462 645 eteli
1499 587 1823 660 iniquitatem
1869 584 1983 655 ejus
2006 623 2021 649 ,
2071 591 2119 637 et

554 688 693 735 terra
718 691 992 752 consurget
1014 682 1264 737 adversus
1290 697 1428 735 eum.
1452 711 1522 721 —
1546 679 1683 747 Quid
1708 677 1852 733 enim
1882 689 1977 746 per
2005 689 2120 730 cm-

550 768 658 835 los,
686 770 789 824 nisi
813 768 1020 838 justos;
1052 778 1108 825 et
1142 770 1270 839 quid
1302 784 1400 839 per
1428 778 1650 831 terram,
1685 765 1788 820 nisi
1811 770 2123 835 peccatores

553 864 887 933 accipimus?
925 866 1073 922 Unde
1100 874 1155 921 et
1181 866 1237 921 in
1268 864 1540 918 Dominica
1573 861 1815 916 oratione
1851 857 2116 926 petimus:

558 974 578 1005 σ
607 954 727 1010 Fiat
754 957 1006 1013 voluntas
1051 967 1137 1013 tua
1171 958 1223 1012 in
1274 956 1411 1011 ctelo
1438 944 1493 1009 et
1528 954 1581 1009 in
1620 962 1765 1008 terra
1802 949 2015 1021 (Matth.
2043 963 2118 1013 vt,

554 1043 664 1111 10).
697 1063 716 1096 ι
758 1044 928 1113 Hujus
958 1046 1136 1114 itaque
1164 1045 1312 1116 impii
1349 1044 1414 1097 ad
1437 1042 1566 1097 illud
1593 1039 1830 1096 terribile
1861 1037 2120 1107 judicium

554 1133 769 1188 deducti
801 1134 1049 1189 revelant
1063 1134 1183 1190 cmli
1218 1133 1553 1203 iniquitatem
1581 1149 1594 1185 :
1621 1138 1675 1185 et
1715 1122 1859 1184 terra
1888 1125 2143 1209 resurgit,

554 1225 812 1279 adversus
862 1239 1006 1290 eum,
1054 1234 1114 1278 ut
1141 1224 1230 1294 qui
1265 1224 1355 1278 hic
1394 1236 1495 1279 nec
1541 1214 1697 1277 bonis
1743 1233 1980 1289 unquam
2019 1231 2121 1271 nec

551 1314 708 1369 malis
754 1316 1010 1385 pepercit,
1062 1315 1114 1369 in
1160 1314 1250 1371 illo
1289 1328 1409 1368 eum
1454 1311 1733 1367 tremendo
1769 1308 2017 1364 examine
2066 1314 2122 1361 et

545 1404 812 1472 justorum
857 1403 987 1470 vita,
1029 1415 1083 1460 et
1134 1411 1475 1474 peccatorum
1520 1400 1723 1471 pariter
1765 1405 2019 1463 accuset;
2066 1399 2121 1450 et

550 1495 732 1565 gravis
759 1496 974 1564 quidem
1005 1503 1111 1562 est,
1133 1495 1176 1550 si
1218 1495 1346 1566 quid
1379 1494 1543 1565 justis
1580 1491 1778 1563 potius,
1811 1502 1971 1559 quam
1993 1499 2119 1557 pec-

552 1589 823 1645 catoribus
858 1580 1067 1645 noceat.
1100 1587 1252 1643 Unde
1295 1594 1349 1643 et
1381 1602 1477 1656 per
1514 1584 1831 1656 prophetam
1875 1579 2071 1635 dicitur
2099 1594 2111 1630 :

2196 399 2360 454 bona
2385 416 2506 470 qua;
2524 411 2730 473 egerat,
2760 410 2938 459 mente
2971 404 3199 474 simplici
3233 420 3335 460 non
3361 405 3576 476 egisset.
3604 406 3744 474 Quem

2222 491 2364 545 enim
2389 506 2702 560 percussum
2726 494 2880 558 vidit,
2906 494 3016 550 Deo
3039 495 3376 567 diSplicuisse
3401 497 3637 551 credidit.
3658 498 3745 553 Sed

2221 568 2409 636 beatus
2455 579 2556 636 Job
2595 596 2746 637 more
2789 590 2991 638 sanctae
3036 592 3090 638 et
3136 584 3457 640 universalis
3502 585 3741 650 Ecclesiae,

2220 687 2340 741 qua:
2353 687 2380 725 a
2403 672 2670 753 perversis
2688 666 2973 729 verborum
2990 673 3165 742 jacula
3181 675 3550 745 aequanimiter
3569 675 3744 753 tolerat,

2221 772 2275 819 et
2296 779 2416 819 cum
2448 750 2798 835 superborum
2829 766 2967 842 dicta
2998 758 3165 833 audit,
3199 767 3515 822 humilitatis
3538 782 3638 822 sum
3663 750 3746 842 tra-

2222 856 2404 909 mitem
2445 853 2550 910 non
2580 840 3074 931 derelinquit,cum
3115 872 3310 929 magna
3355 857 3535 915 cordis
3566 840 3745 915 humili-

2223 957 2331 1003 tate
2355 949 2648 1019 subjunxit,
2677 950 2859 1005 dicens
2886 967 2899 1004 :
3723 934 3731 947 ”

2811 1038 3038 1096 CAPUT
3075 1040 3215 1114 XXI.

2291 1128 2452 1183 Vens.
2506 1128 2559 1192 l,
2590 1128 2645 1197 2,
2688 1130 2742 1184 3.
2810 1130 3017 1197 Audite,
3083 1150 3280 1203 quteso,
3324 1150 3582 1189 sermones
3616 1153 3745 1207 meos,

2219 1225 2268 1271 et
2303 1208 2438 1287 agite
2473 1219 2841 1291 paenitentiam.
2872 1252 2945 1290 —;
2965 1221 3065 1288 Qui
3095 1223 3236 1278 enim
3265 1239 3386 1279 cum
3428 1225 3641 1290 diceret,
3667 1209 3745 1282 att;

2218 1311 2341 1376 dite,
2372 1311 2576 1366 addidit
2600 1329 2795 1383 quaeso,
2824 1329 2950 1370 cum
2982 1324 3180 1384 quanta
3210 1316 3514 1372 humilitate
3538 1317 3749 1387 loquatur

2220 1402 2475 1468 insinuat,
2505 1403 2630 1457 dum
2662 1413 2850 1458 contra
2879 1406 3252 1475 superbientes
3292 1416 3469 1479 rogat,
3510 1418 3566 1464 ut
3590 1424 3746 1465 eorum

2218 1507 2433 1548 sensum
2464 1495 2528 1549 ad
2564 1495 2753 1551 salutis
2785 1496 3083 1552 doctrinam
3127 1499 3376 1554 deducat.
3423 1500 3661 1569 Sequitur
3681 1520 3749 1553 :—

2224 1580 2484 1638 Sustinete
2512 1600 2592 1639 me
2618 1595 2673 1639 ut
2700 1596 2746 1640 et
2768 1603 2861 1657 ego
2890 1586 3092 1654 loquar,
3121 1598 3169 1642 et
3197 1599 3332 1658 post,
3359 1606 3495 1655 mea,
3521 1591 3564 1643 si
3590 1591 3748 1644 videbi-

555 1696 574 1727 ‹
607 1677 838 1748 Sanguis
867 1677 983 1747 ejus
1014 1677 1065 1731 in
1097 1677 1273 1733 medio
1301 1674 1418 1745 ejus
1461 1684 1561 1731 est.
1602 1673 1776 1741 Super
1809 1667 2121 1745 limpidissi-
2154 1648 2194 1708 θ
2223 1682 2329 1755 tur,
2364 1674 2514 1728 verba
2553 1675 2733 1730 ridete.
2764 1648 2832 1716 -ί
2877 1676 3010 1731 Boni
3057 1648 3255 1733 ctenim
3302 1648 3427 1734 cum
3474 1648 3747 1751 loquuntur,

549 1783 691 1821 main
728 1777 932 1838 petram
971 1766 1158 1821 cii'udit
1195 1782 1356 1830 eum;
1402 1778 1510 1819 non
1556 1761 1744 1818 eﬂ'udit
1782 1759 1929 1814 illuni
1962 1771 2123 1841 super

547 1868 771 1923 terram,
800 1867 859 1913 ut
889 1859 1054 1928 possit
1085 1858 1283 1926 operi-ri
1314 1856 1529 1927 pulvere
1556 1842 1773 1925 (Ezeclt.
1800 1844 1950 1914 rxxrv,
1988 1849 2064 1919 7).
2098 1867 2114 1900 ι

546 1947 780 2001 Possunt
809 1950 938 2002 vero
962 1961 1059 2015 per
1090 1944 1286 2001 terram
1314 1960 1417 1999 non
1447 1952 1759 2014 peccatores
1787 1949 1843 1996 et
1868 1928 2079 2017 reprobi
2103 1978 2118 2003 ,

546 2037 641 2092 sed
674 2037 728 2091 1ιί
755 2038 844 2106 qui
878 2036 1105 2090 terrenis
1127 2036 1336 2090 actibus
1363 2035 1630 2104 occupati,
1658 2017 2119 2103 eleemosyuarum

546 2138 601 2182 et
645 2129 1007 2199 lacrymarum
1055 2143 1157 2198 ope
1200 2128 1266 2182 ad
1306 2136 1559 2181 mternam
1584 2127 1748 2179 vitam
1778 2123 2116 2194 perveniunt,

549 2222 843 2293 designari.
878 2222 954 2276 De
994 2220 1186 2290 quibus
1234 2235 1331 2290 per
1376 2218 1717 2274 Psalmistam
1747 2215 1963 2281 dicitur,
1997 2228 2119 2290 cum

544 2312 735 2365 venire
783 2306 1038 2365 Dominus
1064 2309 1130 2364 ad
1174 2308 1433 2378 judicium
1475 2307 1850 2361 nuntiaretur:
1888 2322 1906 2357 ι
1939 2303 2118 2359 Advo-

548 2403 691 2455 cavit
712 2402 906 2456 malum
937 2400 1218 2456 desursum
1245 2408 1299 2454 et
1327 2406 1551 2463 terram,
1580 2406 1641 2452 ut
1667 2398 2001 2452 discerneret
2022 2408 2118 2463 po-

542 2492 725 2560 pulum
775 2491 944 2563 (Psal.
983 2507 1106 2549 XLIX
1132 2531 1146 2554 ,
1194 2490 1271 2561 ti).
1305 2507 1324 2542 ι
1384 2488 1688 2561 liypocrita:
1739 2487 1922 2556 itaque
1961 2484 2121 2556 hujus

544 2582 666 2637 εωιί
696 2583 1029 2652 iniquitatem
1066 2581 1324 2647 revelant,
1356 2590 1517 2649 atque
1539 2568 1680 2632 terra
1712 2578 1968 2632 adversus
1996 2590 2119 2629 eum

544 2685 853 2747 consurget,
883 2689 1003 2730 cum
1026 2683 1082 2728 et
1106 2673 1271 2742 Iniqui
1300 2686 1424 2727 cum
1449 2669 1557 2724 Deo
1573 2669 1782 2738 judices
1802 2667 2046 2733 veniunt,
2067 2674 2120 2721 et

544 2765 601 2818 bi
629 2764 718 2833 qui
746 2779 842 2833 per
857 2761 1115 2831 judicium
1141 2760 1454 2825 liberantur,
1481 2757 1765 2830 pravitatis
1787 2756 1930 2812 illius
1956 2761 2120 2812 testes

544 2858 802 2912 existunt.
837 2854 1096 2925 Sequitur
1125 2873 1137 2908 :
2112 2840 2117 2845 ’

617 2952 779 3006 Vens.
805 2950 897 3005 29.
936 2950 1182 3019 Apertum
1219 2949 1318 3005 erit
1356 2964 1562 3019 germen
1598 2947 1782 3003 domus
1821 2946 1986 3011 illius,
2028 2946 2117 2999 de-

544 3044 781 3098 trahetur
807 3043 861 3095 in
887 3031 976 3096 die
1002 3042 1199 3111 furoris
1233 3040 1352 3096 Dei.
1380 3071 1449 3080 —
1477 3038 1629 3095 Tunc
1662 3053 1882 3110 germen
1924 3036 2115 3091 domus

542 3135 688 3190 illius
733 3134 992 3203 aperitur,
1043 3148 1163 3188 cum
1209 3146 1368 3186 omne
1423 3131 1643 3196 malum,
1693 3128 1834 3204 quod
1882 3127 1936 3182 in
1991 3140 2119 3180 cou-

544 3226 770 3281 scientia
804 3223 944 3278 illius
980 3218 1320 3288 nascebatur,
1362 3220 1684 3277 ostenditur.
1733 3217 1887 3273 Modo
1921 3215 2118 3286 quippe

544 3330 765 3385 germen
791 3313 981 3369 domus
1011 3311 1307 3383 hypocrita:
1335 3316 1516 3373 manet
1541 3308 1832 3372 occultum,
1859 3306 1983 3376 quia
2015 3302 2117 3359 etsi

543 3405 598 3457 in
651 3405 791 3458 bona
835 3402 1071 3472 imagine
1117 3391 1341 3471 apparet
1370 3399 1487 3470 ejus
1529 3398 1793 3470 operatio,
1845 3397 1940 3452 sed
1991 3395 2119 3449 latet

545 3494 793 3550 intentio.
842 3493 899 3547 ln
953 3494 1053 3548 hoc
1102 3492 1283 3564 itaque
1331 3490 1613 3562 hypocrita
1655 3502 1876 3561 germen
1929 3485 2119 3540 domus

544 3587 808 3656 aperitur,
839 3586 965 3656 quia
987 3575 1050 3640 in
1095 3585 1211 3656 ejus
1241 3592 1422 3639 mente
1455 3581 1712 3653 cogitatio
1750 3592 2002 3650 perversa
2030 3578 2117 3631 de-

543 3680 765 3749 tegitur,
787 3678 917 3731 etin
938 3676 1025 3732 die
1051 3674 1247 3731 furoris
1273 3676 1366 3730 Dei
1395 3673 1729 3737 detrahetur,
1754 3671 1879 3741 quia
1901 3680 2114 3724 ostensa

542 3769 623 3824 ira
654 3769 853 3838 judicis
878 3768 1111 3824 ﬂammis
1143 3768 1427 3823 ultricibus
1467 3767 1712 3831 traditus,
1746 3760 1814 3817 ab
1850 3764 1966 3834 ejus
1992 3776 2118 3815 con-

546 3868 733 3930 spectu
763 3867 1070 3929 separatur.
1102 3853 1379 3928 Sequitur
1410 3872 1423 3910 :
1461 3856 1586 3910 Hau:
1628 3865 1702 3909 est
1741 3871 1863 3924 pars
1893 3850 2117 3905 hominis

539 3951 687 4018 impii
706 3968 738 4004 a
767 3949 899 4016 Deo,
930 3959 977 4005 et
1002 3938 1279 4005 litureditas
1302 3942 1567 4027 verborum
1589 3947 1701 4016 ejus
1727 3962 1757 3998 a
1784 3944 2026 4011 Domino.
2050 3968 2116 3981 -ο

547 4041 606 4095 Si
638 4043 782 4098 enim
814 4044 953 4100 bene
999 4055 1160 4113 agere
1206 4042 1258 4096 in
1295 4042 1399 4096 hac
1437 4040 1544 4093 vita
1582 4037 1792 4110 positus
1838 4032 2114 4098 voluisset,

543 4142 753 4202 partem
804 4134 945 4202 apud
992 4133 1275 4188 Deminum
1325 4124 1561 4187 ctelestis
1591 4127 1742 4199 regni
1790 4123 2115 4181 consortium

544 4223 804 4288 haberet,
860 4222 955 4277 sed
1005 4223 1131 4291 quia
1175 4221 1356 4290 pravis
1385 4221 1541 4276 subdi
1590 4217 1872 4275 desideriis
1920 4215 2139 4288 elegit,-

2221 1766 2327 1819 duo
2355 1773 2479 1820 sunt
2513 1781 2631 1835 quae
2664 1767 2715 1820 in
2750 1768 2861 1822 suis
2888 1768 3252 1824 locutionibus
3279 1772 3581 1833 attendunt,
3606 1779 3658 1823 ut
3683 1772 3744 1823 vi-

2222 1853 2418 1908 delicet
2444 1862 2536 1925 aut
2563 1855 2662 1909 sibi
2692 1842 3107 1935 et‘auditoribus
3135 1859 3267 1923 suis,
3292 1866 3386 1912 aut
3415 1859 3620 1925 sibimet
3647 1858 3747 1929 solis

2218 1946 2444 2015 prosint,
2481 1946 2525 2001 si
2551 1947 2884 2026 auditoribus
2920 1949 3173 2019 prodesse
3213 1965 3320 2004 non
3367 1958 3605 2019 possunt.
3642 1948 3753 2023 Cum‘

2218 2038 2360 2111 enim
2392 2029 2527 2092 bene
2557 2038 2846 2093 audiuntur
2876 2039 3012 2095 bona
3046 2055 3164 2111 quae
3188 2028 3395 2107 dicunt,
3424 2041 3577 2096 simul
3604 2042 3689 2097 sibi
3708 2048 3747 2095 et

2219 2130 2553 2185 auditoribus
2581 2141 2826 2203 prosunt.
2853 2129 2985 2209 Cum
3009 2132 3153 2187 enim
3186 2133 3253 2189 ab
3275 2122 3609 2189 auditoribus
3635 2133 3749 2187 deri-

2219 2223 2434 2295 dentur,
2479 2221 2581 2276 sibi
2612 2222 2797 2293 procul
2826 2216 2989 2281 dubio
3019 2225 3383 2293 priestiterunt
3415 2240 3550 2294 quos
3576 2240 3603 2278 a
3623 2223 3753 2293 culpa

2216 2311 2415 2367 liberos
2437 2312 2693 2383 fecerunt.
2723 2312 2788 2367 Et
2811 2315 3101 2368 notandum
3126 2315 3248 2385 quia
3271 2315 3398 2369 dum
3421 2315 3747 2385 subjungeret,

2218 2404 2354 2473 agite
2381 2404 2751 2473 paenitentiam,
2785 2405 3049 2478 praemisit
3097 2406 3294 2470 audite.
3337 2405 3473 2462 Cum
3504 2423 3625 2462 vero
3650 2407 3748 2460 sub—

2218 2492 2390 2556 deret,
2419 2502 2553 2566 post,
2578 2508 2712 2557 mea,
2741 2494 2784 2547 si
2812 2481 3083 2560 videbitur,
3115 2482 3265 2549 verba
3298 2494 3481 2561 ridete,
3505 2494 3748 2566 prtctuisit,

2218 2583 2466 2636 sustinete
2506 2598 2605 2637 me.
2639 2582 2841 2638 Audire
2880 2584 3077 2653 quippe
3106 2583 3336 2639 volentis
3368 2595 3476 2651 est,
3519 2585 3750 2645 sustinere

2218 2672 2467 2727 nolentis.
2519 2672 2691 2727 Amici
2738 2688 2867 2743 ergo
2898 2672 3013 2742 ejus
3055 2673 3099 2726 si
3138 2673 3317 2728 doceri
3358 2664 3627 2745 appetunt,
3671 2688 3747 2726 au-

2218 2762 2402 2829 diant;
2435 2764 2479 2819 si
2505 2774 2684 2818 autem
2718 2765 2944 2822 irridere
2969 2766 3138 2839 parati
3163 2775 3308 2829 sunt,
3345 2766 3754 2832 sustineantqua;

2218 2854 2485 2909 dicuntur.
2528 2854 2784 2925 Sequitur
2815 2873 2830 2911 :

2290 2945 2452 3001 Vsus.
2484 2946 2537 2999 4.
2582 2932 2835 3027 Nunquid
2863 2956 3041 3021 contra
3077 2930 3341 3007 hominem
3362 2945 3634 3016 disputatio
3659 2959 3747 2997 mea

2164 3033 2194 3054 "
2219 3045 2311 3101 est,
2345 3046 2401 3090 ut
2441 3037 2623 3091 merito
2652 3054 2753 3092 non
2790 3038 3001 3093 debeam
3049 3041 3347 3116 contristari
3362 3038 3461 3091 9-
3480 3035 3650 3094 Omnis
3675 3033 3750 3103 qui

2218 3127 2329 3183 Deo
2353 3126 2529 3198 placet
2577 3134 2633 3183 et
2687 3129 2995 3194 hominibus
3040 3129 3286 3201 displicet
3332 3148 3526 3188 causas
3554 3126 3747 3184 tristitia

2211 3218 2393 3276 nullas
2436 3218 2616 3273 habet.
2667 3217 2769 3285 Qui
2812 3206 2991 3274 autem
3041 3218 3349 3276 hominibus
3398 3222 3626 3292 placens,
3663 3218 3751 3287 Dte

2217 3310 2483 3379 displicet,
2516 3318 2606 3365 aut
2648 3298 2810 3365 simul
2844 3312 2951 3366 Deo
2978 3321 3031 3366 et
3063 3312 3364 3368 hominibus
3402 3312 3667 3382 displicere
3702 3322 3745 3360 sc

2217 3402 2405 3457 credit.
2447 3402 2505 3458 Si
2551 3403 2693 3457 hunc
2743 3402 2960 3458 tristitia
3009 3418 3114 3460 non
3167 3404 3345 3468 allicit,
3385 3420 3416 3457 a
3459 3404 3641 3458 virtute
3679 3412 3746 3452 sa-

2217 3493 2432 3565 pientia:
2455 3494 2661 3561 alienus
2683 3494 2885 3550 existit.
2915 3494 3106 3549 Beatus
3129 3507 3303 3549 autem
3331 3493 3434 3549 Job
3456 3490 3745 3563 displicuisse

2220 3586 2327 3642 Deo
2354 3588 2490 3642 inter
2513 3586 2719 3659 ﬂagella
2753 3602 2812 3643 se
2841 3588 3088 3652 credidit,
3125 3598 3180 3644 et
3221 3588 3426 3655 idcirco
3454 3586 3673 3640 animum
3691 3580 3743 3633 ad

2220 3680 2494 3735 tristitiam
2524 3680 2753 3747 vocavit,
2782 3680 2906 3749 quia
2937 3679 3313 3751 despiciendus
3333 3692 3441 3733 non
3466 3686 3577 3737 erat
3597 3671 3670 3728 cui
3701 3684 3743 3723 se

2218 3771 2552 3843 displicuisse
2579 3770 2920 3825 formidabat.
2959 3768 3214 3840 Sequitur
3242 3786 3254 3821 :

2290 3862 2450 3915 Vsus.
2481 3861 2534 3914 5.
2565 3860 2824 3914 Attendite
2858 3876 2938 3914 me
2967 3868 3015 3913 et
3041 3859 3377 3927 obstupescite
3403 3897 3418 3921 ,
3453 3857 3503 3911 id
3528 3863 3620 3912 est.
3647 3863 3743 3904 σοι)-

2218 3952 2448 4005 sidcrate
2467 3965 2585 4019 qua:
2612 3950 2715 4019 egi,
2740 3957 2794 4002 ct
2818 3948 3177 4020 admiramini.
3206 3947 3489 4017 Sequitur:
3515 3944 3577 3997 Et
3596 3954 3743 4007 supcr-

2217 4040 2390 4109 ponite
2427 4038 2645 4108 digitum
2674 4024 2759 4093 ori
2788 4047 2972 4115 vestro.
3004 4068 3071 4077 —
3100 4038 3178 4090 Ac
3204 4036 3248 4092 si
3279 4046 3464 4106 aperte
3495 4052 3507 4088 :
3540 4031 3741 4087 Scieutcs

2217 4131 2355 4185 bona
2402 4144 2520 4199 quae
2556 4130 2676 4200 egi,
2720 4138 2776 4186 et
2819 4129 3217 4185 considerantes
3246 4127 3383 4183 mala
3428 4142 3541 4196 qum
3567 4121 3739 4195 patior,

2216 4209 2572 4291 vosmetipsOs
2620 4221 2780 4275 etiam
2823 4235 2853 4274 a
2902 4221 3185 4275 verborum
3227 4218 3382 4288 culpa
3418 4210 3737 4285 compescite.

543 4322 752 4375 partem
789 4327 941 4367 suam
974 4327 1005 4366 a
1034 4312 1262 4367 Domino
1307 4314 1362 4367 in
1394 4313 1674 4368 tormentis
1720 4312 1943 4375 invenit.
1986 4311 2113 4381 quia
2141 4331 2194 4391 D
2218 4326 2378 4387 atque
2421 4319 2471 4371 in
2517 4317 2653 4372 meis
2684 4315 3145 4387 persecutionibus
3174 4322 3350 4370 vestra
3381 4313 3565 4389 damna
3591 4302 3740 4371 formi—

543 4404 792 4472 ejusdem’
811 4402 1023 4459 Domini
1046 4402 1356 4473 participari
1382 4393 1555 4475 gratia
1580 4417 1687 4457 non
1711 4400 1977 4471 quaesivit.
2006 4398 2110 4466 Qui

543 4498 688 4553 enim
717 4510 815 4567 pro
840 4487 1232 4566 magnis‘malis
1256 4493 1313 4549 in
1342 4495 1661 4565 supplicium
1688 4495 1967 4567 mergitur,
1996 4492 2109 4549 for-

539 4596 693 4642 tasse
720 4586 1042 4642 credebatur
1070 4586 1213 4657 quod
1243 4600 1341 4657 per
1367 4586 1417 4641 id
1444 4584 1620 4640 verbis
1643 4601 1762 4654 qua:
1792 4585 1931 4639 male
1963 4585 2113 4640 dixe-

542 4686 631 4733 rat
659 4678 878 4733 minime
900 4677 1265 4746 judicaretur;
1291 4677 1395 4733 Sed
1429 4692 1549 4731 cum
1590 4677 1833 4731 districta
1862 4664 2114 4744 omnipo-

543 4771 706 4825 tentis
722 4769 931 4839 justitia
957 4769 1049 4825 Dei
1074 4769 1390 4839 supplicium
1414 4782 1444 4821 a
1470 4767 1711 4838 reprobis
1733 4780 1832 4836 pro
1845 4764 2114 4836 perversis

542 4861 755 4919 actibus
780 4862 969 4933 exigit,
997 4862 1078 4917 eis
1108 4861 1249 4917 mala
1282 4876 1447 4931 usque
1478 4850 1544 4915 ad
1572 4846 1858 4915 verborum
1882 4856 2114 4935 retribu—

542 4949 746 5005 tionem
788 4952 982 5006 reddit.
1018 4949 1202 5006 Sancti
1232 4959 1409 5004 autem
1440 4948 1541 5003 viri
1575 4963 1679 5003 non
1713 4955 1920 5029 partem
1952 4963 1981 5001 a
2012 4946 2113 5001 Do-

539 5040 691 5096 mino
735 5042 1001 5111 accipere,
1045 5041 1142 5099 sed
1183 5050 1391 5111 partem
1428 5056 1577 5095 suam
1610 5039 1780 5109 ipsum
1827 5038 2110 5094 Dominum

539 5128 745 5184 habere
756 5129 1084 5185 desiderant.
1105 5130 1257 5186 Unde
1271 5128 1537 5198 Propheta
1559 5128 1880 5197 deprecatur
1894 5128 2076 5183 dicens
2096 5144 2109 5180 :

549 5235 572 5273 ι
602 5217 787 5274 Portio
823 5235 937 5274 mea
966 5220 1224 5274 Dominus
1267 5217 1437 5289 (Psal.
1470 5232 1657 5279 cxvnt,
1696 5217 1806 5288 57).
1833 5207 1856 5270 ἰ
1894 5218 2114 5287 Iniquus

544 5318 695 5370 vero,
723 5308 816 5377 qui
859 5309 1159 5378 portionem
1188 5322 1340 5363 suam
1370 5308 1568 5362 habere
1610 5308 1783 5375 ipsum
1826 5298 2109 5362 Dominum

2215 4409 2354 4463 date.
2381 4407 2476 4463 Vel
2503 4416 2649 4461 certe
2671 4407 2795 4476 quia
2819 4405 2997 4477 digitis
3025 4420 3249 4475 qumque
3270 4403 3631 4461 discernimus,
3654 4406 3737 4448 non

2214 4497 2504 4567 incongrue
2537 4511 2633 4566 per
2677 4495 2915 4564 digitum.
2957 4494 3210 4565 discretio
3256 4493 3575 4565 designatur.
3618 4481 3737 4553 Unde

2215 4603 2310 4658 per
2334 4587 2671 4642 Psalmistam
2700 4586 2894 4662 dicitur
2922 4601 2936 4638 :
2965 4603 2983 4636 ι
3014 4582 3333 4658 Benedictus
3361 4582 3604 4647 Dominus
3625 4575 3736 4628 Deus

2215 4692 2385 4742 meus,
2417 4676 2505 4745 qui
2537 4676 2692 4730 docet
2720 4690 2911 4729 manus
2945 4688 3101 4749 meas
3128 4674 3193 4729 ad
3221 4663 3479 4745 praelium,
3509 4677 3557 4724 et
3579 4663 3734 4749 digitos

2217 4781 2364 4821 meos
2391 4766 2457 4819 ad
2486 4764 2680 4819 bellum
2708 4762 2876 4835 (Psal.
2914 4747 3107 4828 exuti,
3140 4763 3212 4834 l).
3243 4750 3501 4834 »1)ἰείιυε
3540 4769 3653 4823 ergo
3672 4747 3735 4805 ori

2216 4858 2616 4931 superponitur,
2639 4871 2760 4911 cum
2792 4872 2887 4926 per
2923 4856 3300 4911 discretionem
3340 4855 3514 4925 lingua
3540 4846 3735 4904 refrena-

2218 4940 2324 5013 tur,
2353 4954 2418 5001 ne
2444 4960 2541 5023 per
2561 4946 2664 5001 hoc
2686 4946 2825 5015 quod
2856 4945 3090 5014 loquitur
3119 4946 3170 4999 in
3202 4944 3441 5009 stultitim
3466 4940 3605 5017 culpa
3632 4930 3734 5003 dila-

2216 5040 2393 5094 batur.
2424 5038 2679 5114 Sequitur
2717 5055 2731 5094 :

2284 5131 2448 5188 Vens.
2498 5131 2550 5186 6.
2587 5111 2660 5185 Et
2691 5147 2782 5200 ego
2807 5129 3015 5204 quando
3047 5131 3347 5195 recordatus
3395 5128 3562 5196 fuero,
3604 5111 3731 5204 perti-

2217 5240 2383 5278 mesco
2410 5264 2423 5290 ,
2471 5233 2521 5278 et
2558 5222 2783 5293 concutit
2835 5237 3043 5275 carnem
3087 5237 3254 5275 meam
3300 5231 3507 5274 tremor.
3531 5241 3593 5253 ——
3625 5202 3730 5272 Ουίθ

2214 5314 2402 5369 beatus
2446 5312 2545 5369 Job
2596 5320 2811 5368 actuum
2857 5325 3072 5367 suorum
3107 5310 3305 5366 oblitus
3333 5324 3438 5364 non
3474 5301 3730 5362 fuerit,“-
