3948 5398
129 372 230 429 38!

877 366 1180 425 EPITOMB
1213 366 1579 425 MORALIUM
1619 367 1678 425 S.
1715 368 1923 427 GREG.
1962 370 2031 427 IN
2068 372 2208 431 JOB.
2251 406 2320 417 --
2356 374 2484 433 LIB.
2526 377 2640 435 XV.

3304 383 3413 441 282

128 484 444 543 irrisionem
481 483 717 541 dicatur.
765 480 846 538 Ac
885 484 931 537 si
978 490 1161 552 aperte
1188 481 1460 537 diceretur
1486 500 1500 535 :
1534 480 1594 538 Si
1636 498 1722 538 me
1750 486 1798 546 Α
1827 484 1954 542 ﬂere
1973 497 2099 545 ante
2124 498 2354 545 mortem
2378 490 2538 546 liceat
2557 506 2678 561 qum
2701 499 3082 562 peccaverunt.
3109 491 3405 564 Sequitur:

129 577 339 648 aliquid
368 575 668 647 hypocrita:
698 573 898 629 habere
927 572 1228 628 meminero
1250 610 1269 636 ,
1298 572 1352 627 in
1391 572 1725 642 poenitentia:

125 681 256 722 mox
285 665 415 720 ﬂetu
443 665 825 721 contremisco.
856 662 1089 718 Carnem
1120 675 1249 716 vero
1281 676 1434 717 suam
1466 661 1511 716 si
1543 676 1726 717 recor-

125 758 289 817 datus
341 755 508 811 fuerit
553 764 784 810 tremore
810 752 1059 823 perhth
1085 751 1299 807 concuti
1324 792 1339 815 ,
1368 752 1421 807 id
1449 759 1533 806 est
1573 750 1723 806 inﬁr-

123 848 375 901 mitatem
411 847 594 916 operis
619 885 635 912 ,
664 844 886 900 ultionis
915 856 1117 912 pavore
1160 841 1389 911 fatigati.
1421 840 1676 911 Sequitur
1705 858 1720 896 :

196 934 366 990 Vsus.
393 935 447 987 Ἰ.
476 934 655 1000 Quare
701 949 828 1003 ergo
854 931 1002 1001 impii
1022 931 1197 991 vivunt
1225 969 1240 995 ,
1280 929 1533 985 sublevati
1576 939 1718 997 sunt,

122 1025 518 1095 confortatique
557 1023 794 1086 divitiis?
838 1051 907 1061 ——
954 1019 1067 1079 Nisi
1131 1036 1226 1076 eos
1275 1021 1421 1082 enim
1464 1021 1722 1090 patientia

121 1114 310 1172 divina
359 1114 660 1178 toleraret,
688 1125 1030 1182 nequaquam
1074 1109 1166 1172 diu
1209 1111 1376 1164 vitam
1404 1111 1456 1171 in
1486 1111 1722 1180 peccatis

121 1206 409 1261 ducerent.
468 1204 835 1261 Sublevantur
884 1218 1119 1274 namque
1169 1202 1376 1261 divitiis
1429 1218 1552 1258 cum
1600 1219 1722 1260 esse

119 1305 370 1365 potentes
408 1296 695 1367 incipiunt.
726 1294 1116 1350 Confortantur
1144 1308 1275 1349 vero
1296 1333 1311 1357 ,
1343 1309 1466 1349 cum
1515 1294 1568 1347 in
1618 1295 1722 1350 hac

118 1387 232 1441 vita
280 1387 375 1441 diu
407 1386 709 1442 subsistere
750 1384 1156 1455 permittuntur.
1205 1383 1355 1451 Quos
1398 1384 1542 1437 enim
1594 1383 1719 1438 sub-

118 1478 322 1534 stantia
362 1478 650 1543 sublevat,
680 1477 734 1531 in
763 1474 905 1530 fastu
950 1490 1061 1530 sua:
1083 1474 1337 1544 potentia:
1361 1475 1571 1530 dierum
1602 1473 1720 1531 lon-

118 1572 309 1642 gitudo
359 1569 657 1627 confortat.
705 1566 802 1623 Vel
844 1576 994 1622 certe
1021 1565 1283 1623 sublevati
1326 1574 1381 1620 et
1428 1565 1717 1621 eonfortati

118 1663 462 1727 referuntur,
483 1661 612 1732 quia
636 1658 988 1716 sublevantur
1008 1659 1324 1725 honoribus,
1343 1657 1720 1718 confortantur

118 1756 305 1814 rebus.
345 1754 609 1822 Sequitur
637 1769 650 1806 :

192 1845 357 1901 Vsus.
384 1845 440 1899 8.
470 1842 661 1899 Semen
705 1856 886 1895 eorum
911 1847 1178 1910 permanet
1222 1854 1399 1892 coram
1438 1838 1533 1895 eis.
1560 1864 1629 1877 -ο
1656 1835 1716 1894 In
1745 1831 1793 1890 Β

115 1944 414 2005 augmento
439 1947 649 2004 magna:
677 1929 985 1995 felicitatis,
1018 1945 1137 1983 eum
1170 1944 1366 1999 magno
1388 1928 1712 1997 patrimonio

114 2030 319 2087 dantur
364 2034 424 2080 et
448 2024 712 2081 htcredes.
740 2022 820 2077 Ac
862 2035 931 2076 ne
973 2036 1081 2091 qua
1125 2020 1425 2075 necessitas
1456 2018 1713 2087 temporis

112 2117 307 2171 saltem
347 2116 421 2169 ab
471 2113 644 2170 oculis
692 2111 979 2167 subtrahat
1005 2126 1101 2168 eos
1125 2150 1140 2173 ,
1178 2110 1230 2164 in
1264 2110 1459 2178 quibus
1501 2110 1715 2168 animus

113 2205 381 2270 exsultat,
411 2202 658 2274 sequitur
687 2217 703 2255 :
733 2199 1159 2271 PrOpinquorum
1204 2199 1358 2261 turba
1395 2210 1442 2253 et
1471 2208 1713 2269 nepotum

112 2298 169 2352 iu
215 2303 502 2364 conspectu
548 2308 748 2362 eorum.
776 2292 1011 2346 —-Ecce
1054 2292 1207 2345 adest
1235 2291 1365 2357 vita,
1396 2292 1714 2351 adsuntho-

115 2405 285 2445 nores
328 2396 387 2444 et
417 2387 618 2443 divitia:
641 2427 656 2453 ,
707 2387 904 2451 adsunt
950 2384 1045 2449 lilii
1072 2425 1087 2452 ,
1124 2385 1321 2448 adsunt
1346 2393 1587 2455 nepotes.
1618 2384 1715 2440 Se-

114 2479 303 2549 quitur
342 2492 359 2534 :

186 2573 412 2628 “21159.
453 2571 651 2625 Domus
690 2586 869 2626 eorum
908 2586 1107 2624 secura:
1134 2579 1254 2625 sunt
1299 2577 1348 2623 et
1384 2579 1588 2639 pacatw
1614 2611 1629 2636 ,
1665 2580 1714 2625 et

114 2666 262 2734 virga
314 2661 414 2716 Dei
465 2678 566 2714 non
608 2669 683 2715 est
725 2677 881 2730 super
918 2660 1059 2715 illos.
1085 2692 1154 2702 —
1185 2661 1402 2716 Secura:
1429 2669 1479 2718 et
1512 2673 1716 2732 pacata:

115 2761 262 2816 sunt,
287 2752 415 2821 quia
436 2759 729 2821 peccantes
756 2751 962 2815 vivunt,
986 2750 1210 2820 lugenda
1236 2761 1418 2822 agunt,
1444 2762 1499 2808 et
1518 2754 1711 2823 gaudia

114 2860 223 2908 non
256 2844 594 2912 relinquunt,
626 2851 680 2898 et
705 2842 851 2914 virga
880 2857 975 2897 eos
1004 2858 1251 2913 superna:
1279 2842 1576 2914 disciplina:
1604 2859 1710 2901 non

112 2938 372 3009 percutit.
411 2936 670 3005 Sequitur
703 2954 714 2988 :

184 3029 350 3084 Vsus.
384 3027 473 3082 it).
511 3026 617 3087 Bos
664 3043 843 3084 eorum
887 3027 1161 3097 concepit,
1190 3036 1238 3081 et
1284 3044 1387 3083 non
1424 3027 1712 3101 [abortivit]

1896 578 2059 635 Vens.
2089 581 2174 635 Η.
2228 580 2335 647 Qui
2386 583 2632 638 dixerunt
2680 583 2787 638 Deo
2815 600 2833 638 :
2862 583 3063 639 Recede
3087 602 3119 639 a
3149 585 3317 641 nobis.
3340 616 3411 627 —

1826 669 1952 726 Hmc
1974 670 2154 726 verbis
2182 673 2361 728 dicere
2389 673 2472 729 vel
2502 673 2655 730 stulti
2685 674 2906 729 minime
2932 683 3283 745 prazsumunt,
3313 676 3411 731 sed

1826 768 2007 816 tamen
2034 764 2275 831 perversi
2305 777 2494 819 omnes
2522 763 2637 819 Deo
2663 765 2918 820 recedere
2947 780 3053 821 non
3078 766 3281 832 verbis,
3312 765 3410 821 sed

1824 853 2066 908 moribus
2092 853 2294 909 dicunt.
2320 856 2514 911 Dicunt
2541 871 2672 928 ergo
2699 874 2712 910 :
2747 855 2948 911 Recede
2973 873 3005 911 a
3032 858 3196 921 nobis,
3234 858 3327 928 qui
3354 858 3408 915 ei

1824 945 1890 999 ad
1920 960 1980 1001 se
2010 945 2211 1001 aditum
2240 947 2483 1017 praebere
2508 956 2784 1012 recusant,
2811 961 3042 1016 eumque
3063 947 3244 1017 pravis
3273 947 3408 1003 acti-

1824 1034 1923 1089 bus
1970 1034 2286 1105 impugnant
2317 1035 2529 1091 etiamsi
2575 1035 2761 1091 verbis
2785 1050 2907 1091 eum
2938 1035 3161 1091 laudare
3186 1034 3409 1091 videan-

1824 1132 1928 1178 tur.
1962 1125 2156 1180 Dicunt
2188 1125 2353 1180 etiam
2386 1144 2399 1180 :
2432 1124 2716 1181 Scientiam
2761 1129 2963 1181 viarum
3006 1137 3216 1181 tuarum
3258 1125 3407 1181 nolu-

1823 1230 2139 1294 mus,—eo
2188 1217 2307 1286 ipso
2348 1230 2456 1286 quo
2497 1217 2615 1287 ejus
2667 1216 2947 1271 scientiam
2999 1216 3406 1287 apprehendere

1822 1313 2192 1362 contemnunt.
2228 1305 2327 1360 Via
2353 1314 2534 1360 autem
2568 1305 2659 1362 Dei
2694 1322 2820 1376 pax,
2857 1308 2942 1361 via
2977 1308 3070 1361 Dei
3104 1306 3404 1372 humilitas,

1821 1396 1905 1449 via
1932 1396 2024 1450 Dei
2052 1397 2313 1468 patientia
2339 1404 2439 1452 est.
2471 1395 2576 1452 Sed
2611 1399 2739 1468 quia
2771 1399 2885 1454 lucc
2908 1396 3089 1453 omnia
3115 1397 3282 1468 iniqui
3314 1398 3408 1453 de-

1820 1481 2077 1559 spiciunt,
2124 1489 2234 1545 Deo
2275 1491 2462 1545 dicunt
2492 1509 2505 1544 :
2535 1489 2819 1545 Scienliam
2842 1492 3043 1545 viarum
3078 1500 3290 1544 tuarum
3313 1504 3408 1541 no-

1820 1580 2014 1635 lumus.
2052 1582 2202 1647 {Dum
2249 1583 2393 1637 enim
2417 1585 2469 1637 in
2499 1584 2750 1652 praesenti
2782 1585 2890 1637 vita
2918 1582 3255 1653 superbiant,
3277 1580 3405 1635 dum

1819 1671 2115 1726 honoribus
2152 1670 2420 1736 inﬂantur,
2455 1674 2580 1727 dum
2622 1675 2784 1727 etiam
2822 1675 2864 1729 si
2903 1689 3007 1727 non
3032 1673 3256 1737 habent,
3310 1686 3406 1742 apo

1819 1771 2027 1831 petunt,
2042 1761 2160 1817 vias
2178 1760 2275 1815 Dei
2298 1764 2350 1817 in
2373 1763 2697 1834 cegitatione
2719 1772 3090 1818 contemnunt.
3110 1761 3402 1832 Sequitur:

1893 1853 2057 1907 Vens.
2089 1851 2177 1907 15.
2202 1851 2333 1917 Quis
2363 1863 2437 1907 est
2468 1853 2805 1924 Omnipotens
2836 1862 2888 1907 ut
2919 1853 3203 1907 serviamus
3224 1853 3311 1906 ei?
3333 1880 3405 1892 —

1816 1941 1967 1996 Mens
2006 1942 2149 1997 enim
2191 1942 2427 1996 hominis
2464 1942 2602 1996 male
2626 1942 2863 1997 exterius
2892 1941 3027 2004 fusa,
3057 1941 3137 1996 sic
3159 1943 3212 1994 in
3241 1941 3405 1995 rebus

1815 2033 2094 2102 corporeis
2139 2045 2326 2101 sparsa
2352 2038 2458 2097 est,
2489 2039 2547 2085 ut
2578 2045 2752 2101 neque
2788 2031 2854 2085 ad
2883 2030 3228 2100 semetipsam
3258 2030 3405 2085 intus

1815 2121 2025 2186 redeat,
2049 2136 2225 2190 neque
2256 2135 2401 2185 eum,
2434 2121 2525 2189 qui
2548 2128 2630 2175 est
2660 2119 2964 2185 invisibilis,
2997 2120 3235 2189 cogitare
3260 2116 3404 2172 solli-

1813 2210 1939 2265 ciat.
1971 2208 2122 2265 Undc
2146 2209 2245 2264 viri
2268 2209 2517 2265 carnales
2533 2209 2685 2280 jussa
2707 2209 2971 2280 spiritalia
2995 2216 3406 2264 contemnentes

1814 2301 2007 2364 Deum,
2052 2299 2176 2370 quia
2221 2299 2580 2370 corporaliter
2607 2316 2712 2354 non
2743 2301 2948 2364 vident,
2983 2298 3306 2369 quandoque
3337 2298 3404 2352 ad

1812 2392 1919 2448 hoc
1939 2391 2281 2461 perveniunt,
2313 2398 2369 2443 ut
2393 2391 2557 2445 etiam
2591 2405 2699 2445 non
2723 2405 2842 2445 esse
2862 2392 3224 2460 suspicentur.
3251 2387 3405 2444 Unde

1812 2483 2075 2551 scriptum
2099 2491 2213 2535 est:
2236 2500 2255 2531 ι
2280 2480 2426 2535 Dixit
2451 2480 2710 2550 insipiens
2737 2481 2789 2534 in
2821 2481 2984 2534 corde
3010 2494 3109 2535 suo
3135 2478 3285 2533 :Non
3314 2486 3400 2534 est

1815 2573 2142 2645 Deus(Psal.
2164 2589 2281 2637 xm,
2306 2572 2410 2643 1).»
2440 2572 2731 2642 Sequitur:
2756 2573 2825 2625 Et
2848 2572 2973 2642 quid
2998 2571 3144 2625 nobis
3169 2571 3401 2641 prodest,

1811 2666 1858 2720 si
1902 2664 2222 2719 oraverimus
2261 2679 2379 2717 eum
2404 2662 2428 2715 .9
2452 2691 2523 2701 —
2547 2660 2681 2717 Cum
2730 2662 2871 2716 Deus
2902 2661 2956 2716 in
2997 2660 3243 2715 oratione
3294 2675 3403 2714 non

1813 2756 2097 2828 quaeritur,
2143 2755 2309 2809 citius
2357 2753 2570 2808 animus
2617 2753 2671 2808 in
2699 2750 2947 2808 oratione
2990 2753 3245 2817 lassatur,
3274 2752 3403 2821 quia

1814 2861 1938 2902 cum
1963 2845 2054 2901 illa
2101 2845 2331 2915 quisque
2383 2843 2620 2914 postulat
2645 2858 2766 2913 quae
2787 2842 3192 2914 fortassejuxta
3221 2841 3401 2897 occul-

1815 2945 1926 2992 tum
1952 2935 2219 3004 judicium
2268 2935 2412 2989 Deus
2456 2934 2756 2995 retribuere
2785 2944 3018 2999 recusat,
3049 2935 3165 3005 ipse
3187 2948 3405 3003 quoque

1813 3029 1964 3084 venit
1997 3029 2051 3083 in
2084 3026 2324 3091 fastidio,
2369 3026 2460 3096 qui
2513 3042 2618 3081 non
2664 3025 2780 3080 vult
2823 3026 2955 3080 dare
2987 3024 3130 3095 quod
3164 3034 3397 3079 amatur.

111 3120 330 3183 obortit,
358 3134 518 3173 vacca
546 3118 765 3188 peperit,
789 3126 836 3171 et
867 3133 971 3171 non
1007 3126 1082 3171 est
1131 3118 1337 3187 privata
1364 3119 1474 3188 fetu
1502 3136 1621 3174 suo.
1643 3150 1715 3159 —
1743 3178 1783 3197 η
1818 3118 1951 3174 Sese
1995 3118 2169 3187 magis
2222 3117 2481 3171 Dominus
2531 3132 2692 3186 quam
2741 3132 2805 3172 ea
2850 3132 2970 3186 quae
3009 3116 3253 3173 condidit
3292 3116 3406 3171 vult

112 3210 367 3282 Vulgaris
416 3208 706 3267 locutionis
753 3217 838 3264 est
864 3249 878 3273 ,
931 3218 991 3263 ut
1043 3209 1238 3265 bovem
1289 3210 1588 3265 masculum
1612 3251 1627 3277 ,
1661 3220 1714 3266 et
1741 3181 1786 3238 Ο
1818 3208 2014 3274 amari,
2045 3217 2246 3262 aeterna
2283 3206 2463 3277 potius
2491 3222 2654 3277 quam
2692 3216 2907 3262 terrena
2942 3206 3234 3278 postulari,
3264 3207 3406 3262 sicut

110 3317 338 3359 vaccam
368 3299 629 3355 feminam
654 3340 669 3365 ,
702 3300 799 3355 sed
828 3299 1148 3355 litteratura:
1177 3300 1381 3355 locutio
1413 3302 1718 3357 communis

112 3392 332 3463 generis
360 3390 616 3463 appellat.
643 3390 799 3446 Unde
826 3406 967 3446 nunc
997 3391 1213 3446 dicitur.
1252 3391 1358 3445 Bos
1380 3408 1558 3445 eorum
1592 3408 1715 3445 con-

113 3487 270 3554 cepit,
318 3493 368 3537 et
419 3500 523 3538 non
564 3484 831 3549 abortivit,
862 3492 918 3538 et
950 3483 1176 3553 reliqua.
1205 3483 1465 3539 Dominus
1490 3499 1713 3555 gregum

109 3576 287 3645 prima
322 3572 552 3628 felicitas
581 3581 688 3641 est,
721 3573 766 3643 si
803 3588 935 3643 grex
964 3573 1306 3628 sterilitatem
1345 3589 1450 3627 non
1483 3574 1711 3639 habens,

111 3664 383 3734 concipit;
434 3664 672 3722 secunda
721 3664 767 3718 si
821 3671 1115 3735 conceptus
1163 3662 1230 3716 ad
1278 3671 1489 3732 partum
1532 3662 1710 3727 venit;

112 3758 275 3820 tertia
302 3770 434 3810 vero
458 3754 501 3810 si
535 3755 640 3809 hoc
665 3795 681 3820 ,
712 3756 854 3825 quod
885 3754 1211 3825 parturitum
1247 3765 1331 3809 (st
1355 3794 1369 3818 ,
1402 3770 1498 3823 per
1541 3754 1715 3813 nutri-

111 3858 297 3907 menta
334 3845 403 3901 ad
452 3845 753 3916 profectum
802 3846 1055 3901 ducatur.
1112 3843 1183 3899 Ut
1231 3860 1360 3915 ergo
1408 3852 1513 3899 tota
1554 3843 1713 3899 simul

110 3938 307 3992 adesse
361 3935 544 4006 impiis
578 3935 913 3990 demonstret
960 3948 1147 3997 eorum
1178 3949 1370 4004 greges
1400 3934 1590 3988 beatus
1610 3933 1712 3996 Job

112 4030 314 4097 asserit
362 4026 716 4099 concepisse,
747 4034 801 4081 et
832 4042 939 4093 non
985 4025 1272 4091 obortiisse
1298 4066 1312 4091 ,
1358 4027 1634 4098 peperisse
1658 4035 1716 4082 et

111 4122 225 4175 fetu
267 4118 489 4191 proprio
521 4134 628 4174 non
656 4134 776 4175 esse
807 4118 1068 4189 privatos.

183 4211 359 4267 Vsus.
393 4211 480 4266 il.
511 4193 873 4282 Egrediuntur
901 4210 1052 4280 quasi
1075 4226 1253 4280 greges
1278 4210 1484 4280 parvuli
1507 4226 1710 4276 eorum,

113 4315 161 4363 et
190 4303 427 4373 infantes
447 4319 629 4357 eorum
654 4301 917 4356 exsultant
943 4302 1161 4357 lusibus.
1180 4296 1261 4342 '——
1288 4302 1465 4372 Ipsum
1497 4318 1713 4374 quoque

115 4393 387 4455 infantum
412 4392 591 4447 lusum
634 4392 686 4446 in
719 4391 883 4447 domo
919 4391 1231 4462 iniquorum
1264 4408 1332 4448 ne
1373 4392 1531 4449 vilem
1557 4393 1714 4449 valde

115 4498 235 4557 esse
261 4484 632 4549 crederemus,
669 4482 999 4553 subjungeus
1028 4483 1140 4547 ait:

188 4574 354 4629 Vens.
378 4572 464 4626 12.
491 4571 685 4639 Tenent
710 4581 1013 4643 tympanum
1030 4581 1077 4625 et
1101 4572 1378 4635 citharam,
1407 4580 1454 4625 et
1482 4570 1711 4641 gaudent

119 4665 187 4737 ad
213 4665 449 4718 sonitum
472 4663 677 4733 organi.
708 4661 787 4716 Ac
812 4661 856 4717 si
881 4669 1129 4732 patenter
1148 4662 1294 4716 dicat
1310 4679 1323 4714 :
1339 4659 1472 4715 Cum
1495 4660 1709 4716 Domini

120 4754 418 4809 honoribus
442 4762 496 4808 et
523 4754 687 4807 rebus
715 4759 922 4806 tument
945 4792 960 4819 ,
988 4750 1215 4821 subjecti
1246 4751 1465 4808 ludicris
1499 4753 1710 4810 actibus

121 4846 377 4915 gaudent.
414 4842 677 4914 Sequitur
709 4856 725 4897 :
949 4866 974 4898 ι

192 4936 355 4992 Vsus.
398 4935 486 4990 15.
521 4934 736 4989 Ducunt
760 4934 815 4988 in
840 4932 986 5003 bonis
1019 4934 1127 4988 dies
1168 4951 1312 5000 suos,
1355 4944 1403 4989 et
1433 4936 1490 4991 in
1515 4947 1708 5009 puncto

124 5030 188 5082 ad
208 5030 423 5099 inferna
471 5028 817 5082 descendunt.
851 5057 921 5066 --
946 5026 1085 5085 Ecce
1110 5068 1124 5092 ,
1163 5028 1320 5093 beate
1356 5029 1439 5083 vir
1463 5070 1478 5096 ,
1520 5046 1711 5088 eorum

126 5121 311 5180 gaudia
341 5120 436 5175 diu
467 5131 813 5180 narraveras,
845 5117 1113 5180 quomodo
1140 5134 1284 5174 nunc
1327 5121 1530 5177 asseris
1567 5120 1714 5180 quod

1817 3298 2081 3368 scriptum
2118 3306 2202 3353 est
2228 3314 2242 3351 :
2281 3316 2300 3349 ι
2329 3297 2566 3365 Qumrite
2599 3312 2820 3368 regnum
2852 3298 2965 3361 Dei,
2995 3305 3050 3352 et
3077 3298 3194 3353 hmo
3223 3298 3406 3353 omnia

1816 3390 2145 3458 adjicientur
2171 3390 2324 3444 vobis
2354 3387 2568 3460 (Matth.
2596 3404 2674 3455 vr,
2702 3389 2815 3460 55).
2847 3408 2867 3441 ι
2910 3388 3171 3459 Sequitur
3196 3408 3209 3444 :

1887 3479 2053 3535 Vens.
2076 3478 2162 3535 16.
2194 3479 2565 3535 Verumtamen
2594 3480 2718 3550 quia
2747 3497 2851 3533 non
2879 3489 3001 3534 sunt
3030 3480 3086 3534 in
3120 3496 3281 3534 manu
3310 3496 3403 3534 eo—

1817 3590 1933 3627 rum
1965 3574 2100 3628 bona
2127 3590 2243 3637 sua,
2269 3573 2547 3627 consilium
2574 3574 2852 3643 impiorum
2876 3574 3025 3644 longe
3057 3574 3122 3627 sit
3151 3592 3181 3627 a
3210 3590 3308 3627 me.
3334 3602 3406 3614 --

1815 3663 1962 3718 Bona
1984 3663 2040 3718 in
2066 3678 2229 3717 manu
2258 3663 2441 3728 habet,
2467 3664 2559 3733 qui
2591 3663 2936 3732 despicienda
2969 3663 3280 3732 temporalia
3303 3664 3405 3718 sub

1818 3758 2060 3815 dominio
2106 3762 2307 3814 mentis
2355 3759 2573 3828 premit,
2616 3775 2739 3812 nam
2784 3760 3031 3828 quisquis
3068 3775 3132 3815 ea
3181 3760 3404 3813 minime

1815 3847 2007 3916 diligit,
2040 3863 2099 3904 se
2133 3849 2307 3917 magis
2336 3848 2442 3903 illis
2473 3863 2633 3918 quam
2676 3849 2777 3903 sibi
2809 3849 2898 3902 illa
2932 3849 3203 3919 supponit.
3235 3848 3403 3916 Quid-

1816 3952 2051 4006 namque
2078 3944 2162 3992 est
2192 3937 2499 4006 iniquorum
2531 3937 2837 4002 consilium,
2863 3938 2965 3992 nisi
2991 3946 3261 3993 terrenam
3283 3936 3400 4007 glo-

1817 4028 1953 4081 riam
1979 4042 2244 4097 quaarere,
2270 4037 2528 4083 arteruam
2558 4028 2829 4098 negligere
2843 4028 3092 4095 salutem,
3128 4037 3398 4098 tempora-

1815 4120 1920 4175 lem
1951 4135 2073 4175 cum
2102 4119 2301 4175 damno
2328 4110 2860 4190 interioriappelere.
2900 4131 2954 4174 et
2979 4120 3189 4176 dolores
3220 4130 3400 4177 trans-

1817 4211 2005 4266 itorios
2037 4212 2105 4266 ad
2140 4219 2372 4266 teter-nos
2409 4211 2641 4283 gemitus
2675 4215 3058 4269 commutare?
3089 4214 3186 4270 Vir
3236 4215 3403 4287 igitur

1818 4312 2066 4368 sanctus,
2096 4303 2195 4357 has
2223 4303 2532 4372 iniquorum
2560 4303 2917 4373 cogitationes
2938 4306 3177 4373 intuens,
3216 4323 3404 4377 asper-

1814 4405 1973 4454 netur
1998 4404 2056 4451 et
2082 4396 2228 4452 dicat
2255 4414 2270 4450 :
2297 4395 2588 4452 Consilium
2628 4398 2909 4469 impiorum
2950 4398 3099 4472 longe
3142 4403 3268 4456 sita
3295 4418 3397 4457 me.

1818 4488 2077 4559 Sequitur
2101 4506 2118 4543 :
2844 4484 2858 4494 '

1889 4579 2052 4635 Vsus.
2083 4578 2172 4634 i7.
2211 4579 2426 4646 Quoties
2452 4579 2668 4637 lucerna
2707 4598 2887 4637 eorum
2931 4583 3303 4655 exstinguitur.
3331 4616 3402 4626 —-

1819 4675 1974 4746 Saepe
2001 4674 2199 4744 impius
2226 4673 2280 4728 in
2307 4674 2480 4729 lucem
2507 4690 2659 4730 suam
2695 4675 2928 4730 aestimat
2952 4675 3183 4732 ﬁliorum
3210 4676 3400 4742 vitam,

1817 4767 1911 4822 sed
1935 4782 2057 4821 cum
2080 4765 2240 4831 ﬁlius,
2257 4766 2349 4841 qui
2371 4765 2532 4821 nimis
2553 4767 3164 4836 amaturksubtrahitur,
3180 4768 3399 4823 lucerna

1816 4856 1988 4928 impii,
2012 4872 2133 4928 quae
2155 4857 2458 4922 videbatur,
2474 4850 2741 4914 exstincta
2758 4866 2860 4912 est.
2876 4857 3030 4929 Saepe
3051 4859 3247 4928 impius
3267 4873 3403 4928 pra:—

1818 4951 1987 5007 sentis
2012 4950 2234 5006 honoris
2256 4950 2482 5021 gloriam
2507 4951 2784 5008 lucernam
2814 4960 2986 5020 putat,
3011 4952 3106 5009 sed
3130 4953 3252 5006 dum
3277 4949 3403 5003 sub-

1818 5045 1925 5100 lata
1953 5043 2216 5113 dignitate
2244 5040 2518 5110 dejicitur,
2550 5043 2772 5098 lucerna
2794 5042 3059 5097 exstincta
3088 5049 3189 5103 est,
3213 5054 3330 5107 qua:
3351 5038 3402 5091 ei

1816 5135 1964 5180 ἰιιςιπ
1995 5134 2322 5180 desiderium
2367 5133 2601 5180 lucebat,
2650 5134 2947 5180 Senuitur:
2983 5132 3048 5180 Et
3079 5129 3402 5180 sunerveniet
