3948 5398
575 348 684 406 285

1536 339 1599 396 8.
1633 338 1882 397 ODONIS
1919 334 2207 427 ABBATIS
2243 335 2735 396 CLUNIACENSIS
2769 324 2813 395 ll

3694 333 3775 403 sat

578 461 794 527 dolores
840 458 1054 514 dividit.
1106 454 1292 529 Neque
1339 458 1484 513 enim
1535 472 1692 529 paena
1741 470 1999 529 praesens,
2034 468 2155 524 quae
2181 450 2231 512 Α
2255 462 2303 505 et
2334 452 2400 506 de
2422 452 2599 522 furore
2621 452 3000 523 Omnipotentis
3022 451 3174 508 bibet.
3200 482 3271 493 -—
3299 450 3401 521 Qui
3426 456 3473 508 sl
3495 456 3551 510 ιιι
3568 437 3671 512 hic
3693 460 3775 514 vita

579 551 767 621 injusti
814 551 1056 606 animum
1098 565 1129 604 a
1174 549 1358 619 pravis
1399 549 1679 605 desideriis
1725 563 1829 605 non
1880 548 2147 608 immutat,

581 640 650 695 ab
682 638 898 693 aeternis
937 636 1215 708 suppliciis
1258 637 1469 693 liberat.
1520 636 1672 693 Unde
1698 646 1754 690 et
1782 651 1878 707 per
1925 635 2155 692 Psalmi-

578 736 720 784 stam
745 727 945 782 dicitur
974 746 988 782 :
1020 745 1041 779 ι
1059 726 1383 798 Pluitsuper
1402 735 1713 798 peccatores
1740 727 1984 797 laqueos,
2014 726 2152 796 ignis

576 825 636 872 et
664 815 913 886 sulphur,
949 826 1002 872 et
1030 817 1250 887 spiritus
1275 816 1655 886 procellarum,
1685 832 1811 886 pars
1838 816 2029 872 calicis
2054 829 2152 871 co-

578 921 700 961 rum
745 904 919 977 (Psal.
952 922 1010 972 x,
1039 905 1148 979 6).»
1182 905 1419 960 Dicendo
1449 906 1649 961 etenim
1696 905 1948 975 laqueos,
1989 905 2148 977 ignis,

580 995 829 1066 sulphur,
883 1006 939 1052 et
961 997 1186 1068 spiritus
1231 996 1610 1067 procellarum,
1662 997 1861 1053 multos
1895 998 2153 1052 nimirum

582 1085 797 1142 dolores
841 1087 1045 1141 intulit.
1080 1086 1187 1143 Sed
1212 1087 1339 1156 quia
1374 1086 1444 1141 ab
1468 1086 1554 1141 his
1579 1085 1854 1142 doloribus
1874 1094 2151 1157 peccator,

581 1176 675 1245 qui
722 1189 829 1232 non
870 1177 1179 1248 corrigitur,
1236 1177 1305 1232 ad
1349 1185 1552 1232 aeterna
1595 1176 1858 1246 supplicia
1906 1186 2150 1243 vocatur,

582 1267 803 1324 eosdem
840 1268 1055 1325 dolores
1079 1284 1187 1324 non
1202 1267 1319 1337 jam
1350 1276 1518 1325 totum
1548 1268 1792 1336 calicem,
1820 1269 1916 1325 sed
1944 1277 2154 1339 partem

583 1356 770 1412 calicis
815 1358 971 1424 dixit,
1021 1348 1148 1428 quia
1191 1358 1446 1415 videlicet
1491 1375 1679 1416 eorum
1709 1360 1891 1430 passio
1919 1359 2006 1415 hic
2031 1359 2153 1429 qui-

586 1447 709 1502 dem
747 1462 844 1517 per
883 1449 1095 1505 dolores
1133 1450 1407 1521 incipitur,
1468 1451 1563 1507 sed
1610 1452 1665 1506 in
1711 1447 1915 1506 ultione
1963 1464 2153 1521 perpe-

589 1547 684 1592 tua
729 1550 1153 1596 consummatur.
1198 1542 1271 1597 De
1317 1557 1545 1612 quorum
1590 1542 1696 1598 ﬁne
1720 1543 1896 1599 adhuc
1931 1541 2153 1611 subjun-

587 1627 733 1697 gitur
757 1646 772 1683 :

666 1718 828 1773 Vens.
863 1721 951 1775 l8.
982 1720 1151 1776 Erunt
1192 1724 1323 1779 sicut
1361 1726 1526 1795 palea:
1553 1737 1673 1781 ante
1701 1725 2071 1795 faciemtventi,
2109 1735 2157 1782 et

587 1810 721 1887 sicut
743 1809 947 1879 favilla,
982 1829 1138 1882 quam
1187 1816 1340 1871 turbo
1385 1817 1656 1887 dispergit.
1690 1847 1762 1859 —
1786 1818 2006 1889 Iniquus
2040 1834 2160 1875 cum

585 1899 643 1955 in
662 1909 928 1970 potestate
948 1905 1301 1974 conspicitur,
1325 1921 1448 1960 cum
1473 1907 1629 1963 valde
1648 1907 1700 1962 in
1728 1909 2166 1979 oppressionibus

587 2003 653 2043 ac
668 1990 935 2047 violentiis
956 1992 1287 2061 ell‘rarnatur,
1304 1997 1372 2071 ab
1397 1996 1728 2055 inﬁrmorum
1752 2001 2168 2070 cogitationibus

590 2078 774 2146 gravis
804 2081 1052 2147 nimium,
1094 2092 1149 2138 et
1173 2086 1328 2152 quasi
1358 2086 1408 2140 in
1432 2086 1575 2143 hunc
1602 2090 1860 2144 tnundum
1890 2091 2166 2146 radiealus

591 2169 911 2226 aestimatur.
938 2173 1069 2228 Cum
1092 2177 1234 2232 enim
1258 2178 1484 2234 districti
1502 2179 1699 2248 judicis
1718 2184 1981 2238 sententia
2004 2199 2167 2239 vene-

591 2258 686 2324 rit,
723 2274 914 2331 omnes
944 2264 1109 2336 iniqui
1148 2269 1303 2337 quasi
1338 2270 1504 2338 pale-aa
1541 2281 1666 2326 ante
1699 2282 1917 2327 ventum
1964 2285 2161 2340 erunt;

600 2349 715 2419 qui,
757 2362 815 2407 ut
855 2355 927 2408 ita
956 2356 1152 2421 dicam,
1192 2359 1285 2414 ira:
1324 2358 1454 2415 flatu
1493 2361 1672 2417 subito
1716 2363 1983 2429 levantur,
2008 2370 2173 2435 atque

591 2452 939 2511 asportantur
958 2448 1025 2503 ad
1050 2449 1248 2519 ignem,
1265 2466 1403 2522 quos
1424 2454 1514 2510 hic
1534 2455 1801 2524 quondam
1826 2457 1880 2511 in
1904 2459 2017 2514 suis
2038 2475 2168 2529 prae-

586 2531 824 2600 jndiciis,
860 2540 1013 2605 quasi
1055 2540 1175 2595 duri
1212 2543 1468 2611 ponderis
1498 2560 1659 2615 super
1678 2545 1947 2614 jacentem
1974 2550 2169 2605 molem

606 2629 940 2699 ndigentium
973 2632 1224 2705 lacrymte
1270 2652 1488 2694 movere
1536 2654 1639 2693 non
1684 2648 1961 2709 poterant;
1999 2651 2053 2696 et
2100 2643 2169 2698 ad

591 2720 849 2790 rapientis
871 2723 1060 2793 judicii
1098 2738 1316 2788 manum
1347 2726 1495 2784 leves
1525 2738 1670 2795 sunt,
1699 2731 1793 2799 qui
1829 2746 1925 2801 per
1954 2730 2166 2801 injusti-

590 2812 721 2868 tiam
752 2814 1013 2884 proximis
1052 2831 1245 2887 graves
1282 2820 1515 2875 fuerunt.
1554 2822 1811 2893 Sequitur
1850 2843 1863 2879 :
1910 2826 1978 2882 Et
2032 2830 2167 2883 sicut
2206 2832 2212 2843 ‘

590 2902 799 2971 favilla,
818 2921 975 2973 quam
1003 2908 1154 2961 turbo
1201 2909 1468 2981 dispergit.
1498 2941 1569 2952 --
1601 2912 1740 2969 Ante
1786 2917 2169 2987 omnipotentis

591 2994 687 3050 Dei
714 2995 895 3051 oculos
920 2998 1087 3068 iniqui
1112 3001 1222 3055 vita
1252 2998 1427 3056 favilla
1455 3013 1557 3070 est,
1582 3005 1706 3075 quia
1739 3016 1793 3062 et
1842 3009 1888 3062 si
1930 3007 1996 3062 ad
2021 3018 2165 3066 'mo-

592 3094 831 3166 mentum
861 3099 1085 3159 apparet
1106 3092 1316 3158 viridis,
1348 3095 1416 3151 ab
1443 3097 1560 3166 ejus
1600 3106 1777 3152 tamen
1813 3097 2018 3166 judicio
2050 3101 2160 3171 jam

590 3187 907 3244 consumpta
935 3180 1199 3249 cernitur,
1227 3182 1352 3252 quia
1397 3188 1789 3257 consumptioni
1835 3199 2033 3244 arterna
2078 3201 2162 3247 est

593 3264 868 3335 deputata.
931 3268 1084 3329 lianc
1159 3272 1395 3331 favillam
1467 3278 1624 3333 turbo
1686 3280 1984 3352 dispergit,
2037 3284 2161 3352 quia

596 3375 616 3408 ι
677 3357 820 3421 Deus
870 3371 1057 3417 noster
1111 3366 1397 3422 manifeste
1457 3369 1673 3435 veniet,
1728 3380 1782 3426 et
1830 3388 1937 3427 non
1986 3374 2165 3431 silebit

593 3445 766 3517 (Psal.
799 3465 947 3518 ηις,
971 3452 1050 3521 5),
1088 3474 1108 3508 ι
1142 3462 1198 3512 et
1234 3458 1461 3527 reliqua.
1501 3458 1762 3530 Sequitur
1793 3479 1807 3514 :

662 3541 826 3597 Vens.
851 3544 944 3611 ‘19.
972 3544 1115 3602 Deus
1139 3550 1352 3604 sen'avit
1378 3550 1504 3619 ﬁliis
1535 3551 1679 3606 illius
1715 3552 1944 3608 dolorem
1973 3556 2160 3623 patris,

590 3637 639 3683 et
666 3647 785 3685 cum
820 3634 1101 3690 reddiderit
1140 3648 1262 3693 tunc
1288 3640 1434 3694 sciet.
1462 3670 1531 3681 —
1551 3642 1621 3696 Et
1648 3659 1860 3698 rursum
1904 3646 2161 3713 scriptum

591 3730 673 3778 est
698 3740 711 3777 ε
742 3742 761 3775 ι
784 3724 1001 3791 Anima,
1030 3741 1148 3798 qua:
1176 3732 1498 3799 peccaverit,
1522 3732 1636 3801 ipsa
1665 3735 1916 3804 punietur
1945 3736 2159 3807 (Ezech.

591 3828 744 3878 xvm,
773 3814 850 3886 4).
885 3834 904 3868 ι
937 3815 1222 3874 Peccatum
1254 3822 1451 3892 quippe
1480 3825 1737 3894 originale
1777 3842 1807 3881 a
1853 3828 2163 3897 parentibus

590 3901 879 3971 trahimus,
907 3915 963 3961 et
994 3907 1098 3963 nisi
1128 3924 1225 3978 per
1247 3912 1475 3980 gratiam
1501 3912 1840 3984 baptismatis
1868 3912 2159 3984 solvamur,

590 3992 751 4051 etiam
781 4005 1064 4066 parentum
1089 4009 1309 4072 peccata
1335 4012 1634 4073 portamus,
1650 4007 1773 4076 quia
1796 4022 1962 4062 unum
1988 4008 2162 4066 adhuc

589 4084 843 4161 videlicet
863 4102 986 4143 cum
1018 4090 1121 4153 illis
1155 4106 1363 4148 sumus.
1396 4093 1590 4149 Reddit
1619 4112 1749 4167 ergo
1796 4107 2021 4166 peccata
2070 4116 2163 4171 pa-

592 4184 736 4231 trum
766 4176 819 4231 in
848 4179 994 4244 ﬁliis,
1022 4181 1149 4238 dum
1179 4198 1279 4257 pro
1313 4186 1470 4254 culpa
1512 4189 1756 4256 parentis
1797 4203 1865 4245 ex
1914 4191 2161 4261 originali

591 4261 813 4333 peccato
852 4268 1028 4323 anima
1057 4272 1279 4341 punitur
1331 4275 1518 4343 prolis,
1567 4284 1623 4331 et
1669 4292 1884 4333 rursum
1939 4289 2161 4348 peccata

593 4366 879 4423 parentum
910 4375 1016 4415 non
1043 4363 1218 4421 reddit
1249 4364 1301 4418 in
1332 4365 1476 4431 ﬁliis,
1494 4367 1620 4436 quia
1647 4370 1713 4423 ab
1732 4370 1976 4440 originali
2005 4372 2159 4442 culpa

592 4463 690 4517 per
715 4448 1038 4520 baptismum
1064 4453 1378 4522 liberamur,
1398 4473 1502 4512 non
1520 4460 1631 4528 jam
1655 4471 1933 4530 parentum
1956 4464 2160 4534 culpas,

591 4540 711 4606 sed,
746 4555 881 4611 quas
920 4544 1021 4613 ipsi
1052 4548 1474 4615 committimus,
1502 4551 1781 4608 habemus.
1835 4554 1940 4610 Sed
1982 4563 2161 4610 tamen

594 4631 819 4702 intelligi
869 4635 1035 4690 etiam
1080 4637 1240 4693 aliter
1287 4647 1501 4708 potest,
1542 4640 1669 4711 quia
1711 4644 1956 4714 quisquis
2009 4646 2161 4712 pravi

591 4724 833 4789 parentis
860 4722 1197 4802 iniquitatem
1227 4727 1502 4798 imitatur,
1533 4733 1695 4787 etiam
1729 4748 1797 4788 ex
1824 4734 1941 4805 ejus
1966 4735 2162 4793 delicto

592 4814 999 4885 constringitur.
1027 4816 1282 4889 Quisquis
1307 4829 1488 4877 autem
1535 4825 1775 4892 parentis
1820 4826 2157 4896 iniquitatem

593 4919 698 4959 non
729 4905 990 4976 imitatur,
1015 4925 1353 4983 nequaquam
1374 4914 1568 4970 delicto
1590 4915 1735 4973 illius
1760 4928 2034 4989 gravatur.
2058 4920 2161 4976 Sc-

590 4993 776 5064 quitur
806 5013 820 5050 :
857 4995 924 5051 Et
963 5014 1081 5053 cum
1107 4994 1387 5058 reddiderit
1409 5014 1533 5059 tunc
1552 5006 1698 5061 sciet.
1723 5035 1793 5046 -—
1812 5007 1995 5065 Nescit
2013 5009 2158 5067 enim

592 5086 788 5155 impius
828 5088 966 5144 mala
993 5106 1113 5161 quae
1141 5092 1271 5150 fecit
1288 5134 1303 5161 ,
1323 5096 1425 5151 nisi
1450 5113 1549 5167 pro
1574 5097 1775 5153 eisdem
1803 5099 1958 5155 malis
1979 5101 2156 5170 puniri

583 5173 698 5244 jam
729 5180 972 5247 cmperit.
1002 5180 1154 5238 Unde
1181 5194 1236 5239 et
1264 5201 1361 5254 per
1388 5188 1707 5256 prophetam
1752 5186 1949 5245 dicitur
1981 5208 1995 5244 :
2029 5209 2049 5243 ι
2090 5180 2167 5246 Εἰ

591 5272 964 5314 mnlnmmmln
989 5274 1099 5314 mla
1130 5277 1345 5314 vnn-alin
1371 5278 1700 5314 inlollanlnn‘s
1747 5281 1951 5314 oss-Ait":
2013 5282 2153 5314 Αλὶιζι

2249 542 2481 611 positus,
2518 542 2732 610 culpam
2754 555 2910 597 suam
2944 542 3132 598 videre
3150 542 3430 610 voluisset,
3457 544 3526 600 de
3566 543 3778 619 Omnipo-

2252 633 2416 689 tentis
2442 632 2623 688 furore
2655 632 2998 704 postmodum
3031 648 3136 689 non
3172 632 3405 698 biberet,
3434 633 3551 699 sed,
3594 635 3677 704 qui
3710 637 3780 694 hic

2250 726 2445 780 avertit
2471 724 2653 780 oculos
2680 740 2711 780 a
2740 731 2989 793 respectu
3015 724 3277 790 criminis,
3295 723 3403 779 illic
3421 722 3677 782 declinare
3696 741 3779 784 non

2249 813 2393 869 valet
2418 814 2741 868 sententiam
2773 812 3157 868 damnationis.
3189 813 3449 882 Sequitur
3477 829 3494 867 :

2322 910 2485 965 Vens.
2516 908 2606 964 21.
2638 906 2777 973 Quid
2805 908 2939 961 enim
2966 907 3035 962 ad
3061 922 3178 961 eum
3200 907 3418 976 pertinet
3443 906 3509 961 de
3532 908 3673 961 domo
3705 925 3780 965 tu

2249 1007 2365 1071 post
2384 1000 2474 1055 se?
2497 998 2567 1053 Et
2611 1000 2656 1053 si
2688 1013 2933 1053 numerus
2962 998 3215 1053 mensium
3244 997 3358 1069 ejus
3398 998 3784 1053 dimidiati"!-

2252 1089 2437 1159 Neque
2468 1089 2612 1144 enim
2654 1089 2732 1143 sic
2759 1088 3021 1144 debemus
3057 1089 3325 1158 accipere,
3352 1096 3414 1142 ut
3460 1088 3667 1158 iniquus
3704 1090 3781 1148 iste

2251 1190 2437 1252 postea
2463 1195 2626 1253 quam
2657 1180 2941 1237 damnatus
2960 1179 3180 1236 aeternis
3206 1177 3487 1250 suppliciis
3533 1178 3699 1245 fuerit,
3733 1182 3782 1236 de

2252 1272 2410 1327 domo
2441 1285 2560 1332 sua,
2591 1270 2642 1324 id
2672 1278 2757 1324 est
2785 1269 3028 1339 cognatis
3049 1308 3065 1334 ,
3095 1282 3231 1338 quos
3275 1268 3576 1338 reliquerit,
3607 1268 3782 1324 minime

2253 1363 2528 1435 cogitabit,
2553 1377 2673 1419 cum
2702 1377 2799 1433 per
2818 1362 3162 1429 semetipsam
3198 1361 3410 1416 Veritas
3447 1360 3578 1417 dicit
3606 1377 3618 1413 :
3644 1380 3661 1412 ι
3679 1360 3779 1428 Quia

2253 1454 2425 1521 dives,
2453 1454 2545 1524 qui
2573 1455 2627 1509 in
2659 1452 2867 1509 inferno
2914 1453 3155 1522 sepultus
3201 1451 3417 1517 fuerat,
3472 1451 3537 1507 de
3591 1452 3783 1521 quinque

2254 1544 2537 1610 fratribus,
2569 1558 2705 1614 quos
2736 1542 3046 1612 reliquerat,
3067 1542 3229 1596 etiam
3261 1539 3313 1594 in
3342 1539 3654 1610 supplicium
3676 1539 3783 1609 posi-

2256 1643 2343 1690 tus
2368 1648 2555 1689 curam
2595 1634 2814 1705 gerebat
2841 1632 2991 1704 (Luc.
3014 1647 3140 1699 xvi,
3161 1630 3274 1703 28).
3306 1649 3327 1683 ι
3374 1628 3564 1685 Omnis
3597 1642 3782 1697 namque

2265 1732 2515 1794 peccator
2542 1724 2778 1794 prudens
2798 1723 2904 1779 erit
2943 1723 2996 1778 in
3037 1737 3218 1794 poena,
3245 1723 3347 1792 qui
3387 1720 3582 1776 stultus
3623 1718 3709 1781 fuit
3744 1720 3781 1774 in

2193 1792 2239 1852 Β
2266 1792 2444 1887 culpa.
2472 1792 2578 1872 Pro
2623 1830 2833 1872 summo
2879 1816 2970 1871 hic
3023 1792 3255 1885 namque
3306 1815 3451 1869 bono
3504 1811 3785 1882 concupiscit

2268 1920 2486 1976 germen
2514 1906 2726 1976 generis
2756 1905 2957 1961 habere
2985 1906 3201 1960 domum
3231 1905 3313 1959 vel
3336 1903 3614 1968 familiam,
3637 1901 3785 1971 opibus

2268 1995 2479 2065 repleri,
2510 2005 2565 2051 et
2591 1997 2680 2049 diu
2713 1997 2764 2051 in
2795 1998 2896 2052 hac
2923 1997 3103 2053 carnis
3131 1997 3481 2067 corruptione
3507 1991 3783 2049 vivere.Sed

2268 2090 2312 2144 si
2339 2089 2568 2144 fortasse
2596 2089 2795 2159 aliquid
2827 2091 2892 2144 ad
2917 2088 3034 2158 ejus
3073 2087 3398 2143 desiderium
3449 2086 3641 2150 veniat,
3678 2082 3784 2153 quod

2271 2189 2445 2235 tamen
2470 2180 2714 2236 obtinere
2742 2195 2847 2235 non
2877 2182 3046 2250 possit
3075 2180 3176 2235 nisi
3207 2195 3328 2234 cum
3358 2179 3644 2235 offensione
3683 2175 3783 2230 Con-

2268 2272 2477 2338 ditoris,
2502 2271 2617 2340 ejus
2654 2273 2865 2328 animus
2893 2275 2959 2329 ad
3005 2274 3280 2344 paululum
3322 2272 3683 2342 perturbatur:
3720 2282 3785 2322 cu-

2268 2363 2404 2435 gitat
2427 2366 2551 2433 quia
2576 2365 2620 2417 si
2645 2365 2745 2420 hoc
2774 2365 2946 2435 egerit
2969 2366 3111 2421 unde
3140 2364 3399 2420 oﬁ‘ensam
3423 2364 3502 2419 sui
3532 2359 3781 2418 Conditoris

2269 2454 2518 2521 incurrit,
2550 2456 2603 2510 in
2635 2456 2813 2521 domu,
2847 2457 2901 2511 in
2928 2455 3070 2521 ﬁliis,
3110 2458 3163 2512 in
3190 2458 3298 2510 vita
3348 2455 3660 2526 percutitur.
3706 2449 3783 2504 Sed

2269 2545 2516 2615 superbia
2583 2562 2678 2601 sua
2738 2547 2984 2616 protinus
3057 2547 3342 2619 instigatns
3389 2542 3710 2601 obdurescit.
3745 2547 3785 2599 el

2268 2638 2561 2708 quamlibet
2598 2638 2649 2691 in
2676 2639 2781 2692 vita
2812 2639 3216 2708 percussionem
3243 2638 3464 2700 sentiat,
3496 2642 3782 2703 nequaquam

2268 2737 2438 2794 curat,
2467 2730 2756 2785 dunnnodo
2786 2745 2904 2799 quae
2948 2729 3263 2802 cogitaverit
3307 2727 3541 2798 expleat,
3584 2731 3650 2787 et,
3687 2732 3785 2789 quo-

2268 2842 2438 2897 usque
2464 2827 2617 2893 vivit,
2642 2825 2942 2896 voluptates
2969 2840 3097 2880 suas
3122 2823 3384 2894 perﬁcere
3430 2837 3537 2877 non
3586 2815 3781 2873 desistat-

2268 2918 2334 2971 Et
2366 2918 2416 2970 in
2444 2918 2543 2971 hoc
2566 2933 2694 2988 ergo
2724 2932 2781 2970 se
2811 2923 3064 2986 peccator
3108 2923 3295 2970 contra
3331 2913 3501 2968 Deum
3541 2908 3698 2980 erigit,
3718 2902 3782 2957 ubi

2267 3010 2410 3065 Deus
2460 3008 2799 3077 omnipotens
2849 3004 2964 3074 ejus
3003 3005 3331 3061 erectionem
3389 3000 3683 3072 frangit,et
3710 3009 3781 3049 nec

2190 3132 2234 3195 Ο
2270 3102 2417 3157 illata
2444 3100 2719 3172 percussio
2749 3107 2982 3153 mentem
3010 3095 3273 3195 humili-al,
3300 3094 3540 3195 quam—in
3567 3089 3780 3195 delibera-

2268 3193 2409 3247 tione
2436 3201 2622 3247 contra
2654 3192 2819 3244 Deum
2843 3188 3135 3244 obstinatio
3158 3188 3411 3244 obdurat.
3454 3184 3686 3255 Sequitur
3715 3195 3726 3232 :

2336 3283 2495 3339 Vsus.
2529 3282 2616 3349 22.
2678 3281 2932 3354 Nunquid
2968 3281 3133 3335 Deum
3155 3281 3417 3352 quispiam
3445 3276 3630 3331 docebit
3655 3272 3779 3326 scitu-

2265 3375 2411 3434 tiam,
2451 3374 2541 3441 qui
2577 3372 2807 3428 excelsos
2822 3372 3033 3441 judicat
3050 3372 3159 3426 2-
3186 3371 3316 3427 Cum
3341 3370 3428 3427 his
3452 3383 3567 3439 qua:
3587 3366 3645 3421 de
3664 3360 3779 3417 nobis

2265 3474 2496 3537 aguntur
2520 3465 2873 3535 ambigimus,
2905 3464 3160 3521 debemus
3203 3464 3304 3517 alia
3354 3478 3477 3533 qua:
3505 3459 3648 3515 nobis
3691 3460 3779 3509 sunt

2265 3563 2410 3613 certa
2448 3557 2782 3626 conspicere,
2810 3564 2864 3610 et
2890 3572 3008 3610 eam
3048 3571 3167 3626 quae
3210 3557 3275 3610 de
3324 3566 3508 3610 nostra
3554 3550 3687 3607 nobis
3720 3546 3778 3600 in-

2265 3647 2584 3702 cerlltudine
2611 3655 2945 3712 surrexerat,
2989 3647 3332 3716 cogitationis
3388 3638 3649 3716 querelam
3690 3635 3773 3707 pla-

2264 3751 2411 3791 care.
2439 3735 2577 3791 Ecce
2597 3736 2741 3795 enim
2772 3739 2913 3808 quod
2944 3737 3144 3796 electos
3165 3737 3231 3790 ad
3257 3736 3424 3790 vitam
3437 3733 3641 3805 Jlagella
3664 3741 3777 3783 revo-

2263 3836 2407 3893 cant,
2437 3836 2493 3883 et
2528 3828 2685 3884 malis
2715 3827 2923 3884 actibus
2952 3829 3205 3898 reprohos
3230 3843 3329 3883 nec
3370 3826 3572 3898 flagella
3614 3830 3775 3887 compe-

2264 3928 2451 3983 scunt,
2493 3920 2880 3990 omnipotentis
2931 3920 3024 3975 Dei
3069 3918 3269 3987 judicia
3317 3932 3483 3989 super
3525 3929 3614 3971 nos
3660 3906 3775 3964 valde

2262 4008 2474 4064 occulta
2497 4016 2641 4072 sunt,
2674 4018 2730 4063 et
2773 4009 2969 4079 iujusta
3015 4024 3121 4065 non
3170 4017 3316 4064 sunt.
3377 4008 3484 4063 Sed
3548 4002 3773 4059 tendamus

2263 4100 2476 4163 oculum
2508 4100 2702 4156 mentis
2732 4100 2798 4155 ad
2825 4101 3123 4171 superiora.
3154 4100 3210 4157 ln
3238 4099 3344 4157 illis
3370 4097 3661 4170 aspicimus,
3682 4085 3772 4158 quia

2264 4190 2331 4246 de
2354 4192 2507 4246 nobis
2541 4192 2668 4262 quid
2691 4189 2836 4257 juste
2858 4192 3112 4263 conqueri
3138 4206 3243 4247 non
3267 4192 3543 4251 habemus.
3566 4180 3771 4248 OmuiPO'

2264 4288 2381 4335 lens
2411 4280 2553 4335 enim
2584 4282 2726 4336 Deus
2752 4281 3063 4352 angelorum
3096 4271 3291 4339 merita
3332 4282 3644 4338 discernens.
3662 4270 3771 4352 ﬁlios

2265 4372 2318 4426 in
2357 4381 2559 4427 azterna
2583 4370 2702 4427 luce
2730 4350 2847 4427 sine
2873 4372 3023 4442 lapsu
3045 4387 3362 4443 permanere
3383 4350 3769 4428 constituitfalios

2188 4466 2243 4527 D
2266 4479 2492 4535 sponsos
2525 4466 2594 4522 ab
2629 4474 2772 4521 statu
2801 4480 2912 4520 suae
2941 4464 3270 4521 celsitudinis
3293 4464 3347 4519 iu
3370 4474 3575 4520 aeterna:
3598 4457 3768 4512 damna“

2268 4558 2430 4613 tionis
2477 4558 2679 4613 ultione
2734 4557 3048 4627 prostravit.
3098 4556 3389 4611 Nobiscum
3436 4553 3590 4623 igitur
3617 4543 3768 4612 ἰηὶιιεῑο

2264 4647 2397 4703 nihil
2426 4648 2558 4720 agit,
2589 4649 2680 4717 qui
2725 4657 2782 4703 et
2827 4646 3161 4702 subtiliorem
3210 4645 3363 4700 nobis
3399 4650 3626 4698 naturam
3658 4630 3766 4701 ius“i

2256 4737 2536 4807 judicavit.
2572 4737 2830 4807 Sequitur
2858 4754 2872 4791 :
3719 4740 3742 4815 ἶ

2333 4826 2498 4883 Vsus.
2513 4827 2606 4893 25,
2627 4806 2719 4893 Ξὶι,
2735 4827 2823 4881 25.
2842 4826 2949 4881 Iste
2969 4828 3192 4883 moritur
3205 4825 3441 4883 robustus
3462 4832 3505 4879 et
3527 4829 3685 4904 tan”)

2266 4935 2349 4973 res
2369 4929 2415 4973 et
2439 4918 2587 4988 felix.
2612 4916 2823 4972 Viscera
2853 4917 2967 4987 ejus
2993 4916 3147 4987 plena
3180 4926 3299 4971 sunt
3325 4916 3548 4985 adipe,et
3572 4895 3762 4998 mede!!!"

2265 5025 2383 5066 ossa
2397 5007 2509 5077 ejus
2535 5007 2841 5076 irrigantur.
2859 5005 3005 5060 Alius
3029 5021 3145 5060 vero
3167 5006 3390 5066 moritur
3407 5004 3458 5058 in
3471 4989 3760 5055 amorimdm

2265 5100 2454 5155 anima:
2475 5115 2586 5155 suae
2611 5098 2801 5169 absque
2826 5096 2949 5151 ullis
2972 5097 3173 5167 opibus.
3191 5126 3262 5138 -—
3289 5096 3393 5151 Ista
3415 5105 3528 5150 cum
3560 5089 3624 5143 ila
3662 5079 3756 5169 sini.

2264 5191 2384 5261 quis
2416 5191 2469 5245 in
2493 5167 2885 5258 Omnipotentis
2918 5196 3129 5243 secreto
3151 5187 3432 5251 discutiat,
3460 5195 3549 5238 cur
3586 5167 3756 5261 itaita)c

2263 5254 2382 5314 0-ch
2409 5254 2721 5314 ιιηιοηιῖΙΙα-Ιν
2749 5278 2855 5314 Qad
2884 5278 3068 5314 nlonlia
3094 5286 3145 5314 nl
3174 5277 3411 5314 ranrnhic
3454 5273 3550 5314 vita
3586 5254 3752 5314 ("ﬁdem
