3948 5398
207 200 319 257 285

971 203 1273 263 ΕΡΙΤΟΜΕ
1314 203 1677 263 ΗΟΒΑῙᾸΟΜ
1718 203 1778 258 S.
1818 201 2026 261 οπερ.
2068 204 2132 261 ΙΝ
2171 203 2312 264 JOB.
2342 236 2417 249 --
2449 206 2578 263 LIB.
2618 205 2735 264 XV.

206 315 374 371 ritate
402 312 487 371 vel
519 313 844 371 adversitate
888 317 1171 386 prtesentis
1219 316 1398 373 smculi
1451 315 1785 372 dissimiliter
1810 319 1858 378 Δ
1886 317 2170 387 ignoratur
2185 320 2255 374 ab
2278 320 2471 387 altero,
2502 336 2624 377 cum
2666 321 2847 377 verbis
2871 323 2957 379 vel
2987 323 3176 395 opibus
3207 342 3312 381 non
3357 329 3455 384 de-

205 407 274 461 ad
303 415 643 462 momentum
672 414 914 471 currunt,
939 407 1030 477 qui
1066 408 1581 477 percorruptioncm
1602 405 1782 463 carnis

207 496 278 552 ad
317 509 519 553 terram
542 496 787 552 similiter
803 498 1061 554 redeunt?
1086 497 1177 553 illa
1199 508 1284 554 est
1302 514 1432 570 ergo
1449 499 1783 557 solummodo

204 585 320 641 vita
366 584 676 655 cogitanda,
703 585 759 639 in
784 600 891 655 qua
919 600 1042 640 cum
1081 589 1479 643 resurrectione
1505 588 1688 643 carnis
1714 588 1782 643 ad

206 674 377 729 linem
422 673 737 733 dissimilem
782 674 1105 747 pertingitur
1152 678 1540 734 retributionis.
1587 677 1780 749 Sequi-

206 773 298 818 tur
330 782 346 819 ε

285 856 448 911 Vens.
477 854 572 922 27,
594 856 682 913 28.
723 854 871 912 Certe
919 858 1035 912 novi
1082 859 1419 929 cogitationes
1460 867 1685 923 uestras,
1734 866 1786 913 et

201 947 495 1000 sententias
533 956 713 1000 contra
739 962 819 1002 me
853 948 1081 1018 iniquas.
1122 947 1309 1001 Dicitis
1349 949 1526 1003 enim:
1551 946 1651 1000 Ubi
1702 957 1779 1003 est

202 1036 399 1090 domus
422 1037 715 1107 principis?
756 1048 804 1091 et
849 1038 937 1091 ubi
983 1036 1321 1092 tabernacula
1376 1038 1783 1108 impiorum?—

198 1125 440 1197 Impiunt
469 1128 616 1182 enim
642 1128 1001 1192 crediderant,
1024 1141 1182 1196 quem
1216 1141 1247 1181 a
1286 1124 1420 1181 laetis
1458 1127 1619 1181 rebus
1653 1137 1781 1181 ten:-

199 1213 472 1283 poraliler
498 1214 831 1269 destructum
861 1213 1256 1281 videbant.Sed
1284 1224 1504 1269 sanctus
1532 1214 1615 1269 vir
1636 1222 1785 1269 tanto

199 1316 305 1356 eos
360 1301 470 1355 alta
531 1301 958 1358 consideratione
1024 1302 1309 1373 dijudicat,
1372 1314 1575 1373 quanto
1642 1303 1785 1358 inter

200 1392 431 1457 damna,
459 1408 581 1462 quae
604 1394 916 1464 pertulerat,
944 1394 1169 1451 infracta
1216 1396 1535 1451 rectitudine
1582 1396 1781 1453 stabat.

201 1482 348 1550 Quid
395 1486 543 1540 enim
586 1486 635 1540 ei
684 1484 815 1541 foris
872 1502 1051 1542 rerum
1099 1487 1296 1543 damna
1340 1495 1661 1553 nocuerant,
1691 1488 1783 1556 qui

199 1575 359 1628 illum
395 1590 503 1629 non
543 1576 817 1642 amiserat,
847 1592 1006 1647 quem
1047 1576 1276 1634 interius
1300 1577 1557 1633 amabat?
1608 1579 1782 1632 Διιπ-

1883 415 2234 464 monstratur.
2262 407 2397 463 Nam
2431 424 2555 466 cum
2592 410 2850 481 scriptum
2888 413 2979 468 sit.
3015 433 3034 465 ι
3062 414 3145 469 Ex
3194 414 3456 474 fructibus

1880 510 2066 555 eorum
2089 500 2424 568 cognoscetis
2442 501 2534 555 eos
2554 499 2769 567 (Matth.
2784 516 2877 567 vit,
2896 503 3002 572 li).
3031 521 3051 554 ι
3080 518 3178 573 per
3196 504 3298 558 hoc
3311 506 3455 574 quod

1882 584 2016 642 foris
2045 587 2242 657 agitur,
2268 589 2528 659 quidquid
2560 589 2688 645 latet
2723 593 2977 661 aperitur.
3010 593 3241 648 Proinde
3267 596 3456 650 beatus

1881 672 1981 731 Job
2010 690 2133 731 cum
2152 678 2449 733 amicorum
2479 679 2898 750 colloquentium
2923 682 3275 753 cogitationes
3297 699 3455 739 nosse

1882 776 1942 818 se
1988 763 2191 819 diceret
2238 764 2523 835 adjunxit:
2562 766 2631 821 Et
2684 771 2960 823 sententias
2998 781 3180 826 contra
3218 788 3301 826 me
3348 774 3454 826 ini-

1881 867 2031 923 quas,
2056 862 2115 907 ut
2142 868 2209 908 ex
2238 855 2441 924 patenti
2472 871 2530 911 re
2554 857 2832 920 ostendat,
2856 858 2983 927 quia
3033 858 3157 926 hoc,
3210 860 3351 929 quod
3396 860 3455 917 in

1883 944 1962 999 eis
1989 943 2211 1011 latebat,
2238 947 2552 1003 invenisset.
2578 947 2840 1018 Sequitur
2872 964 2888 1002 :

1956 1031 2115 1087 Vsus.
2142 1032 2228 1096 29,
2253 1033 2343 1089 30.
2372 1032 2701 1105 Interrogate
2736 1035 3012 1107 quemlibet
3045 1037 3109 1091 de
3143 1039 3450 1108 viatoribus,

1881 1128 1931 1175 et
1958 1120 2068 1174 lucc
2095 1120 2277 1175 eadem
2322 1121 2474 1179 illum
2514 1122 2802 1195 intelligere
2842 1128 3196 1195 cognoscetis,
3223 1129 3346 1197 quia
3397 1131 3455 1184 in

1883 1209 2020 1262 diem
2039 1211 2343 1279 perditionis
2394 1222 2630 1267 servatur
2691 1213 2885 1280 malus,
2923 1224 2972 1269 et
3018 1215 3089 1269 ad
3128 1215 3263 1269 diem
3313 1217 3457 1285 furo-

1885 1299 1959 1353 ris
1993 1301 2232 1355 ducetur.
2274 1302 2521 1372 —S:epe
2568 1305 2770 1361 etenim
2832 1306 2921 1360 diu
2967 1304 3148 1360 divina
3198 1307 3455 1375 patientia

1887 1388 2100 1453 tolerat,
2126 1406 2262 1461 quos
2284 1390 2399 1461 jam
2422 1394 2490 1447 ad
2519 1392 2779 1463 supplicia
2813 1394 3063 1465 priescita
3110 1395 3453 1460 condemnat,

1882 1480 2146 1549 permittit
2182 1480 2402 1545 lintrem,
2433 1498 2569 1552 quos
2602 1485 2776 1541 adhuc
2817 1485 2991 1541 cernit
3036 1485 3215 1555 pejora
3262 1501 3454 1556 perpe-

1884 1580 2049 1627 trare.
2079 1571 2215 1640 Quin
2237 1575 2380 1628 enim
2414 1574 2560 1629 videt
2582 1575 2649 1629 ad
2675 1589 2836 1644 quam
2864 1574 3225 1635 damnationis
3243 1574 3456 1630 foveam

199 1677 421 1719 GOBlCl-I.
458 1661 671 1719 Viscera
694 1665 808 1734 ejus
833 1646 989 1734 plena
1017 1675 1140 1720 sunt
1162 1667 1333 1737 adipe.
1366 1665 1521 1722 Sicut
1543 1667 1689 1722 enim
1713 1679 1778 1720 ex
1812 1646 1857 1706 Β
1887 1661 2129 1728 tendant,
2160 1664 2260 1719 hoc
2285 1664 2365 1718 eis
2394 1679 2493 1734 pro
2523 1664 2655 1719 nihil
2683 1680 2802 1720 esse
2844 1666 3138 1731 existimat,
3183 1666 3326 1734 quod
3368 1664 3457 1720 hic

200 1752 505 1808 abundanti
542 1746 670 1818 cibo
705 1754 892 1824 adeps,
920 1754 993 1809 ita
1022 1770 1086 1810 es
1119 1754 1443 1810 abundantia
1474 1771 1654 1812 rerum
1692 1769 1782 1810 su-

198 1843 391 1910 perbia
424 1843 684 1909 nascitur,
712 1859 830 1913 qua:
861 1846 1121 1917 impingat
1159 1856 1393 1902 mentem
1425 1848 1628 1917 divitis,
1653 1849 1779 1904 dum

200 1930 455 1985 elevatur
476 1932 691 1988 animus
721 1933 1100 2004 superbientis.
1126 1934 1391 2006 Superbia
1419 1936 1617 2008 quippe
1660 1952 1781 1992 cor-

198 2018 309 2082 dis,
347 2020 500 2088 quasi
530 2022 775 2090 quaedam
806 2023 1076 2095 pinguedo
1094 2033 1178 2080 est
1197 2024 1589 2080 crassitudinis.
1607 2024 1781 2091 Unde,

199 2108 332 2178 quia
356 2109 598 2181 plerique
623 2127 689 2166 ex
719 2114 1044 2180 abundantia
1064 2122 1287 2185 peccata
1313 2123 1661 2186 perpetrant,
1683 2131 1783 2187 per

198 2197 533 2270 Prophetam
555 2200 771 2256 dicitur.
797 2221 816 2254 ι
844 2201 1048 2260 Prodiit
1068 2205 1222 2275 quasi
1250 2221 1317 2260 ex
1347 2205 1503 2274 adipe
1527 2206 1783 2276 iniquitas

199 2301 392 2342 eorum
444 2285 614 2357 (Psal.
651 2306 822 2357 um,
853 2291 927 2363 7).
984 2310 1003 2344 ι
1064 2293 1348 2350 Amatores
1394 2294 1550 2364 hujus
1600 2295 1781 2351 saeculi

201 2376 363 2445 quasi
398 2392 524 2432 ossa
549 2377 771 2445 habent,
795 2381 1006 2449 quando
1037 2383 1090 2437 in
1123 2382 1225 2438 hoc
1262 2385 1462 2441 mundo
1506 2384 1779 2442 fortitudi-

199 2480 331 2519 nem
352 2463 679 2537 dignitatum
710 2470 1009 2537 possident.
1042 2471 1149 2527 Sed
1179 2471 1223 2527 si
1253 2474 1508 2529 exteriori
1532 2474 1779 2545 dignitati

198 2556 383 2612 desint
422 2566 650 2614 terrcna:
695 2570 749 2615 et
792 2561 1102 2618 domesticae
1143 2564 1362 2629 divitiae,
1410 2575 1670 2635 quantum
1712 2567 1781 2622 ad

198 2660 360 2699 ruam
394 2646 656 2715 judicium
683 2664 804 2704 ossa
834 2652 1049 2721 quidem
1080 2653 1407 2718 habent,sed
1440 2662 1497 2709 et
1523 2656 1780 2713 medullas

199 2750 257 2792 tn
283 2737 503 2792 ossibus
525 2752 628 2791 non
652 2740 870 2796 habent.
920 2741 1057 2810 Quia
1105 2757 1235 2815 ergo
1285 2744 1366 2801 sic
1419 2747 1523 2801 iste
1570 2757 1781 2805 amator

199 2827 368 2895 hujus
399 2830 582 2883 saeculi
608 2831 863 2886 exteriori
908 2841 1177 2903 potestate
1224 2833 1467 2901 fulcitur,
1515 2844 1573 2891 ut
1615 2839 1778 2895 etiam

200 2918 451 2973 interiori
487 2928 715 2975 terrena:
739 2921 931 2976 domus
957 2922 1286 2979 abundantia
1322 2926 1615 2995 saginetur,
1646 2927 1778 2983 dici-

202 3019 316 3073 tur,
345 3019 395 3063 et
422 3011 667 3065 medullis
698 3027 817 3067 ossa
844 3012 958 3083 ejus
996 3014 1306 3084 irrigantur.
1361 3014 1456 3071 Vel
1486 3025 1633 3072 certe
1657 3032 1779 3073 ossa

200 3106 333 3153 sunt
384 3098 544 3169 hujus
586 3100 768 3156 divitis
810 3116 989 3171 pravze
1038 3105 1454 3160 consuetudines
1509 3115 1565 3161 et
1610 3107 1779 3162 durae.

202 3189 455 3245 Medullia
480 3205 610 3245 vero
643 3192 695 3245 in
726 3191 941 3247 ossibus
987 3200 1116 3248 sunt
1160 3193 1276 3264 ipsa
1328 3194 1469 3249 mala
1515 3195 1780 3253 desideria

200 3278 447 3346 vivendi,
477 3295 597 3349 qua:
627 3295 801 3351 neque
841 3295 909 3336 ex
952 3282 1240 3353 pravitatis
1287 3284 1658 3342 satisfactione
1696 3302 1782 3342 sa-

200 3373 437 3425 tiantur.
468 3371 598 3439 Quae
629 3371 876 3428 medullae
902 3375 1053 3443 quasi
1082 3390 1204 3430 ossa
1242 3377 1484 3448 irrigant,
1518 3394 1638 3433 cum
1666 3379 1782 3450 ipsa

203 3476 395 3533 prava
433 3461 705 3517 desideria
752 3478 1035 3533 perversas
1082 3468 1499 3524 consuetudines
1548 3484 1673 3525 suas
1726 3470 1782 3524 in

205 3551 545 3621 voluptatum
587 3551 948 3610 delectatione
992 3566 1330 3612 conservant.
1378 3558 1444 3613 Et
1487 3569 1612 3614 sunt
1652 3574 1783 3614 non-

204 3641 343 3697 nulli
372 3642 461 3712 qui
507 3643 566 3697 in
615 3643 720 3699 hoc
764 3646 964 3702 mundo
1022 3646 1240 3702 divitias
1286 3663 1393 3702 non
1441 3647 1656 3714 habent,
1690 3649 1783 3703 scd

205 3733 409 3787 habere
444 3734 855 3803 concupiscunt,
888 3734 1011 3791 elati
1042 3750 1163 3791 esse
1210 3744 1491 3807 appetunt,
1537 3738 1783 3808 quamvis

205 3823 260 3876 in
288 3822 388 3877 hoc
416 3823 624 3878 mundo
654 3823 795 3892 quod
821 3824 1066 3894 cupiunt,
1113 3826 1358 3881 obtinere
1399 3841 1506 3880 non
1553 3826 1779 3897 possint.

204 3912 273 3978 Et
297 3929 418 3969 cum
444 3915 615 3970 nullis
664 3915 825 3970 rebus
874 3916 957 3971 vel
1000 3916 1295 3971 honoribus
1348 3916 1463 3971 fulti
1513 3916 1641 3983 sint,
1687 3931 1784 3986 per

202 4002 350 4059 mala
377 4013 555 4061 tamen
578 4005 847 4060 desideria
874 4006 925 4059 in
974 4015 1267 4077 conspectu
1320 4008 1516 4063 interni
1562 4007 1780 4076 judicis,

199 4110 333 4150 reos
358 4095 690 4150 conscientia
727 4096 949 4150 addicit.
999 4096 1144 4152 Talis
1185 4098 1387 4153 etenim
1414 4099 1640 4168 quisque
1664 4097 1781 4167 ple-

200 4200 436 4254 rumque
462 4185 585 4240 ideo
614 4184 888 4257 afﬂigitur,
918 4187 1046 4258 quia
1088 4187 1358 4244 ditescere
1400 4204 1466 4243 ac
1505 4187 1783 4258 superbire

202 4289 315 4328 non
345 4273 507 4329 valet.
540 4273 599 4329 In
625 4275 847 4345 pulvere
868 4277 1069 4332 etenim
1098 4276 1335 4333 dormire
1357 4277 1530 4343 est,in
1556 4277 1782 4332 terrenis

204 4364 498 4421 desideriis
522 4342 711 4421 oculos
749 4368 945 4424 mentis
979 4366 1252 4423 claudere.
1296 4342 1453 4423 Unde
1491 4366 1782 4437 unicuique
1811 4342 1858 4401 D

200 4455 477 4524 peccanti,
503 4455 634 4509 etin
658 4454 816 4526 culpa
842 4472 938 4511 sua
964 4454 1250 4511 dormienti
1280 4454 1496 4511 dicitur.
1531 4473 1550 4506 ι
1578 4453 1775 4527 Surge,

204 4546 299 4612 qui
337 4544 566 4611 dormis,
600 4553 659 4600 et
685 4560 912 4618 exsurge
935 4562 966 4602 a
997 4546 1246 4612 mortuis,
1269 4554 1326 4601 et
1368 4544 1694 4602 illuminabit
1733 4554 1785 4601 te

204 4632 455 4691 Christus
484 4634 700 4708 (Ephes.
729 4651 782 4701 v,
811 4636 920 4708 14).
951 4655 971 4690 ι
999 4637 1225 4694 Vermes
1248 4651 1379 4693 vero
1408 4638 1500 4707 qui
1528 4637 1595 4693 de
1615 4650 1782 4693 carne

207 4734 524 4793 nascuntur,
552 4741 648 4783 eos
674 4726 834 4782 simul
860 4728 1127 4799 operiunt,
1156 4730 1282 4800 quia
1308 4729 1424 4786 sive
1450 4728 1641 4785 divitis
1666 4728 1781 4784 sive

202 4817 457 4902 pauperis
482 4816 725 4874 animum
747 4832 892 4873 cura:
912 4819 1154 4875 carnales
1199 4828 1470 4890 premunt.
1516 4820 1572 4875 In
1621 4820 1784 4874 rebus

202 4907 347 4962 enim
401 4907 640 4963 terrenis
689 4921 898 4977 pauper
941 4917 996 4961 et
1040 4908 1190 4966 dives
1230 4909 1492 4981 reprobus
1536 4909 1785 4981 quamvis

205 5016 306 5056 non
330 5002 454 5074 pari
490 5002 858 5073 prosperitate
886 5000 1195 5071 fulciantur,
1224 5004 1344 5075 pari
1384 5012 1560 5060 tamen
1596 5003 1785 5060 anxie—

202 5100 310 5147 tate
338 5093 650 5157 turbantur,
676 5091 806 5161 quia
829 5091 971 5160 quod
1000 5092 1088 5149 ille
1116 5091 1227 5162 jam
1262 5107 1385 5149 cum
1413 5103 1569 5175 metq
1586 5095 1779 5158 habet,

192 5179 299 5241 iste
322 5198 452 5238 cum
472 5180 745 5243 anxietate
775 5181 998 5249 appetit,
1026 5190 1078 5237 et
1096 5183 1221 5252 quia
1250 5182 1453 5238 habere
1484 5199 1588 5240 non
1617 5183 1780 5248 valet,

191 5273 359 5331 dolet.
384 5272 500 5329 Sed
530 5287 648 5329 cum
670 5272 937 5343 scriptum
963 5273 1070 5329 sit:
1122 5296 1143 5330 ι
1193 5277 1327 5343 Quis
1362 5278 1468 5333 scit
1504 5279 1782 5337 hominum

191 5380 313 5398 num
362 5372 493 5398 casn!
527 5362 763 5398 ιιηηὶῖηἷα
831 5362 933 5398 hic:
971 5365 1189 5398 nni-silua
1222 5365 1456 5398 Ιιιηηιῖιιὲιι
1487 5370 1574 5398 nn:
1603 5370 1656 5398 Ξ..
1688 5366 1780 5398 "In

1884 1751 2124 1821 perversi
2153 1751 2501 1821 relinquenda
2529 1752 2905 1823 multiplicant.
2939 1752 3122 1809 Viator
3139 1753 3339 1825 quippe
3369 1753 3455 1808 di-

1886 1841 2050 1909 citur,
2087 1842 2180 1912 qui
2206 1852 2529 1912 praesentem
2560 1843 2725 1898 vitam
2751 1844 2856 1900 sibi
2883 1858 3002 1901 esse
3027 1846 3196 1913 viam,
3232 1860 3338 1900 non
3363 1859 3457 1914 pa-

1885 1929 2066 1996 triam,
2095 1932 2341 1988 attendit.
2370 1931 2471 1999 Qui
2490 1933 2543 1987 in
2570 1932 2855 1990 dilectione
2879 1933 3258 2005 praetereuntis
3275 1931 3457 1989 saeculi

1884 2034 1981 2076 cor
2019 2020 2184 2091 ligere
2211 2022 2459 2091 despicit,
2490 2024 2580 2091 qui
2609 2039 2715 2080 non
2745 2038 3028 2082 remanere
3050 2025 3105 2080 in
3136 2024 3463 2080 transeunti-

1882 2112 2005 2179 bus,
2032 2112 2127 2168 sed
2148 2113 2217 2167 ad
2241 2122 2441 2168 aeterna
2468 2115 2753 2184 pervenire
2775 2116 3127 2187 concupiscit.
3155 2116 3291 2171 Hine
3316 2115 3459 2186 Moy-

1883 2215 1972 2257 ses
2019 2201 2133 2256 ait:
2168 2219 2187 2253 ι
2218 2202 2510 2260 Trausiens
2539 2205 2732 2261 videbo
2773 2206 3037 2261 visionem
3086 2207 3229 2261 hanc
3254 2205 3454 2277 (Exod.

1884 2306 1968 2357 ut,
1992 2291 2070 2363 2).
2098 2311 2119 2344 ι
2151 2289 2288 2346 Hinc
2305 2291 2571 2351 Jeremias
2599 2294 2714 2349 ait:
2742 2313 2761 2347 ι
2786 2295 2834 2350 0
2854 2310 2951 2351 vos
2971 2310 3163 2350 omnes
3190 2297 3281 2364 qui
3310 2304 3459 2350 tran-

1882 2378 2000 2433 sitis
2022 2393 2119 2449 per
2138 2378 2303 2444 viam,
2332 2380 2593 2436 attendite
2619 2390 2674 2438 et
2698 2381 2973 2449 videte,'et
3017 2388 3212 2438 caitera
3235 2382 3454 2451 (Tltren.

1886 2483 1970 2541 ιιι,
1993 2467 2072 2539 2).
2103 2486 2121 2520 ι
2172 2467 2359 2536 igitur,
2388 2468 2518 2539 quia
2566 2469 2781 2526 malus:
2830 2473 2898 2526 ad
2951 2473 3093 2528 diem
3138 2472 3455 2543 perditionis

1884 2565 2134 2613 servatur
2158 2573 2173 2611 :
2201 2566 2257 2614 et
2279 2558 2346 2613 ad
2391 2558 2534 2613 diem
2577 2558 2777 2616 furoris
2815 2561 3051 2628 ducitur,
3083 2562 3188 2617 hoc
3214 2562 3452 2617 nonnisi

1883 2649 1972 2721 qui
1995 2656 2079 2704 est
2103 2649 2277 2704 viator
2303 2648 2571 2718 intelligit,
2598 2650 2851 2720 quoniam
2879 2651 2972 2722 qui
3011 2665 3108 2707 cor
3133 2651 3186 2706 in
3215 2665 3453 2721 praesen-

1883 2739 2027 2794 tibus
2047 2738 2183 2809 figit,
2210 2753 2328 2808 qua:
2349 2739 2591 2809 iniquum
2615 2727 2912 2810 sequantur
2938 2739 3199 2813 supplicia
3227 2754 3333 2796 non
3358 2740 3452 2796 de-

1882 2830 2262 2902 prehenditur.
2298 2829 2586 2900 Sequitur:

1953 2919 2115 2975 Vens.
2144 2919 2235 2974 51.
2274 2917 2407 2984 Quis
2431 2929 2611 2990 arguet
2641 2935 2820 2974 coram
2847 2936 2908 2976 eo
2940 2921 3077 2976 uiam
3098 2922 3236 2992 ejus,
3265 2930 3315 2976 et
3334 2938 3453 2992 quc

1882 3007 2001 3078 fecit
2050 3008 2167 3080 quis
2194 3009 2370 3063 reddet
2398 3006 2523 3062 illi?
2550 3039 2621 3049 —
2646 3008 2799 3080 Smpe
2820 3010 2997 3068 malus
3031 3010 3453 3083 indignationem

1882 3097 2190 3155 Conditoris
2219 3100 2303 3156 sui
2330 3114 2494 3172 quam
2522 3099 2580 3156 in
2607 3108 2869 3157 aeternum
2899 3117 3159 3173 passurus
3186 3111 3290 3170 est,
3319 3102 3453 3158 etin

1883 3189 1988 3245 hac
2012 3205 2227 3261 quoque
2254 3190 2366 3246 vita
2398 3191 2610 3260 positus
2641 3192 2939 3262 experitur,
2970 3193 3095 3249 dum
3124 3194 3453 3265 prosperita-

1883 3290 1991 3339 tem
2014 3297 2177 3354 quam
2213 3290 2362 3337 amat
2401 3282 2624 3349 amittit,
2660 3290 2716 3338 et
2741 3283 3120 3340 adversitatem
3151 3298 3314 3353 quam
3340 3283 3453 3338 for-

1881 3372 2053 3429 midat
2100 3373 2325 3429 invenit.
2357 3373 2424 3427 Et
2450 3373 2699 3443 quamvis
2727 3373 2995 3444 increpari
3032 3373 3101 3428 de
3138 3373 3252 3429 suis
3275 3373 3454 3444 pravi-

1884 3465 2087 3521 tatibus
2131 3472 2412 3520 auctorum
2456 3464 2637 3535 lingua
2665 3464 2827 3520 etiam
2867 3465 2923 3520 in
2950 3466 3223 3537 prosperis
3252 3465 3450 3530 valeat,

1881 3557 2084 3612 scimus
2114 3563 2290 3610 tamen
2319 3555 2461 3625 quod
2482 3569 2606 3610 cum
2627 3553 2770 3610 facta
2798 3569 2894 3609 sua
2919 3568 3235 3623 perversum
3260 3567 3452 3622 quem-

1881 3659 1987 3715 que
2020 3643 2299 3710 dejiciunt,
2323 3640 2594 3709 iustorum
2625 3640 2925 3711 increpatio
2951 3639 3308 3696 convalescat.
3344 3638 3453 3696 Sed

1882 3748 1987 3806 qua
2018 3734 2228 3789 ratione
2250 3733 2354 3787 ista
2379 3732 2651 3795 dicuntur,
2682 3732 2809 3787 dum
2844 3731 3008 3788 etiam
3035 3731 3197 3803 justis
3218 3730 3450 3787 tacenti-

1882 3827 1984 3882 bus
2005 3826 2108 3881 hoc
2133 3838 2347 3894 quoque
2374 3833 2561 3879 notum
2590 3824 2677 3888 sit,
2715 3824 2843 3893 quia
2874 3823 3032 3879 toties
3058 3823 3148 3878 hic
3173 3823 3344 3893 iniqui
3363 3823 3453 3878 via

1883 3915 2128 3987 arguitur
2169 3914 2382 3983 quoties
2422 3912 2539 3982 ejus
2580 3913 2915 3983 prosperitas
2954 3912 3311 3969 intervenisse
3355 3911 3454 3967 ad-

1881 4005 2144 4076 versitate
2185 4005 2451 4060 turbatur.
2503 4002 2609 4058 Sed
2651 4004 2843 4059 beatus
2890 4002 3011 4069 Job,
3038 4003 3165 4058 dum
3209 4002 3277 4059 de
3303 4002 3453 4057 omni

1882 4096 2146 4151 malorum
2186 4110 2415 4165 corpore
2454 4095 2788 4165 loqueretur,
2827 4094 3005 4150 subito
3040 4093 3106 4149 ad
3142 4093 3452 4164 iniquorum

1884 4188 2129 4244 omnium
2157 4196 2318 4257 caput
2366 4187 2531 4243 verba
2558 4185 2843 4241 convertit.
2879 4183 3025 4241 Vidit
3049 4185 3195 4240 enim
3220 4185 3364 4255 quod
3392 4185 3451 4240 in

1884 4276 2044 4334 tinem
2068 4276 2252 4332 mundi
2275 4276 2442 4331 Satan
2464 4276 2734 4331 hominem
2760 4275 3083 4346 ingrediens,
3106 4289 3266 4345 quem
3295 4289 3451 4332 sacra

1884 4372 2163 4444 Scriptura
2196 4373 2590 4429 Antichristum
2618 4370 2872 4443 appellat,
2913 4380 3064 4427 tanta
3095 4371 3327 4428 elatione
3352 4383 3451 4423 ex-

1883 4461 2107 4529 tollitur,
2155 4470 2304 4516 tanta
2342 4462 2541 4518 virtute
2579 4461 2936 4532 principatur,
2982 4461 3149 4516 tantis
3192 4459 3360 4532 signis
3398 4465 3456 4514 et

1882 4553 2144 4624 prodigiis
2177 4553 2232 4608 in
2269 4553 2576 4610 sanctitatis
2615 4552 2929 4609 ostensione
2965 4566 3026 4608 se
3057 4551 3254 4618 elevat,
3277 4558 3339 4605 ut
3366 4565 3454 4604 ar-

1886 4645 1979 4716 gui
2027 4628 2102 4699 ab
2147 4644 2367 4699 homine
2396 4643 2511 4712 ejus
2556 4642 2700 4699 facta
2734 4657 2843 4697 non
2887 4641 3125 4708 valeant,
3173 4640 3300 4711 quia
3329 4653 3452 4693 cum

1887 4743 2156 4804 potestate
2188 4733 2415 4789 terroris
2449 4729 2813 4804 adiunguntur
2832 4731 2998 4786 etiam
3025 4731 3178 4803 signa
3224 4736 3455 4785 ostenste

1887 4824 2193 4879 sanctitatis
2222 4831 2278 4878 et
2303 4823 2418 4878 ait:
2462 4820 2593 4887 Quis
2633 4830 2817 4892 arguet
2853 4835 3033 4874 coram
3058 4835 3118 4875 eo
3142 4819 3283 4873 uiam
3301 4815 3457 4885 ejus?

1885 4912 2020 4980 Quis
2045 4913 2295 4969 videlicet
2330 4910 2608 4970 hominum
2634 4911 2786 4965 illum
2805 4908 3087 4978 increpare
3118 4905 3332 4967 audeat,
3364 4916 3457 4956 cu,

1884 5005 1972 5075 jus
1996 5006 2172 5060 visum
2205 5001 2352 5058 ferre
2379 4999 2750 5072 pertimescit?
2789 4996 2898 5052 Sed
2940 5004 3119 5051 tamen
3145 4991 3262 5061 ejus
3291 4990 3457 5055 viam,

1889 5110 1993 5149 non
2018 5095 2189 5150 solum
2212 5092 2359 5147 Elias
2386 5099 2442 5145 et
2463 5089 2671 5158 Enoch,
2695 5087 2789 5160 qui
2812 5086 2866 5140 in
2899 5084 3018 5154 ejus
3044 5078 3461 5152 exprobratione

1889 5185 1956 5239 ad
2000 5186 2238 5241 medium
2289 5182 2656 5247 reducuntur,
2712 5174 2880 5232 etiam
2918 5185 3111 5227 omnes
3158 5167 3318 5224 electi
3372 5181 3463 5220 ar-

1886 5283 2074 5344 guunt,
2102 5274 2233 5330 dum
2263 5276 2642 5334 contemnunt,
2693 5266 2822 5322 dum
2872 5261 3077 5315 virtute
3114 5257 3313 5313 mentis
3344 5254 3462 5326 ejus

1886 5366 2108 5398 ...ηιδιιηη
2139 5364 2404 5398 magici-sn!
2459 5360 2566 5398 Rm!
2596 5358 2720 5398 mﬁn
2750 5355 2855 5398 hnc
2879 5365 2947 5398 ex
2980 5350 3161 5398 divina
3187 5347 3380 5398 gratia.
3407 5352 3465 5398 et
