3948 5398
555 306 662 366 287
1527 298 1586 353 S.
1623 298 1869 357 ODONIS
1904 298 2190 355 ABBATIS
2226 296 2715 357 CLUNIACENSIS
2751 298 2802 354 li
3676 301 3757 359 283

564 415 720 485 cujus
759 413 1027 485 adjutorio
1072 410 1230 471 eiecti
1265 418 1327 467 ut
1373 410 1629 466 resistere
1657 413 1873 467 valeant
1903 413 2131 468 fulciun-
2158 419 2204 475 Α
2235 414 2375 469 libus
2415 413 2600 479 dediti,
2641 411 2795 482 quasi
2834 424 3046 481 semper
3090 411 3155 465 ad
3197 412 3301 465 ima
3345 409 3758 483 trahunturloui

565 504 686 559 tur?
722 502 875 558 Multi
921 503 1065 565 enim
1114 516 1260 556 nunc
1307 501 1423 556 vias
1463 500 1781 556 Antichristi
1828 501 2133 571 judicantes
2233 504 2376 560 enim
2410 511 2599 559 contra
2630 502 2933 573 voluptates
2960 501 3118 571 hujus
3161 503 3343 559 saeculi
3396 511 3542 560 stare
3586 505 3759 567 fortiter

561 592 886 661 corripiunt,
934 591 1031 646 sed
1076 591 1179 649 hoc
1209 590 1366 661 quasi
1401 590 1456 645 in
1485 588 1600 657 ejus
1624 589 1870 644 absentia
1906 589 2128 656 faciunt,
2230 594 2440 658 nolunt,
2468 594 2661 662 glarete
2681 592 2865 665 Cocyti
2894 592 3050 659 fiunt,
3082 593 3207 663 quia
3234 594 3343 649 suis
3370 594 3606 664 quotidie
3629 595 3759 668 lapsi.

560 684 683 739 dum
701 682 848 735 illum
865 689 1096 752 arguunt
1118 680 1463 750 quemadhuc
1483 679 1788 749 specialiter
1802 696 1904 735 non
1922 682 2132 736 intuen-
2230 683 2333 738 bus
2360 683 2428 738 ad
2468 682 2672 737 luctum
2703 683 2964 737 tendunt:
2996 691 3054 738 ut
3095 683 3150 738 in
3195 692 3461 739 aeternum
3511 694 3677 755 postea
3694 687 3758 743 iu-

562 782 666 827 tur.
695 771 831 826 Cum
855 786 984 827 vero
1011 772 1066 826 in
1089 770 1183 826 illo
1207 773 1461 826 damnato
1488 771 1707 826 homine
1731 772 1960 837 venerit,
1987 772 2133 842 quis-
2231 780 2393 843 geant
2413 812 2428 838 ,
2456 773 2547 842 qui
2578 773 2737 829 modo
2767 787 2827 828 se
2874 773 2927 827 in
2976 773 3089 829 suis
3111 773 3480 844 voluptatibus
3516 775 3763 833 delectabi-

558 865 679 937 qnis
707 863 822 934 ejus
852 865 1152 937 praesentiat
1179 863 1386 923 resistit
1419 878 1601 919 coram
1630 877 1696 918 eo
1718 863 1860 918 viam
1906 862 2023 933 ejus
2046 877 2133 917 ar-
2231 862 2355 918 liter
2387 863 2651 917 relaxant.
2700 862 2767 941 Et
2811 863 2937 941 quia
2981 866 3237 934 antiquus
3280 866 3454 935 hostis
3508 881 3653 929 suum
3688 884 3761 925 ras

561 964 706 1027 gnet,
735 955 890 1027 cujus
917 955 1060 1010 vires
1083 953 1347 1024 conspicit
1387 961 1444 1008 et
1485 953 1799 1009 contemnit.
1847 952 1944 1007 Vel
1985 961 2133 1007 certe
2232 952 2384 1008 illum
2412 953 2701 1023 reprobum
2742 953 3012 1010 hominem
3052 955 3328 1027 ingressus
3356 958 3487 1031 dum
3523 957 3648 1017 dona
3669 975 3762 1034 per-

559 1046 702 1098 viam
741 1045 857 1115 ejus
903 1058 1128 1113 arguere
1177 1052 1295 1108 est,
1345 1043 1757 1113 prosperitatem
1801 1057 1991 1098 cursus
2018 1043 2133 1123 ejus
2232 1047 2406 1101 versis
2453 1047 2678 1121 tribuit,
2728 1046 2853 1101 dum
2882 1062 2976 1103 eos
3013 1048 3067 1102 in
3111 1047 3213 1103 hoc
3256 1049 3459 1103 mundo
3512 1050 3762 1106 honoribus

558 1141 761 1193 teterno
805 1132 1067 1201 supplicio
1115 1131 1506 1193 interveniente
1548 1133 1785 1187 turbare.
1826 1130 1976 1197 Quod
2007 1132 2132 1203 quia
2233 1135 2461 1200 extollit,
2507 1135 2631 1190 dum
2678 1150 2864 1191 eorum
2888 1135 3057 1192 oculis
3090 1138 3329 1208 prodigia
3373 1139 3624 1205 ostendit,
3665 1140 3760 1195 dum

562 1220 821 1280 Dominus
862 1220 1009 1277 solus
1048 1221 1269 1292 propria
1298 1222 1499 1276 virtute
1531 1220 1772 1275 facturus
1800 1228 1901 1285 est,
1933 1221 2000 1275 de
2028 1210 2134 1299 quo
2233 1223 2390 1279 ﬂuxa:
2442 1233 2648 1280 mentes
2678 1226 2822 1280 hunc
2873 1226 2925 1280 in
2973 1226 3086 1281 suis
3134 1226 3395 1297 prodigiis
3445 1226 3692 1281 mirantur
3722 1236 3765 1283 et

560 1312 823 1384 scriptum
877 1319 1002 1367 est:
1040 1328 1059 1363 ι
1087 1311 1257 1378 Quem
1318 1312 1578 1367 Dominus
1632 1310 1789 1367 Jesus
1846 1311 2135 1367 iuterﬁcict
2234 1322 2551 1381 sequuntur,
2581 1314 2718 1368 bene
2768 1314 2834 1369 de
2865 1328 2930 1369 eo
2970 1315 3209 1369 dicitur:
3255 1315 3440 1370 Dulcis
3478 1317 3576 1387 fuit
3610 1318 3765 1387 glareis

559 1403 751 1473 spiritu
795 1402 907 1458 oris
970 1404 1053 1458 sui
1097 1412 1151 1458 et
1206 1404 1448 1458 destruet
1509 1402 1866 1459 illustratione
1932 1402 2134 1457 advcn-
2236 1399 2435 1471 Cocyti.
2468 1401 2601 1457 Cum
2630 1402 2776 1460 enim
2802 1403 2944 1459 hunc
2971 1404 3127 1472 electi
3156 1405 3485 1480 despiciunt,
3515 1421 3632 1461 cum
3650 1422 3765 1461 men-

563 1500 648 1555 tus
681 1492 762 1545 sui
829 1490 927 1562 (,II
972 1490 1151 1545 Thess.
1197 1507 1257 1556 tt,
1305 1491 1461 1561 8),:
1511 1500 1658 1546 recte
1707 1491 1952 1545 dicitur:
2003 1490 2134 1555 Quis
2238 1491 2308 1547 tis
2334 1492 2480 1547 calce
2526 1502 2901 1559 contemnunt,
2941 1494 3019 1548 illi
3064 1508 3185 1549 eum
3222 1504 3516 1565 sequentes
3556 1496 3762 1566 diligunt,

560 1591 740 1650 arguet
802 1598 977 1637 coram
1033 1598 1094 1636 eo
1144 1582 1280 1636 viam
1330 1583 1493 1652 ejus?
1536 1581 1688 1636 Unde
1737 1590 1792 1635 et
1838 1581 2080 1650 sequitur
2115 1599 2133 1638 :
2237 1582 2327 1651 qui
2377 1581 2522 1635 velut
2566 1582 2634 1636 ab
2671 1597 2810 1652 aqua
2835 1583 3124 1656 voluptatis
3154 1585 3219 1640 ad
3256 1594 3573 1657 perpetuum
3603 1566 3768 1641 luctum

562 1669 633 1729 Et
679 1687 795 1740 qua:
831 1671 951 1739 fecit
985 1672 1103 1741 quis
1142 1672 1321 1724 reddet
1342 1672 1428 1724 ei?
1457 1670 1589 1736 Quis
1614 1670 1867 1724 nimirum
1899 1668 1998 1724 nisi
2026 1669 2134 1724 Do-
2239 1671 2548 1737 trahuntur,
2579 1673 2670 1742 qui
2702 1687 2798 1743 per
2837 1681 3103 1728 terrenam
3133 1676 3622 1745 concupiscentiam
3648 1694 3769 1755 more

560 1764 737 1819 minus
763 1764 853 1833 qui
880 1763 1026 1819 solus
1048 1764 1123 1818 illi
1149 1765 1360 1834 perdito
1384 1764 1587 1818 homini
1621 1778 1740 1832 quae
1768 1763 1894 1818 fecit
1927 1762 2130 1827 reddet,
2164 1763 2210 1824 Β
2239 1760 2433 1829 glarea:
2468 1761 2799 1839 quotidianis
2836 1762 3075 1834 lapsibus
3106 1764 3172 1818 ad
3209 1765 3314 1841 ima
3342 1764 3662 1837 dilabuntur.
3689 1765 3764 1821 Se-

559 1854 684 1908 dum
729 1863 1052 1924 potestatem
1101 1854 1219 1923 ejus
1263 1864 1371 1911 tam
1418 1854 1649 1908 validam
1699 1868 1796 1923 per
1845 1854 2137 1908 adventum
2236 1851 2460 1923 quitur:
2489 1852 2557 1906 Et
2583 1863 2695 1922 post
2722 1870 2775 1908 se
2795 1869 2996 1908 omnem
3019 1855 3279 1923 hominem
3300 1857 3501 1921 trahet,
3531 1865 3577 1910 et
3612 1870 3769 1928 antcse

559 1960 714 2001 suum
751 1954 956 1999 acterna
992 1945 1337 1999 damnatione
1362 1943 1697 1998 contriverit.
1730 1943 1985 2011 Sequitur
2014 1961 2025 1996 :
2235 1945 2661 2000 innumerabiles.
2693 1976 2761 1986 —
2792 1945 2907 2000 Hoc
2949 1946 3069 2001 loco
3115 1947 3276 2003 homo
3312 1947 3550 2004 humana
3595 1949 3766 2019 sapiens

638 2037 796 2092 Vens.
827 2038 917 2092 32.
948 2037 1069 2107 Ipse
1098 2038 1166 2092 ad
1196 2036 1433 2107 sepulcra
1460 2037 1701 2100 ducetur,
1732 2045 1781 2090 et
1820 2038 1875 2089 in
1901 2038 2137 2107 congerie
2236 2035 2449 2090 dicitur.
2499 2034 2603 2090 Sed
2630 2052 2750 2091 cum
2776 2035 2897 2105 plus
2933 2036 3043 2091 sint
3068 2051 3255 2093 omnes
3290 2054 3457 2107 quam
3507 2040 3765 2093 innumera-

561 2138 887 2181 mortuorum
910 2128 1392 2199 vigilabit.—Quia
1414 2126 1657 2197 sepulcra
1681 2137 1919 2183 mortuos
1946 2137 2133 2182 contc-
2235 2125 2391 2189 biles,
2423 2126 2768 2195 quaerendum
2800 2127 2955 2181 nobis
2993 2136 3073 2181 est
3116 2143 3212 2182 cur
3248 2138 3376 2183 ante
3405 2145 3464 2183 se
3505 2130 3766 2184 innumera-

562 2224 715 2287 gunt,
760 2217 887 2285 quid
929 2216 1071 2271 aliud
1098 2217 1215 2287 {per
1261 2216 1528 2287 sepulcra,
1572 2232 1733 2287 quam
1782 2217 2134 2287 reprobomm
2236 2214 2390 2281 biles,
2429 2222 2483 2268 et
2525 2222 2647 2283 post
2675 2228 2734 2269 se
2769 2229 2957 2269 omnes
3001 2216 3216 2271 trahere
3262 2217 3484 2282 dicitur,
3534 2218 3627 2271 nisi
3658 2217 3773 2286 quod

562 2305 725 2361 corda
766 2306 1070 2375 signantur,
1107 2307 1161 2360 in
1191 2306 1387 2376 quibus
1412 2305 1695 2360 exstinctae
1717 2320 1746 2359 a
1769 2306 1878 2360 vita
1907 2305 2136 2359 beatitu—
2237 2306 2491 2375 antiquus
2514 2304 2685 2360 hostis
2728 2305 2781 2359 in
2811 2307 3095 2376 reprobum
3136 2315 3263 2362 tunc
3301 2308 3575 2363 hominem
3600 2309 3766 2379 ingres-

564 2395 706 2450 dinis
733 2395 925 2450 animte
951 2394 1097 2449 velut
1140 2396 1195 2450 in
1238 2394 1502 2465 sepulcris
1528 2395 1732 2450 latent?
1762 2395 1980 2464 iniquus
2010 2410 2139 2469 ergo
2238 2409 2348 2458 sus,
2389 2403 2610 2449 cunctos
2644 2410 2779 2464 quos
2820 2396 3073 2466 carnales.
3111 2397 3413 2467 invenerit,
3465 2397 3561 2452 sub
3581 2412 3677 2451 suae
3706 2396 3768 2465 ju.

564 2485 666 2541 iste
699 2486 769 2541 ad
810 2484 1057 2554 sepulcra
1104 2484 1409 2549 deducitur,
1451 2483 1577 2554 quia
1610 2484 1663 2538 in
1693 2499 1987 2554 pravorum
2013 2498 2138 2537 cor-
2240 2500 2365 2554 gum
2390 2485 2607 2539 ditionis
2634 2486 2792 2555 rapit.
2828 2486 2928 2553 Qui
2962 2495 3016 2542 et
3046 2502 3189 2541 nunc
3216 2488 3531 2558 priusquam
3558 2500 3768 2558 appareat

563 2576 721 2631 dibus
742 2577 1079 2648 (reeipietur,
1122 2576 1391 2646 quomodo
1417 2576 1516 2630 soli
1551 2575 1625 2629 illi
1658 2590 1781 2630 eum
1814 2574 2139 2645 suscipiunt,
2241 2573 2661 2629 innumerabiles
2688 2575 2902 2643 quidem
2925 2615 2939 2640 ,
2971 2590 3076 2642 non
3120 2585 3297 2641 tamen
3336 2592 3528 2632 onmes
3570 2577 3776 2638 carnales,

570 2668 623 2722 in
654 2669 850 2738 quibus
882 2680 1106 2725 mortua:
1134 2669 1328 2725 animae
1350 2684 1377 2723 a
1403 2669 1514 2723 Deo
1542 2667 1908 2737 reperiuntur.
1938 2667 2014 2721 De
2037 2680 2142 2735 quo
2243 2662 2427 2728 trahit,
2461 2663 2585 2732 quia
2616 2664 2855 2733 quotidie
2881 2678 2910 2718 a
2941 2665 3145 2720 carnali
3176 2680 3338 2736 Opere
3369 2666 3437 2720 ad
3468 2666 3621 2721 vitam
3649 2664 3777 2731 multi

565 2768 712 2813 recte
739 2759 923 2822 etiam,
960 2760 1085 2814 dum
1116 2757 1233 2828 ejus
1259 2758 1520 2829 supplicia
1553 2757 2013 2821 describerentur,
2045 2770 2144 2826 per
2243 2764 2582 2822 revocantur,
2608 2763 2768 2825 atque
2792 2756 2855 2809 ad
2881 2763 3076 2810 statum
3100 2756 3319 2826 justitize
3340 2758 3436 2813 alii
3457 2773 3553 2827 per
3570 2757 3766 2821 brevem,

568 2848 885 2915 prophetam
916 2847 1132 2909 dicitur.
1165 2867 1184 2899 ι
1210 2848 1269 2903 In
1300 2848 1530 2902 circuitu
1566 2846 1707 2901 illius
1736 2845 1977 2917 sepulcra
2003 2847 2139 2917 ejus,
2243 2842 2491 2898 alii'vero
2519 2858 2618 2913 per
2646 2844 2857 2917 longam
2894 2844 3265 2914 paenitentiam
3304 2847 3561 2911 redeunt;
3588 2853 3637 2899 et
3662 2857 3773 2911 nunc,

562 2953 752 2991 omnes
803 2937 1069 2995 interfecti
1117 2948 1173 2994 et
1221 2939 1313 3010 qui
1366 2940 1679 2995 ceciderunt
1701 2936 1883 3009 gladio
1912 2938 2131 3009 (Exerit.
2244 2936 2663 2993 innumerabiles
2700 2938 2882 3007 rapit,
2926 2954 3047 2993 cum
3097 2937 3350 2995 falsitatis
3398 2956 3509 2995 sua:
3558 2935 3775 3007 stupenda,

566 3043 699 3089 xm,
728 3026 841 3096 22).
872 3046 891 3082 ι
929 3028 1008 3083 illi
1040 3030 1236 3100 quippe
1280 3032 1332 3085 in
1378 3029 1588 3086 inferno
1619 3031 1773 3100 juxta
1816 3029 1962 3084 illum
1994 3038 2139 3084 sunt.
2246 3027 2551 3091 hominibus
2578 3028 2729 3105 signa
2758 3042 2864 3082 non
2895 3027 3135 3084 exhibet.
3167 3029 3300 3105 Cum
3327 3044 3457 3085 vero
3493 3044 3658 3099 coram
3679 3043 3771 3096 car;

567 3119 782 3175 Satanan
821 3120 1004 3191 itaque
1044 3122 1096 3175 in
1130 3122 1380 3194 congerie
1419 3132 1752 3177 mortuorum
1777 3120 2000 3191 vigilare
2037 3129 2137 3186 est,
2169 3110 2214 3175 C
2245 3119 2446 3174 nalium
2475 3119 2646 3174 oculis
2668 3104 2931 3173 'miranda
2962 3120 3041 3175 eis
3069 3104 3309 3197 prodigia
3344 3120 3571 3186 fecerit,
3596 3127 3700 3190 post
3726 3131 3778 3177 se.

566 3212 622 3265 in
665 3215 1015 3282 reprohorum
1058 3213 1313 3269 cordibus
1362 3214 1583 3268 malitia:
1609 3227 1720 3269 suae
1739 3212 1966 3268 astutias
1990 3228 2143 3269 exer—
2245 3218 2373 3265 tunc
2415 3224 2522 3266 non
2571 3210 3024 3275 innumerabiles,
3068 3210 3160 3266 sed
3206 3226 3397 3266 omnes
3445 3212 3636 3276 trahit;
3676 3207 3770 3279 quia

566 3317 711 3359 cere.
742 3303 1035 3373 Sequitur:
1426 3282 1435 3293 ’
2243 3298 2400 3354 bonis
2445 3300 2802 3371 prtesentibus
2849 3300 3218 3367 delectantur,
3275 3301 3531 3372 potestati
3572 3300 3693 3355 illius
3728 3312 3779 3355 se.

638 3393 801 3447 Vens.
848 3395 936 3449 55.
990 3394 1170 3470 Dulcis
1219 3396 1319 3465 fuit
1363 3393 1556 3467 glareis
1590 3392 1791 3470 Cocyti.
1838 3424 1908 3434 ——
1953 3394 2143 3467 Grteea
2244 3392 2447 3470 absque
2470 3389 2854 3446 retractatione
2879 3389 3189 3460 subjiciunt.
3214 3390 3338 3446 llaec
3358 3392 3548 3447 beatus
3567 3390 3670 3453 Job,
3702 3389 3779 3458 qui,

572 3480 754 3551 lingua
793 3480 1050 3554 Cocytus,
1102 3467 1279 3540 luctus
1325 3485 1545 3547 dicitur,
1596 3467 1689 3552 qui
1738 3492 1920 3537 tamen
1970 3482 2146 3539 luctus
2245 3467 2434 3538 contra
2478 3481 2786 3550 iniquorum
2820 3481 3117 3551 principem
3159 3483 3298 3537 mire
3323 3482 3593 3548 disseruit,
3618 3478 3695 3550 qui
3731 3477 3768 3530 in

568 3572 890 3629 feminarum
934 3575 1019 3631 vel
1066 3575 1430 3646 quorumlibet
1473 3574 1865 3631 infirmantium
1904 3574 2040 3631 solet
2064 3574 2146 3643 in-
2246 3574 2350 3629 hac
2384 3573 2494 3627 vita
2525 3571 2706 3627 extolli
2737 3572 3091 3641 permittitur,
3120 3573 3216 3628 sed
3255 3573 3310 3628 in
3349 3574 3577 3628 adventu
3605 3566 3769 3626 Domini

569 3666 753 3737 teliigi.
784 3667 1067 3737 Sapientes
1104 3668 1264 3739 hujus
1302 3668 1482 3723 saeculi
1521 3684 1552 3723 a
1598 3668 1721 3724 lucc
1768 3666 2013 3722 veritatis
2048 3678 2145 3721 ex-
2247 3663 2577 3727 destruetur,
2606 3661 2669 3716 de
2698 3676 2755 3717 se
2793 3670 3041 3731 patenter
3063 3660 3300 3723 ostendit
3325 3664 3454 3743 quia
3484 3660 3671 3732 ﬂagella
3695 3658 3769 3711 Do-

566 3754 743 3821 ciusi,
809 3756 963 3825 quasi
1029 3756 1250 3811 umbras
1311 3758 1573 3826 quasdam
1630 3757 1696 3811 de
1753 3754 2000 3811 veritatis
2066 3753 2151 3807 in-
2248 3753 2445 3806 minica
2496 3766 2718 3807 nonex
2770 3749 3065 3831 oij'ensione
3112 3752 3433 3823 susceperit,
3479 3749 3715 3822 quomodo
3737 3745 3769 3800 si

568 3843 858 3912 quisitione
899 3854 1086 3900 tenere
1131 3847 1308 3901 conati
1360 3854 1505 3899 sunt.
1549 3845 1705 3901 Unde
1745 3845 2005 3915 Cocytum
2053 3841 2151 3895 llu-
2251 3843 2464 3919 iniquus
2491 3844 2720 3913 quisque
2769 3843 2821 3896 in
2852 3844 2954 3897 hac
2998 3842 3109 3896 vita
3139 3843 3471 3912 permittitur
3492 3835 3768 3910 prosperari.

572 3933 721 3989 vium
766 3947 990 3991 currere
1038 3935 1179 4005 apud
1220 3934 1421 3989 inferos
1474 3943 1839 4003 putaverunt,
1898 3928 2154 3987 videlicet
2251 3949 2472 3988 necesse
2493 3942 2577 3988 est
2601 3941 2658 3987 ut
2685 3932 2886 4001 electus
2910 3932 3003 3987 Dei
3032 3932 3222 4005 debeat
3252 3933 3351 3988 sub
3378 3930 3569 4006 ﬂagelli
3603 3927 3775 4005 feﬂ’pm

569 4023 916 4095 designantes
938 4026 1078 4095 quod
1130 4026 1183 4079 hi
1228 4026 1319 4095 qui
1364 4026 1521 4095 digna
1576 4025 1853 4079 doloribus
1881 4038 2044 4092 opera
2071 4022 2151 4077 fa—
2249 4024 2444 4088 teneri,
2475 4037 2542 4076 ex
2572 4036 2675 4091 qua
2706 4037 2767 4076 re
2796 4022 3001 4099 amicos
3029 4022 3204 4090 arguit
3230 4022 3415 4077 dicens
3440 4016 3481 4077 ε’

571 4112 761 4177 ciunt,
801 4113 858 4167 in
893 4112 1161 4167 infernum
1185 4116 1252 4167 ad
1288 4113 1489 4168 luctum
1516 4115 1827 4167 decurrunt.
1880 4112 2150 4181 Scriptum
2322 4114 2483 4168 Vens.
2516 4110 2602 4166 54.
2633 4110 2906 4176 Quonde
2933 4111 3092 4180 igitur
3117 4111 3461 4165 consulamini
3499 4127 3573 4167 me
3596 4108 3769 4179 frustm.

573 4204 771 4272 quippe
797 4212 881 4259 est
912 4221 926 4257 :
971 4223 990 4255 ι
1030 4203 1270 4260 Viriliter
1298 4205 1459 4277 agite,
1489 4213 1544 4260 et
1573 4203 1908 4260 confortetur
1936 4218 2030 4257 cor
2056 4217 2150 4257 ve-
2251 4220 2367 4259 cum
2399 4202 2661 4272 responsio
2688 4212 2858 4254 vestra
2886 4217 3173 4271 repugnare
3194 4210 3398 4256 ostensa
3424 4202 3489 4255 sit
3515 4194 3771 4253 veritati?»

572 4302 741 4349 Simm
768 4293 940 4365 (Ρηλο
977 4311 1084 4349 ιιι
1105 4337 1120 4362 ν
1150 4297 1262 4366 ἳὸ).
1304 4315 1322 4349 ι
1372 4295 1471 4363 Qui
1504 4296 1647 4351 enim
1684 4297 1737 4350 in
1770 4295 1995 4350 Domino
2019 4309 2150 4349 con-
2251 4294 2422 4352 Amici
2452 4293 2594 4350 beati
2630 4292 2730 4346 Job
2757 4306 2879 4346 eum
2913 4290 3177 4345 consolari
3212 4307 3316 4345 non
3346 4295 3598 4361 poterant,
3629 4286 3770 4350 inquo

574 4386 763 4443 tortari
794 4395 1043 4451 renuunt,
1076 4388 1142 4442 ad
1192 4388 1393 4442 luctum
1432 4403 1529 4457 per
1577 4388 1740 4442 animi
1777 4386 2146 4441 inﬁrmitatem
2183 4456 2222 4467 n
2252 4387 2363 4442 suis
2403 4384 2745 4441 sermonibus
2786 4381 3001 4435 veritati
3038 4382 3397 4437 contraibant.
3428 4379 3650 4446 Cumque
3678 4371 3771 4467 bini:

574 4477 821 4531 tendunt.
849 4477 1099 4532 Glaream
1135 4478 1344 4547 lapillos
1385 4456 1663 4532 fluminum
1714 4476 1980 4547 appellare
2017 4491 2146 4530 con-
2181 4456 2227 4513 ί)
2257 4474 2589 4546 bypocritam
2619 4470 2705 4526 vel
2740 4470 2961 4541 impium
2991 4471 3252 4537 dicerent,
3282 4485 3380 4540 per
3410 4472 3508 4525 hoc
3540 4463 3663 4536 quod
3697 4456 3769 4547 ipsi

578 4566 884 4633 suevimus,
915 4581 1051 4636 quos
1086 4544 1224 4636 aqua
1254 4566 1492 4622 defluens
1519 4568 1699 4621 trahit.
1732 4544 1867 4633 Quid
1897 4582 2026 4635 ergo
2055 4579 2151 4634 per
2257 4544 2576 4620 mentientes
2622 4562 3007 4641 perpetrabant
3063 4561 3301 4631 culpam,
3347 4561 3601 4631 augebant
3628 4544 3769 4626 procul

581 4656 839 4726 glaream,
866 4656 969 4711 nisi
1000 4656 1211 4727 reprobi
1239 4654 1608 4725 designantur,
1638 4655 1730 4725 qui
1766 4655 1878 4710 suis
1907 4655 2150 4723 volupta—
2261 4655 2423 4710 dubio
2448 4667 2665 4723 poenam
2686 4651 2820 4721 justi
2851 4649 3160 4706 vulneribus
3186 4650 3386 4705 atliicti.

572 4824 3771 4879 MM

1553 4993 1654 5070 LI
1668 4992 1854 5070 BER
1909 4989 2299 5070 SEXTUS
2357 4988 2838 5081 DECIMUS.

2018 5166 2423 5185 ἠ

2508 5216 2544 5251 ο

2332 5292 2497 5349 Vsus.
2526 5291 2579 5358 l,
2601 5292 2656 5345 2.
2693 5287 2956 5359 Nunquid
2990 5288 3098 5343 Deo
3136 5285 3427 5359 comparari
3450 5287 3597 5354 potest
3629 5274 3758 5328 hama.

3466 5372 3516 5398 Ι.-
3541 5370 3761 5398 ηηωηςη-

1156 5292 1383 5350 CAPUT
1422 5291 1581 5348 XXII.
1738 5379 1750 5393 .
