3948 5398
144 358 256 412 289

900 348 1199 406 EPITOME
1239 352 1600 409 MORALIUM
1637 352 1694 406 S.
1733 348 1940 404 GREG.
1982 345 2049 402 IN
2089 346 2226 403 ιΙΟΒ.
2265 378 2333 390 -
2372 349 2497 406 LIB.
2537 351 2674 410 XVI.

3295 359 3401 416 390

225 467 449 523 VstisJS.
469 465 606 531 Quid
618 463 821 534 prodest
839 461 945 516 Deo
966 465 1010 516 si
1029 465 1206 532 justus
1233 464 1520 532 {derigant
1540 463 1664 533 quid
1680 462 1723 515 ei
1757 463 1800 520 Α
1831 474 1888 512 re
1914 458 2172 511 vivaciter
2214 466 2418 527 putant.
2478 459 2584 514 Eos
2631 474 2758 514 vero
2800 465 2974 516 lassos
3022 463 3270 527 dicimus,
3307 467 3399 534 qui

146 557 361 625 confers
383 597 397 622 ,
436 557 483 610 si
520 553 856 606 immaculata
902 553 1057 622 fuerit
1097 554 1198 607 vita
1228 564 1315 607 tua
1337 555 1362 607 1’
1385 586 1451 594 ——
1478 554 1532 607 1ιι
1582 552 1726 606 οηιηί

145 645 354 715 quippe
384 643 527 712 quod
554 643 688 695 bene
737 641 964 710 agimus,
1009 643 1384 710 nosmetipsos,
1416 657 1521 695 non
1549 647 1728 694 autem

143 734 441 789 Dominum
478 732 746 800 juvamus.
794 730 943 786 Unde
989 746 1086 802 per
1113 731 1451 785 Psalmistam
1482 730 1676 784 dicitur
1709 747 1722 782 :

149 845 168 877 ι
209 826 358 880 Dixit
406 825 671 879 Domino:
715 823 855 878 Deus
899 837 1050 878 meus
1074 838 1132 878 es
1166 832 1250 886 tu,
1285 822 1536 891 quoniam
1564 821 1732 875 bono-

143 931 269 969 rum
298 929 544 968 meorum
570 929 675 966 non
711 927 836 981 eges
863 910 1032 982 (Psal.
1067 927 1157 976 xv,
1184 911 1296 980 2.)»
1330 910 1622 979 Sequitur:

215 1005 388 1057 Vens.
423 1003 475 1064 4,
511 1005 564 1057 5.
595 1000 848 1071 Nunquid
872 1003 1057 1056 timens
1097 1013 1144 1055 te
1176 1010 1356 1070 arguet
1383 1011 1450 1064 te,
1493 1010 1540 1052 et
1566 1000 1729 1053 veniet

141 1103 319 1146 tecum
350 1093 420 1144 ad
437 1093 700 1161 judicium
723 1092 748 1145 Ρ
771 1119 840 1130 -
877 1090 1006 1157 Quis
1052 1090 1152 1144 hoc
1180 1089 1260 1141 vel
1301 1088 1570 1156 desipiens
1601 1102 1728 1141 sen-

141 1181 267 1243 tiat,
299 1181 444 1248 quod
493 1178 748 1233 Dominus
791 1194 855 1233 ex
911 1180 1100 1232 timore
1128 1188 1333 1246 arguat,
1383 1186 1437 1230 et
1477 1193 1541 1230 ex
1584 1185 1728 1230 metu

133 1269 408 1337 judicium
441 1284 596 1323 suum
617 1276 807 1323 contra
830 1284 928 1323 nos
953 1268 1258 1337 proponat?
1287 1267 1390 1321 Sed
1414 1267 1537 1335 quia
1564 1267 1728 1321 verba

142 1373 246 1411 sua
278 1360 459 1412 metiri
516 1359 784 1423 nesciunt,
820 1357 1004 1428 procul
1049 1357 1210 1412 dubio
1265 1358 1329 1410 ad
1373 1358 1544 1411 otiosa
1587 1358 1727 1412 dicta

141 1448 483 1513 dilabuntur,
529 1449 582 1503 in
627 1449 823 1520 quibus
862 1449 994 1502 sise
1039 1449 1256 1502 minimc
1309 1448 1727 1516 reprehendunt,

140 1541 334 1594 statim
365 1541 432 1594 ad
474 1540 632 1594 noxia
677 1548 732 1594 et
773 1539 1162 1594 contumeliosa
1212 1539 1516 1608 prosiliunt.
1576 1539 1728 1594 Unde

142 1628 509 1700 Elipbaz,qui
539 1629 722 1683 odiosa
749 1629 948 1692 intulit,
973 1629 1040 1682 ad
1077 1628 1458 1682 contumeliosa
1487 1628 1729 1696 protinus

141 1719 317 1772 verba
367 1719 612 1788 prorupit
667 1720 890 1774 dicens:
937 1717 1006 1771 Et
1067 1736 1169 1771 non
1215 1727 1426 1787 propter
1470 1717 1726 1770 malitiam

142 1822 298 1862 tuam
328 1810 632 1878 plurimam,
659 1821 707 1866 et
749 1810 983 1878 inﬁnitas
1009 1811 1308 1881 iniquitates
1353 1811 1508 1864 tuas?
1535 1840 1602 1849 —
1631 1809 1729 1866 Sc-

144 1897 386 1965 quitur:

225 1985 392 2042 Vens.
425 1987 478 2041 6.
529 1986 801 2042 Abstuliin
843 1990 977 2043 enim
1017 1990 1202 2061 pignus
1251 1989 1475 2057 fratrum
1523 1999 1730 2043 tuorum

139 2077 265 2132 sine
299 2077 611 2131 causa.—ln
637 2078 912 2148 Scriptura
939 2095 1090 2133 sacra
1116 2080 1466 2148 appellatione
1496 2081 1732 2149 pignoris

143 2169 444 2236 aliquando
469 2169 666 2222 donum
716 2168 947 2238 Spiritus
983 2171 1155 2224 sancti
1188 2171 1450 2240 signatur,
1511 2179 1568 2224 ut
1604 2171 1731 2225 illud

142 2258 336 2312 Pauli:
376 2275 395 2308 ι
455 2259 556 2324 Qui
596 2259 742 2312 dedit
786 2259 940 2313 nobis
983 2260 1174 2329 pignus
1209 2259 1438 2328 Spiritus
1479 2259 1564 2330 (Il
1604 2259 1729 2315 Cor.

143 2364 206 2407 ν,
235 2347 314 2416 5.)
340 2367 355 2398 ι
386 2347 686 2416 Aliquando
706 2347 970 2404 confessio
994 2358 1358 2418 peccatorum,
1382 2351 1519 2404 sicut
1543 2351 1593 2404 in
1619 2351 1732 2421 lege

143 2439 416 2506 scriptum
447 2447 558 2491 est:
598 2455 615 2488 ι
654 2437 708 2492 Si
741 2439 977 2493 debitum
1019 2439 1180 2494 debet
1209 2439 1302 2494 tibi
1333 2441 1597 2510 quispiam
1627 2440 1732 2495 fra-

145 2540 238 2583 ter
271 2538 415 2593 tuus,
443 2537 497 2581 et
523 2529 811 2584 abstuleris
834 2530 1028 2600 pignus
1047 2531 1114 2585 ab
1142 2545 1228 2596 eo,
1256 2541 1381 2586 ante
1415 2532 1543 2586 solis
1571 2547 1729 2587 occa-

142 2635 268 2675 sum
297 2623 488 2691 piguus
517 2622 735 2675 restitue
763 2621 940 2692 (Deut.
969 2638 1114 2687 xxrv,
1141 2623 1225 2688 12,
1261 2622 1369 2692 l5).
1394 2642 1410 2673 ι
1443 2622 1576 2690 Quia
1604 2638 1732 2695 ergo

146 2718 341 2764 sancta
381 2709 622 2764 Ecclesia
669 2710 892 2778 quilibet
920 2710 988 2764 ab
1034 2711 1306 2764 haereticis
1355 2711 1418 2764 ad
1451 2712 1731 2766 veritatem

146 2800 272 2853 fidei
325 2808 659 2853 revertentes
689 2799 927 2868 przecipit
970 2799 1119 2869 prius
1148 2808 1207 2852 ut
1241 2800 1485 2854 conﬁteri
1534 2801 1732 2856 erroris

145 2890 234 2943 sui
264 2889 480 2959 culpam
510 2889 744 2943 habeant
765 2929 778 2953 ,
806 2891 1116 2958 persuadet,
1149 2899 1204 2943 et
1247 2890 1400 2958 quasi
1439 2906 1535 2958 per
1563 2891 1732 2946 han-e-

147 2984 383 3036 tieorum
450 2983 709 3052 Speciem,
763 2997 857 3051 per
915 2983 1133 3053 Eliphaz
1190 2983 1403 3038 dicitur.
1457 2985 1732 3038 Abstulisti

143 3075 336 3144 pignus
365 3074 597 3142 fratrum
625 3083 833 3127 tuorum
860 3074 970 3126 sine
990 3091 1172 3139 causa,
1205 3075 1258 3128 id
1294 3083 1396 3139 est,
1429 3075 1495 3129 ab
1525 3076 1610 3129 his
1635 3076 1725 3144 qui

148 3181 181 3217 a
213 3165 366 3219 nobis
393 3163 463 3217 ad
491 3172 541 3218 te
569 3164 788 3217 veniunt
815 3163 1076 3217 inutiliter
1107 3164 1500 3220 confessionem
1529 3168 1730 3222 erroris

147 3255 400 3324 exegisti.
435 3255 492 3307 Si
521 3269 668 3317 vero,
696 3262 756 3308 ιιι
795 3255 1160 3322 przediximus,
1207 3257 1418 3325 pignus,
1447 3257 1583 3310 dona
1608 3272 1734 3311 san-

150 3347 222 3399 eti
249 3345 484 3414 Spiritus
539 3344 821 3409 sentimus,
863 3345 1102 3400 bzeretici
1146 3356 1387 3400 sanctam
1431 3347 1732 3401 Eeclesiam

151 3437 383 3490 fratrum
414 3451 635 3490 suorum
673 3435 857 3489 dicunt
887 3437 1077 3506 pignus
1110 3435 1414 3501 abstulisse,
1463 3438 1587 3506 quia
1618 3437 1734 3491 illos

149 3527 245 3596 qui
291 3528 355 3580 ad
385 3525 528 3580 illam
570 3527 812 3589 veniunt,
867 3527 1006 3581 dona
1051 3526 1344 3595 spiritualia
1393 3527 1737 3596 suspicantur

152 3616 428 3668 amittere.
453 3612 607 3668 Unde
632 3616 873 3684 sequitur
901 3631 913 3667 :
957 3611 1025 3666 Et
1058 3615 1220 3668 nudos
1246 3617 1547 3684 exspoliain
1585 3618 1734 3669 resti-

153 3707 271 3759 bus.
305 3737 370 3745 —
394 3705 500 3760 Eos
523 3721 658 3775 quos
679 3705 917 3761 haeretici
948 3707 1216 3776 perversis
1263 3707 1735 3775 praedicationibus

153 3798 402 3860 trahunt,
429 3805 694 3866 prmeepta
719 3798 976 3852 doctrina:
1001 3813 1110 3851 sua:
1130 3799 1282 3866 quasi
1311 3797 1554 3866 quaedam
1577 3800 1737 3853 vesti-

154 3898 338 3942 menta
373 3889 573 3944 habere
595 3888 925 3953 existimant,
956 3897 1010 3942 et
1034 3889 1212 3942 tandiu
1245 3888 1361 3941 illos
1389 3889 1611 3944 vestitos
1637 3905 1733 3958 pu-

156 3988 292 4042 tant,
325 3979 561 4048 quandiu
597 3979 710 4033 haec
748 3995 868 4049 qua:
909 3979 1008 4048 ipsi
1063 3980 1510 4047 przedicaverunt,
1542 3980 1608 4034 ab
1635 3979 1736 4035 illis

154 4072 365 4127 servari
405 4071 768 4127 considerant.
810 4071 887 4124 Ex
909 4071 1102 4139 quibus
1133 4086 1254 4125 cum
1286 4071 1500 4140 quidam
1531 4071 1596 4124 ad
1619 4088 1737 4126 san-

155 4174 301 4219 ctam
333 4162 628 4216 Eeclesiam
666 4161 911 4226 redeunt,
937 4175 1030 4215 eos
1059 4160 1303 4230 protinus
1352 4160 1611 4215 doctrina:
1646 4176 1732 4214 ve-

155 4253 412 4307 stimenta
465 4250 765 4321 perdidisse
812 4250 1172 4319 suspicantur.
1226 4249 1332 4305 Sed
1387 4264 1511 4305 cum
1565 4251 1738 4305 nudus

156 4345 449 4414 exspoliari
475 4354 728 4414 nequeat,
757 4343 1102 4413 quaerendum
1139 4345 1294 4399 nobis
1337 4352 1438 4409 est,
1469 4345 1738 4413 quomodo

1827 549 1926 603 sub
1961 547 2118 616 hujus
2163 549 2341 603 sxeculi
2384 565 2548 605 onere
2591 549 2858 605 laborioso
2899 551 3209 622 fatigantur.
3248 553 3401 608 Unde

1825 648 1879 694 et
1947 642 2058 710 ipsa
2128 640 2337 695 Veritas
2416 643 2595 696 dicit:
2643 660 2663 694 ι
2727 644 2914 699 Venite
2996 646 3062 699 ad
3129 662 3244 710 me,
3283 663 3400 702 om—‘

1785 765 1789 769 -
1826 743 1921 784 nes
1964 731 2052 798 qui
2092 730 2366 794 laboratis,
2411 740 2464 785 et
2511 733 2719 786 onerati
2750 734 2903 797 estis,
2949 743 3003 788 et
3027 751 3126 805 ego
3158 735 3397 789 reficiam

1825 836 1922 875 vos
1952 821 2164 892 (Matth.
2193 838 2268 887 ιι,
2290 822 2400 892 ‘28).
2435 841 2451 873 ι
2487 820 2731 877 l-laeretici
2757 824 2921 892 igitur
2944 827 3032 893 qui
3059 841 3156 882 sua
3183 827 3400 896 dogmas

1827 920 1880 965 ta
1904 913 2199 982 praedicare
2233 931 2337 967 non
2369 926 2604 979 cessant,
2658 926 2896 968 sanctam
2927 914 3216 970 Ecclesiam
3247 917 3400 985 quasi

1827 1000 1894 1054 de
1934 1001 2196 1071 imperitia
2239 1003 2483 1067 irrident,
2533 1001 2819 1056 dicentes:
2860 1001 3067 1071 Aquam
3109 1003 3247 1056 lasso
3298 1019 3403 1056 non

1826 1089 2037 1150 dedisti,
2067 1102 2113 1144 et
2142 1093 2388 1145 esurienti
2431 1091 2737 1145 subtraxisti
2771 1107 2975 1159 partem.
3009 1091 3078 1146 Se
3101 1093 3241 1146 enim
3271 1093 3402 1147 dare

1827 1196 2018 1249 aquam
2042 1181 2184 1235 lasso
2203 1181 2538 1244 existimant,
2567 1196 2688 1234 cum
2711 1180 3028 1249 quibusdam
3061 1181 3159 1234 sub
3188 1185 3403 1235 terreno

1829 1271 1972 1326 fasce
1999 1271 2384 1334 laborantibus,
2427 1270 2507 1325 sui
2535 1269 2784 1339 poculum
2810 1269 3010 1322 erroris
3040 1269 3279 1337 praebent
3303 1286 3317 1321 :
3348 1276 3403 1322 et

1828 1375 2020 1430 panem
2088 1360 2343 1414 esurienti
2397 1374 2454 1414 se
2511 1375 2614 1413 non
2665 1358 2996 1413 subtraxisse
3041 1358 3399 1426 suspicantur,

1829 1455 1951 1522 quia
1978 1453 2140 1506 etiam
2168 1453 2233 1506 tle
2259 1451 2615 1505 invisibilibus
2652 1461 2811 1519 atque
2850 1447 3405 1518 incomprehensibili-

1827 1545 1928 1598 bus
1951 1543 2214 1612 inquisiti,
2258 1558 2378 1596 cum
2428 1543 2656 1610 superba
2711 1540 2934 1595 audacia
2985 1540 3310 1608 respondent
3349 1545 3406 1594 ct

1830 1640 1954 1686 tunc
1985 1647 2042 1686 se
2066 1632 2252 1685 doctos
2275 1646 2384 1700 pra:
2421 1630 2670 1684 omnibus
2720 1629 2966 1692 credunt,
3012 1640 3134 1680 eum
3163 1625 3308 1695 loqui
3338 1625 3406 1678 de

1831 1722 2116 1792 incognitis
2143 1721 2409 1776 infelicius
2435 1728 2786 1790 praesumunt.
2822 1718 3025 1773 Sancta
3065 1733 3191 1771 vero
3218 1715 3403 1770 Eccle-

1832 1813 1911 1865 sia
1939 1810 2065 1864 dum
2097 1811 2400 1880 quempiam
2440 1810 2583 1864 videt
2609 1809 2816 1863 esurire
2862 1808 3005 1878 quod
3043 1806 3090 1860 ei
3147 1822 3254 1859 non
3282 1820 3406 1875 pro-

1831 1901 1900 1955 sit
1929 1901 2195 1969 accipere,
2228 1909 2321 1954 aut
2359 1901 2404 1955 si
2450 1898 2560 1968 jam
2612 1907 2736 1952 sunt
2785 1897 2884 1952 sibi
2916 1897 3129 1968 cegnita
3163 1895 3404 1950 modeste

1832 1991 2134 2061 supprimit,
2159 1997 2273 2055 aut,
2301 1990 2346 2044 si
2374 1989 2548 2043 adhuc
2577 1989 2828 2042 videntur
2871 1985 3159 2056 incognita,
3189 1982 3404 2037 humili-

1832 2089 1914 2135 ter
1948 2079 2166 2144 fatetur,
2193 2095 2394 2149 eosque
2422 2081 2486 2133 ad
2543 2080 2804 2132 ordinata:
2827 2077 3149 2131 humilitatis
3187 2090 3402 2130 sensum

1831 2183 2070 2235 revocat,
2113 2189 2233 2226 eum
2280 2188 2376 2242 per
2431 2188 2585 2226 suum
2626 2171 2730 2224 illis
2777 2169 3185 2239 prmdicatorem
3226 2164 3400 2219 dicit:

1837 2281 1855 2313 ι
1889 2262 2001 2315 Non
2027 2263 2144 2330 plus
2171 2277 2359 2331 sapere
2398 2277 2556 2330 quam
2582 2268 2794 2330 Oportet
2830 2272 3041 2327 sapere,
3077 2256 3168 2310 sed
3217 2270 3409 2324 sapere

1833 2353 1899 2408 ad
1939 2355 2282 2407 sobrietatem
2315 2351 2492 2422 (Rom.
2527 2367 2601 2413 xl,
2633 2351 2744 2420 9.0),
2781 2369 2798 2400 ι
2836 2349 2901 2402 Et
2936 2364 3168 2403 rursmn.
3232 2366 3250 2397 ι
3287 2345 3406 2400 Noli

1832 2445 1996 2499 altum
2030 2457 2237 2512 sapere,
2267 2443 2360 2497 sed
2393 2442 2520 2495 time
2552 2439 2727 2506 (Rom.
2758 2455 2852 2501 xu,
2881 2438 2958 2504 ὅ).
2982 2456 2999 2488 ι
3037 2437 3289 2505 Sequitur
3318 2453 3333 2489 :

1830 2580 1836 2586 .
1906 2534 2065 2587 Vens.
2085 2533 2135 2587 8.
2153 2531 2533 2602 lit-(fortitudine
2557 2527 2753 2580 brae/iii
2776 2525 2853 2578 tui
2870 2523 3167 2593 possidebas
3187 2533 3407 2583 terram,

1831 2632 1877 2676 et
1909 2621 2294 2689 potentissimus
2336 2618 2598 2672 obtinebas
2621 2631 2754 2668 eam.
2780 2643 2851 2652 —
2873 2613 2951 2665 Ac
2981 2611 3025 2664 si
3055 2617 3300 2680 patenter
3329 2611 3408 2662 di-

1832 2721 1918 2765 cat
1945 2727 1957 2762 :
1988 2709 2088 2776 Qui
2120 2710 2172 2762 in
2223 2706 2603 2777 praedicatione
2651 2714 2740 2758 tua
2787 2712 2985 2756 terram
3030 2699 3409 2754 universaliter

1831 2800 2124 2869 occupasti,
2163 2798 2402 2869 potentia
2429 2796 2780 2859 fortitudinis,
2834 2807 2940 2847 non
2995 2792 3133 2846 ratio
3162 2791 3410 2846 veritatis

1832 2890 1950 2945 fuit.
1978 2890 2113 2957 Quia
2140 2891 2283 2944 enim
2308 2889 2643 2946 Christianos
2665 2886 2934 2957 principes
2965 2884 3406 2954 praedicationem

1831 2982 1948 3050 ejus
1974 2992 2156 3036 tenere
2183 2981 2538 3049 conspiciunt,
2578 2980 2680 3034 hoc
2708 2977 2850 3047 quod
2897 2976 2945 3030 ei
2993 2990 3022 3028 a
3057 2973 3265 3046 populis
3291 2986 3413 3027 cre-

1832 3073 1996 3136 ditur,
2030 3089 2134 3126 non
2167 3071 2420 3126 virtutem
2453 3070 2812 3134 rectitudinis,
2857 3069 2952 3123 sed
2987 3083 3206 3123 causam
3239 3083 3408 3122 saecu-

1839 3167 1968 3219 laris
1992 3165 2241 3235 potentia:
2267 3178 2387 3218 esse
2415 3163 2778 3232 suspicantur.
2805 3161 3092 3229 Sequitur:

1909 3253 2067 3308 Vsus.
2101 3253 2152 3308 9.
2197 3253 2391 3307 Viduas
2432 3253 2675 3306 dimisisti
2699 3268 2912 3316 vacuas,
2960 3261 3007 3305 et
3054 3251 3275 3304 lacertos
3313 3266 3411 3319 pn-

1835 3344 2077 3414 pillorum
2102 3343 2471 3397 committuisti.
2496 3373 2565 3383 —
2602 3341 2790 3396 Plebes
2821 3355 2940 3410 qua:
2987 3341 3253 3394 ltatreticis
3281 3355 3413 3408 pra:-

1835 3436 2138 3488 dicentibus
2182 3442 2308 3489 sunt
2354 3433 2628 3502 subiectat,
2686 3447 2751 3486 ex
2809 3429 3008 3485 carnali
3060 3429 3411 3499 intelligentia

1835 3539 2078 3579 errorum
2103 3539 2287 3577 eorum
2313 3523 2514 3578 semina
2556 3536 2809 3592 perversa
2859 3520 3180 3589 suscipiunt,
3226 3520 3412 3587 eisque

1838 3615 1889 3668 in
1927 3629 2022 3666 sua
2051 3614 2394 3667 damnatione
2421 3613 2717 3666 sociantur.
2741 3609 2846 3665 Sed
2870 3625 2992 3664 cum
3019 3619 3203 3664 sancta
3227 3607 3412 3662 Eccle-

1836 3702 1914 3756 sia
1945 3703 2091 3771 ipsos
2131 3717 2373 3756 errorum
2415 3701 2825 3770 prmdicatores,
2867 3699 2949 3753 vel
2983 3701 3188 3752 ratione
3241 3698 3414 3751 victos

1836 3793 1902 3848 ad
1955 3808 2014 3847 se
2064 3793 2309 3861 suscipit,
2353 3792 2435 3846 vel
2468 3792 2645 3846 studio
2692 3789 3064 3858 perversitatis
3118 3787 3413 3842 obduratos

1837 3883 1936 3937 sub
1967 3881 2260 3950 disciplina:
2285 3894 2395 3936 suae
2417 3879 2628 3934 vinculo
2651 3877 2944 3947 restringit,
2973 3875 3213 3931 destituti
3239 3875 3410 3929 haere-

1838 3971 1930 4027 tici
1969 3987 2092 4027 cum
2117 3985 2397 4025 remanere
2424 3969 2561 4039 apud
2591 3983 2650 4023 se
2673 3969 2854 4038 plebes
2897 3967 3014 4022 sine
3043 3965 3412 4035 praedicatori-

1837 4063 1937 4118 bus
1958 4064 2161 4127 vident,
2191 4057 2319 4132 quid
2353 4061 2497 4114 aliud
2519 4076 2546 4113 a
2576 4068 2760 4114 sancta
2778 4058 3019 4113 Ecclesia
3045 4072 3206 4126 quam
3225 4055 3413 4111 viduas

1835 4171 2034 4212 vacuas
2060 4155 2275 4210 relictas
2309 4153 2534 4207 dolent?
2563 4153 2630 4206 Et
2652 4152 2775 4220 quia
2807 4149 3098 4205 subtractis
3121 4148 3410 4204 bmretico-

1838 4260 1954 4302 rum
1985 4246 2256 4316 magistris
2280 4260 2467 4299 eorum
2514 4243 2803 4312 discipulos
2843 4243 2893 4295 in
2926 4256 3022 4296 suo
3052 4255 3215 4311 opere
3265 4239 3413 4293 infir-

1839 4341 1974 4394 mari
1996 4339 2356 4407 suspicantur,
2383 4337 2535 4406 quasi
2566 4333 2799 4389 lacertos
2834 4334 3156 4404 pupillorum
3183 4332 3412 4388 commi-

158 4436 309 4505 prius
340 4435 484 4500 nudi,
509 4443 565 4489 et
616 4433 954 4504 postmodum
1002 4433 1283 4503 exspoliati
1346 4443 1732 4489 memorantur.
1765 4460 1813 4518 Ι)
1841 4437 1998 4483 nutos
2019 4427 2086 4481 ab
2113 4426 2347 4482 Ecclesia
2374 4440 2492 4480 esse
2523 4434 2945 4494 conquerantur.
2976 4423 3072 4478 Vel
3116 4432 3262 4477 certe
3289 4422 3414 4492 quia

160 4524 265 4578 Sed
297 4524 574 4578 sciendum
599 4524 724 4593 quia
769 4524 940 4577 omnis
985 4523 1075 4592 qui
1122 4523 1301 4577 cordis
1341 4525 1574 4593 puritate
1608 4540 1731 4594 per-

160 4615 380 4678 fruitur,
424 4628 488 4667 eo
517 4615 632 4683 ipso
682 4628 788 4682 quo
827 4613 1158 4682 duplicitatis
1203 4621 1568 4682 tegumentum
1627 4628 1731 4668 non

160 4704 342 4766 habet,
373 4704 548 4757 nudus
572 4710 673 4757 est.
699 4702 765 4756 Et
793 4712 918 4756 sunt
966 4701 1206 4756 nonnulli
1249 4702 1388 4771 apud
1428 4702 1731 4767 haereticos,

159 4794 246 4862 qui
270 4793 453 4847 cordis
479 4791 694 4861 quidem
718 4792 1003 4861 puritatem
1033 4793 1254 4857 habent,
1285 4792 1376 4846 sed
1435 4801 1612 4846 tamen
1642 4793 1736 4846 do-

157 4886 346 4938 ctrina:
374 4899 564 4938 eorum
612 4884 860 4954 dogmata
912 4900 1163 4954 perversa
1202 4884 1519 4953 suscipiunt.
1561 4885 1623 4937 Hi
1643 4883 1738 4937 ἠἰ-

157 4974 352 5027 mirum
380 4981 437 5027 et
488 4988 555 5028 ex
607 4988 703 5026 sua
734 4973 965 5041 puritate
1013 4974 1138 5028 nudi
1188 4983 1332 5034 sunt,
1381 4983 1435 5028 et
1481 4974 1631 5046 quasi
1670 4987 1735 5026 ex

153 5078 342 5118 eorum
379 5062 762 5132 prmdicatione
791 5063 1105 5116 vestiuntur.
1140 5062 1426 5130 Sequitur:

222 5153 369 5188 Vane
418 5154 449 5188 ’7
506 5151 697 5188 Αηηηηι
724 5151 860 5188 [noon
885 5169 983 5188 nnn
1032 5154 1217 5190 (Indian.
1265 5163 1308 5190 οΙ
1339 5155 1585 5190 netu-inut;
1618 5151 1740 5190 cull—

1838 4527 2020 4574 saueta
2051 4518 2307 4581 Ecclesia,
2337 4517 2462 4570 dum
2494 4516 2755 4585 quosdam
2799 4515 2867 4570 ab
2899 4515 3167 4568 haereticis
3193 4514 3414 4568 venien-

1837 4621 1916 4666 tes
1965 4611 2207 4680 suscipit,
2253 4609 2421 4679 liquet
2475 4609 2729 4662 nimirum
2772 4607 2915 4677 quod
2964 4607 3195 4676 pristino
3241 4602 3414 4661 errori

1836 4719 2022 4759 eorum
2067 4703 2407 4758 contradicit.
2436 4700 2569 4768 Quia
2618 4717 2746 4770 ergo
2798 4716 2892 4755 eos
2932 4716 2961 4753 a
3007 4700 3208 4754 carnali
3243 4700 3420 4753 inten-

1840 4795 1984 4849 tione
2015 4811 2124 4849 sme
2171 4795 2568 4865 superstitionis
2615 4801 2852 4855 revocat,
2885 4789 3124 4846 bmretici
3155 4807 3276 4845 cum
3316 4793 3416 4844 hos

1841 4883 1998 4938 aliter
2022 4885 2200 4939 vivere
2229 4884 2493 4955 aspiciunt
2518 4898 2678 4954 quam
2713 4881 3031 4945 docuerunt,
3071 4881 3299 4936 lacertos
3321 4895 3415 4933 eo-

1843 4988 1962 5026 rum
1988 4975 2056 5029 ab
2094 4974 2425 5044 operatione.
2462 4987 2624 5042 quam
2655 4970 2801 5039 prius
2842 4977 3145 5033 tenuerant,
3193 4966 3418 5024 commi-

1844 5068 2005 5116 nutos
2033 5077 2153 5118 esse
2183 5061 2250 5114 ab
2283 5059 2518 5115 Ecclesia
2541 5061 2891 5116 detestantur.
2922 5057 3178 5126 Sequitur
3203 5077 3214 5110 :

1915 5152 2060 5192 Vrnc
2112 5151 2194 5192 In-
2229 5148 2506 5192 Prnntpron
2536 5148 2890 5192 rirrumdnhu
2915 5164 2967 5192 es
3007 5147 3203 5192 Inmmis
3225 5154 3270 5192 el
3297 5161 3420 5192 con-
