3948 5398
545 350 646 412 ἳθῖ
1513 355 1572 413 S.
1610 353 1855 412 ODONlS
1890 351 2180 409 ABBATIS
2215 351 2712 411 CLUNIACENSIS
2744 353 2789 410 ll
3046 342 3049 347 λ
3685 370 3772 431 392

548 490 646 534 sua
672 474 817 530 hunc
852 471 1025 527 subita
1052 469 1429 525 conturbatum
1476 467 1764 524 formidine
1791 473 2001 537 putant.
2027 464 2131 531 See
2150 468 2200 530 Α
2226 465 2475 537 diligunt,
2520 467 2747 538 longiori
2791 468 2893 525 sibi
2941 468 3182 540 ejusdem
3209 472 3332 529 vitae
3373 476 3553 547 spatia
3581 480 3773 549 promit-

551 571 769 641 quitur:
943 565 951 573 ’
2231 554 2390 609 tunt?
2432 554 2541 610 Sed
2573 571 2694 611 cum
2735 572 2830 614 eos
2877 574 3025 616 mors
3068 565 3463 633 superveniens
3495 581 3526 620 a
3554 572 3774 636 przesend

618 660 778 718 Vsus.
810 659 897 713 ll.
926 655 996 712 Et
1016 657 1236 728 putabas
1256 664 1332 712 .te
1378 656 1615 712 tenebras
1642 672 1746 711 non
1780 657 2036 720 uisurum,
2077 661 2128 709 et
2172 719 2180 727 ⁸
2227 646 2337 701 vita
2376 647 2665 715 subtrahit,
2708 664 2896 705 eorum
2923 652 3032 708 vita
3064 654 3261 723 spatia,
3287 670 3411 727 qua:
3436 657 3541 712 sibi
3566 657 3776 730 longiora

547 754 739 823 impetu
767 765 1026 821 aquarum
1052 747 1423 802 inundantium
1468 762 1572 801 non
1600 761 1898 817 oppressum
1923 745 2031 798 iri?
2056 773 2127 785 --
2227 736 2381 806 quasi
2410 736 2465 791 in
2507 739 2829 809 cogitatione
2859 742 3077 798 tendere
3120 756 3559 814 consueverant,
3586 750 3774 809 inter-ci.

548 842 627 895 Ac
656 840 700 894 si
750 845 937 910 aperte
964 837 1109 893 dicat
1138 854 1152 889 :
1178 835 1538 891 Securitatem
1585 833 1736 905 pacis
1794 833 1888 888 tibi
1947 832 2002 887 in
2031 846 2133 903 spei
2228 823 2325 879 (Ῑίῑ-
2356 824 2529 897 Iniqui
2577 827 2721 882 enim
2750 828 2876 884 dum
2923 832 3086 888 corde
3115 835 3347 892 ιε’θθείτθ
3382 836 3456 892 ad
3483 847 3676 894 πωπω
3702 856 3775 898 υθ-

549 941 931 999 proposueras,
954 935 1010 981 et
1047 924 1248 981 idcirco
1292 925 1357 980 de
1382 924 1800 997 praesumptione
1856 932 1944 979 tua
1969 939 2104 993 quas

2227 912 2453 986 gligunt,
2498 924 2553 972 et
2586 927 2782 974 cuncta
2824 922 3109 990 praesentia
3156 923 3377 994 fugitiva
3403 941 3534 982 esse
3582 944 3677 985 non
3712 932 3777 986 in-

551 1019 617 1073 de
652 1018 770 1074 luce
797 1017 1089 1090 gaudebas,
1117 1030 1220 1070 nec
1272 1023 1325 1070 te
1358 1028 1595 1085 unquam
1640 1014 1869 1087 opprimi
1909 1013 2127 1069 tribula-
2229 1010 2478 1072 wenlur.
2506 1015 2741 1064 mentem
2770 1008 2823 1064 in
2851 1025 3037 1074 amore
3064 1013 3187 1067 νὶιω
3210 1016 3501 1084 praesentis
3527 1017 3711 1088 ﬁgunt,
3734 1032 3779 1078 et

553 1107 788 1164 tionibus
816 1104 1160 1162 existimasti.
1190 1103 1479 1174 Sequitur:
2226 1093 2380 1162 Quasi
2404 1093 2577 1166 longa:
2600 1096 2952 1154 habitationis
2979 1100 3030 1155 in
3069 1116 3135 1158 ea
3159 1102 3260 1159 sibi
3297 1103 3650 1162 fundamenta
3675 1124 3779 1166 cou-

624 1198 790 1253 Vsns.
821 1195 908 1262 l2,
942 1196 1031 1262 l3,
1062 1194 1147 1249 M.
1184 1194 1370 1249 Annon
1395 1195 1589 1265 cogitas
1616 1195 1756 1267 quod
1796 1195 1939 1251 Deus
1970 1194 2128 1250 altior

2227 1191 2464 1251 struunt,
2516 1187 2643 1256 quia
2672 1187 2727 1242 in
2776 1191 3011 1247 terrenis
3053 1194 3215 1251 rebus
3243 1210 3340 1266 per
3368 1198 3637 1254 desideria
3678 1203 3777 1258 soli-

555 1288 680 1344 cazlo
712 1289 802 1353 sit,
836 1296 885 1342 et
933 1303 1089 1358 super
1126 1285 1394 1340 stellarum
1424 1287 1664 1341 uerticem
1709 1286 2035 1354 sublimetur,
2077 1295 2126 1341 et
2226 1272 2443 1342 damur.
2470 1284 2525 1332 el
2544 1278 2669 1348 quia
2700 1281 3014 1350 quotidiana
3039 1288 3298 1356 temporis
3322 1287 3502 1357 lapsu,
3535 1290 3642 1360 ipsa
3666 1307 3779 1361 pm-

554 1380 683 1434 dicis
706 1393 725 1431 :
755 1377 894 1444 Quid
929 1378 1064 1432 enim
1088 1377 1226 1432 novit
1250 1374 1410 1430 Deus.
1434 1374 1501 1429 Et
1522 1377 1674 1446 quasi
1716 1392 1809 1446 per
1849 1374 2126 1446 caliginem
2228 1367 2399 1422 εθηιῖε
2417 1368 2543 1423 VWB
2582 1372 2884 1429 ωοτῐδιίῑαε
2910 1375 3170 1445 decurrit.
3200 1388 3363 1449 auille
3410 1381 3776 1453 dedicauonem

546 1468 773 1538 judicat.
814 1466 991 1522 Nubes
1026 1466 1304 1521 latibulum
1327 1464 1460 1536 ejus,
1489 1483 1580 1520 nec
1601 1474 1782 1521 nostra
1806 1466 2103 1521 considerat

2226 1459 2582 1529 reproborum
2623 1462 2838 1517 eosdem
2870 1466 3125 1534 reprobus
3155 1469 3533 1525 subtrahendo
3559 1471 3772 1535 destruit,

554 1568 601 1611 et
633 1559 771 1611 circa
808 1558 1047 1611 cardines
1082 1555 1194 1610 caeli
1234 1554 1580 1626 perambulat.
1606 1584 1675 1595 —
1722 1554 1859 1610 Sunt
1886 1554 2130 1625 plerique

556 1646 627 1700 ita
659 1645 879 1701 hebetes
914 1653 972 1700 ut
1014 1644 1305 1700 fortnidarc
1346 1644 1592 1698 nesciant
1639 1644 1738 1699 nisi
1770 1643 1909 1715 quod
1935 1658 2125 1714 carpo.
2229 1655 2401 1695 menta
2423 1657 2623 1708 eorum,
2675 1645 2724 1699 id
2749 1656 2853 1712 est,
2904 1647 3020 1718 ipse
3049 1665 3241 1707 cursus
3277 1639 3655 1708 mutabilitatis
3691 1663 3778 1709 sta-

554 1718 739 1791 raiiter
760 1737 962 1792 vident.
1002 1735 1150 1791 Unde
1177 1735 1237 1789 tit
1267 1745 1325 1790 ut
1354 1734 1521 1789 Deum
1544 1750 1648 1790 non
1674 1744 1941 1802 metuant,
1965 1751 2124 1805 quem
2161 1805 2193 1813 ῃ
2232 1738 2343 1784 tum
2394 1731 2448 1787 in
2477 1733 2556 1787 cis
2587 1733 2796 1791 subruit
2822 1751 3092 1807 perversae
3134 1742 3587 1798 constructionis.
3620 1742 3777 1813 Sequi-

518 1870 523 1874 .
553 1826 735 1903 videre
771 1842 873 1882 non
899 1835 1141 1898 possunt.
1171 1824 1420 1880 Haeretici
1448 1833 1650 1890 autem,
1679 1825 1803 1894 quia
1826 1841 1886 1881 se
1910 1825 2127 1896 sapien-
2160 1805 2199 1862 Β
2230 1825 2318 1872 tur
2356 1833 2371 1870 :

555 1921 636 1969 tes
676 1914 1032 1979 arbitrantur,
1078 1913 1244 1969 verba
1291 1921 1481 1968 contra
1515 1914 1810 1969 catholicos
1858 1914 2126 1971 irrisionis
2297 1905 2459 1965 Vsus.
2502 1911 2587 1967 l7.
2629 1911 2734 1979 Qui
2766 1913 3006 1970 dicebant
3046 1914 3197 1971 Deo:
3244 1917 3444 1974 Recede
3482 1937 3514 1974 a
3544 1918 3697 1976 nobis.
3721 1948 3776 1965 ει-

552 1993 856 2075 proferunt,
888 2014 1051 2075 atque
1095 1999 1165 2059 ab'
1199 2004 1280 2058 eis
1304 2004 1451 2058 illum
1502 2019 1608 2060 non
1641 2004 1816 2060 timeri
1852 2005 2128 2074 suspican-
2227 1996 2353 2052 Πειὲο
2374 1999 2538 2054 etiam
2564 2000 2755 2057 beatus
2781 2000 2881 2058 Job
2906 2004 3107 2061 dixisse
3130 2007 3252 2076 quis
3288 2006 3569 2079 ambigat?
3597 2010 3660 2064 Et
3681 2026 3775 2081 qua:

557 2104 665 2161 tur,
700 2111 859 2167 quem
900 2097 1084 2151 videre
1141 2095 1493 2166 corporaliter
1534 2104 1826 2167 nequeunt,
1876 2108 1935 2151 ut
1971 2097 2125 2167 quasi
2227 2092 2282 2147 in
2313 2091 2428 2161 ejus
2456 2094 2615 2150 dictis
2639 2096 3004 2166 exposuimus,
3035 2108 3256 2170 propter
3275 2082 3508 2171 legentis
3538 2100 3774 2158 fastidium

554 2199 652 2254 per
701 2195 969 2255 torporem
1013 2200 1207 2242 sensus
1250 2186 1539 2242 Auctorem
1591 2203 1746 2242 suum
1790 2187 2123 2255 existiment,
2226 2182 2490 2252 replicare
2515 2183 2836 2240 devitamus.
2869 2185 3167 2257 Sequitur:
3218 2187 3284 2243 Et
3312 2191 3474 2260 quasi
3508 2191 3635 2245 nihil
3653 2208 3775 2261 posse

555 2274 681 2343 quia
716 2273 968 2329 excelsior
1011 2275 1139 2330 ctelo
1180 2284 1278 2340 est,
1307 2284 1356 2330 et
1394 2293 1551 2347 super
1609 2276 1879 2331 stellarum
1916 2278 2114 2334 vertice:

2227 2271 2420 2342 facere.
2455 2272 2816 2346 Omnipotens,
2839 2278 3165 2336 aestimabant
3190 2297 3329 2337 eum.
3356 2312 3433 2324 —-
3468 2284 3534 2347 in
3564 2283 3645 2339 his
3672 2299 3774 2354 ergo

556 2365 884 2429 sualimalur,
915 2380 980 2421 ex
1016 2366 1307 2436 longinquo
1336 2364 1522 2422 videre
1551 2382 1658 2421 non
1688 2382 1868 2437 posse.
1910 2368 1976 2424 Et
1999 2369 2125 2439 quia
2227 2375 2427 2428 sermo.
2452 2373 2508 2418 el
2534 2379 2640 2419 ηοη
2669 2366 2933 2421 sententia
2984 2368 3316 2427 immulalur.
3354 2370 3496 2427 Nam
3532 2373 3666 2443 quod
3701 2387 3775 2442 per

557 2455 697 2511 inter
721 2471 817 2512 nos
845 2465 900 2511 et
919 2454 1194 2512 cmlestem
1224 2456 1403 2512 sedem
1441 2467 1621 2526 partes
1653 2459 1814 2514 aeriae
1839 2459 2123 2527 intersunt,
2228 2449 2445 2506 beatum
2461 2450 2562 2507 Job
2583 2453 2785 2510 dictum
2810 2464 2914 2511 est.
2936 2475 2953 2508 ι
2975 2456 3115 2525 Quid
3136 2468 3218 2515 est
3238 2459 3596 2532 Omnipotens
3613 2470 3668 2517 ut
3686 2476 3775 2517 ser-

556 2546 706 2616 quasi
732 2545 784 2600 in
815 2545 954 2601 nube
988 2544 1163 2601 latens
1185 2560 1284 2617 per
1308 2546 1592 2617 caliginem
1632 2546 1858 2617 judicet,
1897 2556 1952 2602 et
1971 2562 2128 2619 supe-
2227 2541 2438 2597 Viamus
2464 2543 2551 2597 ci?
2586 2562 2604 2594 ι
2637 2543 2760 2616 (10b
2782 2559 2896 2611 XXI.
2926 2546 3038 2617 i5.)
3080 2547 3184 2603 hoc
3210 2564 3307 2619 per
3335 2549 3565 2620 Elipltaz
3590 2550 3770 2614 diem".

557 2637 795 2712 rioribus
819 2636 1072 2702 intentus,
1093 2636 1271 2691 minus
1300 2636 1406 2690 ima
1433 2638 1747 2706 perpendat,
1773 2645 1829 2692 et
1852 2625 1979 2692 dum
2005 2637 2129 2695 coeli
2229 2645 2285 2690 ct
2312 2635 2464 2703 quasi
2495 2635 2626 2690 nihil
2669 2637 2839 2707 possit
2866 2636 3042 2694 facere
3073 2639 3416 2697 :cstimabant
3446 2656 3589 2697 eum.
3617 2640 3774 2711 Sequi-

557 2725 806 2779 cardines
834 2726 1120 2780 ambiendo
1150 2726 1488 2797 constringit,
1514 2726 1770 2780 interiora
1796 2741 1902 2781 non
1929 2726 2125 2782 videat.
2232 2735 2323 2780 tur
2348 2742 2362 2779 :

558 2816 662 2891 Sed
692 2817 811 2886 quis
840 2816 906 2871 de
940 2815 1051 2871 Deo
1096 2816 1181 2872 vel
1219 2816 1488 2887 desipiens
1511 2816 1610 2871 ista
1645 2818 1992 2888 suspicetur?
2021 2818 2126 2887 Qui
2301 2814 2468 2871 Vnus.
2500 2816 2587 2872 l8.
2616 2815 2747 2871 Cum
2769 2816 2857 2871 ille
2877 2816 3137 2888 implesset
3158 2820 3342 2876 domos
3362 2838 3551 2877 eorum
3570 2818 3771 2877 bonis.—

558 2908 812 2962 nimirum
854 2922 978 2962 cum
1007 2907 1079 2962 sit
1115 2921 1328 2977 semper
1378 2907 1739 2977 omnipotens,
1774 2909 1853 2964 sic
1900 2909 2128 2966 intendit
2230 2904 2492 2962 Malorum
2516 2905 2702 2964 domos
2744 2907 3006 2964 Dominus
3048 2909 3206 2966 bonis
3251 2911 3465 2991 implet,
3493 2912 3616 2982 quia
3640 2910 3768 2966 etiam

558 2995 830 3061 omnibus,
863 3004 924 3049 ut
964 2995 1106 3051 adsit
1156 2995 1418 3067 singulis;
1471 2996 1549 3051 sic
1586 2997 1738 3053 adest
1778 2998 2026 3069 singulis,
2070 3010 2129 3055 ut
2232 2997 2457 3070 ingratis
2482 2997 2623 3055 bona
2653 3013 2752 3053 sua
2779 3013 2886 3053 non
2919 3001 3165 3072 denegat,
3195 2992 3379 3057 utaut
3420 3002 3766 3074 benignitatem

560 3084 718 3139 simul
746 3085 997 3140 omnibus
1025 3100 1301 3155 nunquam
1352 3085 1510 3141 desit.
1545 3085 1679 3141 Nam
1723 3089 1824 3143 etsi
1866 3090 2125 3159 quosdam
2172 3155 2199 3159 _
2230 3088 2537 3145 Conditoris
2595 3089 2937 3155 erubescant,
2986 3101 3042 3146 et
3092 3093 3158 3147 ad
3205 3092 3508 3149 bonitatem
3552 3092 3767 3154 redeant;

557 3182 870 3244 peccatores
908 3177 1127 3241 deserit,
1184 3177 1388 3232 eisdem
1431 3184 1611 3233 tamen
1656 3177 1790 3249 ipsis
1827 3155 1981 3236 adest
2031 3197 2129 3251 per
2157 3155 2201 3216 (ἶ
2231 3187 2325 3233 aut
2370 3179 2547 3235 redire
2592 3180 2902 3236 omnimodo
2927 3189 3357 3251 contemnentes,
3389 3185 3517 3241 inde
3554 3184 3653 3241 illic
3674 3198 3769 3255 gn:

554 3263 839 3333 judicium,
883 3264 1081 3337 quibus
1108 3266 1293 3323 deesse
1322 3266 1534 3323 videtur
1584 3284 1681 3340 per
1735 3271 2128 3341 adjumeutum.
2232 3267 2352 3323 vius
2380 3268 2690 3338 puniantur.
2725 3269 3020 3339 Sequitur:
3071 3269 3309 3337 Quorum
3335 3275 3593 3328 sententia
3620 3269 3768 3344 procul

561 3353 845 3424 Sequitur:
2232 3357 2298 3411 sit
2325 3374 2360 3410 a
2382 3373 2557 3412 me.—
2570 3356 2682 3413 Hoc
2702 3357 2863 3413 etiam
2884 3373 2982 3428 per
3001 3359 3218 3415 beatum
3233 3360 3334 3417 Job
3354 3361 3561 3418 dictum
3583 3369 3683 3417 est:
3699 3359 3769 3413 Ait

630 3447 795 3503 Vsus.
821 3446 907 3503 l5.
962 3447 1215 3527 Nunquid
1255 3450 1492 3505 semitam
1531 3450 1845 3506 sazculorum
1876 3454 2134 3515 custodire
2232 3461 2502 3518 namque:
2527 3445 2767 3515 Quorum
2790 3449 3077 3504 consilium
3098 3449 3255 3523 longe
3274 3451 3396 3507 sita
3418 3467 3529 3509 me.
3550 3448 3766 3519 Quamvis

561 3539 727 3609 cupis,
744 3555 901 3610 quam
944 3539 1272 3596 calcaverunt
1300 3542 1397 3596 uiri
1432 3542 1905 3613 iniqui?—,Sicut
1942 3545 2135 3601 semita
2233 3537 2378 3593 aliud
2425 3539 2714 3605 sententia,
2761 3547 2819 3593 at
2853 3538 2999 3595 aliud
3026 3539 3313 3597 consilium
3353 3543 3531 3611 possit
3562 3536 3765 3607 intelligi.

561 3628 934 3699 Redemptoris
961 3631 1128 3685 nostri
1152 3631 1442 3697 humilitas,
1486 3633 1559 3687 ita
1587 3635 1781 3689 semita
1811 3636 2130 3693 sazculorum
2235 3625 2516 3680 Sententia
2537 3626 2734 3697 (ιυίρρθ
2756 3627 2809 3680 in
2832 3642 2927 3682 ονε
2946 3636 3047 3695 εει,
3075 3628 3358 3684 consulum
3382 3629 3435 3685 in
3463 3627 3763 3700 cogitatione.

562 3719 836 3788 superbia.
896 3719 1227 3779 Smculorum
1277 3721 1462 3792 itaque
1507 3723 1755 3778 semitam
1802 3724 1902 3779 viri
1966 3725 2134 3795 iniqui
2233 3714 2461 3772 Constat
2507 3716 2762 3772 nimirum
2812 3717 2940 3786 quia
2986 3718 3088 3774 iste
3140 3718 3403 3774 malorum
3449 3712 3641 3782 verbis,
3688 3714 3768 3769 istc

560 3809 795 3874 calcant,
826 3809 951 3881 quia
999 3824 1094 3880 per
1124 3809 1285 3880 hujus
1328 3811 1452 3868 vita:
1498 3812 1761 3869 desideria
1819 3814 1873 3870 in
1903 3814 2137 3872 elatione
2234 3819 2365 3860 vero
2385 3804 2551 3860 etiam
2573 3820 2603 3860 a
2623 3805 2951 3876 cogitatione
2972 3806 3242 3863 desiderat
3260 3822 3380 3864 esse
3403 3801 3767 3865 dissimilis.Se-

562 3900 959 3971 perambulant.
993 3900 1279 3971 Sequitur:

899 3908 959 3956 ιι.
993 3900 1279 3971 Sequitur:
2234 3895 2421 3966 quitur
2446 3912 2458 3949 :

636 3992 799 4047 Vens.
831 3992 918 4047 16.
953 3991 1057 4058 Qui
1089 3992 1279 4047 sublati
1318 4003 1436 4047 sunt
1485 4004 1604 4048 ante
1637 4004 1836 4064 tenipus
1871 4015 2046 4062 suum,
2088 4008 2136 4053 ει
2309 3987 2469 4043 Vens.
2496 3987 2585 4042 19.
2621 3985 2876 4055 Videbunt
2890 3988 3025 4059 justi
3048 3997 3096 4044 et
3121 3988 3462 4057 laetabuntur,
3487 3999 3535 4045 et
3561 3989 3764 4042 inuocem

563 4083 754 4150 [invius
782 4083 1028 4137 subvertit
1057 4081 1454 4152 fundamentum
1503 4101 1701 4138 eorum.
1735 4117 1792 4128 —-
1830 4088 1961 4142 Cum
2002 4098 2122 4145 tent-

2235 4077 2579 4133 subsannabit
2612 4093 2721 4133 eos.
2758 4109 2830 4121 --
2858 4078 2996 4135 Justi
3016 4120 3034 4147 ,
3064 4096 3187 4136 cum
3233 4081 3322 4138 hic
3366 4080 3591 4149 iniustos
3614 4086 3763 4131 errare

564 4186 667 4240 pus
692 4171 813 4226 vita:
843 4186 872 4225 a
899 4171 1078 4227 divina
1109 4171 1264 4227 nobis
1292 4173 1626 4243 praescientia
1657 4174 1730 4229 sit
1763 4176 1944 4246 procul
1976 4178 2139 4233 dubio
2236 4167 2596 4240 conspiciunt,
2634 4169 2701 4224 de
2738 4184 2926 4226 errore
2950 4172 3285 4241 pereuntium
3316 4186 3424 4227 non
3463 4173 3670 4242 possunt
3692 4163 3762 4217 la:-

567 4261 756 4327 llxum,
794 4261 1140 4330 quaerendum
1178 4261 1333 4317 valde
1361 4270 1466 4328 est,
1510 4277 1616 4334 qua
1648 4264 1854 4321 ratione
1883 4282 2026 4323 nunc
2051 4267 2137 4323 di-
2238 4259 2363 4313 tari.
2419 4258 2477 4315 Si
2525 4261 2667 4315 enim
2709 4261 2946 4331 gaudent
2973 4261 3284 4330 erroribus,
3324 4263 3458 4335 justi
3508 4276 3608 4317 non
3646 4261 3759 4311 sunt.

566 4359 677 4415 cat,
719 4348 859 4420 quod
891 4351 1059 4422 iniqui
1090 4364 1155 4406 ex
1205 4353 1460 4421 praesenti
1503 4353 1698 4409 saeculo
1749 4364 1877 4411 ante
1929 4364 2139 4428 tempus
2236 4346 2473 4403 Rursum
2501 4348 2545 4403 si
2567 4363 2665 4419 per
2686 4349 3091 4409 insultationem
3119 4350 3388 4416 leuantur,
3413 4366 3479 4408 eo
3502 4348 3634 4421 quod
3659 4342 3763 4398 tales

567 4440 842 4509 proprium
906 4440 1311 4495 subtrahantur.
1368 4439 1719 4511 Omnipotens
1778 4445 1922 4498 enim
1972 4444 2135 4511 Deus,
2166 4498 2211 4511 λ
2239 4452 2346 4492 non
2375 4447 2501 4493 sunt
2529 4437 2718 4507 quales
2743 4438 2879 4494 alios
2911 4453 3034 4496 esse
3067 4440 3444 4511 conspiciunt,
3470 4436 3670 4496 omnino
3690 4444 3760 4486 suo

566 4498 682 4586 etsi.
704 4530 990 4601 aliquando
1038 4536 1213 4584 mutat
1242 4498 1597 4597 sententiam,
1616 4546 1886 4600 nunquam
1927 4498 2140 4604 ergoet;
2166 4498 2215 4557 ι)
2241 4528 2391 4600 perbi
2414 4498 2562 4584 sunt:
2596 4528 2747 4585 Unde
2766 4539 2822 4587 et
2843 4529 3149 4587 Pharisaus
3168 4498 3600 4603 jitstilicationem
3621 4519 3763 4596 perdi-

570 4630 809 4691 tempore
860 4631 928 4672 ex
977 4616 1080 4672 hac
1144 4617 1254 4671 vita
1304 4616 1533 4687 quisque
1598 4618 1975 4687 subtrahitur,
2033 4635 2140 4691 quo
2243 4619 2951 4690 dit,quipublicanimeritis
2970 4622 3254 4694 gaudendo
3274 4618 3757 4694 seprzetuliudicens:

567 4731 637 4769 ex
682 4712 861 4769 divina
909 4712 1147 4784 potentia
1205 4719 1330 4765 ante
1379 4718 1620 4780 tempora
1676 4712 1975 4782 praescitur.
2033 4712 2141 4769 Sed
2245 4729 2264 4763 ι
2295 4709 2511 4766 Gratias
2536 4724 2637 4782 ago
2669 4710 2795 4776 tibi,
2824 4711 2953 4781 quia
2981 4726 3089 4767 non
3115 4726 3235 4767 sum
3260 4712 3403 4768 sicut
3428 4708 3596 4767 caeteri
3622 4697 3760 4759 horni-

568 4803 848 4862 sciendum
903 4803 1026 4874 quia
1070 4816 1264 4858 creans
1319 4809 1375 4855 et
1422 4801 1680 4856 ordinans
1731 4817 1829 4857 nos
1890 4801 2139 4873 omnipo-
2239 4814 2358 4865 nes,
2376 4797 3267 4869 raptores,injusti,adulteri,velut
3290 4801 3454 4856 etiam
3478 4790 3758 4865 bicpublica-

572 4906 690 4955 tens
716 4897 861 4953 Deus
886 4894 1040 4965 juxta
1063 4893 1392 4966 singulorum
1430 4892 1623 4948 merita
1658 4892 1910 4964 disponit,
1942 4903 1998 4950 et
2037 4903 2143 4950 ter-
2240 4885 3180 4961 nus(l.uc.xvm,ll).sQuandoergo
3196 4878 3757 4974 videbuntjustiiuiqtlo:

572 4990 778 5042 minum
807 4964 969 5042 utiet
1010 4964 1185 5042 malus
1233 4986 1323 5042 ille
1365 4986 1603 5042 breviter
1629 4986 1798 5042 vivat,
1844 5001 1913 5042 ne
1957 4987 2142 5042 multis
2241 4995 2360 5035 rum
2385 4976 3091 5041 ἰηῑθΐίωωθῐὶωωιὶυηιυΐ.
3117 4978 3218 5033 nisi
3245 4994 3368 5041 cum
3388 4964 3755 5037 district0l“diCi

2228 1558 2375 1605 recte
2400 1549 2466 1606 de
2505 1552 2702 1632 iniquis
2732 1554 2926 1610 dicitur
2955 1576 2968 1611 :
2997 1556 3064 1612 Et
3107 1561 3296 1628 ﬂuvius
3321 1562 3578 1617 subvertit
3617 1564 3777 1632 [uada-
