3948 5398
90 342 208 396 293

845 340 1144 397 EPITOME
1183 339 1542 396 MORALIUM
1585 339 1642 394 S.
1684 339 1890 394 GREG.
1933 340 1996 394 IN
2031 340 2168 397 JOB.
2208 372 2277 382 —
2313 341 2437 396 LIB.
2477 341 2614 397 XVI.

3253 349 3359 406 295

169 447 338 503 Vsus.
368 447 460 502 20.
493 446 679 501 Nonne
723 448 925 501 succisa
963 457 1036 502 est
1066 449 1255 502 erectio
1285 465 1487 512 eorum,
1520 459 1566 501 et
1599 464 1672 501 re-
1709 453 1756 511 Α
1854 450 2015 504 Vens.
2045 450 2135 504 25.
2179 451 2395 519 Eritque
2431 452 2765 524 Omnipotens
2803 465 2982 509 contra
3018 457 3188 514 hostes
3215 468 3355 527 tuos,

88 537 293 608 liquias
319 552 505 589 eorum
533 535 793 589 deeorabit
824 536 996 606 ignis?
1021 567 1089 576 —
1118 536 1216 591 Hic
1246 551 1480 606 namque
1506 537 1672 606 iniqui

89 632 266 686 erecti
318 639 471 695 sunt,
503 629 624 699 quia
657 631 710 684 in
753 629 935 698 pravis
983 629 1285 684 actionibus
1326 629 1674 694 extolluntur,

90 723 222 792 quia
255 737 518 792 perversa
548 729 730 793 agunt,
754 729 807 775 et
839 729 1017 774 tamen
1040 735 1139 790 pro
1164 720 1435 791 perversis
1465 720 1678 774 actibus

92 813 326 866 minime
365 811 802 878 feriuntur._Sed
853 826 1039 866 eorum
1067 811 1269 865 erectio
1303 817 1428 864 tunc
1449 810 1678 864 succidi-

94 916 206 968 tur,
233 919 362 958 cum
417 904 563 959 vela
605 903 854 974 prtesenti
899 904 1008 957 vita
1053 903 1119 958 ad
1171 903 1480 966 interitum,
1519 903 1602 956 vel
1646 918 1674 956 a

93 1004 401 1062 conspectu
438 995 626 1048 aeterni
657 993 858 1062 judicis
904 993 970 1047 ad
1001 1003 1261 1048 :eternum
1300 994 1561 1064 gehennae
1598 992 1676 1047 in-

93 1086 355 1140 cendium
381 1085 794 1154 pertrahuntur.
830 1084 931 1151 Qni
959 1093 1012 1138 et
1041 1086 1084 1140 si
1112 1085 1199 1139 hic
1221 1093 1492 1138 mortuam
1522 1097 1675 1138 suam

93 1189 323 1230 carnem
349 1174 694 1244 relinquunt,
740 1174 909 1245 ipsam
946 1189 1161 1244 quoque
1189 1175 1243 1228 in
1283 1173 1678 1230 resurrectione

96 1267 391 1336 recipient,
417 1273 613 1320 utcum
639 1279 801 1320 carne
827 1266 1069 1330 ardeant,
1095 1265 1146 1317 in
1168 1279 1273 1334 qua
1295 1271 1675 1333 peccaverunt,

95 1359 242 1413 sicut
272 1358 422 1412 enim
471 1372 657 1412 eorum
697 1356 852 1425 culpa
888 1355 941 1410 in
983 1365 1162 1410 mente
1199 1355 1299 1410 fuit
1339 1363 1395 1410 et
1428 1369 1676 1424 corpore,

98 1450 174 1502 ita
202 1464 396 1502 eorum
427 1462 588 1516 paena
622 1448 676 1501 in
706 1447 884 1502 anima
924 1445 1027 1500 erit
1061 1447 1267 1517 pariter
1291 1454 1345 1500 et
1368 1458 1554 1500 carne.
1583 1443 1680 1498 Se-

97 1540 287 1609 quitur
316 1557 332 1594 :

167 1629 342 1684 Vens.
373 1628 436 1682 Si
465 1669 481 1694 ,
503 1627 593 1682 22.
632 1627 911 1698 Acquiesce
929 1626 1090 1697 igitur
1115 1630 1182 1692 ei,
1201 1635 1249 1681 et
1273 1627 1455 1680 habeto
1475 1641 1676 1696 pacem,

96 1732 145 1776 et
160 1739 254 1791 per
268 1722 384 1776 hac
401 1721 613 1776 habebis
635 1721 664 1790 ί
662 1729 836 1774 ructus
858 1721 1100 1789 optimos.
1125 1718 1341 1789 Suscipe
1353 1734 1418 1774 ea:
1429 1733 1518 1773 ore
1535 1716 1678 1772 illius

1778 551 1825 594 et
1847 551 2116 610 argentum
2151 544 2538 597 coacervabitur
2573 545 2684 598 tibi.
2723 575 2791 586 -
2821 546 2966 613 Quos
3008 549 3178 620 magis
3224 551 3358 607 alios

1780 632 1960 686 hostes
1988 632 2242 700 patimur,
2271 648 2432 702 quam
2459 633 2721 704 malignos
2763 636 3006 704 spiritus,
3033 639 3124 706 qui
3149 639 3356 710 cogita-

1778 720 2012 776 tionibus
2038 721 2236 776 nostris
2264 721 2555 776 obsident?
2582 724 2803 792 Argenti
2825 727 3040 782 nomine
3065 743 3217 783 sacra
3245 729 3360 784 elo-

1777 812 1904 880 quia
1947 810 2218 882 designari
2277 820 2504 867 testatur
2543 813 2859 881 Psalmista,
2896 817 2986 887 qui
3025 817 3102 872 ait
3137 836 3149 872 :
3189 835 3210 872 ι
3238 818 3363 874 Elo-

1778 901 1900 970 quia
1927 900 2161 966 Domini,
2204 901 2416 971 eloquia
2456 911 2630 967 casta,
2669 913 2951 974 argentum
2993 905 3114 976 igne
3155 909 3361 962 exami-

1779 992 2058 1056 miuatum,
2081 992 2362 1062 probatum
2388 1002 2543 1048 terra;
2563 993 2734 1064 (l’sal.
2750 1010 2828 1058 xt,
2843 995 2920 1064 7).
2947 1013 2968 1047 ι
2993 995 3059 1050 Et
3079 1011 3220 1066 saepe
3241 1013 3363 1052 cum

1779 1080 1950 1135 sacris
1997 1080 2224 1149 eloquiis
2268 1082 2615 1148 intendimus,
2665 1083 3022 1152 malignorum
3069 1087 3354 1154 spirituum

1779 1168 2009 1225 insidias
2023 1172 2240 1242 gravius
2268 1172 2578 1238 toleramus,
2605 1173 2729 1243 quia
2753 1175 2918 1229 menti
2946 1184 3145 1231 nostra:
3183 1184 3354 1232 terre-

1778 1275 1970 1314 narum
1995 1262 2376 1329 cogitationum
2408 1263 2680 1332 pulverem
2723 1273 3035 1337 aspergunt,
3076 1276 3136 1322 ιιι
3181 1268 3360 1322 intcu-

1780 1349 1942 1405 tionis
1982 1361 2179 1406 nostma
2221 1354 2406 1407 oculos
2437 1370 2466 1408 a
2503 1354 2620 1410 luce
2655 1355 2856 1410 intimae
2892 1357 3118 1412 visionis
3157 1359 3356 1414 obscu-

1779 1448 1920 1494 rent.
1997 1441 2132 1508 Quid
2191 1443 2442 1498 nimirum
2494 1444 2779 1500 Psalmista
2839 1446 3184 1516 protulerat,
3238 1464 3362 1503 cum

1779 1529 2040 1586 dicebat:
2089 1551 2107 1585 ι
2138 1533 2410 1590 Declinate
2464 1551 2494 1589 a
2549 1551 2655 1602 me,
2683 1536 2920 1607 maligni,
2975 1547 3030 1592 et
3085 1539 3366 1593 scrutabor

1779 1622 2032 1676 mandata
2061 1622 2156 1678 Dei
2183 1624 2285 1677 mci
2311 1622 2481 1694 (Psal.
2506 1641 2694 1692 cum,
2724 1626 2832 1695 15).
2863 1645 2882 1679 ι
2929 1626 3034 1682 Sed
3056 1629 3179 1697 quia
3203 1643 3364 1683 nemo

1784 1711 1967 1766 hostes
2022 1727 2116 1765 sua
2173 1713 2372 1768 virtute
2417 1723 2657 1784 superat,
2697 1729 2792 1784 per
2844 1715 3065 1787 Eliphaz
3117 1718 3360 1772 dicitur:

97 1814 287 1883 legem,
320 1822 367 1866 et
398 1829 533 1882 pone
563 1827 824 1866 sermones
868 1811 982 1882 ejus
1011 1813 1067 1865 in
1091 1813 1245 1865 corde
1280 1821 1390 1865 tuo.
1417 1841 1490 1852 -—
1511 1809 1679 1878 Culpa
1714 1809 1754 1866 Β
1786 1801 1999 1872 Eritque
2029 1800 2363 1871 Omnipotens
2389 1815 2570 1858 contra
2600 1806 2769 1859 hostes
2810 1814 2948 1872 tuos,
2998 1815 3047 1860 et
3089 1816 3362 1876 argentum

97 1900 370 1970 superbire
393 1910 482 1955 est
509 1900 704 1955 docere
743 1900 1040 1955 meliorem.
1068 1899 1239 1966 Quam
1266 1914 1406 1970 saepe
1437 1899 1675 1955 haeretici

96 2001 436 2061 perpetrant,
467 1992 560 2060 qui
589 1992 655 2045 de
679 1991 763 2045 his
788 2007 907 2061 quae
932 2007 1096 2061 prave
1121 1992 1374 2054 sentiunt,
1403 1992 1552 2061 quasi
1585 1992 1680 2045 do-

98 2095 224 2134 cere
269 2080 566 2134 catholicos
600 2089 952 2147 praesumunt.
985 2081 1137 2135 Tunc
1174 2083 1318 2135 enim
1345 2088 1536 2150 putant
1569 2080 1680 2134 Deo

101 2171 496 2238 acquiescere,
558 2170 645 2235 si,
674 2169 791 2223 illus
844 2170 1130 2233 contigerit
1178 2185 1364 2224 eorum
1414 2170 1682 2240 perversi-

96 2263 301 2318 tatibns
345 2261 688 2324 consentire,
729 2269 784 2316 et
820 2261 1285 2330 acquiescentibus
1326 2277 1512 2330 pacem
1556 2277 1681 2331 pro-

99 2356 347 2419 mittunt,
386 2352 511 2421 quia
545 2360 734 2406 contra
773 2365 869 2406 eos
911 2352 1002 2421 qui
1040 2351 1142 2406 sibi
1187 2353 1529 2407 consentiunt
1564 2351 1678 2420 jam

93 2444 302 2514 iurgari
345 2443 630 2498 desistunt.
677 2441 907 2496 Fructus
947 2450 1127 2496 autem
1157 2441 1387 2510 optimos
1423 2442 1522 2496 sibi
1554 2457 1681 2497 con-

97 2533 454 2588 sentientibus
480 2531 824 2602 pollicentur,
870 2531 993 2600 quia
1021 2547 1115 2587 eos
1143 2531 1288 2586 solos
1328 2533 1467 2586 bona
1513 2546 1678 2599 opera

94 2637 252 2690 agere
279 2621 607 2682 existimant,
639 2634 772 2689 quos
813 2619 882 2675 ad
929 2635 1026 2674 sua
1071 2619 1321 2690 dogmata
1363 2633 1421 2675 se
1460 2620 1678 2674 trahere

94 2712 387 2765 exsultant.
434 2708 638 2776 Quibus
677 2710 777 2764 hoc
807 2709 1053 2779 congruit
1077 2710 1219 2778 quod
1249 2708 1509 2779 adjungit.
1544 2709 1677 2764 Sus-

93 2804 202 2871 cipe
227 2817 294 2854 ex
323 2816 413 2854 ore
447 2799 590 2852 illius
622 2798 806 2868 legem,
837 2799 962 2867 quia
991 2813 1054 2853 ea
1108 2813 1227 2868 qua
1266 2798 1366 2869 ipsi
1414 2799 1676 2863 sentiunt,

93 2909 156 2946 ex
177 2908 275 2947 ore
306 2892 401 2946 Dei
437 2891 728 2963 procedere
749 2892 1110 2960 suspicantur.
1165 2889 1231 2944 Et
1260 2906 1393 2960 pone
1417 2906 1676 2944 sermones

92 2985 202 3053 ejus
227 2985 285 3037 in
306 2986 462 3038 corde
489 2993 600 3037 tuo.
640 2983 721 3038 Ac
758 2983 801 3038 si
835 2991 1042 3036 astruat
1071 2982 1253 3037 dicens
1293 3000 1306 3036 :
1349 2981 1496 3048 Quos
1533 2997 1676 3036 nunc

92 3089 264 3142 usque
293 3073 346 3126 in
384 3086 496 3134 ore,
531 3080 585 3126 et
624 3087 731 3125 non
768 3071 819 3124 in
863 3071 1026 3126 corde
1067 3069 1314 3136 tenuisti;
1352 3069 1478 3139 quia
1532 3069 1673 3124 enim

1779 1893 2165 1946 coacervabitur
2185 1893 2296 1948 tibi.
2336 1893 2413 1949 Ac
2443 1894 2486 1949 si
2519 1904 2703 1964 aperte
2731 1896 3002 1952 diceretur
3031 1912 3047 1951 :
3078 1899 3214 1953 Dum
3243 1913 3362 1953 ma-

1782 1984 1956 2052 lignos
2001 1985 2227 2052 spiritus
2259 1986 2518 2040 Dominus
2551 2002 2579 2039 a
2611 1995 2662 2041 te
2693 2002 2791 2042 sua
2834 1988 3032 2043 virtute
3074 1989 3362 2058 repulerit,

1780 2075 1946 2129 divini
2007 2074 2204 2144 eloquii
2267 2075 2523 2130 talentum
2596 2076 2830 2132 lucidum
2907 2078 3192 2133 excrescit.
3268 2076 3366 2132 Se-

1779 2166 1962 2234 quitur
2001 2183 2013 2217 :

1852 2257 2011 2311 Vens.
2067 2255 2156 2309 26.
2211 2256 2354 2311 Tune
2403 2273 2560 2324 super
2610 2258 3021 2329 Omnipotentem
3053 2259 3252 2312 deliciis
3283 2259 3368 2328 af-

1777 2348 1928 2416 ﬂues.
1960 2375 2029 2385 —
2061 2343 2231 2414 Super
2268 2345 2700 2415 Omnipotentem
2741 2348 2949 2404 deliciis
2999 2348 3217 2404 atlluere
3259 2357 3366 2413 est,

1780 2435 1833 2490 in
1874 2451 2056 2491 amore
2101 2437 2240 2491 illius
2292 2439 2584 2507 Scriptura:
2627 2455 2793 2495 sacra:
2837 2442 3008 2511 epulis
3047 2443 3256 2508 satiari,
3309 2443 3365 2496 in

1779 2524 1929 2592 cuius
1958 2527 2210 2579 nimirum
2253 2527 2430 2582 verbis
2473 2536 2550 2582 tot
2599 2529 2818 2584 delicias
2865 2531 3193 2594 invenimus,
3234 2539 3368 2600 quot

1779 2613 1844 2667 ad
1881 2625 2188 2681 provectum
2216 2625 2456 2669 nostrum
2490 2616 2852 2686 intelligentiae
2895 2618 3233 2672 diversitates
3269 2633 3365 2673 ac-

1778 2704 2024 2772 cipimus.
2076 2701 2211 2760 ilinc
2246 2706 2406 2760 etiam
2448 2708 2500 2762 in
2525 2707 2933 2762 admirationem
2971 2724 3178 2778 sponsa:
3232 2711 3366 2763 scri-

1777 2802 1928 2862 ptum
1971 2803 2092 2848 est:
2127 2813 2147 2846 ι
2178 2794 2306 2860 Quze
2349 2803 2433 2848 est
2471 2795 2570 2848 ista
2602 2811 2721 2863 quae
2754 2796 2994 2850 ascendit
3024 2796 3090 2849 de
3123 2796 3359 2862 deserto,

1778 2885 1984 2940 deliciis
2009 2883 2274 2940 :iﬂlttcus?
2303 2904 2320 2936 ι
2351 2884 2526 2954 (Cant.
2557 2901 2672 2948 vm,
2707 2886 2786 2954 5.)
2830 2885 3089 2955 Sequitur
3115 2905 3127 2940 :
3155 2886 3222 2940 Et
3261 2886 3367 2941 ele-

1777 2975 1921 3028 vabis
1971 2975 2039 3026 ad
2088 2975 2252 3028 Deum
2302 2975 2489 3042 facient
2535 2975 2905 3030 tuam—Ad
2955 2977 3120 3032 Deum
3167 2977 3360 3032 faciem

1778 3067 1988 3120 elevare
2017 3075 2098 3120 est
2128 3081 2223 3120 cor
2268 3065 2334 3120 ad
2377 3065 2626 3120 sublimia
2674 3066 3047 3137 investiganda
3088 3067 3359 3131 attollere,

91 3178 281 3217 eorum
322 3175 578 3231 perversa
623 3161 876 3230 dogmata
915 3160 1151 3230 respuit,
1190 3175 1295 3215 non
1339 3173 1461 3214 eum
1509 3160 1675 3214 verba
1701 3149 1744 3210 C
1776 3173 1901 3211 nam
1939 3158 2078 3212 sicut
2105 3171 2200 3227 per
2239 3156 2479 3226 corporis
2507 3156 2695 3211 faciem
2726 3155 2950 3219 homini,
2987 3156 3056 3210 ita
3088 3172 3184 3226 per
3229 3157 3366 3212 inte-

92 3253 184 3306 Dei
221 3252 277 3306 in
312 3265 507 3317 sensu,
542 3253 637 3307 sed
675 3251 730 3306 in
763 3251 1072 3306 ostensione
1099 3250 1350 3306 habuisse
1378 3249 1670 3305 criminan-

95 3353 198 3396 tur.
247 3341 506 3414 Sequitur
531 3359 546 3396 :

161 3434 327 3488 Vens.
365 3433 454 3488 23.
495 3431 555 3487 Si
576 3448 809 3487 reversus
831 3433 993 3499 fueris
1016 3432 1085 3485 ad
1113 3429 1522 3501 Omnipotentem
1547 3431 1674 3484 trdi-

90 3520 331 3585 ficaberis
359 3560 374 3584 ,
423 3528 470 3572 et
511 3518 662 3588 longe
706 3518 865 3586 {acies
908 3519 1227 3583 iniquitatent
1263 3534 1296 3571 a
1340 3517 1674 3571 tabernaculo

91 3622 197 3665 tuo.
233 3641 307 3650 —
335 3610 574 3666 Fidelem
620 3609 873 3680 p0pulum
899 3626 930 3663 a
962 3611 1072 3665 Deo
1101 3610 1410 3665 discessisse
1436 3609 1674 3664 hatretici

89 3702 440 3766 existimant,
488 3716 613 3756 cum
662 3701 774 3756 suis
817 3699 1287 3770 praedicationibus
1330 3701 1669 3755 resistentem

89 3793 288 3854 vident,
313 3807 378 3846 ac
400 3792 446 3847 si
480 3800 668 3861 aperte
698 3792 878 3846 dicant
910 3809 922 3844 :
953 3791 1086 3858 Quia
1117 3790 1314 3845 nostris
1338 3790 1674 3861 dogmatibus

91 3886 392 3939 resistendo
421 3900 454 3938 a
481 3883 593 3940 Deo
629 3884 914 3949 recessisti,
945 3884 1145 3938 idcirco
1181 3881 1469 3950 a'justitiae
1506 3881 1673 3936 reditio

90 3975 303 4029 catione
325 3975 637 4030 destructus
659 3989 738 4028 es.
787 3972 1210 4028 Tabernaculum
1237 3987 1363 4028 vero
1389 3972 1673 4042 aliquando

92 4066 389 4135 accipimus
440 4049 846 4120 tabernaculum
893 4065 1158 4134 corporis,
1211 4048 1500 4133 aliquando
1544 4077 1674 4117 vero

92 4155 457 4210 habitaculum
485 4154 683 4221 cordis.
737 4151 871 4208 Nam
898 4154 1037 4208 sicut
1064 4154 1240 4208 anima
1270 4153 1575 4208 habitamus
1619 4153 1670 4206 in

93 4261 341 4315 corpore,
376 4245 450 4298 ita
476 4259 574 4314 per
607 4243 986 4314 cogitationem
1032 4244 1337 4314 habitamus
1380 4245 1432 4298 in
1473 4254 1670 4299 mente.

91 4334 352 4405 lniquitas
401 4349 530 4404 ergo
567 4334 618 4388 in
658 4335 998 4389 tabernaculo
1039 4335 1235 4390 mentis
1272 4343 1376 4400 est,
1421 4350 1672 4404 perversa

96 4427 320 4481 intentio
359 4426 414 4480 in
466 4425 648 4480 studio
686 4426 1048 4496 cogitationis,
1097 4425 1350 4494 iniquitas
1393 4423 1574 4482 autem
1612 4426 1668 4480 in

94 4515 442 4572 tabernaculo
490 4515 734 4585 corporis
761 4494 861 4571 est
916 4530 1011 4584 per
1066 4515 1424 4585 expletionem
1488 4515 1667 4586 operis
1700 4494 1745 4550 ι)

93 4607 230 4661 actio
267 4606 528 4662 carnalis.
574 4605 654 4661 Ac
682 4606 727 4661 si
757 4606 976 4676 Eliphaz
1014 4613 1258 4676 patenter
1294 4606 1437 4660 dicat
1466 4623 1480 4659 :
1513 4607 1672 4671 Quis-

95 4697 212 4764 quis
253 4697 322 4751 ad
363 4697 536 4751 Deum
575 4706 695 4766 post
717 4707 894 4752 errata
925 4699 1232 4760 revertitur,
1271 4699 1320 4751 iu
1350 4699 1673 4768 cogitatione

96 4787 250 4842 simul
280 4798 338 4843 et
364 4788 419 4842 in
442 4803 609 4858 opere
630 4789 931 4844 mundatur.
985 4788 1241 4859 Sequitur
1264 4807 1277 4843 :

162 4877 326 4933 Vens.
375 4877 468 4932 24.
514 4877 672 4932 Dabit
718 4895 814 4947 pro
851 4890 990 4933 terra
1028 4881 1248 4944 silicem,
1293 4891 1340 4934 et
1385 4899 1480 4950 pro
1530 4882 1674 4937 silice

98 4975 344 5022 torrentes
366 4983 578 5021 aureos.
605 4997 673 5005 —
697 4966 834 5033 Quid
876 4984 970 5037 per
1003 4978 1219 5033 terram,
1255 4969 1356 5023 nisi
1392 4971 1677 5026 inﬁrmitas

101 5057 342 5122 actionis,
374 5057 505 5126 quid
533 5071 632 5126 per
658 5057 910 5111 duritiam
939 5059 1124 5124 silicis,
1163 5060 1263 5116 nisi
1303 5061 1560 5117 fortitudo
1597 5063 1673 5118 si-

100 5135 323 5215 gnatur?
371 5147 511 5214 Quid
559 5161 655 5216 per
698 5154 960 5203 torrentes
991 5163 1206 5212 aureos,
1247 5149 1350 5204 nisi
1378 5152 1676 5207 doctrinam

102 5236 296 5264 δυσί-κιαι
358 5237 622 5264 λιιι-ξιλιξη
685 5236 972 5264 ΑΛΛξηξηῆοιη
1006 5240 1030 5264 9
1089 5237 1438 5264 ΛΜκὲκΑσκιαι-
1499 5251 1673 5264 -.-ι..--.

140 5237 296 5264 ..ἶ-κιαι
358 5237 622 5264 ΑΙιι-ξιλσξη
685 5236 972 5264 ΑΛΛξηξηῆοιη

1779 3247 1977 3302 riorem
2031 3246 2300 3300 hominem
2336 3247 2446 3300 Dco
2487 3246 2598 3300 noti
2644 3254 2806 3315 atque
2839 3245 3226 3315 conspicabiles
3273 3261 3364 3301 su-

1777 3351 1915 3390 mus.
1969 3334 2103 3389 Cum
2137 3349 2266 3389 vero
2305 3335 2473 3403 culpa:
2517 3343 2668 3388 reatu
2697 3333 3071 3404 deprimimur,
3097 3334 3164 3387 ad
3194 3334 3361 3389 Deum

1776 3427 1954 3482 levare
1981 3427 2161 3482 cordis
2191 3413 2358 3480 nostri
2395 3426 2586 3480 faciem
2617 3441 2898 3492 veremur;
2926 3440 3048 3482 cum
3086 3440 3215 3479 vero
3246 3439 3363 3494 pce-

1776 3521 2014 3574 nitentize
2060 3519 2310 3572 lamentis
2345 3518 2500 3587 culpa
2541 3518 2782 3584 diluitur,
2829 3527 2885 3572 et
2931 3518 3009 3572 sic
3053 3524 3362 3586 perpetrata

1775 3611 2116 3681 planguntur,
2161 3619 2217 3664 ut
2244 3610 2538 3680 plangenda
2569 3609 2786 3664 minime
2824 3617 3216 3678 perpetrcutur,
3253 3623 3364 3661 ma-

1774 3717 1878 3771 gna
1910 3699 2079 3754 menti
2104 3698 2295 3754 ﬁducia
2334 3697 2591 3760 nascitur,
2630 3706 2684 3752 et
2727 3697 2792 3750 ad
2842 3697 3216 3765 conspicienda
3260 3713 3354 3751 su-

1773 3805 1952 3858 pernae
1975 3787 2340 3843 retributiOnis
2369 3787 2559 3856 gaudia
2589 3784 2768 3839 cordis
2798 3785 2966 3838 nostri
2998 3783 3161 3838 facies
3199 3785 3350 3838 leva-

1776 3888 1881 3933 tur.
1941 3879 2018 3931 Ac
2066 3877 2110 3932 si
2164 3885 2346 3944 aperte
2407 3875 2642 3930 hmretici
2696 3875 2836 3929 ﬁdeli
2882 3874 3074 3943 pepulo
3116 3875 3297 3928 dicant
3339 3893 3354 3928 :

1774 3967 2018 4036 Quandiu
2066 3967 2500 4036 praedicationem
2530 3973 2771 4020 nostram
2807 3978 2912 4018 non
2953 3964 3220 4034 sequeris,
3264 3980 3359 4019 cor

1774 4067 1828 4121 in
1872 4062 2070 4118 inﬁmis
2103 4061 2322 4131 premis.
2367 4059 2664 4130 Sequitur:

1845 4154 2008 4208 Vens.
2051 4153 2140 4205 27.
2198 4150 2424 4221 Rogabis
2467 4167 2606 4214 eum,
2651 4157 2699 4202 et
2749 4149 2989 4202 exaudiet
3039 4157 3106 4202 te.
3147 4179 3216 4188 —
3256 4150 3362 4204 Ro-

1775 4251 1904 4315 gant
1928 4244 2126 4312 quippe
2157 4242 2462 4305 Dominum,
2489 4241 2580 4294 sed
2613 4238 2853 4292 exaudiri
2888 4238 3107 4294 minime
3153 4254 3363 4294 mercu-

1775 4343 1909 4395 tur,
1974 4333 2066 4402 qui
2115 4331 2356 4401 jubentis
2411 4331 2617 4384 Domini
2671 4339 2936 4399 priet-cpta
2972 4338 3355 4386 contemnunt.

1776 4425 1926 4480 Unde
1955 4425 2213 4494 scriptum
2261 4433 2346 4478 est
2373 4439 2386 4477 :
2423 4441 2442 4474 ι
2470 4422 2571 4490 Qui
2619 4422 2852 4477 declinat
2882 4437 3068 4478 aurem
3107 4438 3262 4478 suam
3291 4439 3360 4479 ne

1772 4517 1962 4577 audiat
1993 4518 2186 4583 legem,
2237 4513 2412 4570 oratio
2464 4513 2581 4584 ejus
2625 4513 2732 4567 erit
2779 4513 3130 4568 exsecrabilis
3173 4511 3361 4584 (Prov.

1773 4621 1964 4670 xxvttt,
2007 4605 2083 4677 9).
2119 4623 2138 4658 ι
2184 4604 2440 4674 Sequitur
2466 4621 2479 4658 :
2505 4603 2575 4658 Et
2615 4614 2732 4659 vota
2774 4613 2867 4658 tua
2920 4604 3123 4658 reddes.
3155 4633 3226 4644 —-
3257 4603 3361 4670 Qui

1773 4705 1896 4751 vota
1928 4695 2092 4760 vovit,
2140 4695 2234 4751 sed
2273 4696 2388 4752 haec
2434 4709 2533 4764 per
2581 4693 2948 4749 inﬁrmitatem
2995 4694 3206 4750 solvere
3254 4709 3361 4749 non

1773 4788 1934 4852 valet,
1963 4787 2012 4840 ei
2042 4801 2107 4841 ex
2136 4787 2339 4855 peccati
2367 4801 2525 4856 pcena
2575 4787 2772 4858 agitur,
2819 4794 2876 4840 ut
2913 4784 3111 4841 volenti
3140 4788 3368 4850 bonum,

1777 4892 1935 4948 posse
1959 4877 2325 4932 subtrahatur.
2385 4877 2520 4932 Cum
2567 4891 2699 4932 vero
2751 4876 2804 4929 in
2855 4885 3149 4945 conspectu
3189 4875 3367 4930 intimi

1772 4963 1971 5032 iudicis
2001 4985 2063 5025 ea
2101 4985 2224 5039 quae
2259 4969 2474 5024 obsistit
2518 4971 2675 5040 culpa
2731 4967 3045 5038 detergitur,
3092 4970 3151 5024 ﬁt
3199 4966 3368 5038 proti-
3447 5037 3456 5044 _

1781 5075 1882 5115 nus
1913 5067 1974 5112 ut
2002 5070 2186 5116 votum
2219 5059 2547 5129 possibilitas
2571 5067 2843 5128 sequatur.
2885 5057 3144 5130 Sequitur
3175 5075 3188 5110 :

1853 5149 2017 5205 Vens.
2051 5151 2140 5205 28.
2180 5149 2439 5204 Decernes
2482 5166 2614 5216 rem,
2670 5158 2716 5202 et
2746 5148 2937 5201 eueniet
2976 5150 3090 5202 tibi.
3133 5173 3204 5186 —-
3254 5141 3370 5199 Hoc

2142 5259 2209 5264 -.η
2246 5243 2635 5264 !-tn.....--.:,_--
2669 5238 2803 5264 ..,.1,.ι
2850 5247 2908 5264 ..ι
2944 5248 3146 5264 a-..s.....
3180 5248 3370 5264 annm-
