3948 5398
560 351 669 409 295

1547 342 1605 397 s.
1645 340 1892 400 ODONIS
1931 338 2218 395 ABBATIS
2252 324 2745 396 CLUNIACENSIS
2781 340 2822 396 Il

3703 344 3803 400 290

567 474 656 515 res
681 454 1066 522 deeerniturﬁct
1093 452 1260 516 venit,
1286 466 1407 506 cum
1433 452 1603 505 virtus
1629 466 1749 520 qua:
1774 465 1840 503 ex
1865 448 2132 503 desiderio
2160 452 2209 510 Λ
2237 450 2359 518 quia
2406 448 2560 518 juxta
2615 448 2764 504 Pauli
2808 463 3019 517 vocem,
3073 469 3092 503 ι
3124 465 3221 521 per
3245 450 3428 507 dulces
3455 443 3732 509 sermones
3756 465 3807 511 et

567 551 860 621 expetitur,
904 546 1161 615 largiente
1198 544 1310 598 Deo
1342 543 1506 598 etiam
1546 542 1793 596 allectum
1838 552 2127 609 prospera-

568 651 670 695 tur.
700 636 852 693 Unde
879 643 936 689 et
963 633 1138 688 adhuc
1161 632 1436 687 subditur:
1464 629 1529 683 Et
1564 630 1620 683 in
1641 628 1738 682 viis
1768 629 1870 680 tuis
1895 625 2130 695 splende-

567 735 637 787 bit
671 732 867 784 lumen.
897 757 965 767 —
998 726 1056 781 ln
1094 725 1195 779 viis
1241 724 1438 793 quippe
1498 720 1765 790 iustorum
1814 718 1993 772 lumen
2041 732 2129 772 re-

565 821 847 893 splendere
873 825 972 883 est,
999 832 1094 887 per
1123 816 1257 871 mira
1294 827 1515 884 Operam
1541 812 1799 865 virtutum
1825 809 1982 878 signa
2016 820 2128 861 sua:

565 911 832 967 claritatis
879 920 1192 978 aspergere,
1221 913 1282 959 ut
1309 915 1629 973 quocunque
1654 914 1752 970 per
1778 896 2130 952 intentionem

565 1007 811 1071 pergunt,
869 998 937 1053 ab
986 994 1307 1050 intuentium
1354 988 1610 1051 cordibus
1659 986 1866 1057 peccati
1920 993 2129 1040 noctem

566 1090 864 1153 excutiant,
906 1095 960 1141 et
994 1085 1073 1140 sui
1098 1085 1275 1154 operis
1316 1079 1639 1151 exemplain
1683 1078 1763 1133 eis
1790 1075 2015 1146 justitia:
2041 1075 2126 1130 lu-

566 1196 690 1235 men
728 1178 1031 1234 infundant.
1060 1174 1315 1244 Sequitur
1350 1188 1365 1226 :

636 1272 798 1325 Vsus.
830 1269 919 1323 29.
953 1266 1057 1333 Qui
1080 1266 1217 1319 enim
1256 1261 1560 1317 humiliatus
1587 1260 1767 1330 fuerit,
1791 1258 1889 1313 erit
1927 1257 1984 1311 in
2017 1254 2132 1327 glo-

567 1362 666 1425 ria,
693 1368 740 1414 et
764 1359 853 1429 qui
881 1356 1206 1411 inclinaverit
1230 1352 1427 1417 oculos,
1459 1351 1565 1420 ipse
1585 1348 1892 1404 saluabilur.
1912 1376 1984 1387 —-
2002 1344 2132 1411 Quae

567 1452 817 1505 nimirum
855 1446 1120 1503 sententia
1173 1461 1205 1499 a
1248 1443 1493 1499 veritatis
1543 1454 1638 1496 ore
1680 1454 1788 1493 non
1833 1438 2129 1506 discrepat,

570 1542 799 1598 dicentis
837 1558 851 1595 :
898 1559 917 1591 ι
960 1538 1147 1595 Omnis
1187 1536 1279 1606 qui
1314 1550 1372 1591 se
1412 1534 1614 1589 exaltat
1655 1530 2044 1593 humillabitur,
2076 1535 2133 1583 et

566 1634 655 1701 qui
678 1648 735 1689 se
765 1631 1007 1689 humiliat
1034 1626 1611 1698 exaltabitur(Mattlt.,
1630 1618 1947 1694 xxnt,12).s
1978 1620 2131 1676 Unde

569 1738 664 1792 per
706 1722 1046 1777 Salomonem
1089 1718 1288 1773 dicitur
1326 1733 1341 1770 :
1378 1733 1397 1767 ‹
1441 1716 1743 1783 Antequam
1794 1714 2123 1775 conteratur,

2234 539 2632 595 benedictiones
2681 541 2947 595 seducunt
2998 541 3162 597 corda
3214 541 3587 597 innocentium
3633 541 3802 602 (Rom.

2234 646 2345 697 xvr,
2377 630 2487 703 18).
2526 651 2546 685 s
2585 632 2774 687 Manus
2812 632 3010 702 quippe
3049 632 3219 703 plagae
3263 641 3348 689 est
3390 633 3654 689 fortitudo
3686 650 3807 705 per-

2232 719 2518 776 cussionis.
2583 720 2821 775 Primam
2874 722 3110 791 namque
3177 723 3590 791 percussionem
3655 737 3803 778 suam

2232 810 2385 865 electi
2419 810 2781 875 considerant,
2814 810 2903 880 qui
2951 826 2981 865 a
3007 810 3313 866 Conditoris
3353 812 3438 867 sui
3477 811 3687 866 visione
3725 812 3803 867 di-

2232 902 2333 957 visi
2384 899 2529 968 sunt,
2582 902 2705 971 quia
2756 906 3095 973 nequaquam
3144 902 3556 957 illuminationis
3606 902 3804 958 intima

2232 993 2481 1049 claritate
2539 991 2810 1059 fruuntur,
2861 995 2954 1047 sed
3011 994 3063 1047 in
3113 994 3395 1064 praesentis
3442 991 3571 1048 vitae
3619 994 3804 1049 exsilio

2232 1083 2385 1153 quasi
2414 1083 2466 1137 in
2489 1084 2751 1138 caecitatis
2776 1083 2893 1138 loco
2926 1083 3132 1153 religati
3158 1082 3398 1153 gemunt.
3425 1080 3659 1153 Semper
3683 1098 3805 1154 ergo

2231 1172 2434 1230 habent
2465 1174 2519 1228 in
2554 1174 2655 1228 hac
2684 1174 2794 1228 vita
2838 1189 3056 1228 manum
3095 1175 3267 1245 plagze
3314 1173 3580 1246 gemitum
3626 1191 3799 1239 suum,

2231 1266 2325 1321 sed
2347 1279 2469 1320 eum
2497 1265 2671 1320 adhuc
2699 1265 2863 1320 etiam
2897 1265 2949 1319 in
2992 1266 3094 1320 bac
3120 1264 3231 1319 vita
3263 1265 3491 1320 adversa
3520 1264 3802 1329 accedunt,

2236 1372 2431 1412 manus
2458 1356 2627 1427 plaga:
2659 1371 2844 1413 eorum
2871 1357 3033 1413 etiam
3064 1371 3227 1428 super
3245 1357 3507 1431 gemitum
3528 1365 3802 1428 gravatur.

2233 1444 2493 1517 Sequitur
2527 1462 2541 1501 :

2301 1535 2465 1589 Vens.
2496 1535 2551 1590 3.
2585 1535 2715 1602 Quis
2736 1536 2864 1590 mihi
2901 1535 3109 1590 tribuat
3148 1544 3205 1590 ut
3250 1550 3564 1607 cognoscam
3591 1536 3644 1590 et
3674 1535 3808 1591 inae-

2232 1625 2372 1679 niam
2398 1624 2546 1678 illum
2573 1633 2620 1680 et
2649 1626 2851 1681 veniam
2877 1641 3041 1698 usque
3068 1626 3137 1680 ad
3162 1626 3350 1681 solium
3376 1625 3493 1697 ejus
3511 1626 3540 1679 Ρ
3560 1656 3633 1666 -
3660 1625 3806 1681 ec-

2234 1724 2318 1769 tus
2343 1715 2570 1784 quisque
2613 1716 2713 1771 nisi
2746 1717 3031 1771 Dominum
3073 1716 3432 1788 cognovisset,
3480 1718 3675 1787 utique
3703 1732 3805 1772 non

565 1811 833 1865 exaltatur
877 1824 971 1864 cor
1015 1806 1271 1869 hominis,
1312 1815 1367 1859 et
1401 1811 1687 1872 antequam
1718 1800 1996 1870 glorietur,
2031 1798 2133 1852 bu-
2160 1797 2206 1858 Β
2233 1814 2457 1859 amaret.
2494 1804 2600 1860 Sed
2636 1806 2777 1860 aliud
2815 1814 2901 1861 est
2935 1821 3258 1878 cognoscere
3293 1820 3391 1876 per
3429 1807 3617 1870 ﬁdem,
3647 1815 3805 1875 atque

564 1901 801 1956 miliatnr
823 1896 1002 1971 (Prov.
1034 1910 1185 1959 xvut,
1216 1893 1356 1963 12).»
1390 1892 1555 1946 Recte
1569 1898 1745 1945 autem
1763 1888 1996 1943 dicitur:
2025 1884 2129 1951 Qui

561 1989 883 2043 iuclinaverit
908 1984 1085 2040 oculos
1114 1986 1222 2053 ipse
1258 1981 1567 2047 salvabitur,
1592 1979 1716 2049 quia
1744 1984 2003 2047 quantum
2030 1990 2130 2045 per

564 2080 926 2133 membrorum
960 2075 1318 2130 ministerium
1360 2070 1685 2142 deprehendi
1717 2076 1914 2140 potest,
1955 2066 2129 2137 prima

566 2167 830 2237 superbia:
870 2164 1110 2220 ostensio
1150 2163 1207 2217 in
1251 2161 1420 2217 oculis
1458 2174 1576 2216 esse
1620 2159 1776 2215 solet.
1814 2157 1950 2211 Hinc
1984 2156 2129 2211 enim

564 2260 821 2327 scriptum
862 2263 992 2311 est:
1043 2272 1063 2305 ι
1095 2254 1164 2308 Et
1205 2251 1389 2308 oculos
1430 2250 1782 2321 superborum
1820 2245 2129 2304 bumiliabis

565 2346 735 2413 (Psal.
772 2362 900 2410 xvn,
928 2345 1039 2415 28).
1072 2363 1091 2397 ο
1119 2343 1314 2400 Oculos
1341 2358 1470 2414 ergo
1495 2342 1753 2397 inclinare
1781 2349 1886 2403 est,
1917 2338 2125 2393 nullum

565 2435 894 2504 respiciendo
934 2434 1229 2503 despicere,
1275 2433 1370 2488 sed
1396 2447 1455 2489 se
1481 2432 1745 2487 minorem
1771 2438 1933 2500 atque
1961 2429 2131 2499 impa-

567 2540 678 2581 rem
714 2526 921 2580 cunctis
947 2539 1082 2594 quos
1118 2523 1312 2594 aspicit
1342 2522 1633 2577 testimarc.
1681 2520 1991 2575 Salvabitur
2028 2518 2132 2572 ita-

562 2629 667 2681 que
707 2613 798 2682 qui
828 2613 1012 2668 oculos
1066 2612 1308 2677 inclinat,
1344 2611 1470 2681 quia
1506 2612 1598 2680 qui
1642 2610 1835 2664 falsum
1866 2607 2131 2678 superbiat

561 2705 822 2760 verticem
849 2704 1071 2769 deserit,
1105 2702 1346 2758 veritatis
1376 2701 1710 2757 altitudinem
1738 2696 1997 2755 ascendit.
2026 2696 2126 2753 Se-

562 2795 746 2863 quitur
771 2811 784 2846 :

634 2884 793 2940 Vcas.
826 2883 912 2938 50.
948 2882 1249 2939 Saluabitur
1274 2890 1450 2937 autem
1483 2882 1730 2937 innocens
1772 2883 1827 2935 in
1868 2879 2130 2936 munditia

564 2992 811 3028 manuum
846 2986 1084 3030 suarum.
1135 3004 1206 3015 —
1256 2973 1385 3042 Quae
1411 2974 1616 3030 scilicet
1639 2975 1926 3039 sententia,
1979 2974 2026 3029 si
2063 2974 2130 3030 de

562 3064 797 3120 cmlestis
827 3065 977 3136 regni
1009 3064 1361 3120 retributione
1389 3065 1740 3135 promittitur,
1773 3064 2000 3118 veritate
2027 3062 2129 3117 ful-

2230 1895 2373 1951 aliud
2403 1911 2498 1966 per
2523 1897 2778 1965 speciem,
2806 1897 2949 1952 aliud
2987 1897 3226 1952 invenire
3265 1910 3362 1965 per
3405 1896 3800 1956 credulitatem,

2229 1982 2370 2037 aliud
2424 1998 2522 2052 per
2557 1983 3083 2053 contemplationem.
3134 1984 3212 2037 Ex
3253 1996 3357 2053 qua
3404 1990 3463 2037 re
3508 1984 3713 2054 agitur,
3753 1992 3806 2037 ut

2229 2070 2386 2126 electi
2424 2086 2613 2127 omnes
2654 2086 2798 2136 eum,
2834 2086 2993 2141 quem
3044 2071 3148 2126 tide
3185 2078 3577 2140 cognoverunt,
3621 2070 3806 2125 videre

2229 2174 2444 2232 quoque
2470 2174 2568 2231 per
2602 2162 2833 2232 speciem
2863 2162 3134 2227 anhelant,
3174 2161 3329 2230 cujus
3350 2176 3538 2216 amore
3568 2162 3805 2232 ﬂagran-

2232 2262 2312 2308 tes
2349 2262 2601 2319 (astuant,
2650 2254 2775 2324 quia
2818 2253 2935 2321 ejus
2982 2253 3280 2309 dulcedinis
3314 2254 3643 2309 Suavitatem
3690 2252 3803 2322 jam

2230 2343 2344 2413 ipsa
2380 2360 2489 2397 sua:
2520 2344 2642 2400 fidei
2670 2344 2996 2400 certitudine
3027 2343 3332 2415 degustant.
3367 2344 3507 2411 Quid
3539 2344 3689 2399 enim
3722 2359 3808 2398 so-

2231 2434 2362 2488 lium
2398 2435 2490 2490 Dei
2526 2445 2628 2499 est,
2659 2436 2763 2491 nisi
2799 2436 2871 2491 illi
2900 2436 3126 2506 angelici
3168 2437 3406 2506 spiritus,
3456 2437 3549 2506 qui
3582 2476 3599 2501 ,
3646 2436 3803 2491 Scri-

2232 2531 2387 2593 ptura
2424 2532 2582 2589 teste,
2624 2525 2824 2580 Throni
2862 2525 3036 2580 vocati
3074 2526 3231 2581 sunt?
3255 2524 3357 2592 Qui
3401 2528 3587 2595 utique
3621 2539 3794 2594 usque

2231 2610 2296 2665 ad
2319 2610 2510 2665 solium
2542 2612 2632 2666 Dei
2663 2613 2844 2667 venire
2868 2611 3004 2678 vult,
3032 2612 3159 2681 quid
3189 2612 3332 2666 aliud
3353 2628 3514 2682 quam
3537 2614 3803 2668 interesse

2235 2700 2491 2772 angelicis
2537 2701 2817 2771 spiritibus
2877 2702 3205 2773 concupiscit
3241 2712 3301 2757 ut
3328 2704 3471 2758 nulla
3498 2704 3614 2776 jam
3648 2704 3802 2760 defe-

2227 2793 2368 2850 ctiva
2397 2803 2697 2865 temporum
2720 2802 2991 2849 momenta
3019 2794 3303 2861 sustineat,
3332 2797 3425 2850 sed
3449 2796 3797 2866 permanenti

2227 2884 2398 2954 gloria
2425 2885 2479 2939 in
2510 2882 3019 2955 contemplationem
3041 2884 3363 2941 :eternitatis
3386 2887 3679 2956 exsurgat?
3706 2886 3802 2941 Se.

2228 2973 2413 3043 quitur
2444 2988 2460 3027 :

2298 3064 2465 3119 Vsus.
2491 3064 2547 3119 4.
2578 3064 2783 3119 Ponam
2827 3081 3003 3120 coram
3033 3081 3093 3120 eo
3126 3066 3413 3137 judicium,
3463 3077 3512 3122 et
3544 3083 3603 3122 os
3628 3082 3797 3122 meum

564 3155 724 3220 citur,
755 3155 881 3225 quia
908 3170 1031 3210 cum
1058 3155 1124 3210 de
1151 3156 1261 3212 Deo
1290 3157 1548 3227 scriptum
1580 3156 1650 3211 sit
1676 3173 1691 3211 :
1725 3174 1743 3207 ί
1767 3154 1868 3222 Qui
1897 3153 2130 3210 credidit
2155 3144 2200 3206 C
2231 3154 2433 3224 replebo
2462 3154 2927 3224 increpationibus.
2958 3184 3029 3196 —
3065 3154 3257 3211 Coram
3290 3157 3401 3212 Deo
3436 3172 3638 3227 ponere
3656 3158 3799 3228 judi.

562 3247 846 3317 unicuique
875 3246 1026 3317 juxta
1062 3261 1226 3318 opera
1262 3262 1358 3302 sua
1388 3245 1584 3318 (Hann,
1618 3262 1677 3311 ιι,
1709 3244 1785 3317 6),
1818 3264 1837 3299 ι
1888 3244 2035 3300 illum
2074 3244 2130 3300 in

564 3348 806 3393 extremo
826 3338 1077 3394 examine
1092 3338 1299 3409 justitia
1318 3337 1505 3393 aeterni
1524 3335 1724 3406 judicis
1750 3335 1944 3401 salvat,
1970 3349 2131 3405 quem

565 3426 653 3482 hic
682 3426 798 3495 ejus
835 3428 1009 3496 pietas
1059 3429 1127 3483 ab
1167 3427 1455 3483 immundis
1484 3427 1737 3497 operibus
1776 3426 1990 3480 liberat.
2035 3423 2131 3479 Sin

563 3530 696 3572 vero
722 3516 790 3571 ad
816 3517 918 3572 hoc
945 3516 1140 3573 salvari
1172 3518 1261 3572 hic
1297 3515 1524 3587 quisque
1569 3515 1832 3571 munditia
1872 3528 2130 3568 manuum

564 3622 782 3662 suarum
816 3608 1075 3674 creditur,
1122 3615 1182 3663 ut
1208 3609 1321 3663 suis
1348 3608 1554 3662 viribus
1582 3608 1840 3661 innocens
1870 3606 1979 3671 ﬂat,
2003 3620 2132 3675 pro-

563 3698 650 3753 cul
676 3699 839 3753 dubio
861 3707 1095 3763 erratur,
1136 3698 1260 3768 quia
1298 3698 1342 3753 si
1380 3711 1611 3766 superna
1644 3696 1814 3766 gratia
1848 3703 2130 3750 nocentem

569 3775 846 3866 pucvcnit,
892 3809 1163 3864 nunquam
1201 3792 1442 3864 profecto
1472 3791 1707 3846 inveniet
1749 3804 1907 3860 quem
1954 3803 2107 3843 remu

566 3893 719 3939 ueret
748 3884 1107 3939 innocentem.
1139 3882 1288 3937 Unde
1310 3880 1530 3937 veridici
1562 3879 1713 3934 Moisi
1740 3893 1870 3933 voce
1894 3878 2128 3933 dicitur:

570 3994 587 4027 ‹
624 3974 919 4044 Nullusque
960 3973 1099 4042 apud
1152 3980 1206 4027 te
1262 3986 1360 4041 per
1403 3986 1462 4026 se
1513 3970 1769 4026 innocens
1813 3977 1895 4023 est
1932 3967 2127 4037 (Exod.

566 4080 753 4129 xxxiv,
784 4064 860 4135 7).
902 4083 920 4114 ι
960 4062 1090 4130 Qua:
1130 4070 1310 4116 tamen
1353 4060 1531 4116 omnia
1562 4073 1659 4128 pro
1694 4068 1818 4129 typo
1855 4058 2135 4113 heretico-

569 4172 686 4210 rum
734 4153 1184 4225 promissionibus
1235 4158 1559 4223 congruunt.
1614 4150 1716 4217 Qui
1770 4166 1893 4204 cum
1948 4148 2132 4204 ﬁdeles

569 4261 781 4316 quoque
818 4247 873 4301 in
918 4244 1173 4317 prmsenti
1208 4244 1319 4298 vita
1361 4241 1585 4298 aﬂlietos
1618 4241 1923 4307 inveniunt,
1945 4255 2038 4297 eos
2064 4254 2129 4295 ex

569 4337 721 4406 culpa
750 4335 987 4407 perﬁdia:
1026 4348 1311 4406 percussos
1339 4332 1696 4396 arbitrantur,
1734 4331 1921 4400 eisque
1954 4330 1999 4385 si
2032 4342 2129 4386 sua

570 4432 820 4501 dogmata
855 4437 1169 4499 sequantur,
1209 4427 1433 4481 salutem
1483 4424 1805 4481 innocentia!
1844 4437 1940 4494 per
1965 4424 2131 4480 bono-

572 4537 690 4575 rum
720 4535 943 4591 opcrum
971 4518 1291 4574 munditiam
1319 4515 1657 4586 promittunt.
1698 4515 1954 4587 Sequitur
1982 4528 1999 4569 :

1129 4603 1355 4661 CAPUT
1394 4603 1583 4659 XXIII.

647 4702 806 4757 Vens.
840 4700 894 4764 I,
921 4699 976 4753 2.
1004 4695 1334 4768 Respondeas
1357 4705 1529 4751 autem
1557 4694 1656 4750 Job
1682 4694 1754 4749 ait
1785 4711 1804 4750 :
1834 4693 1988 4748 Nunc
2008 4709 2135 4764 quo-

573 4808 671 4865 que
699 4794 752 4844 in
779 4789 1132 4845 antaritudine
1171 4798 1245 4843 est
1289 4803 1454 4842 sermo
1488 4805 1648 4853 meus,
1682 4796 1730 4841 et
1760 4803 1944 4841 manus
1968 4786 2136 4856 plagte

574 4874 700 4936 metu
733 4887 1012 4950 aggravata
1034 4887 1108 4932 est
1139 4894 1293 4947 super
1319 4879 1563 4947 gemitum
1592 4875 2018 4930 meum—More
2039 4886 2137 4929 suo

504 4968 509 4975 ’
574 4972 791 5025 beatum
813 4965 912 5021 Job
936 4966 1266 5035 planioribus
1280 4966 1457 5020 verbis
1482 4966 1715 5027 inchoat,
1738 4964 1832 5018 sed
1853 4963 1992 5017 dicta
2014 4977 2129 5028 sua,

577 5063 685 5117 alta
757 5059 1001 5131 mysterii
1067 5058 1442 5129 prosecutione
1509 5063 1862 5111 consummat.
1934 5053 2132 5108 Mcderi

574 5156 769 5192 nninna
808 5152 959 5192 dnlnr
1005 5148 1181 5192 nMinti
1212 5165 1276 5192 pr
1310 5150 1604 5192 simiam-nm
1639 5146 2004 5192 nnnsnlatinne
2040 5142 2132 5190 tle-

2228 3246 2373 3302 cium
2404 3254 2507 3313 est,
2539 3247 2680 3301 intra
2713 3257 2985 3303 secretum
3021 3250 3218 3304 mentis
3257 3264 3356 3320 per
3389 3249 3799 3319 contemplatio.

2228 3353 2352 3393 nem
2391 3336 2535 3403 ﬁdei,
2582 3339 2650 3393 ad
2678 3340 3017 3394 tremendum
3044 3354 3273 3395 examen
3306 3337 3609 3409 majestatis
3658 3339 3795 3393 illius

2227 3426 2410 3483 oculos
2447 3436 2646 3483 nostra:
2684 3424 3135 3485 eonsiderationis
3175 3430 3404 3501 aperire,
3438 3431 3584 3500 quod
3611 3444 3797 3500 pecca-

2230 3526 2314 3574 tor
2351 3520 2513 3575 bomo
2556 3527 2831 3575 mereatur
2856 3520 3153 3585 attendere,
3182 3528 3258 3583 et,
3285 3519 3531 3575 occultus
3575 3536 3718 3575 nunc
3746 3530 3797 3575 et

2229 3608 2421 3663 tacitus
2443 3609 2607 3678 judex
2639 3623 2800 3678 quam
2834 3608 3089 3664 terribilis
3119 3617 3243 3679 post
3269 3617 3529 3679 appareat
3555 3611 3798 3664 conside-

2230 3712 2371 3753 rare.
2413 3697 2512 3765 Qui
2543 3698 2689 3753 enim
2719 3699 2822 3753 sibi
2869 3699 2922 3752 in
2968 3707 3255 3769 conspectu
3295 3698 3388 3752 Dei
3412 3696 3681 3767 judicium
3707 3714 3795 3769 po-

2231 3789 2332 3854 nit,
2363 3802 2425 3844 os
2454 3800 2609 3844 suum
2639 3787 3095 3857 increpationibus
3125 3787 3314 3856 replet,
3345 3788 3473 3859 quia
3513 3789 3643 3844 dum
3672 3789 3792 3844 sub-

2233 3879 2322 3935 tile
2338 3893 2563 3934 examen
2589 3878 2852 3933 trettlendi
2874 3886 3063 3933 contra
3083 3892 3144 3933 se
3161 3878 3360 3949 judicis
3381 3878 3796 3949 contemplatur,

2230 3984 2415 4023 amare
2454 3982 2513 4023 se
2561 3967 2892 4038 poenitentiae
2937 3966 3242 4022 invectione
3288 3968 3659 4037 persequitur.
3709 3966 3796 4021 Se-

2229 4057 2413 4127 quitur
2445 4073 2459 4110 :

2302 4150 2464 4204 Vsus.
2494 4148 2548 4203 5.
2591 4147 2661 4203 Ut
2709 4148 2875 4203 sciam
2906 4150 3055 4203 verba
3081 4164 3199 4219 qua:
3234 4147 3364 4202 mihi
3392 4149 3729 4219 respondeat,
3754 4156 3796 4203 et

2229 4240 2519 4312 intelligam
2546 4241 2672 4319 quid
2702 4240 2950 4309 loquatur
2975 4241 3127 4296 mihi.
3160 4271 3231 4281 —
3266 4240 3315 4297 Τ
3315 4255 3421 4297 unc
3446 4242 3596 4297 enim
3624 4241 3798 4311 culpas

2232 4330 2552 4402 plangimus,
2594 4345 2717 4385 cum
2747 4345 2972 4400 pensare
3000 4331 3356 4401 coeperimus;
3395 4331 3494 4388 sed
3525 4340 3659 4388 tunc
3684 4332 3799 4387 sub.

2232 4416 2378 4473 tilius
2399 4432 2705 4489 pensamus,
2732 4433 2855 4473 cum
2884 4418 3167 4474 sollicitius
3194 4420 3517 4492 plangimus,
3549 4430 3716 4492 atque
3738 4437 3798 4475 ex

2231 4509 2480 4564 lamentis
2525 4508 2577 4563 in
2624 4509 2788 4564 corde
2830 4514 3016 4563 nostro
3055 4508 3265 4580 plenius
3301 4511 3547 4567 nascitur
3572 4513 3702 4582 quid
3725 4520 3799 4567 est

2230 4600 2371 4671 quod
2432 4599 2781 4670 peccantibus
2825 4599 3004 4654 divina
3056 4600 3323 4656 districtio
3377 4601 3641 4669 minatur,
3688 4617 3798 4673 qua

2231 4699 2391 4746 erunt
2412 4690 2502 4745 illa
2532 4691 2882 4761 reproborum
2917 4691 3238 4761 improperia
3265 4692 3356 4762 qui
3393 4701 3658 4761 terrores,
3689 4710 3797 4765 qua:

2233 4780 2586 4850 implacabilis
2630 4779 2929 4849 maiestatis
2976 4782 3208 4837 aversio.
3257 4782 3432 4837 Tanta
3478 4785 3626 4839 enim
3682 4795 3797 4841 tunc

2234 4872 2498 4927 Dominus
2527 4873 2770 4943 reprobis
2809 4873 2981 4928 iratus
3018 4874 3182 4940 dicet,
3225 4884 3428 4944 quanta
3458 4890 3555 4931 eos
3592 4878 3705 4946 pati
3737 4890 3797 4931 cx

2233 4965 2482 5034 aequitate
2504 4963 2832 5032 permiserit.
2864 4962 3123 5034 Sequitur
3151 4981 3165 5018 :

2303 5054 2467 5110 Vsus.
2500 5053 2551 5107 6.
2585 5053 2724 5108 Nolo
2747 5053 2914 5108 multa
2939 5053 3246 5123 fortitudine
3273 5055 3554 5110 contendat
3581 5071 3794 5118 mecum,

2234 5160 2297 5190 ne.
2330 5143 2707 5190 mannitudinis
2736 5158 2847 5188 sum
2875 5142 3009 5188 male
3037 5160 3118 5188 κιρ
3142 5153 3358 5188 nrpmnr-
3389 5175 3462 5185 _
3506 5144 3658 5186 Mane
3693 5154 3795 5186 nln.
