  <div class='ocr_page' id='page_1' title='image "/cluster/home/n/w/nwhite01/storage/ocr_20150623/133/hvd.32044010035673/152.png"; bbox 0 0 3948 5398; ppageno 0'>
   <div class='ocr_carea' id='block_1_1' title="bbox 131 319 1721 402">
    <p class='ocr_par' dir='ltr' id='par_1_1' title="bbox 131 323 1704 402">
     <span class='ocr_line' id='line_1_1' title="bbox 131 323 1704 402; baseline -0.002 -23"><span class='ocrx_word' id='word_1_1' title='bbox 131 346 234 402; x_wconf 59' lang='grc' dir='ltr'><strong>ερπ</strong></span> <span class='ocrx_word' id='word_1_2' title='bbox 904 323 1203 383; x_wconf 74' lang='grc' dir='ltr'><strong>Εριτοιιε</strong></span> <span class='ocrx_word' id='word_1_3' title='bbox 1244 323 1608 383; x_wconf 63' lang='lat' dir='ltr'><strong>mensuum</strong></span> <span class='ocrx_word' id='word_1_4' title='bbox 1646 326 1704 379; x_wconf 90' lang='lat' dir='ltr'><strong>s.</strong></span> 
     </span>
    </p>
   </div>
   <div class='ocr_carea' id='block_1_2' title="bbox 1826 319 3379 402">
    <p class='ocr_par' dir='ltr' id='par_1_2' title="bbox 1826 319 3379 382">
     <span class='ocr_line' id='line_1_2' title="bbox 1826 319 3379 382; baseline 0.003 -5"><span class='ocrx_word' id='word_1_5' title='bbox 1826 322 1950 377; x_wconf 80' lang='lat' dir='ltr'><strong>lEG.</strong></span> <span class='ocrx_word' id='word_1_6' title='bbox 1994 319 2059 375; x_wconf 68' lang='grc' dir='ltr'><strong>ΙΝ</strong></span> <span class='ocrx_word' id='word_1_7' title='bbox 2098 321 2237 379; x_wconf 78' lang='lat' dir='ltr'><strong>JOB.</strong></span> <span class='ocrx_word' id='word_1_8' title='bbox 2279 353 2347 365; x_wconf 89' lang='lat'><strong>—-</strong></span> <span class='ocrx_word' id='word_1_9' title='bbox 2386 324 2518 379; x_wconf 79' lang='lat' dir='ltr'><strong>LIB.</strong></span> <span class='ocrx_word' id='word_1_10' title='bbox 2562 323 2696 380; x_wconf 73' lang='lat' dir='ltr'><strong>XVI.</strong></span> <span class='ocrx_word' id='word_1_11' title='bbox 3276 325 3379 382; x_wconf 72' lang='lat'><strong>298</strong></span> 
     </span>
    </p>
   </div>
   <div class='ocr_carea' id='block_1_3' title="bbox 115 434 3384 519">
    <p class='ocr_par' dir='ltr' id='par_1_3' title="bbox 115 434 3384 519">
     <span class='ocr_line' id='line_1_3' title="bbox 115 434 3384 519; baseline -0.004 -13"><span class='ocrx_word' id='word_1_12' title='bbox 115 449 296 515; x_wconf 65' lang='lat' dir='ltr'><strong>Iesus,</strong></span> <span class='ocrx_word' id='word_1_13' title='bbox 326 447 594 519; x_wconf 65' lang='lat' dir='ltr'><strong>:equitatis</strong></span> <span class='ocrx_word' id='word_1_14' title='bbox 635 443 851 500; x_wconf 82' lang='lat' dir='ltr'><strong>nomine</strong></span> <span class='ocrx_word' id='word_1_15' title='bbox 880 440 1229 512; x_wconf 77' lang='lat' dir='ltr'><strong>designatur?</strong></span> <span class='ocrx_word' id='word_1_16' title='bbox 1259 439 1334 494; x_wconf 91' lang='lat' dir='ltr'><strong>De</strong></span> <span class='ocrx_word' id='word_1_17' title='bbox 1375 453 1482 508; x_wconf 88' lang='lat' dir='ltr'><strong>quo</strong></span> <span class='ocrx_word' id='word_1_18' title='bbox 1526 437 1695 508; x_wconf 81' lang='lat' dir='ltr'><strong>scrip—</strong></span> <span class='ocrx_word' id='word_1_19' title='bbox 1724 443 1770 501; x_wconf 75' lang='grc' dir='ltr'>Α</span> <span class='ocrx_word' id='word_1_20' title='bbox 1800 434 1997 490; x_wconf 88' lang='lat' dir='ltr'><strong>imitari</strong></span> <span class='ocrx_word' id='word_1_21' title='bbox 2027 434 2421 500; x_wconf 81' lang='lat' dir='ltr'><strong>contendimus,</strong></span> <span class='ocrx_word' id='word_1_22' title='bbox 2447 435 2574 505; x_wconf 87' lang='lat' dir='ltr'><strong>quid</strong></span> <span class='ocrx_word' id='word_1_23' title='bbox 2603 434 2743 488; x_wconf 83' lang='lat' dir='ltr'><strong>aliud</strong></span> <span class='ocrx_word' id='word_1_24' title='bbox 2769 448 2931 505; x_wconf 88' lang='lat' dir='ltr'><strong>quam</strong></span> <span class='ocrx_word' id='word_1_25' title='bbox 2961 449 3242 507; x_wconf 84' lang='lat' dir='ltr'><strong>gressuutn</strong></span> <span class='ocrx_word' id='word_1_26' title='bbox 3265 438 3384 508; x_wconf 85' lang='lat' dir='ltr'><strong>ejus</strong></span> 
     </span>
    </p>
   </div>
   <div class='ocr_carea' id='block_1_4' title="bbox 117 527 3381 605">
    <p class='ocr_par' dir='ltr' id='par_1_4' title="bbox 117 527 3381 605">
     <span class='ocr_line' id='line_1_4' title="bbox 117 527 3381 605; baseline -0.003 -11"><span class='ocrx_word' id='word_1_27' title='bbox 117 552 229 594; x_wconf 89' lang='lat' dir='ltr'><strong>tum</strong></span> <span class='ocrx_word' id='word_1_28' title='bbox 254 551 339 594; x_wconf 88' lang='lat' dir='ltr'><strong>est</strong></span> <span class='ocrx_word' id='word_1_29' title='bbox 368 554 383 593; x_wconf 87' lang='lat'><strong>:</strong></span> <span class='ocrx_word' id='word_1_30' title='bbox 422 558 441 591; x_wconf 83' lang='grc'>‹</span> <span class='ocrx_word' id='word_1_31' title='bbox 479 538 582 605; x_wconf 85' lang='lat' dir='ltr'><strong>Qui</strong></span> <span class='ocrx_word' id='word_1_32' title='bbox 625 535 801 590; x_wconf 71' lang='lat' dir='ltr'><strong>factus</strong></span> <span class='ocrx_word' id='word_1_33' title='bbox 827 540 911 588; x_wconf 90' lang='lat' dir='ltr'><strong>est</strong></span> <span class='ocrx_word' id='word_1_34' title='bbox 945 531 1210 600; x_wconf 75' lang='lat' dir='ltr'><strong>sapientia</strong></span> <span class='ocrx_word' id='word_1_35' title='bbox 1240 530 1397 587; x_wconf 88' lang='lat' dir='ltr'><strong>nobis</strong></span> <span class='ocrx_word' id='word_1_36' title='bbox 1432 545 1462 583; x_wconf 88' lang='lat' dir='ltr'><strong>a</strong></span> <span class='ocrx_word' id='word_1_37' title='bbox 1494 528 1604 582; x_wconf 88' lang='lat' dir='ltr'><strong>Deo</strong></span> <span class='ocrx_word' id='word_1_38' title='bbox 1648 538 1703 583; x_wconf 90' lang='lat' dir='ltr'><strong>et</strong></span> <span class='ocrx_word' id='word_1_39' title='bbox 1801 527 2023 597; x_wconf 80' lang='lat' dir='ltr'><strong>vestigia</strong></span> <span class='ocrx_word' id='word_1_40' title='bbox 2053 527 2332 598; x_wconf 81' lang='lat' dir='ltr'><strong>sequimur</strong></span> <span class='ocrx_word' id='word_1_41' title='bbox 2353 568 2367 591; x_wconf 90' lang='lat'><strong>,</strong></span> <span class='ocrx_word' id='word_1_42' title='bbox 2400 527 2525 595; x_wconf 82' lang='lat' dir='ltr'><strong>quia</strong></span> <span class='ocrx_word' id='word_1_43' title='bbox 2559 535 2800 582; x_wconf 84' lang='lat' dir='ltr'><strong>extrema</strong></span> <span class='ocrx_word' id='word_1_44' title='bbox 2831 528 3075 596; x_wconf 79' lang='lat' dir='ltr'><strong>quaedam</strong></span> <span class='ocrx_word' id='word_1_45' title='bbox 3102 528 3219 599; x_wconf 88' lang='lat' dir='ltr'><strong>ejus</strong></span> <span class='ocrx_word' id='word_1_46' title='bbox 3251 543 3381 600; x_wconf 88' lang='lat' dir='ltr'><strong>ope-</strong></span> 
     </span>
    </p>
   </div>
   <div class='ocr_carea' id='block_1_5' title="bbox 112 616 3383 701">
    <p class='ocr_par' dir='ltr' id='par_1_5' title="bbox 112 616 3383 701">
     <span class='ocr_line' id='line_1_5' title="bbox 112 616 3383 701; baseline -0.002 -18"><span class='ocrx_word' id='word_1_47' title='bbox 112 630 323 699; x_wconf 85' lang='lat' dir='ltr'><strong>jnstitia</strong></span> <span class='ocrx_word' id='word_1_48' title='bbox 357 630 411 701; x_wconf 89' lang='lat' dir='ltr'><strong>(I</strong></span> <span class='ocrx_word' id='word_1_49' title='bbox 446 627 567 683; x_wconf 89' lang='lat' dir='ltr'><strong>Cor.</strong></span> <span class='ocrx_word' id='word_1_50' title='bbox 598 644 638 691; x_wconf 86' lang='grc' dir='ltr'><strong>ι,</strong></span> <span class='ocrx_word' id='word_1_51' title='bbox 662 626 775 695; x_wconf 78' lang='lat'><strong>50).</strong></span> <span class='ocrx_word' id='word_1_52' title='bbox 816 642 835 676; x_wconf 71' lang='grc' dir='ltr'><strong>ι</strong></span> <span class='ocrx_word' id='word_1_53' title='bbox 867 624 997 690; x_wconf 65' lang='lat' dir='ltr'><strong>Quae</strong></span> <span class='ocrx_word' id='word_1_54' title='bbox 1018 621 1225 677; x_wconf 84' lang='lat' dir='ltr'><strong>scilicet</strong></span> <span class='ocrx_word' id='word_1_55' title='bbox 1249 620 1461 692; x_wconf 88' lang='lat' dir='ltr'><strong>justitia</strong></span> <span class='ocrx_word' id='word_1_56' title='bbox 1487 620 1614 674; x_wconf 85' lang='lat' dir='ltr'><strong>dum</strong></span> <span class='ocrx_word' id='word_1_57' title='bbox 1644 618 1700 672; x_wconf 91' lang='lat' dir='ltr'><strong>in</strong></span> <span class='ocrx_word' id='word_1_58' title='bbox 1800 618 2025 673; x_wconf 76' lang='lat' dir='ltr'><strong>rationis</strong></span> <span class='ocrx_word' id='word_1_59' title='bbox 2057 616 2367 672; x_wconf 75' lang='lat' dir='ltr'><strong>imitamur?</strong></span> <span class='ocrx_word' id='word_1_60' title='bbox 2406 616 2528 671; x_wconf 60' lang='lat' dir='ltr'><strong>llaec</strong></span> <span class='ocrx_word' id='word_1_61' title='bbox 2546 617 2693 671; x_wconf 89' lang='lat' dir='ltr'><strong>enim</strong></span> <span class='ocrx_word' id='word_1_62' title='bbox 2723 617 2899 672; x_wconf 80' lang='lat' dir='ltr'><strong>Patris</strong></span> <span class='ocrx_word' id='word_1_63' title='bbox 2918 619 2999 673; x_wconf 89' lang='lat' dir='ltr'><strong>sui</strong></span> <span class='ocrx_word' id='word_1_64' title='bbox 3028 620 3252 689; x_wconf 88' lang='lat' dir='ltr'><strong>vestigia</strong></span> <span class='ocrx_word' id='word_1_65' title='bbox 3282 620 3383 677; x_wconf 85' lang='lat' dir='ltr'><strong>Ve-</strong></span> 
     </span>
    </p>
   </div>
   <div class='ocr_carea' id='block_1_6' title="bbox 117 710 3384 787">
    <p class='ocr_par' dir='ltr' id='par_1_6' title="bbox 117 710 3384 787">
     <span class='ocr_line' id='line_1_6' title="bbox 117 710 3384 787; baseline -0.002 -9"><span class='ocrx_word' id='word_1_66' title='bbox 117 725 261 778; x_wconf 88' lang='lat' dir='ltr'><strong>hunc</strong></span> <span class='ocrx_word' id='word_1_67' title='bbox 288 723 553 778; x_wconf 86' lang='lat' dir='ltr'><strong>mundum</strong></span> <span class='ocrx_word' id='word_1_68' title='bbox 579 728 770 775; x_wconf 90' lang='lat' dir='ltr'><strong>contra</strong></span> <span class='ocrx_word' id='word_1_69' title='bbox 798 717 916 771; x_wconf 90' lang='lat' dir='ltr'><strong>vias</strong></span> <span class='ocrx_word' id='word_1_70' title='bbox 955 723 1307 784; x_wconf 86' lang='lat' dir='ltr'><strong>peccatorum</strong></span> <span class='ocrx_word' id='word_1_71' title='bbox 1344 711 1515 776; x_wconf 91' lang='lat' dir='ltr'><strong>venit,</strong></span> <span class='ocrx_word' id='word_1_72' title='bbox 1563 711 1703 766; x_wconf 87' lang='lat' dir='ltr'><strong>anti-</strong></span> <span class='ocrx_word' id='word_1_73' title='bbox 1803 710 1937 765; x_wconf 85' lang='lat' dir='ltr'><strong>ritas</strong></span> <span class='ocrx_word' id='word_1_74' title='bbox 1972 710 2293 765; x_wconf 88' lang='lat' dir='ltr'><strong>admonebat</strong></span> <span class='ocrx_word' id='word_1_75' title='bbox 2330 710 2551 775; x_wconf 90' lang='lat' dir='ltr'><strong>imitari,</strong></span> <span class='ocrx_word' id='word_1_76' title='bbox 2590 726 2712 764; x_wconf 83' lang='lat' dir='ltr'><strong>cum</strong></span> <span class='ocrx_word' id='word_1_77' title='bbox 2752 711 2955 767; x_wconf 90' lang='lat' dir='ltr'><strong>diceret</strong></span> <span class='ocrx_word' id='word_1_78' title='bbox 2994 728 3010 765; x_wconf 88' lang='lat'><strong>:</strong></span> <span class='ocrx_word' id='word_1_79' title='bbox 3049 732 3066 764; x_wconf 77' lang='grc' dir='ltr'><strong>ι</strong></span> <span class='ocrx_word' id='word_1_80' title='bbox 3096 712 3259 769; x_wconf 85' lang='lat' dir='ltr'><strong>Orate</strong></span> <span class='ocrx_word' id='word_1_81' title='bbox 3285 730 3384 787; x_wconf 90' lang='lat' dir='ltr'><strong>pro</strong></span> 
     </span>
    </p>
   </div>
   <div class='ocr_carea' id='block_1_7' title="bbox 116 800 3382 882">
    <p class='ocr_par' dir='ltr' id='par_1_7' title="bbox 116 800 3382 882">
     <span class='ocr_line' id='line_1_7' title="bbox 116 800 3382 882; baseline -0.002 -17"><span class='ocrx_word' id='word_1_82' title='bbox 116 830 282 882; x_wconf 90' lang='lat' dir='ltr'><strong>quum</strong></span> <span class='ocrx_word' id='word_1_83' title='bbox 316 815 531 868; x_wconf 83' lang='lat' dir='ltr'><strong>hostem</strong></span> <span class='ocrx_word' id='word_1_84' title='bbox 559 810 808 871; x_wconf 85' lang='lat' dir='ltr'><strong>vicimus,</strong></span> <span class='ocrx_word' id='word_1_85' title='bbox 841 822 871 860; x_wconf 93' lang='lat' dir='ltr'><strong>a</strong></span> <span class='ocrx_word' id='word_1_86' title='bbox 910 820 1019 875; x_wconf 91' lang='lat' dir='ltr'><strong>quo</strong></span> <span class='ocrx_word' id='word_1_87' title='bbox 1046 804 1189 874; x_wconf 88' lang='lat' dir='ltr'><strong>capti</strong></span> <span class='ocrx_word' id='word_1_88' title='bbox 1240 804 1576 858; x_wconf 83' lang='lat' dir='ltr'><strong>tenebamur.</strong></span> <span class='ocrx_word' id='word_1_89' title='bbox 1624 801 1703 858; x_wconf 85' lang='lat' dir='ltr'><strong>Ac</strong></span> <span class='ocrx_word' id='word_1_90' title='bbox 1802 800 2245 870; x_wconf 84' lang='lat' dir='ltr'><strong>persequentibus</strong></span> <span class='ocrx_word' id='word_1_91' title='bbox 2295 808 2350 855; x_wconf 90' lang='lat' dir='ltr'><strong>et</strong></span> <span class='ocrx_word' id='word_1_92' title='bbox 2402 801 2854 856; x_wconf 77' lang='lat' dir='ltr'><strong>calumniantibus</strong></span> <span class='ocrx_word' id='word_1_93' title='bbox 2896 818 2990 857; x_wconf 86' lang='lat' dir='ltr'><strong>vos</strong></span> <span class='ocrx_word' id='word_1_94' title='bbox 3041 802 3276 873; x_wconf 80' lang='lat' dir='ltr'><strong>(Matth.</strong></span> <span class='ocrx_word' id='word_1_95' title='bbox 3326 821 3382 872; x_wconf 89' lang='lat' dir='ltr'><strong>v,</strong></span> 
     </span>
    </p>
   </div>
   <div class='ocr_carea' id='block_1_8' title="bbox 117 888 3388 974">
    <p class='ocr_par' dir='ltr' id='par_1_8' title="bbox 117 888 3388 974">
     <span class='ocr_line' id='line_1_8' title="bbox 117 888 3388 974; baseline -0.003 -16"><span class='ocrx_word' id='word_1_96' title='bbox 117 905 159 959; x_wconf 89' lang='lat' dir='ltr'><strong>si</strong></span> <span class='ocrx_word' id='word_1_97' title='bbox 182 919 319 974; x_wconf 81' lang='lat' dir='ltr'><strong>ergo</strong></span> <span class='ocrx_word' id='word_1_98' title='bbox 354 904 561 957; x_wconf 90' lang='lat' dir='ltr'><strong>diceret</strong></span> <span class='ocrx_word' id='word_1_99' title='bbox 586 915 600 954; x_wconf 90' lang='lat'><strong>:</strong></span> <span class='ocrx_word' id='word_1_100' title='bbox 629 900 711 954; x_wconf 84' lang='lat' dir='ltr'><strong>Ad</strong></span> <span class='ocrx_word' id='word_1_101' title='bbox 741 894 1143 966; x_wconf 84' lang='lat' dir='ltr'><strong>redarguendas</strong></span> <span class='ocrx_word' id='word_1_102' title='bbox 1169 893 1288 948; x_wconf 82' lang='lat' dir='ltr'><strong>vias</strong></span> <span class='ocrx_word' id='word_1_103' title='bbox 1325 907 1474 947; x_wconf 88' lang='lat' dir='ltr'><strong>meas</strong></span> <span class='ocrx_word' id='word_1_104' title='bbox 1522 892 1706 946; x_wconf 89' lang='lat' dir='ltr'><strong>incar-</strong></span> <span class='ocrx_word' id='word_1_105' title='bbox 1803 889 1915 959; x_wconf 70' lang='grc'><strong>44),</strong></span> <span class='ocrx_word' id='word_1_106' title='bbox 1950 908 1968 941; x_wconf 78' lang='grc' dir='ltr'><strong>ι</strong></span> <span class='ocrx_word' id='word_1_107' title='bbox 1999 898 2054 944; x_wconf 90' lang='lat' dir='ltr'><strong>et</strong></span> <span class='ocrx_word' id='word_1_108' title='bbox 2083 888 2305 958; x_wconf 88' lang='lat' dir='ltr'><strong>reliqua.</strong></span> <span class='ocrx_word' id='word_1_109' title='bbox 2336 889 2518 943; x_wconf 83' lang='lat' dir='ltr'><strong>Potest</strong></span> <span class='ocrx_word' id='word_1_110' title='bbox 2540 898 2719 943; x_wconf 86' lang='lat' dir='ltr'><strong>tamen</strong></span> <span class='ocrx_word' id='word_1_111' title='bbox 2751 891 2939 945; x_wconf 89' lang='lat' dir='ltr'><strong>beatus</strong></span> <span class='ocrx_word' id='word_1_112' title='bbox 2965 890 3086 953; x_wconf 85' lang='lat' dir='ltr'><strong>Job.</strong></span> <span class='ocrx_word' id='word_1_113' title='bbox 3120 892 3198 947; x_wconf 92' lang='lat' dir='ltr'><strong>sic</strong></span> <span class='ocrx_word' id='word_1_114' title='bbox 3224 894 3275 947; x_wconf 92' lang='lat' dir='ltr'><strong>in</strong></span> <span class='ocrx_word' id='word_1_115' title='bbox 3304 893 3388 948; x_wconf 86' lang='lat' dir='ltr'><strong>l&#39;u-</strong></span> 
     </span>
    </p>
   </div>
   <div class='ocr_carea' id='block_1_9' title="bbox 117 981 3391 1053">
    <p class='ocr_par' dir='ltr' id='par_1_9' title="bbox 117 981 3391 1053">
     <span class='ocr_line' id='line_1_9' title="bbox 117 981 3391 1053; baseline -0.002 -6"><span class='ocrx_word' id='word_1_116' title='bbox 117 1002 307 1047; x_wconf 87' lang='lat' dir='ltr'><strong>natum</strong></span> <span class='ocrx_word' id='word_1_117' title='bbox 340 992 539 1047; x_wconf 84' lang='lat' dir='ltr'><strong>Filium</strong></span> <span class='ocrx_word' id='word_1_118' title='bbox 581 991 782 1053; x_wconf 87' lang='lat' dir='ltr'><strong>mittat,</strong></span> <span class='ocrx_word' id='word_1_119' title='bbox 825 995 882 1042; x_wconf 91' lang='lat' dir='ltr'><strong>et</strong></span> <span class='ocrx_word' id='word_1_120' title='bbox 908 996 1035 1040; x_wconf 84' lang='lat' dir='ltr'><strong>tunc</strong></span> <span class='ocrx_word' id='word_1_121' title='bbox 1082 984 1427 1040; x_wconf 90' lang='lat' dir='ltr'><strong>insidiantem</strong></span> <span class='ocrx_word' id='word_1_122' title='bbox 1449 984 1705 1039; x_wconf 88' lang='lat' dir='ltr'><strong>adversa-</strong></span> <span class='ocrx_word' id='word_1_123' title='bbox 1806 990 1923 1035; x_wconf 89' lang='lat' dir='ltr'><strong>tura</strong></span> <span class='ocrx_word' id='word_1_124' title='bbox 1970 981 2282 1051; x_wconf 81' lang='lat' dir='ltr'><strong>Operatione</strong></span> <span class='ocrx_word' id='word_1_125' title='bbox 2329 982 2673 1036; x_wconf 81' lang='lat' dir='ltr'><strong>incarnanda:</strong></span> <span class='ocrx_word' id='word_1_126' title='bbox 2722 982 3013 1051; x_wconf 80' lang='lat' dir='ltr'><strong>Sapientiae</strong></span> <span class='ocrx_word' id='word_1_127' title='bbox 3066 984 3347 1039; x_wconf 88' lang='lat' dir='ltr'><strong>intendere</strong></span> <span class='ocrx_word' id='word_1_128' title='bbox 3374 1025 3391 1051; x_wconf 91' lang='lat'><strong>,</strong></span> 
     </span>
    </p>
   </div>
   <div class='ocr_carea' id='block_1_10' title="bbox 115 1071 3391 1150">
    <p class='ocr_par' dir='ltr' id='par_1_10' title="bbox 115 1071 3391 1150">
     <span class='ocr_line' id='line_1_10' title="bbox 115 1071 3391 1150; baseline -0.001 -15"><span class='ocrx_word' id='word_1_129' title='bbox 115 1081 258 1135; x_wconf 91' lang='lat' dir='ltr'><strong>rium</strong></span> <span class='ocrx_word' id='word_1_130' title='bbox 305 1096 408 1150; x_wconf 82' lang='lat' dir='ltr'><strong>per</strong></span> <span class='ocrx_word' id='word_1_131' title='bbox 451 1077 804 1135; x_wconf 85' lang='lat' dir='ltr'><strong>absolutionis</strong></span> <span class='ocrx_word' id='word_1_132' title='bbox 846 1090 980 1131; x_wconf 75' lang='lat' dir='ltr'><strong>meae</strong></span> <span class='ocrx_word' id='word_1_133' title='bbox 999 1072 1267 1143; x_wconf 83' lang='lat' dir='ltr'><strong>judicium</strong></span> <span class='ocrx_word' id='word_1_134' title='bbox 1296 1072 1471 1128; x_wconf 89' lang='lat' dir='ltr'><strong>victor</strong></span> <span class='ocrx_word' id='word_1_135' title='bbox 1515 1072 1702 1127; x_wconf 79' lang='lat' dir='ltr'><strong>exclu-</strong></span> <span class='ocrx_word' id='word_1_136' title='bbox 1806 1072 1945 1127; x_wconf 89' lang='lat' dir='ltr'><strong>sicut</strong></span> <span class='ocrx_word' id='word_1_137' title='bbox 1976 1088 2073 1126; x_wconf 92' lang='lat' dir='ltr'><strong>nos</strong></span> <span class='ocrx_word' id='word_1_138' title='bbox 2106 1071 2341 1140; x_wconf 87' lang='lat' dir='ltr'><strong>ejusdem</strong></span> <span class='ocrx_word' id='word_1_139' title='bbox 2399 1072 2686 1142; x_wconf 75' lang='lat' dir='ltr'><strong>Sapientiae</strong></span> <span class='ocrx_word' id='word_1_140' title='bbox 2736 1072 2849 1142; x_wconf 90' lang='lat' dir='ltr'><strong>jam</strong></span> <span class='ocrx_word' id='word_1_141' title='bbox 2896 1077 3168 1145; x_wconf 50' lang='lat' dir='ltr'><strong>praeterita</strong></span> <span class='ocrx_word' id='word_1_142' title='bbox 3227 1093 3391 1147; x_wconf 89' lang='lat' dir='ltr'><strong>opera</strong></span> 
     </span>
    </p>
   </div>
   <div class='ocr_carea' id='block_1_11' title="bbox 117 1162 3400 1239">
    <p class='ocr_par' dir='ltr' id='par_1_11' title="bbox 117 1162 3400 1239">
     <span class='ocr_line' id='line_1_11' title="bbox 117 1162 3400 1239; baseline 0 -20"><span class='ocrx_word' id='word_1_143' title='bbox 117 1172 263 1225; x_wconf 79' lang='lat' dir='ltr'><strong>dam.</strong></span> <span class='ocrx_word' id='word_1_144' title='bbox 296 1170 561 1239; x_wconf 81' lang='lat' dir='ltr'><strong>Sequitur</strong></span> <span class='ocrx_word' id='word_1_145' title='bbox 586 1187 601 1224; x_wconf 86' lang='lat'><strong>:</strong></span> <span class='ocrx_word' id='word_1_146' title='bbox 1807 1179 1903 1234; x_wconf 91' lang='lat' dir='ltr'><strong>per</strong></span> <span class='ocrx_word' id='word_1_147' title='bbox 1930 1162 2086 1217; x_wconf 77' lang='lat' dir='ltr'><strong>[idem</strong></span> <span class='ocrx_word' id='word_1_148' title='bbox 2113 1162 2373 1218; x_wconf 79' lang='lat' dir='ltr'><strong>videmus.</strong></span> <span class='ocrx_word' id='word_1_149' title='bbox 2434 1162 2599 1233; x_wconf 87' lang='lat' dir='ltr'><strong>Cujus</strong></span> <span class='ocrx_word' id='word_1_150' title='bbox 2630 1164 2885 1219; x_wconf 85' lang='lat' dir='ltr'><strong>nimirum</strong></span> <span class='ocrx_word' id='word_1_151' title='bbox 2924 1166 3086 1219; x_wconf 88' lang='lat' dir='ltr'><strong>vitam</strong></span> <span class='ocrx_word' id='word_1_152' title='bbox 3113 1167 3239 1221; x_wconf 88' lang='lat' dir='ltr'><strong>dum</strong></span> <span class='ocrx_word' id='word_1_153' title='bbox 3266 1168 3400 1222; x_wconf 86' lang='lat' dir='ltr'><strong>bea-</strong></span> 
     </span>
    </p>
   </div>
   <div class='ocr_carea' id='block_1_12' title="bbox 186 1252 3398 1325">
    <p class='ocr_par' dir='ltr' id='par_1_12' title="bbox 186 1252 3398 1325">
     <span class='ocr_line' id='line_1_12' title="bbox 186 1252 3398 1325; baseline -0.001 -10"><span class='ocrx_word' id='word_1_154' title='bbox 186 1259 360 1315; x_wconf 71' lang='lat' dir='ltr'><strong>Vsas.</strong></span> <span class='ocrx_word' id='word_1_155' title='bbox 396 1258 454 1325; x_wconf 89' lang='lat'><strong>8,</strong></span> <span class='ocrx_word' id='word_1_156' title='bbox 487 1258 541 1314; x_wconf 90' lang='lat'><strong>9.</strong></span> <span class='ocrx_word' id='word_1_157' title='bbox 572 1256 635 1314; x_wconf 91' lang='lat' dir='ltr'><strong>Si</strong></span> <span class='ocrx_word' id='word_1_158' title='bbox 673 1257 741 1312; x_wconf 84' lang='lat' dir='ltr'><strong>ad</strong></span> <span class='ocrx_word' id='word_1_159' title='bbox 777 1257 1027 1312; x_wconf 75' lang='lat' dir='ltr'><strong>orientem</strong></span> <span class='ocrx_word' id='word_1_160' title='bbox 1058 1255 1189 1322; x_wconf 85' lang='lat' dir='ltr'><strong>iero,</strong></span> <span class='ocrx_word' id='word_1_161' title='bbox 1214 1271 1324 1309; x_wconf 81' lang='lat' dir='ltr'><strong>non</strong></span> <span class='ocrx_word' id='word_1_162' title='bbox 1357 1261 1610 1324; x_wconf 79' lang='lat' dir='ltr'><strong>apparet;</strong></span> <span class='ocrx_word' id='word_1_163' title='bbox 1656 1254 1706 1307; x_wconf 97' lang='lat' dir='ltr'><strong>si</strong></span> <span class='ocrx_word' id='word_1_164' title='bbox 1809 1262 1895 1308; x_wconf 88' lang='lat' dir='ltr'><strong>tus</strong></span> <span class='ocrx_word' id='word_1_165' title='bbox 1926 1252 2025 1309; x_wconf 80' lang='lat' dir='ltr'><strong>Job</strong></span> <span class='ocrx_word' id='word_1_166' title='bbox 2056 1270 2288 1324; x_wconf 91' lang='lat' dir='ltr'><strong>superno</strong></span> <span class='ocrx_word' id='word_1_167' title='bbox 2315 1253 2521 1324; x_wconf 90' lang='lat' dir='ltr'><strong>Spiritu</strong></span> <span class='ocrx_word' id='word_1_168' title='bbox 2562 1257 2796 1325; x_wconf 86' lang='lat' dir='ltr'><strong>repletus</strong></span> <span class='ocrx_word' id='word_1_169' title='bbox 2834 1256 3063 1312; x_wconf 89' lang='lat' dir='ltr'><strong>sollicita</strong></span> <span class='ocrx_word' id='word_1_170' title='bbox 3103 1258 3398 1314; x_wconf 84' lang='lat' dir='ltr'><strong>intentione</strong></span> 
     </span>
    </p>
   </div>
   <div class='ocr_carea' id='block_1_13' title="bbox 115 1342 3397 1416">
    <p class='ocr_par' dir='ltr' id='par_1_13' title="bbox 115 1342 3397 1416">
     <span class='ocr_line' id='line_1_13' title="bbox 115 1342 3397 1416; baseline 0 -14"><span class='ocrx_word' id='word_1_171' title='bbox 115 1351 185 1403; x_wconf 85' lang='lat' dir='ltr'><strong>ad</strong></span> <span class='ocrx_word' id='word_1_172' title='bbox 213 1350 566 1413; x_wconf 82' lang='lat' dir='ltr'><strong>occidentem,</strong></span> <span class='ocrx_word' id='word_1_173' title='bbox 593 1363 696 1402; x_wconf 82' lang='lat' dir='ltr'><strong>non</strong></span> <span class='ocrx_word' id='word_1_174' title='bbox 723 1346 1012 1416; x_wconf 78' lang='lat' dir='ltr'><strong>intelligam</strong></span> <span class='ocrx_word' id='word_1_175' title='bbox 1039 1361 1194 1410; x_wconf 77' lang='lat' dir='ltr'><strong>eum;</strong></span> <span class='ocrx_word' id='word_1_176' title='bbox 1239 1344 1286 1398; x_wconf 90' lang='lat' dir='ltr'><strong>si</strong></span> <span class='ocrx_word' id='word_1_177' title='bbox 1313 1343 1383 1397; x_wconf 90' lang='lat' dir='ltr'><strong>ad</strong></span> <span class='ocrx_word' id='word_1_178' title='bbox 1411 1342 1702 1408; x_wconf 74' lang='lat' dir='ltr'><strong>sinistram,</strong></span> <span class='ocrx_word' id='word_1_179' title='bbox 1808 1343 2164 1413; x_wconf 88' lang='lat' dir='ltr'><strong>conspiceret,</strong></span> <span class='ocrx_word' id='word_1_180' title='bbox 2205 1343 2436 1399; x_wconf 79' lang='lat' dir='ltr'><strong>futuram</strong></span> <span class='ocrx_word' id='word_1_181' title='bbox 2471 1346 2900 1403; x_wconf 84' lang='lat' dir='ltr'><strong>mansuetudinis</strong></span> <span class='ocrx_word' id='word_1_182' title='bbox 2940 1346 3083 1402; x_wconf 91' lang='lat' dir='ltr'><strong>illius</strong></span> <span class='ocrx_word' id='word_1_183' title='bbox 3124 1347 3397 1402; x_wconf 90' lang='lat' dir='ltr'><strong>humilita-</strong></span> 
     </span>
    </p>
   </div>
   <div class='ocr_carea' id='block_1_14' title="bbox 114 1434 3397 1512">
    <p class='ocr_par' dir='ltr' id='par_1_14' title="bbox 114 1434 3397 1512">
     <span class='ocr_line' id='line_1_14' title="bbox 114 1434 3397 1512; baseline -0.001 -17"><span class='ocrx_word' id='word_1_184' title='bbox 114 1442 247 1511; x_wconf 83' lang='lat' dir='ltr'><strong>quid</strong></span> <span class='ocrx_word' id='word_1_185' title='bbox 288 1457 446 1512; x_wconf 83' lang='lat' dir='ltr'><strong>agam</strong></span> <span class='ocrx_word' id='word_1_186' title='bbox 465 1441 491 1494; x_wconf 83' lang='lat'><strong>.’</strong></span> <span class='ocrx_word' id='word_1_187' title='bbox 519 1456 623 1494; x_wconf 85' lang='lat' dir='ltr'><strong>non</strong></span> <span class='ocrx_word' id='word_1_188' title='bbox 646 1440 1031 1509; x_wconf 81' lang='lat' dir='ltr'><strong>apprehendam</strong></span> <span class='ocrx_word' id='word_1_189' title='bbox 1065 1454 1205 1503; x_wconf 84' lang='lat' dir='ltr'><strong>eum,</strong></span> <span class='ocrx_word' id='word_1_190' title='bbox 1236 1440 1280 1492; x_wconf 89' lang='lat' dir='ltr'><strong>si</strong></span> <span class='ocrx_word' id='word_1_191' title='bbox 1310 1443 1610 1493; x_wconf 79' lang='lat' dir='ltr'><strong>nte&#39;vertam</strong></span> <span class='ocrx_word' id='word_1_192' title='bbox 1637 1437 1707 1491; x_wconf 86' lang='lat' dir='ltr'><strong>ad</strong></span> <span class='ocrx_word' id='word_1_193' title='bbox 1810 1441 1918 1488; x_wconf 87' lang='lat' dir='ltr'><strong>tem</strong></span> <span class='ocrx_word' id='word_1_194' title='bbox 1951 1434 2281 1504; x_wconf 62' lang='lat' dir='ltr'><strong>praevidens,</strong></span> <span class='ocrx_word' id='word_1_195' title='bbox 2312 1435 2464 1505; x_wconf 88' lang='lat' dir='ltr'><strong>quasi</strong></span> <span class='ocrx_word' id='word_1_196' title='bbox 2488 1437 2554 1489; x_wconf 90' lang='lat' dir='ltr'><strong>ad</strong></span> <span class='ocrx_word' id='word_1_197' title='bbox 2576 1435 2879 1504; x_wconf 76' lang='lat' dir='ltr'><strong>exemplum</strong></span> <span class='ocrx_word' id='word_1_198' title='bbox 2923 1435 3023 1490; x_wconf 86' lang='lat' dir='ltr'><strong>sibi</strong></span> <span class='ocrx_word' id='word_1_199' title='bbox 3064 1438 3397 1507; x_wconf 87' lang='lat' dir='ltr'><strong>propositum</strong></span> 
     </span>
    </p>
   </div>
   <div class='ocr_carea' id='block_1_15' title="bbox 116 1524 3401 1597">
    <p class='ocr_par' dir='ltr' id='par_1_15' title="bbox 116 1524 3401 1597">
     <span class='ocr_line' id='line_1_15' title="bbox 116 1524 3401 1597; baseline -0 -13"><span class='ocrx_word' id='word_1_200' title='bbox 116 1532 395 1596; x_wconf 72' lang='lat' dir='ltr'><strong>dextram,</strong></span> <span class='ocrx_word' id='word_1_201' title='bbox 425 1545 532 1584; x_wconf 84' lang='lat' dir='ltr'><strong>non</strong></span> <span class='ocrx_word' id='word_1_202' title='bbox 570 1528 748 1583; x_wconf 79' lang='lat' dir='ltr'><strong>videbo</strong></span> <span class='ocrx_word' id='word_1_203' title='bbox 777 1526 948 1582; x_wconf 86' lang='lat' dir='ltr'><strong>illum.</strong></span> <span class='ocrx_word' id='word_1_204' title='bbox 988 1557 1059 1568; x_wconf 87' lang='lat'><strong>—-</strong></span> <span class='ocrx_word' id='word_1_205' title='bbox 1099 1526 1326 1583; x_wconf 81' lang='lat' dir='ltr'><strong>Creator</strong></span> <span class='ocrx_word' id='word_1_206' title='bbox 1353 1527 1550 1597; x_wconf 89' lang='lat' dir='ltr'><strong>quippe</strong></span> <span class='ocrx_word' id='word_1_207' title='bbox 1592 1540 1709 1580; x_wconf 92' lang='lat' dir='ltr'><strong>om-</strong></span> <span class='ocrx_word' id='word_1_208' title='bbox 1811 1525 2068 1589; x_wconf 89' lang='lat' dir='ltr'><strong>recurrit,</strong></span> <span class='ocrx_word' id='word_1_209' title='bbox 2103 1533 2160 1578; x_wconf 94' lang='lat' dir='ltr'><strong>ut</strong></span> <span class='ocrx_word' id='word_1_210' title='bbox 2184 1524 2460 1595; x_wconf 84' lang='lat' dir='ltr'><strong>quidquid,</strong></span> <span class='ocrx_word' id='word_1_211' title='bbox 2507 1526 2559 1580; x_wconf 91' lang='lat' dir='ltr'><strong>in</strong></span> <span class='ocrx_word' id='word_1_212' title='bbox 2602 1527 2704 1580; x_wconf 91' lang='lat' dir='ltr'><strong>hac</strong></span> <span class='ocrx_word' id='word_1_213' title='bbox 2727 1527 2835 1581; x_wconf 88' lang='lat' dir='ltr'><strong>vita</strong></span> <span class='ocrx_word' id='word_1_214' title='bbox 2865 1536 3068 1597; x_wconf 87' lang='lat' dir='ltr'><strong>ageret,</strong></span> <span class='ocrx_word' id='word_1_215' title='bbox 3111 1529 3178 1582; x_wconf 86' lang='lat' dir='ltr'><strong>ad</strong></span> <span class='ocrx_word' id='word_1_216' title='bbox 3224 1528 3401 1584; x_wconf 88' lang='lat' dir='ltr'><strong>imita-</strong></span> 
     </span>
    </p>
   </div>
   <div class='ocr_carea' id='block_1_16' title="bbox 120 1614 3403 1696">
    <p class='ocr_par' dir='ltr' id='par_1_16' title="bbox 120 1614 3403 1696">
     <span class='ocr_line' id='line_1_16' title="bbox 120 1614 3403 1696; baseline -0.002 -16"><span class='ocrx_word' id='word_1_217' title='bbox 120 1626 379 1680; x_wconf 73' lang='lat' dir='ltr'><strong>nium.in</strong></span> <span class='ocrx_word' id='word_1_218' title='bbox 410 1633 566 1696; x_wconf 89' lang='lat' dir='ltr'><strong>patre</strong></span> <span class='ocrx_word' id='word_1_219' title='bbox 592 1639 698 1680; x_wconf 92' lang='lat' dir='ltr'><strong>non</strong></span> <span class='ocrx_word' id='word_1_220' title='bbox 725 1631 824 1688; x_wconf 90' lang='lat' dir='ltr'><strong>est,</strong></span> <span class='ocrx_word' id='word_1_221' title='bbox 856 1622 981 1691; x_wconf 88' lang='lat' dir='ltr'><strong>quia</strong></span> <span class='ocrx_word' id='word_1_222' title='bbox 1013 1621 1211 1692; x_wconf 89' lang='lat' dir='ltr'><strong>ubique</strong></span> <span class='ocrx_word' id='word_1_223' title='bbox 1239 1628 1343 1687; x_wconf 89' lang='lat' dir='ltr'><strong>est,</strong></span> <span class='ocrx_word' id='word_1_224' title='bbox 1373 1628 1428 1675; x_wconf 90' lang='lat' dir='ltr'><strong>et</strong></span> <span class='ocrx_word' id='word_1_225' title='bbox 1454 1628 1583 1674; x_wconf 90' lang='lat' dir='ltr'><strong>tunc</strong></span> <span class='ocrx_word' id='word_1_226' title='bbox 1609 1620 1709 1673; x_wconf 87' lang='lat' dir='ltr'><strong>mi-</strong></span> <span class='ocrx_word' id='word_1_227' title='bbox 1814 1615 1978 1669; x_wconf 91' lang='lat' dir='ltr'><strong>tionis</strong></span> <span class='ocrx_word' id='word_1_228' title='bbox 2018 1614 2159 1670; x_wconf 85' lang='lat' dir='ltr'><strong>illius</strong></span> <span class='ocrx_word' id='word_1_229' title='bbox 2188 1615 2410 1686; x_wconf 86' lang='lat' dir='ltr'><strong>vestigia</strong></span> <span class='ocrx_word' id='word_1_230' title='bbox 2447 1616 2658 1686; x_wconf 77' lang='lat' dir='ltr'><strong>ligarat.</strong></span> <span class='ocrx_word' id='word_1_231' title='bbox 2697 1616 2773 1676; x_wconf 89' lang='lat' dir='ltr'><strong>De</strong></span> <span class='ocrx_word' id='word_1_232' title='bbox 2803 1615 2995 1685; x_wconf 85' lang='lat' dir='ltr'><strong>quibus</strong></span> <span class='ocrx_word' id='word_1_233' title='bbox 3021 1615 3136 1685; x_wconf 89' lang='lat' dir='ltr'><strong>ejus</strong></span> <span class='ocrx_word' id='word_1_234' title='bbox 3161 1617 3403 1688; x_wconf 81' lang='lat' dir='ltr'><strong>vestigiis</strong></span> 
     </span>
    </p>
   </div>
   <div class='ocr_carea' id='block_1_17' title="bbox 120 1711 1706 1785">
    <p class='ocr_par' dir='ltr' id='par_1_17' title="bbox 120 1711 1706 1785">
     <span class='ocr_line' id='line_1_17' title="bbox 120 1711 1706 1785; baseline -0.004 -13"><span class='ocrx_word' id='word_1_235' title='bbox 120 1733 232 1772; x_wconf 86' lang='lat' dir='ltr'><strong>nus</strong></span> <span class='ocrx_word' id='word_1_236' title='bbox 282 1717 597 1781; x_wconf 75' lang='lat' dir='ltr'><strong>invenitur,</strong></span> <span class='ocrx_word' id='word_1_237' title='bbox 640 1715 854 1785; x_wconf 85' lang='lat' dir='ltr'><strong>quando</strong></span> <span class='ocrx_word' id='word_1_238' title='bbox 884 1714 930 1769; x_wconf 92' lang='lat' dir='ltr'><strong>is</strong></span> <span class='ocrx_word' id='word_1_239' title='bbox 974 1714 1066 1784; x_wconf 88' lang='lat' dir='ltr'><strong>qui</strong></span> <span class='ocrx_word' id='word_1_240' title='bbox 1108 1721 1252 1769; x_wconf 80' lang='lat' dir='ltr'><strong>totus</strong></span> <span class='ocrx_word' id='word_1_241' title='bbox 1292 1712 1491 1783; x_wconf 88' lang='lat' dir='ltr'><strong>ubique</strong></span> <span class='ocrx_word' id='word_1_242' title='bbox 1524 1719 1607 1767; x_wconf 89' lang='lat' dir='ltr'><strong>est</strong></span> <span class='ocrx_word' id='word_1_243' title='bbox 1654 1711 1706 1765; x_wconf 89' lang='lat' dir='ltr'><strong>in</strong></span> 
     </span>
    </p>
   </div>
   <div class='ocr_carea' id='block_1_18' title="bbox 116 1806 933 1879">
    <p class='ocr_par' dir='ltr' id='par_1_18' title="bbox 116 1806 933 1879">
     <span class='ocr_line' id='line_1_18' title="bbox 116 1806 933 1879; baseline -0.005 -16"><span class='ocrx_word' id='word_1_244' title='bbox 116 1819 284 1879; x_wconf 83' lang='lat' dir='ltr'><strong>parte</strong></span> <span class='ocrx_word' id='word_1_245' title='bbox 310 1808 597 1878; x_wconf 63' lang='lat' dir='ltr'><strong>quaeritur.</strong></span> <span class='ocrx_word' id='word_1_246' title='bbox 633 1806 933 1876; x_wconf 83' lang='lat' dir='ltr'><strong>Sequitur:</strong></span> 
     </span>
    </p>
   </div>
   <div class='ocr_carea' id='block_1_19' title="bbox 197 1893 1716 1969">
    <p class='ocr_par' dir='ltr' id='par_1_19' title="bbox 197 1893 1716 1969">
     <span class='ocr_line' id='line_1_19' title="bbox 197 1893 1716 1969; baseline -0.003 -13"><span class='ocrx_word' id='word_1_247' title='bbox 197 1901 372 1956; x_wconf 71' lang='lat' dir='ltr'><strong>Vens.</strong></span> <span class='ocrx_word' id='word_1_248' title='bbox 392 1898 478 1954; x_wconf 85' lang='grc'><strong>10.</strong></span> <span class='ocrx_word' id='word_1_249' title='bbox 507 1898 625 1969; x_wconf 89' lang='lat' dir='ltr'><strong>Ipse</strong></span> <span class='ocrx_word' id='word_1_250' title='bbox 648 1914 763 1952; x_wconf 80' lang='lat' dir='ltr'><strong>vero</strong></span> <span class='ocrx_word' id='word_1_251' title='bbox 783 1897 876 1951; x_wconf 87' lang='lat' dir='ltr'><strong>scit</strong></span> <span class='ocrx_word' id='word_1_252' title='bbox 902 1896 1039 1952; x_wconf 79' lang='lat' dir='ltr'><strong>viam</strong></span> <span class='ocrx_word' id='word_1_253' title='bbox 1063 1912 1251 1951; x_wconf 83' lang='lat' dir='ltr'><strong>meam.</strong></span> <span class='ocrx_word' id='word_1_254' title='bbox 1272 1925 1341 1935; x_wconf 90' lang='lat'>—</span> <span class='ocrx_word' id='word_1_255' title='bbox 1360 1893 1440 1951; x_wconf 82' lang='lat' dir='ltr'><strong>Ac</strong></span> <span class='ocrx_word' id='word_1_256' title='bbox 1459 1895 1510 1952; x_wconf 76' lang='lat' dir='ltr'><strong>si</strong></span> <span class='ocrx_word' id='word_1_257' title='bbox 1531 1903 1716 1966; x_wconf 85' lang='lat' dir='ltr'><strong>aperte</strong></span> 
     </span>
    </p>
   </div>
   <div class='ocr_carea' id='block_1_20' title="bbox 118 1988 1719 2058">
    <p class='ocr_par' dir='ltr' id='par_1_20' title="bbox 118 1988 1719 2058">
     <span class='ocr_line' id='line_1_20' title="bbox 118 1988 1719 2058; baseline -0.004 -9"><span class='ocrx_word' id='word_1_258' title='bbox 118 1994 303 2049; x_wconf 86' lang='lat' dir='ltr'><strong>dicat:</strong></span> <span class='ocrx_word' id='word_1_259' title='bbox 323 1991 522 2047; x_wconf 82' lang='lat' dir='ltr'><strong>Videre</strong></span> <span class='ocrx_word' id='word_1_260' title='bbox 548 2005 655 2045; x_wconf 91' lang='lat' dir='ltr'><strong>non</strong></span> <span class='ocrx_word' id='word_1_261' title='bbox 678 1989 831 2044; x_wconf 83' lang='lat' dir='ltr'><strong>valeo</strong></span> <span class='ocrx_word' id='word_1_262' title='bbox 857 1988 1126 2045; x_wconf 85' lang='lat' dir='ltr'><strong>videntem</strong></span> <span class='ocrx_word' id='word_1_263' title='bbox 1149 1997 1327 2054; x_wconf 90' lang='lat' dir='ltr'><strong>me,et</strong></span> <span class='ocrx_word' id='word_1_264' title='bbox 1353 2003 1479 2043; x_wconf 89' lang='lat' dir='ltr'><strong>eum</strong></span> <span class='ocrx_word' id='word_1_265' title='bbox 1507 1988 1719 2058; x_wconf 89' lang='lat' dir='ltr'><strong>qui&#39;me</strong></span> 
     </span>
    </p>
   </div>
   <div class='ocr_carea' id='block_1_21' title="bbox 114 2077 1721 2148">
    <p class='ocr_par' dir='ltr' id='par_1_21' title="bbox 114 2077 1721 2148">
     <span class='ocr_line' id='line_1_21' title="bbox 114 2077 1721 2148; baseline -0.003 -11"><span class='ocrx_word' id='word_1_266' title='bbox 114 2081 405 2137; x_wconf 86' lang='lat' dir='ltr'><strong>subtiliter</strong></span> <span class='ocrx_word' id='word_1_267' title='bbox 439 2081 701 2145; x_wconf 89' lang='lat' dir='ltr'><strong>intuetur,</strong></span> <span class='ocrx_word' id='word_1_268' title='bbox 737 2078 935 2133; x_wconf 91' lang='lat' dir='ltr'><strong>intueri</strong></span> <span class='ocrx_word' id='word_1_269' title='bbox 974 2093 1080 2132; x_wconf 90' lang='lat' dir='ltr'><strong>non</strong></span> <span class='ocrx_word' id='word_1_270' title='bbox 1108 2093 1354 2148; x_wconf 88' lang='lat' dir='ltr'><strong>possum,</strong></span> <span class='ocrx_word' id='word_1_271' title='bbox 1376 2087 1440 2132; x_wconf 86' lang='lat' dir='ltr'><strong>ut</strong></span> <span class='ocrx_word' id='word_1_272' title='bbox 1470 2077 1721 2133; x_wconf 83' lang='lat' dir='ltr'><strong>videlicet</strong></span> 
     </span>
    </p>
   </div>
   <div class='ocr_carea' id='block_1_22' title="bbox 118 2162 1720 2241">
    <p class='ocr_par' dir='ltr' id='par_1_22' title="bbox 118 2162 1720 2241">
     <span class='ocr_line' id='line_1_22' title="bbox 118 2162 1720 2241; baseline -0.002 -14"><span class='ocrx_word' id='word_1_273' title='bbox 118 2172 383 2227; x_wconf 88' lang='lat' dir='ltr'><strong>ostendat</strong></span> <span class='ocrx_word' id='word_1_274' title='bbox 404 2170 532 2241; x_wconf 90' lang='lat' dir='ltr'><strong>quia</strong></span> <span class='ocrx_word' id='word_1_275' title='bbox 559 2178 709 2224; x_wconf 90' lang='lat' dir='ltr'><strong>tanto</strong></span> <span class='ocrx_word' id='word_1_276' title='bbox 738 2169 951 2225; x_wconf 89' lang='lat' dir='ltr'><strong>cautius</strong></span> <span class='ocrx_word' id='word_1_277' title='bbox 971 2162 1343 2224; x_wconf 80' lang='lat' dir='ltr'><strong>formidandus</strong></span> <span class='ocrx_word' id='word_1_278' title='bbox 1375 2177 1479 2233; x_wconf 90' lang='lat' dir='ltr'><strong>est,</strong></span> <span class='ocrx_word' id='word_1_279' title='bbox 1516 2176 1720 2237; x_wconf 90' lang='lat' dir='ltr'><strong>quanto</strong></span> 
     </span>
    </p>
   </div>
   <div class='ocr_carea' id='block_1_23' title="bbox 120 2261 1719 2333">
    <p class='ocr_par' dir='ltr' id='par_1_23' title="bbox 120 2261 1719 2333">
     <span class='ocr_line' id='line_1_23' title="bbox 120 2261 1719 2333; baseline -0.003 -14"><span class='ocrx_word' id='word_1_280' title='bbox 120 2263 524 2333; x_wconf 86' lang='lat' dir='ltr'><strong>conspicabilis</strong></span> <span class='ocrx_word' id='word_1_281' title='bbox 550 2277 656 2317; x_wconf 92' lang='lat' dir='ltr'><strong>non</strong></span> <span class='ocrx_word' id='word_1_282' title='bbox 685 2270 788 2317; x_wconf 91' lang='lat' dir='ltr'><strong>est.</strong></span> <span class='ocrx_word' id='word_1_283' title='bbox 818 2261 919 2328; x_wconf 85' lang='lat' dir='ltr'><strong>Qui</strong></span> <span class='ocrx_word' id='word_1_284' title='bbox 948 2261 1092 2316; x_wconf 90' lang='lat' dir='ltr'><strong>enim</strong></span> <span class='ocrx_word' id='word_1_285' title='bbox 1123 2261 1197 2316; x_wconf 90' lang='lat' dir='ltr'><strong>ita</strong></span> <span class='ocrx_word' id='word_1_286' title='bbox 1228 2277 1325 2317; x_wconf 91' lang='lat' dir='ltr'><strong>nos</strong></span> <span class='ocrx_word' id='word_1_287' title='bbox 1357 2261 1569 2331; x_wconf 87' lang='lat' dir='ltr'><strong>aspicit,</strong></span> <span class='ocrx_word' id='word_1_288' title='bbox 1601 2268 1659 2315; x_wconf 91' lang='lat' dir='ltr'><strong>ut</strong></span> <span class='ocrx_word' id='word_1_289' title='bbox 1688 2276 1719 2315; x_wconf 89' lang='lat' dir='ltr'><strong>a</strong></span> 
     </span>
    </p>
   </div>
   <div class='ocr_carea' id='block_1_24' title="bbox 127 2350 1722 2422">
    <p class='ocr_par' dir='ltr' id='par_1_24' title="bbox 127 2350 1722 2422">
     <span class='ocr_line' id='line_1_24' title="bbox 127 2350 1722 2422; baseline -0.002 -13"><span class='ocrx_word' id='word_1_290' title='bbox 127 2354 294 2409; x_wconf 87' lang='lat' dir='ltr'><strong>nobis</strong></span> <span class='ocrx_word' id='word_1_291' title='bbox 339 2352 507 2422; x_wconf 85' lang='lat' dir='ltr'><strong>aspici</strong></span> <span class='ocrx_word' id='word_1_292' title='bbox 545 2358 802 2421; x_wconf 88' lang='lat' dir='ltr'><strong>nequeat,</strong></span> <span class='ocrx_word' id='word_1_293' title='bbox 833 2366 898 2406; x_wconf 94' lang='lat' dir='ltr'><strong>eo</strong></span> <span class='ocrx_word' id='word_1_294' title='bbox 940 2351 1115 2421; x_wconf 89' lang='lat' dir='ltr'><strong>magis</strong></span> <span class='ocrx_word' id='word_1_295' title='bbox 1150 2350 1423 2406; x_wconf 87' lang='lat' dir='ltr'><strong>timendus</strong></span> <span class='ocrx_word' id='word_1_296' title='bbox 1464 2359 1568 2416; x_wconf 87' lang='lat' dir='ltr'><strong>est,</strong></span> <span class='ocrx_word' id='word_1_297' title='bbox 1615 2366 1722 2420; x_wconf 92' lang='lat' dir='ltr'><strong>quo</strong></span> 
     </span>
    </p>
   </div>
   <div class='ocr_carea' id='block_1_25' title="bbox 126 2441 1722 2517">
    <p class='ocr_par' dir='ltr' id='par_1_25' title="bbox 126 2441 1722 2517">
     <span class='ocr_line' id='line_1_25' title="bbox 126 2441 1722 2517; baseline -0.004 -16"><span class='ocrx_word' id='word_1_298' title='bbox 126 2454 336 2502; x_wconf 89' lang='lat' dir='ltr'><strong>cuncta</strong></span> <span class='ocrx_word' id='word_1_299' title='bbox 360 2445 554 2499; x_wconf 84' lang='lat' dir='ltr'><strong>videns</strong></span> <span class='ocrx_word' id='word_1_300' title='bbox 584 2442 807 2500; x_wconf 84' lang='lat' dir='ltr'><strong>minime</strong></span> <span class='ocrx_word' id='word_1_301' title='bbox 845 2442 1076 2497; x_wconf 89' lang='lat' dir='ltr'><strong>videtur.</strong></span> <span class='ocrx_word' id='word_1_302' title='bbox 1106 2441 1277 2497; x_wconf 84' lang='lat' dir='ltr'><strong>Aliter</strong></span> <span class='ocrx_word' id='word_1_303' title='bbox 1304 2460 1318 2496; x_wconf 91' lang='lat'><strong>:</strong></span> <span class='ocrx_word' id='word_1_304' title='bbox 1347 2442 1428 2517; x_wconf 40' lang='lat' dir='ltr'><strong>Aid</strong></span> <span class='ocrx_word' id='word_1_305' title='bbox 1455 2442 1722 2498; x_wconf 90' lang='lat' dir='ltr'><strong>orientem</strong></span> 
     </span>
    </p>
   </div>
   <div class='ocr_carea' id='block_1_26' title="bbox 125 2532 1725 2608">
    <p class='ocr_par' dir='ltr' id='par_1_26' title="bbox 125 2532 1725 2608">
     <span class='ocr_line' id='line_1_26' title="bbox 125 2532 1725 2608; baseline -0.003 -16"><span class='ocrx_word' id='word_1_306' title='bbox 125 2536 335 2608; x_wconf 88' lang='lat' dir='ltr'><strong>quippe</strong></span> <span class='ocrx_word' id='word_1_307' title='bbox 364 2535 532 2599; x_wconf 89' lang='lat' dir='ltr'><strong>imus,</strong></span> <span class='ocrx_word' id='word_1_308' title='bbox 560 2547 681 2588; x_wconf 92' lang='lat' dir='ltr'><strong>cum</strong></span> <span class='ocrx_word' id='word_1_309' title='bbox 712 2541 950 2587; x_wconf 85' lang='lat' dir='ltr'><strong>mentem</strong></span> <span class='ocrx_word' id='word_1_310' title='bbox 986 2533 1041 2587; x_wconf 91' lang='lat' dir='ltr'><strong>in</strong></span> <span class='ocrx_word' id='word_1_311' title='bbox 1090 2532 1527 2588; x_wconf 87' lang='lat' dir='ltr'><strong>consideratione</strong></span> <span class='ocrx_word' id='word_1_312' title='bbox 1559 2533 1725 2602; x_wconf 87' lang='lat' dir='ltr'><strong>maje-</strong></span> 
     </span>
    </p>
   </div>
   <div class='ocr_carea' id='block_1_27' title="bbox 124 2621 1723 2694">
    <p class='ocr_par' dir='ltr' id='par_1_27' title="bbox 124 2621 1723 2694">
     <span class='ocr_line' id='line_1_27' title="bbox 124 2621 1723 2694; baseline -0.002 -13"><span class='ocrx_word' id='word_1_313' title='bbox 124 2625 298 2681; x_wconf 84' lang='lat' dir='ltr'><strong>statis</strong></span> <span class='ocrx_word' id='word_1_314' title='bbox 332 2623 455 2694; x_wconf 86' lang='lat' dir='ltr'><strong>ejus</strong></span> <span class='ocrx_word' id='word_1_315' title='bbox 492 2621 818 2688; x_wconf 85' lang='lat' dir='ltr'><strong>attollimus,</strong></span> <span class='ocrx_word' id='word_1_316' title='bbox 851 2623 949 2677; x_wconf 90' lang='lat' dir='ltr'><strong>sed</strong></span> <span class='ocrx_word' id='word_1_317' title='bbox 980 2638 1087 2678; x_wconf 89' lang='lat' dir='ltr'><strong>non</strong></span> <span class='ocrx_word' id='word_1_318' title='bbox 1115 2631 1354 2692; x_wconf 85' lang='lat' dir='ltr'><strong>apparet,</strong></span> <span class='ocrx_word' id='word_1_319' title='bbox 1381 2623 1508 2693; x_wconf 90' lang='lat' dir='ltr'><strong>quia</strong></span> <span class='ocrx_word' id='word_1_320' title='bbox 1548 2621 1723 2691; x_wconf 81' lang='lat' dir='ltr'><strong>qualis</strong></span> 
     </span>
    </p>
   </div>
   <div class='ocr_carea' id='block_1_28' title="bbox 129 2716 1724 2788">
    <p class='ocr_par' dir='ltr' id='par_1_28' title="bbox 129 2716 1724 2788">
     <span class='ocr_line' id='line_1_28' title="bbox 129 2716 1724 2788; baseline -0.002 -13"><span class='ocrx_word' id='word_1_321' title='bbox 129 2721 194 2775; x_wconf 88' lang='lat' dir='ltr'><strong>in</strong></span> <span class='ocrx_word' id='word_1_322' title='bbox 223 2728 421 2774; x_wconf 85' lang='lat' dir='ltr'><strong>natura</strong></span> <span class='ocrx_word' id='word_1_323' title='bbox 452 2732 550 2773; x_wconf 89' lang='lat' dir='ltr'><strong>sua</strong></span> <span class='ocrx_word' id='word_1_324' title='bbox 574 2724 682 2783; x_wconf 88' lang='lat' dir='ltr'><strong>est,</strong></span> <span class='ocrx_word' id='word_1_325' title='bbox 705 2733 735 2771; x_wconf 90' lang='lat' dir='ltr'><strong>a</strong></span> <span class='ocrx_word' id='word_1_326' title='bbox 778 2716 1105 2788; x_wconf 78' lang='lat' dir='ltr'><strong>cogitatione</strong></span> <span class='ocrx_word' id='word_1_327' title='bbox 1152 2717 1365 2772; x_wconf 83' lang='lat' dir='ltr'><strong>mortali</strong></span> <span class='ocrx_word' id='word_1_328' title='bbox 1413 2717 1583 2772; x_wconf 86' lang='lat' dir='ltr'><strong>videri</strong></span> <span class='ocrx_word' id='word_1_329' title='bbox 1615 2731 1724 2772; x_wconf 91' lang='lat' dir='ltr'><strong>non</strong></span> 
     </span>
    </p>
   </div>
   <div class='ocr_carea' id='block_1_29' title="bbox 127 2806 1724 2882">
    <p class='ocr_par' dir='ltr' id='par_1_29' title="bbox 127 2806 1724 2882">
     <span class='ocr_line' id='line_1_29' title="bbox 127 2806 1724 2882; baseline -0.001 -17"><span class='ocrx_word' id='word_1_330' title='bbox 127 2811 419 2882; x_wconf 76' lang='lat' dir='ltr'><strong>przevalet.</strong></span> <span class='ocrx_word' id='word_1_331' title='bbox 455 2809 535 2863; x_wconf 83' lang='lat' dir='ltr'><strong>Ad</strong></span> <span class='ocrx_word' id='word_1_332' title='bbox 562 2809 899 2864; x_wconf 90' lang='lat' dir='ltr'><strong>occidentem</strong></span> <span class='ocrx_word' id='word_1_333' title='bbox 932 2807 1094 2872; x_wconf 90' lang='lat' dir='ltr'><strong>imus,</strong></span> <span class='ocrx_word' id='word_1_334' title='bbox 1123 2822 1246 2862; x_wconf 90' lang='lat' dir='ltr'><strong>eum</strong></span> <span class='ocrx_word' id='word_1_335' title='bbox 1272 2806 1541 2862; x_wconf 85' lang='lat' dir='ltr'><strong>subletum</strong></span> <span class='ocrx_word' id='word_1_336' title='bbox 1574 2806 1724 2880; x_wconf 82' lang='lat' dir='ltr'><strong>[sub-</strong></span> 
     </span>
    </p>
   </div>
   <div class='ocr_carea' id='block_1_30' title="bbox 130 2897 1725 2975">
    <p class='ocr_par' dir='ltr' id='par_1_30' title="bbox 130 2897 1725 2975">
     <span class='ocr_line' id='line_1_30' title="bbox 130 2897 1725 2975; baseline -0.003 -18"><span class='ocrx_word' id='word_1_337' title='bbox 130 2901 332 2975; x_wconf 90' lang='lat' dir='ltr'><strong>latum]</strong></span> <span class='ocrx_word' id='word_1_338' title='bbox 367 2904 420 2956; x_wconf 91' lang='lat' dir='ltr'><strong>in</strong></span> <span class='ocrx_word' id='word_1_339' title='bbox 460 2901 569 2956; x_wconf 89' lang='lat' dir='ltr'><strong>Deo</strong></span> <span class='ocrx_word' id='word_1_340' title='bbox 600 2901 779 2956; x_wconf 90' lang='lat' dir='ltr'><strong>cordis</strong></span> <span class='ocrx_word' id='word_1_341' title='bbox 803 2897 1052 2963; x_wconf 90' lang='lat' dir='ltr'><strong>oculum,</strong></span> <span class='ocrx_word' id='word_1_342' title='bbox 1081 2898 1174 2953; x_wconf 90' lang='lat' dir='ltr'><strong>sed</strong></span> <span class='ocrx_word' id='word_1_343' title='bbox 1218 2899 1330 2968; x_wconf 75' lang='lat' dir='ltr'><strong>ipsa</strong></span> <span class='ocrx_word' id='word_1_344' title='bbox 1364 2898 1725 2953; x_wconf 88' lang='lat' dir='ltr'><strong>immensitate</strong></span> 
     </span>
    </p>
   </div>
   <div class='ocr_carea' id='block_1_31' title="bbox 130 2990 1726 3059">
    <p class='ocr_par' dir='ltr' id='par_1_31' title="bbox 130 2990 1726 3059">
     <span class='ocr_line' id='line_1_31' title="bbox 130 2990 1726 3059; baseline -0.001 -12"><span class='ocrx_word' id='word_1_345' title='bbox 130 2994 362 3049; x_wconf 85' lang='lat' dir='ltr'><strong>luminis</strong></span> <span class='ocrx_word' id='word_1_346' title='bbox 384 2994 813 3055; x_wconf 86' lang='lat' dir='ltr'><strong>reverberatum,</strong></span> <span class='ocrx_word' id='word_1_347' title='bbox 836 2992 903 3045; x_wconf 90' lang='lat' dir='ltr'><strong>ad</strong></span> <span class='ocrx_word' id='word_1_348' title='bbox 930 2990 1291 3059; x_wconf 82' lang='lat' dir='ltr'><strong>nosmetipsos</strong></span> <span class='ocrx_word' id='word_1_349' title='bbox 1318 2990 1645 3055; x_wconf 90' lang='lat' dir='ltr'><strong>reducimus,</strong></span> <span class='ocrx_word' id='word_1_350' title='bbox 1671 2997 1726 3046; x_wconf 90' lang='lat' dir='ltr'><strong>et</strong></span> 
     </span>
    </p>
   </div>
   <div class='ocr_carea' id='block_1_32' title="bbox 130 3078 1725 3150">
    <p class='ocr_par' dir='ltr' id='par_1_32' title="bbox 130 3078 1725 3150">
     <span class='ocr_line' id='line_1_32' title="bbox 130 3078 1725 3150; baseline -0.001 -14"><span class='ocrx_word' id='word_1_351' title='bbox 130 3081 327 3136; x_wconf 79' lang='lat' dir='ltr'><strong>lassati</strong></span> <span class='ocrx_word' id='word_1_352' title='bbox 358 3081 621 3135; x_wconf 84' lang='lat' dir='ltr'><strong>discimus</strong></span> <span class='ocrx_word' id='word_1_353' title='bbox 643 3095 807 3150; x_wconf 85' lang='lat' dir='ltr'><strong>super</strong></span> <span class='ocrx_word' id='word_1_354' title='bbox 835 3094 935 3135; x_wconf 86' lang='lat' dir='ltr'><strong>nos</strong></span> <span class='ocrx_word' id='word_1_355' title='bbox 955 3079 1110 3134; x_wconf 88' lang='lat' dir='ltr'><strong>valde</strong></span> <span class='ocrx_word' id='word_1_356' title='bbox 1136 3094 1257 3134; x_wconf 88' lang='lat' dir='ltr'><strong>esse</strong></span> <span class='ocrx_word' id='word_1_357' title='bbox 1277 3078 1421 3148; x_wconf 87' lang='lat' dir='ltr'><strong>quod</strong></span> <span class='ocrx_word' id='word_1_358' title='bbox 1447 3079 1725 3148; x_wconf 66' lang='lat' dir='ltr'><strong>quaereba-</strong></span> 
     </span>
    </p>
   </div>
   <div class='ocr_carea' id='block_1_33' title="bbox 1812 1706 3401 1779">
    <p class='ocr_par' dir='ltr' id='par_1_33' title="bbox 1812 1706 3401 1779">
     <span class='ocr_line' id='line_1_33' title="bbox 1812 1706 3401 1779; baseline 0.003 -18"><span class='ocrx_word' id='word_1_359' title='bbox 1812 1722 1908 1778; x_wconf 87' lang='lat' dir='ltr'><strong>per</strong></span> <span class='ocrx_word' id='word_1_360' title='bbox 1940 1706 2156 1763; x_wconf 87' lang='lat' dir='ltr'><strong>Petrum</strong></span> <span class='ocrx_word' id='word_1_361' title='bbox 2193 1708 2392 1763; x_wconf 88' lang='lat' dir='ltr'><strong>dicitur</strong></span> <span class='ocrx_word' id='word_1_362' title='bbox 2417 1726 2431 1761; x_wconf 89' lang='lat'><strong>:</strong></span> <span class='ocrx_word' id='word_1_363' title='bbox 2463 1726 2481 1758; x_wconf 76' lang='grc'><strong>(</strong></span> <span class='ocrx_word' id='word_1_364' title='bbox 2510 1708 2755 1763; x_wconf 80' lang='lat' dir='ltr'><strong>Christus</strong></span> <span class='ocrx_word' id='word_1_365' title='bbox 2780 1724 2973 1779; x_wconf 89' lang='lat' dir='ltr'><strong>passus</strong></span> <span class='ocrx_word' id='word_1_366' title='bbox 2997 1718 3082 1764; x_wconf 90' lang='lat' dir='ltr'><strong>est</strong></span> <span class='ocrx_word' id='word_1_367' title='bbox 3107 1724 3205 1778; x_wconf 90' lang='lat' dir='ltr'><strong>pro</strong></span> <span class='ocrx_word' id='word_1_368' title='bbox 3227 1710 3401 1773; x_wconf 89' lang='lat' dir='ltr'><strong>nobis,</strong></span> 
     </span>
    </p>
   </div>
   <div class='ocr_carea' id='block_1_34' title="bbox 1743 1782 3405 1871">
    <p class='ocr_par' dir='ltr' id='par_1_34' title="bbox 1743 1782 3405 1871">
     <span class='ocr_line' id='line_1_34' title="bbox 1743 1782 3405 1871; baseline 0.001 -18"><span class='ocrx_word' id='word_1_369' title='bbox 1743 1782 1790 1845; x_wconf 75' lang='grc' dir='ltr'><strong>Β</strong></span> <span class='ocrx_word' id='word_1_370' title='bbox 1819 1801 1969 1857; x_wconf 82' lang='lat' dir='ltr'><strong>vobis</strong></span> <span class='ocrx_word' id='word_1_371' title='bbox 2005 1801 2314 1871; x_wconf 74' lang='lat' dir='ltr'><strong>relinquens</strong></span> <span class='ocrx_word' id='word_1_372' title='bbox 2361 1801 2664 1870; x_wconf 79' lang='lat' dir='ltr'><strong>exemplum</strong></span> <span class='ocrx_word' id='word_1_373' title='bbox 2712 1809 2771 1854; x_wconf 91' lang='lat' dir='ltr'><strong>ut</strong></span> <span class='ocrx_word' id='word_1_374' title='bbox 2816 1801 3119 1871; x_wconf 85' lang='lat' dir='ltr'><strong>sequamini</strong></span> <span class='ocrx_word' id='word_1_375' title='bbox 3176 1800 3405 1870; x_wconf 82' lang='lat' dir='ltr'><strong>vestigia</strong></span> 
     </span>
    </p>
   </div>
   <div class='ocr_carea' id='block_1_35' title="bbox 1809 1889 3407 1962">
    <p class='ocr_par' dir='ltr' id='par_1_35' title="bbox 1809 1889 3407 1962">
     <span class='ocr_line' id='line_1_35' title="bbox 1809 1889 3407 1962; baseline 0.001 -19"><span class='ocrx_word' id='word_1_376' title='bbox 1809 1890 1937 1958; x_wconf 80' lang='lat' dir='ltr'><strong>ejus</strong></span> <span class='ocrx_word' id='word_1_377' title='bbox 1964 1889 2012 1961; x_wconf 89' lang='grc' dir='ltr'><strong>(Ι</strong></span> <span class='ocrx_word' id='word_1_378' title='bbox 2054 1889 2201 1943; x_wconf 76' lang='lat' dir='ltr'><strong>Patr.</strong></span> <span class='ocrx_word' id='word_1_379' title='bbox 2237 1906 2299 1956; x_wconf 81' lang='grc' dir='ltr'><strong>ιι,</strong></span> <span class='ocrx_word' id='word_1_380' title='bbox 2340 1889 2453 1960; x_wconf 67' lang='lat' dir='ltr'><strong>Si).</strong></span> <span class='ocrx_word' id='word_1_381' title='bbox 2482 1909 2501 1943; x_wconf 73' lang='grc' dir='ltr'><strong>ι</strong></span> <span class='ocrx_word' id='word_1_382' title='bbox 2552 1890 2847 1959; x_wconf 85' lang='lat' dir='ltr'><strong>Sequitur:</strong></span> <span class='ocrx_word' id='word_1_383' title='bbox 2885 1889 3036 1945; x_wconf 80' lang='lat' dir='ltr'><strong>Viam</strong></span> <span class='ocrx_word' id='word_1_384' title='bbox 3078 1892 3194 1962; x_wconf 83' lang='lat' dir='ltr'><strong>ejus</strong></span> <span class='ocrx_word' id='word_1_385' title='bbox 3235 1900 3407 1945; x_wconf 86' lang='lat' dir='ltr'><strong>custo-</strong></span> 
     </span>
    </p>
   </div>
   <div class='ocr_carea' id='block_1_36' title="bbox 1817 1980 3410 2047">
    <p class='ocr_par' dir='ltr' id='par_1_36' title="bbox 1817 1980 3410 2047">
     <span class='ocr_line' id='line_1_36' title="bbox 1817 1980 3410 2047; baseline 0 -12"><span class='ocrx_word' id='word_1_386' title='bbox 1817 1982 1942 2047; x_wconf 74' lang='lat' dir='ltr'><strong>diri,</strong></span> <span class='ocrx_word' id='word_1_387' title='bbox 1973 1992 2021 2034; x_wconf 89' lang='lat' dir='ltr'><strong>et</strong></span> <span class='ocrx_word' id='word_1_388' title='bbox 2053 1998 2158 2035; x_wconf 87' lang='lat' dir='ltr'><strong>non</strong></span> <span class='ocrx_word' id='word_1_389' title='bbox 2181 1980 2437 2035; x_wconf 83' lang='lat' dir='ltr'><strong>declinavi</strong></span> <span class='ocrx_word' id='word_1_390' title='bbox 2471 1996 2536 2034; x_wconf 80' lang='lat' dir='ltr'><strong>ea:</strong></span> <span class='ocrx_word' id='word_1_391' title='bbox 2572 1998 2654 2034; x_wconf 90' lang='lat' dir='ltr'><strong>ea.</strong></span> <span class='ocrx_word' id='word_1_392' title='bbox 2680 2011 2750 2020; x_wconf 92' lang='lat'><strong>—</strong></span> <span class='ocrx_word' id='word_1_393' title='bbox 2778 1981 3025 2036; x_wconf 91' lang='lat' dir='ltr'><strong>Custodit</strong></span> <span class='ocrx_word' id='word_1_394' title='bbox 3051 1982 3194 2035; x_wconf 88' lang='lat' dir='ltr'><strong>enim</strong></span> <span class='ocrx_word' id='word_1_395' title='bbox 3223 1990 3277 2037; x_wconf 90' lang='lat' dir='ltr'><strong>et</strong></span> <span class='ocrx_word' id='word_1_396' title='bbox 3302 1995 3410 2036; x_wconf 90' lang='lat' dir='ltr'><strong>non</strong></span> 
     </span>
    </p>
   </div>
   <div class='ocr_carea' id='block_1_37' title="bbox 1816 2070 3411 2143">
    <p class='ocr_par' dir='ltr' id='par_1_37' title="bbox 1816 2070 3411 2143">
     <span class='ocr_line' id='line_1_37' title="bbox 1816 2070 3411 2143; baseline -0.001 -16"><span class='ocrx_word' id='word_1_397' title='bbox 1816 2072 2069 2136; x_wconf 89' lang='lat' dir='ltr'><strong>declinat,</strong></span> <span class='ocrx_word' id='word_1_398' title='bbox 2099 2072 2188 2143; x_wconf 88' lang='lat' dir='ltr'><strong>qui</strong></span> <span class='ocrx_word' id='word_1_399' title='bbox 2222 2073 2323 2125; x_wconf 91' lang='lat' dir='ltr'><strong>hoc</strong></span> <span class='ocrx_word' id='word_1_400' title='bbox 2365 2070 2454 2126; x_wconf 91' lang='lat' dir='ltr'><strong>ubi</strong></span> <span class='ocrx_word' id='word_1_401' title='bbox 2508 2071 2761 2136; x_wconf 81' lang='lat' dir='ltr'><strong>intendit,</strong></span> <span class='ocrx_word' id='word_1_402' title='bbox 2805 2081 3091 2141; x_wconf 89' lang='lat' dir='ltr'><strong>operatur;</strong></span> <span class='ocrx_word' id='word_1_403' title='bbox 3133 2080 3189 2125; x_wconf 91' lang='lat' dir='ltr'><strong>et</strong></span> <span class='ocrx_word' id='word_1_404' title='bbox 3228 2080 3411 2127; x_wconf 87' lang='lat' dir='ltr'><strong>custo-</strong></span> 
     </span>
    </p>
   </div>
   <div class='ocr_carea' id='block_1_38' title="bbox 1820 2162 3414 2232">
    <p class='ocr_par' dir='ltr' id='par_1_38' title="bbox 1820 2162 3414 2232">
     <span class='ocr_line' id='line_1_38' title="bbox 1820 2162 3414 2232; baseline -0.001 -14"><span class='ocrx_word' id='word_1_405' title='bbox 1820 2164 1936 2218; x_wconf 85' lang='lat' dir='ltr'><strong>dire</strong></span> <span class='ocrx_word' id='word_1_406' title='bbox 1982 2162 2180 2232; x_wconf 88' lang='lat' dir='ltr'><strong>quippe</strong></span> <span class='ocrx_word' id='word_1_407' title='bbox 2216 2178 2313 2231; x_wconf 90' lang='lat' dir='ltr'><strong>per</strong></span> <span class='ocrx_word' id='word_1_408' title='bbox 2347 2162 2699 2216; x_wconf 89' lang='lat' dir='ltr'><strong>intentionem</strong></span> <span class='ocrx_word' id='word_1_409' title='bbox 2737 2171 2839 2226; x_wconf 88' lang='lat' dir='ltr'><strong>est,</strong></span> <span class='ocrx_word' id='word_1_410' title='bbox 2882 2177 2988 2216; x_wconf 89' lang='lat' dir='ltr'><strong>non</strong></span> <span class='ocrx_word' id='word_1_411' title='bbox 3020 2162 3292 2217; x_wconf 90' lang='lat' dir='ltr'><strong>declinare</strong></span> <span class='ocrx_word' id='word_1_412' title='bbox 3314 2176 3414 2232; x_wconf 86' lang='lat' dir='ltr'><strong>per</strong></span> 
     </span>
    </p>
   </div>
   <div class='ocr_carea' id='block_1_39' title="bbox 1820 2254 3410 2327">
    <p class='ocr_par' dir='ltr' id='par_1_39' title="bbox 1820 2254 3410 2327">
     <span class='ocr_line' id='line_1_39' title="bbox 1820 2254 3410 2327; baseline -0.001 -16"><span class='ocrx_word' id='word_1_413' title='bbox 1820 2257 2208 2327; x_wconf 88' lang='lat' dir='ltr'><strong>operationem.</strong></span> <span class='ocrx_word' id='word_1_414' title='bbox 2244 2254 2369 2309; x_wconf 63' lang='lat' dir='ltr'><strong>H330</strong></span> <span class='ocrx_word' id='word_1_415' title='bbox 2396 2270 2626 2323; x_wconf 90' lang='lat' dir='ltr'><strong>namque</strong></span> <span class='ocrx_word' id='word_1_416' title='bbox 2663 2264 2747 2309; x_wconf 90' lang='lat' dir='ltr'><strong>est</strong></span> <span class='ocrx_word' id='word_1_417' title='bbox 2792 2255 3097 2310; x_wconf 88' lang='lat' dir='ltr'><strong>sollicitudo</strong></span> <span class='ocrx_word' id='word_1_418' title='bbox 3118 2254 3410 2322; x_wconf 75' lang='lat' dir='ltr'><strong>iustorum,</strong></span> 
     </span>
    </p>
   </div>
   <div class='ocr_carea' id='block_1_40' title="bbox 1823 2343 3417 2413">
    <p class='ocr_par' dir='ltr' id='par_1_40' title="bbox 1823 2343 3417 2413">
     <span class='ocr_line' id='line_1_40' title="bbox 1823 2343 3417 2413; baseline 0 -15"><span class='ocrx_word' id='word_1_419' title='bbox 1823 2353 1877 2399; x_wconf 93' lang='lat' dir='ltr'><strong>ut</strong></span> <span class='ocrx_word' id='word_1_420' title='bbox 1935 2352 2090 2399; x_wconf 90' lang='lat' dir='ltr'><strong>actus</strong></span> <span class='ocrx_word' id='word_1_421' title='bbox 2146 2359 2274 2398; x_wconf 89' lang='lat' dir='ltr'><strong>suos</strong></span> <span class='ocrx_word' id='word_1_422' title='bbox 2308 2343 2549 2413; x_wconf 89' lang='lat' dir='ltr'><strong>quotidie</strong></span> <span class='ocrx_word' id='word_1_423' title='bbox 2580 2344 2735 2413; x_wconf 79' lang='lat' dir='ltr'><strong>juxta</strong></span> <span class='ocrx_word' id='word_1_424' title='bbox 2783 2344 2896 2399; x_wconf 88' lang='lat' dir='ltr'><strong>vias</strong></span> <span class='ocrx_word' id='word_1_425' title='bbox 2938 2345 3182 2399; x_wconf 88' lang='lat' dir='ltr'><strong>veritatis</strong></span> <span class='ocrx_word' id='word_1_426' title='bbox 3210 2344 3417 2399; x_wconf 77' lang='lat' dir='ltr'><strong>exami-</strong></span> 
     </span>
    </p>
   </div>
   <div class='ocr_carea' id='block_1_41' title="bbox 1824 2433 3417 2504">
    <p class='ocr_par' dir='ltr' id='par_1_41' title="bbox 1824 2433 3417 2504">
     <span class='ocr_line' id='line_1_41' title="bbox 1824 2433 3417 2504; baseline -0.001 -13"><span class='ocrx_word' id='word_1_427' title='bbox 1824 2444 1971 2500; x_wconf 90' lang='lat' dir='ltr'><strong>nent,</strong></span> <span class='ocrx_word' id='word_1_428' title='bbox 2020 2444 2074 2490; x_wconf 86' lang='lat' dir='ltr'><strong>et</strong></span> <span class='ocrx_word' id='word_1_429' title='bbox 2118 2448 2211 2489; x_wconf 85' lang='lat' dir='ltr'><strong>eas</strong></span> <span class='ocrx_word' id='word_1_430' title='bbox 2249 2433 2351 2488; x_wconf 88' lang='lat' dir='ltr'><strong>sibi</strong></span> <span class='ocrx_word' id='word_1_431' title='bbox 2406 2433 2459 2487; x_wconf 91' lang='lat' dir='ltr'><strong>in</strong></span> <span class='ocrx_word' id='word_1_432' title='bbox 2508 2433 2746 2503; x_wconf 87' lang='lat' dir='ltr'><strong>regulam</strong></span> <span class='ocrx_word' id='word_1_433' title='bbox 2803 2443 3199 2504; x_wconf 66' lang='lat' dir='ltr'><strong>propellentes,</strong></span> <span class='ocrx_word' id='word_1_434' title='bbox 3252 2450 3283 2489; x_wconf 92' lang='lat' dir='ltr'><strong>a</strong></span> <span class='ocrx_word' id='word_1_435' title='bbox 3330 2451 3417 2490; x_wconf 86' lang='lat' dir='ltr'><strong>re-</strong></span> 
     </span>
    </p>
   </div>
   <div class='ocr_carea' id='block_1_42' title="bbox 1823 2526 3419 2598">
    <p class='ocr_par' dir='ltr' id='par_1_42' title="bbox 1823 2526 3419 2598">
     <span class='ocr_line' id='line_1_42' title="bbox 1823 2526 3419 2598; baseline -0.003 -12"><span class='ocrx_word' id='word_1_436' title='bbox 1823 2530 2104 2586; x_wconf 87' lang='lat' dir='ltr'><strong>ctitudinis</strong></span> <span class='ocrx_word' id='word_1_437' title='bbox 2158 2543 2343 2583; x_wconf 89' lang='lat' dir='ltr'><strong>earum</strong></span> <span class='ocrx_word' id='word_1_438' title='bbox 2408 2527 2627 2582; x_wconf 84' lang='lat' dir='ltr'><strong>tramite</strong></span> <span class='ocrx_word' id='word_1_439' title='bbox 2691 2543 2799 2583; x_wconf 89' lang='lat' dir='ltr'><strong>non</strong></span> <span class='ocrx_word' id='word_1_440' title='bbox 2864 2526 3153 2582; x_wconf 89' lang='lat' dir='ltr'><strong>declinent.</strong></span> <span class='ocrx_word' id='word_1_441' title='bbox 3224 2527 3419 2598; x_wconf 88' lang='lat' dir='ltr'><strong>Sequi-</strong></span> 
     </span>
    </p>
   </div>
   <div class='ocr_carea' id='block_1_43' title="bbox 1825 2631 1964 2677">
    <p class='ocr_par' dir='ltr' id='par_1_43' title="bbox 1825 2631 1964 2677">
     <span class='ocr_line' id='line_1_43' title="bbox 1825 2631 1964 2677; baseline -0.014 -1"><span class='ocrx_word' id='word_1_442' title='bbox 1825 2631 1913 2677; x_wconf 87' lang='lat' dir='ltr'><strong>tur</strong></span> <span class='ocrx_word' id='word_1_443' title='bbox 1952 2639 1964 2674; x_wconf 89' lang='lat'>:</span> 
     </span>
    </p>
   </div>
   <div class='ocr_carea' id='block_1_44' title="bbox 1900 2710 3420 2781">
    <p class='ocr_par' dir='ltr' id='par_1_44' title="bbox 1900 2710 3420 2781">
     <span class='ocr_line' id='line_1_44' title="bbox 1900 2710 3420 2781; baseline 0 -15"><span class='ocrx_word' id='word_1_444' title='bbox 1900 2711 2059 2767; x_wconf 76' lang='lat' dir='ltr'><strong>Vens.</strong></span> <span class='ocrx_word' id='word_1_445' title='bbox 2086 2710 2169 2765; x_wconf 72' lang='grc'><strong>12.</strong></span> <span class='ocrx_word' id='word_1_446' title='bbox 2212 2711 2255 2763; x_wconf 84' lang='grc' dir='ltr'><strong><em>Α</em></strong></span> <span class='ocrx_word' id='word_1_447' title='bbox 2283 2712 2547 2766; x_wconf 78' lang='lat' dir='ltr'><strong>mandatis</strong></span> <span class='ocrx_word' id='word_1_448' title='bbox 2567 2711 2825 2765; x_wconf 75' lang='lat' dir='ltr'><strong>(abiaram</strong></span> <span class='ocrx_word' id='word_1_449' title='bbox 2849 2712 2963 2781; x_wconf 87' lang='lat' dir='ltr'><strong>ejus</strong></span> <span class='ocrx_word' id='word_1_450' title='bbox 2989 2728 3090 2766; x_wconf 90' lang='lat' dir='ltr'><strong>non</strong></span> <span class='ocrx_word' id='word_1_451' title='bbox 3122 2712 3326 2766; x_wconf 83' lang='lat' dir='ltr'><strong>recessi.</strong></span> <span class='ocrx_word' id='word_1_452' title='bbox 3348 2739 3420 2753; x_wconf 88' lang='lat'><strong>-—</strong></span> 
     </span>
    </p>
   </div>
   <div class='ocr_carea' id='block_1_45' title="bbox 1826 2801 3418 2873">
    <p class='ocr_par' dir='ltr' id='par_1_45' title="bbox 1826 2801 3418 2873">
     <span class='ocr_line' id='line_1_45' title="bbox 1826 2801 3418 2873; baseline -0.002 -13"><span class='ocrx_word' id='word_1_453' title='bbox 1826 2803 1979 2860; x_wconf 86' lang='lat' dir='ltr'><strong>Sicut</strong></span> <span class='ocrx_word' id='word_1_454' title='bbox 2013 2804 2149 2859; x_wconf 90' lang='lat' dir='ltr'><strong>bene</strong></span> <span class='ocrx_word' id='word_1_455' title='bbox 2183 2805 2543 2873; x_wconf 87' lang='lat' dir='ltr'><strong>obsequentes</strong></span> <span class='ocrx_word' id='word_1_456' title='bbox 2590 2801 2774 2857; x_wconf 88' lang='lat' dir='ltr'><strong>lamuli</strong></span> <span class='ocrx_word' id='word_1_457' title='bbox 2816 2803 3155 2858; x_wconf 87' lang='lat' dir='ltr'><strong>dominorum</strong></span> <span class='ocrx_word' id='word_1_458' title='bbox 3197 2817 3418 2858; x_wconf 88' lang='lat' dir='ltr'><strong>suorum</strong></span> 
     </span>
    </p>
   </div>
   <div class='ocr_carea' id='block_1_46' title="bbox 1824 2896 3412 2967">
    <p class='ocr_par' dir='ltr' id='par_1_46' title="bbox 1824 2896 3412 2967">
     <span class='ocr_line' id='line_1_46' title="bbox 1824 2896 3412 2967; baseline 0 -15"><span class='ocrx_word' id='word_1_459' title='bbox 1824 2898 2059 2952; x_wconf 90' lang='lat' dir='ltr'><strong>vultibus</strong></span> <span class='ocrx_word' id='word_1_460' title='bbox 2106 2911 2320 2966; x_wconf 89' lang='lat' dir='ltr'><strong>semper</strong></span> <span class='ocrx_word' id='word_1_461' title='bbox 2366 2896 2558 2951; x_wconf 91' lang='lat' dir='ltr'><strong>intenti</strong></span> <span class='ocrx_word' id='word_1_462' title='bbox 2598 2906 2746 2962; x_wconf 89' lang='lat' dir='ltr'><strong>sunt,</strong></span> <span class='ocrx_word' id='word_1_463' title='bbox 2783 2906 2842 2950; x_wconf 93' lang='lat' dir='ltr'><strong>ut</strong></span> <span class='ocrx_word' id='word_1_464' title='bbox 2875 2911 2939 2952; x_wconf 88' lang='lat' dir='ltr'><strong>ea</strong></span> <span class='ocrx_word' id='word_1_465' title='bbox 2979 2911 3098 2966; x_wconf 74' lang='lat' dir='ltr'><strong>qua:</strong></span> <span class='ocrx_word' id='word_1_466' title='bbox 3138 2911 3412 2967; x_wconf 64' lang='lat' dir='ltr'><strong>praecepe-</strong></span> 
     </span>
    </p>
   </div>
   <div class='ocr_carea' id='block_1_47' title="bbox 1828 2984 3415 3055">
    <p class='ocr_par' dir='ltr' id='par_1_47' title="bbox 1828 2984 3415 3055">
     <span class='ocr_line' id='line_1_47' title="bbox 1828 2984 3415 3055; baseline 0 -14"><span class='ocrx_word' id='word_1_467' title='bbox 1828 2987 1939 3041; x_wconf 86' lang='lat' dir='ltr'><strong>rint</strong></span> <span class='ocrx_word' id='word_1_468' title='bbox 1976 2985 2157 3040; x_wconf 86' lang='lat' dir='ltr'><strong>l‘estini</strong></span> <span class='ocrx_word' id='word_1_469' title='bbox 2200 2986 2443 3051; x_wconf 90' lang='lat' dir='ltr'><strong>audiant,</strong></span> <span class='ocrx_word' id='word_1_470' title='bbox 2492 2994 2547 3039; x_wconf 92' lang='lat' dir='ltr'><strong>et</strong></span> <span class='ocrx_word' id='word_1_471' title='bbox 2589 2985 2812 3055; x_wconf 88' lang='lat' dir='ltr'><strong>implere</strong></span> <span class='ocrx_word' id='word_1_472' title='bbox 2838 2985 3294 3051; x_wconf 89' lang='lat' dir='ltr'><strong>contendant,sic</strong></span> <span class='ocrx_word' id='word_1_473' title='bbox 3315 2984 3415 3055; x_wconf 92' lang='lat' dir='ltr'><strong>ju-</strong></span> 
     </span>
    </p>
   </div>
   <div class='ocr_carea' id='block_1_48' title="bbox 1828 3060 3426 3150">
    <p class='ocr_par' dir='ltr' id='par_1_48' title="bbox 1828 3060 3426 3150">
     <span class='ocr_line' id='line_1_48' title="bbox 1828 3060 3426 3150; baseline 0.001 -16"><span class='ocrx_word' id='word_1_474' title='bbox 1828 3088 2035 3135; x_wconf 89' lang='lat' dir='ltr'><strong>storum</strong></span> <span class='ocrx_word' id='word_1_475' title='bbox 2077 3087 2286 3133; x_wconf 90' lang='lat' dir='ltr'><strong>mentes</strong></span> <span class='ocrx_word' id='word_1_476' title='bbox 2325 3092 2422 3148; x_wconf 89' lang='lat' dir='ltr'><strong>per</strong></span> <span class='ocrx_word' id='word_1_477' title='bbox 2456 3078 2807 3134; x_wconf 82' lang='lat' dir='ltr'><strong>intentionem</strong></span> <span class='ocrx_word' id='word_1_478' title='bbox 2862 3094 3014 3134; x_wconf 89' lang='lat' dir='ltr'><strong>suam</strong></span> <span class='ocrx_word' id='word_1_479' title='bbox 3062 3060 3426 3150; x_wconf 70' lang='lat' dir='ltr'><strong>omnipotenti</strong></span> 
     </span>
    </p>
   </div>
   <div class='ocr_carea' id='block_1_49' title="bbox 137 3130 3431 3242">
    <p class='ocr_par' dir='ltr' id='par_1_49' title="bbox 137 3130 3431 3242">
     <span class='ocr_line' id='line_1_49' title="bbox 137 3130 3431 3242; baseline -0.001 -15"><span class='ocrx_word' id='word_1_480' title='bbox 137 3188 288 3237; x_wconf 89' lang='lat' dir='ltr'><strong>mus,</strong></span> <span class='ocrx_word' id='word_1_481' title='bbox 322 3181 567 3227; x_wconf 84' lang='lat' dir='ltr'><strong>nostram</strong></span> <span class='ocrx_word' id='word_1_482' title='bbox 597 3130 980 3225; x_wconf 49' lang='lat' dir='ltr'><strong>morialitatem</strong></span> <span class='ocrx_word' id='word_1_483' title='bbox 1011 3170 1445 3236; x_wconf 87' lang='lat' dir='ltr'><strong>considerantes,</strong></span> <span class='ocrx_word' id='word_1_484' title='bbox 1478 3169 1727 3242; x_wconf 81' lang='lat' dir='ltr'><strong>indignos</strong></span> <span class='ocrx_word' id='word_1_485' title='bbox 1753 3130 1798 3193; x_wconf 62' lang='grc' dir='ltr'>Ο</span> <span class='ocrx_word' id='word_1_486' title='bbox 1830 3168 2058 3223; x_wconf 87' lang='lat' dir='ltr'><strong>Domino</strong></span> <span class='ocrx_word' id='word_1_487' title='bbox 2092 3168 2376 3233; x_wconf 91' lang='lat' dir='ltr'><strong>assistunt,</strong></span> <span class='ocrx_word' id='word_1_488' title='bbox 2417 3181 2578 3238; x_wconf 86' lang='lat' dir='ltr'><strong>atque</strong></span> <span class='ocrx_word' id='word_1_489' title='bbox 2607 3170 2662 3223; x_wconf 91' lang='lat' dir='ltr'><strong>in</strong></span> <span class='ocrx_word' id='word_1_490' title='bbox 2693 3169 2971 3239; x_wconf 87' lang='lat' dir='ltr'><strong>Scriptura</strong></span> <span class='ocrx_word' id='word_1_491' title='bbox 3021 3168 3136 3240; x_wconf 92' lang='lat' dir='ltr'><strong>ejus</strong></span> <span class='ocrx_word' id='word_1_492' title='bbox 3176 3130 3331 3240; x_wconf 52' lang='grc' dir='ltr'><strong>(ιιιθεί</strong></span> <span class='ocrx_word' id='word_1_493' title='bbox 3365 3184 3431 3226; x_wconf 88' lang='lat' dir='ltr'><strong>os</strong></span> 
     </span>
    </p>
   </div>
   <div class='ocr_carea' id='block_1_50' title="bbox 136 3259 3431 3333">
    <p class='ocr_par' dir='ltr' id='par_1_50' title="bbox 136 3259 3431 3333">
     <span class='ocr_line' id='line_1_50' title="bbox 136 3259 3431 3333; baseline -0.001 -13"><span class='ocrx_word' id='word_1_494' title='bbox 136 3279 246 3320; x_wconf 87' lang='lat' dir='ltr'><strong>nos</strong></span> <span class='ocrx_word' id='word_1_495' title='bbox 294 3264 471 3318; x_wconf 86' lang='lat' dir='ltr'><strong>adhuc</strong></span> <span class='ocrx_word' id='word_1_496' title='bbox 520 3278 644 3318; x_wconf 85' lang='lat' dir='ltr'><strong>esse</strong></span> <span class='ocrx_word' id='word_1_497' title='bbox 697 3261 1174 3333; x_wconf 77' lang='lat' dir='ltr'><strong>deprehendimus,</strong></span> <span class='ocrx_word' id='word_1_498' title='bbox 1222 3262 1316 3332; x_wconf 93' lang='lat' dir='ltr'><strong>qui</strong></span> <span class='ocrx_word' id='word_1_499' title='bbox 1364 3262 1727 3317; x_wconf 89' lang='lat' dir='ltr'><strong>immortalem</strong></span> <span class='ocrx_word' id='word_1_500' title='bbox 1827 3260 1944 3330; x_wconf 88' lang='lat' dir='ltr'><strong>ejus</strong></span> <span class='ocrx_word' id='word_1_501' title='bbox 1974 3259 2278 3325; x_wconf 83' lang='lat' dir='ltr'><strong>intuentur,</strong></span> <span class='ocrx_word' id='word_1_502' title='bbox 2316 3268 2375 3313; x_wconf 93' lang='lat' dir='ltr'><strong>ut</strong></span> <span class='ocrx_word' id='word_1_503' title='bbox 2407 3259 2532 3329; x_wconf 90' lang='lat' dir='ltr'><strong>quia</strong></span> <span class='ocrx_word' id='word_1_504' title='bbox 2558 3276 2655 3330; x_wconf 91' lang='lat' dir='ltr'><strong>per</strong></span> <span class='ocrx_word' id='word_1_505' title='bbox 2684 3275 2805 3315; x_wconf 88' lang='lat' dir='ltr'><strong>eam</strong></span> <span class='ocrx_word' id='word_1_506' title='bbox 2838 3261 2980 3315; x_wconf 92' lang='lat' dir='ltr'><strong>Deus</strong></span> <span class='ocrx_word' id='word_1_507' title='bbox 3006 3260 3244 3331; x_wconf 88' lang='lat' dir='ltr'><strong>loquitur</strong></span> <span class='ocrx_word' id='word_1_508' title='bbox 3266 3277 3431 3317; x_wconf 88' lang='lat' dir='ltr'><strong>omne</strong></span> 
     </span>
    </p>
   </div>
   <div class='ocr_carea' id='block_1_51' title="bbox 136 3351 3428 3425">
    <p class='ocr_par' dir='ltr' id='par_1_51' title="bbox 136 3351 3428 3425">
     <span class='ocr_line' id='line_1_51' title="bbox 136 3351 3428 3425; baseline -0.001 -15"><span class='ocrx_word' id='word_1_509' title='bbox 136 3356 331 3410; x_wconf 74' lang='lat' dir='ltr'><strong>videre</strong></span> <span class='ocrx_word' id='word_1_510' title='bbox 368 3353 666 3409; x_wconf 85' lang='lat' dir='ltr'><strong>valeamus.</strong></span> <span class='ocrx_word' id='word_1_511' title='bbox 712 3353 795 3408; x_wconf 80' lang='lat' dir='ltr'><strong>Ad</strong></span> <span class='ocrx_word' id='word_1_512' title='bbox 824 3353 1104 3408; x_wconf 89' lang='lat' dir='ltr'><strong>sinistram</strong></span> <span class='ocrx_word' id='word_1_513' title='bbox 1136 3353 1215 3409; x_wconf 90' lang='lat' dir='ltr'><strong>ire</strong></span> <span class='ocrx_word' id='word_1_514' title='bbox 1242 3360 1344 3419; x_wconf 88' lang='lat' dir='ltr'><strong>est,</strong></span> <span class='ocrx_word' id='word_1_515' title='bbox 1383 3363 1729 3423; x_wconf 88' lang='lat' dir='ltr'><strong>peccatorum</strong></span> <span class='ocrx_word' id='word_1_516' title='bbox 1828 3353 1974 3423; x_wconf 80' lang='lat' dir='ltr'><strong>qpod</strong></span> <span class='ocrx_word' id='word_1_517' title='bbox 2018 3351 2152 3418; x_wconf 88' lang='lat' dir='ltr'><strong>vult,</strong></span> <span class='ocrx_word' id='word_1_518' title='bbox 2205 3360 2355 3409; x_wconf 90' lang='lat' dir='ltr'><strong>tanto</strong></span> <span class='ocrx_word' id='word_1_519' title='bbox 2398 3368 2429 3407; x_wconf 91' lang='lat' dir='ltr'><strong>a</strong></span> <span class='ocrx_word' id='word_1_520' title='bbox 2475 3352 2747 3409; x_wconf 88' lang='lat' dir='ltr'><strong>voluntate</strong></span> <span class='ocrx_word' id='word_1_521' title='bbox 2778 3352 2896 3421; x_wconf 90' lang='lat' dir='ltr'><strong>ejus</strong></span> <span class='ocrx_word' id='word_1_522' title='bbox 2942 3369 3050 3408; x_wconf 90' lang='lat' dir='ltr'><strong>non</strong></span> <span class='ocrx_word' id='word_1_523' title='bbox 3099 3355 3428 3425; x_wconf 84' lang='lat' dir='ltr'><strong>discrepant,</strong></span> 
     </span>
    </p>
   </div>
   <div class='ocr_carea' id='block_1_52' title="bbox 141 3442 3428 3515">
    <p class='ocr_par' dir='ltr' id='par_1_52' title="bbox 141 3442 3428 3515">
     <span class='ocr_line' id='line_1_52' title="bbox 141 3442 3428 3515; baseline 0 -16"><span class='ocrx_word' id='word_1_524' title='bbox 141 3444 601 3499; x_wconf 85' lang='lat' dir='ltr'><strong>delectationibus</strong></span> <span class='ocrx_word' id='word_1_525' title='bbox 620 3444 949 3499; x_wconf 89' lang='lat' dir='ltr'><strong>consentire.</strong></span> <span class='ocrx_word' id='word_1_526' title='bbox 973 3442 1040 3498; x_wconf 86' lang='lat' dir='ltr'><strong>Et</strong></span> <span class='ocrx_word' id='word_1_527' title='bbox 1065 3443 1319 3498; x_wconf 90' lang='lat' dir='ltr'><strong>nimirum</strong></span> <span class='ocrx_word' id='word_1_528' title='bbox 1340 3448 1577 3508; x_wconf 77' lang='lat' dir='ltr'><strong>constat,</strong></span> <span class='ocrx_word' id='word_1_529' title='bbox 1604 3444 1731 3514; x_wconf 89' lang='lat' dir='ltr'><strong>quia</strong></span> <span class='ocrx_word' id='word_1_530' title='bbox 1831 3452 2037 3514; x_wconf 82' lang='lat' dir='ltr'><strong>quanto</strong></span> <span class='ocrx_word' id='word_1_531' title='bbox 2065 3443 2312 3499; x_wconf 88' lang='lat' dir='ltr'><strong>eamdem</strong></span> <span class='ocrx_word' id='word_1_532' title='bbox 2341 3443 2670 3500; x_wconf 86' lang='lat' dir='ltr'><strong>voluntatem</strong></span> <span class='ocrx_word' id='word_1_533' title='bbox 2702 3443 2863 3510; x_wconf 87' lang='lat' dir='ltr'><strong>illius,</strong></span> <span class='ocrx_word' id='word_1_534' title='bbox 2887 3443 3005 3513; x_wconf 85' lang='lat' dir='ltr'><strong>ejus</strong></span> <span class='ocrx_word' id='word_1_535' title='bbox 3025 3445 3238 3515; x_wconf 90' lang='lat' dir='ltr'><strong>eloquio</strong></span> <span class='ocrx_word' id='word_1_536' title='bbox 3261 3460 3428 3515; x_wconf 85' lang='lat' dir='ltr'><strong>agno-</strong></span> 
     </span>
    </p>
   </div>
   <div class='ocr_carea' id='block_1_53' title="bbox 141 3535 3431 3609">
    <p class='ocr_par' dir='ltr' id='par_1_53' title="bbox 141 3535 3431 3609">
     <span class='ocr_line' id='line_1_53' title="bbox 141 3535 3431 3609; baseline 0 -18"><span class='ocrx_word' id='word_1_537' title='bbox 141 3537 319 3592; x_wconf 87' lang='lat' dir='ltr'><strong>Deum</strong></span> <span class='ocrx_word' id='word_1_538' title='bbox 363 3538 770 3608; x_wconf 88' lang='lat' dir='ltr'><strong>apprchendere</strong></span> <span class='ocrx_word' id='word_1_539' title='bbox 798 3553 905 3593; x_wconf 86' lang='lat' dir='ltr'><strong>non</strong></span> <span class='ocrx_word' id='word_1_540' title='bbox 958 3537 1120 3604; x_wconf 88' lang='lat' dir='ltr'><strong>valet,</strong></span> <span class='ocrx_word' id='word_1_541' title='bbox 1168 3538 1261 3609; x_wconf 90' lang='lat' dir='ltr'><strong>qui</strong></span> <span class='ocrx_word' id='word_1_542' title='bbox 1297 3539 1472 3594; x_wconf 90' lang='lat' dir='ltr'><strong>adhuc</strong></span> <span class='ocrx_word' id='word_1_543' title='bbox 1502 3539 1556 3593; x_wconf 93' lang='lat' dir='ltr'><strong>in</strong></span> <span class='ocrx_word' id='word_1_544' title='bbox 1586 3539 1729 3594; x_wconf 82' lang='lat' dir='ltr'><strong>dele-</strong></span> <span class='ocrx_word' id='word_1_545' title='bbox 1834 3547 2011 3593; x_wconf 89' lang='lat' dir='ltr'><strong>scunt.</strong></span> <span class='ocrx_word' id='word_1_546' title='bbox 2065 3537 2327 3606; x_wconf 90' lang='lat' dir='ltr'><strong>Sequitur</strong></span> <span class='ocrx_word' id='word_1_547' title='bbox 2358 3553 2372 3590; x_wconf 89' lang='lat'><strong>:</strong></span> <span class='ocrx_word' id='word_1_548' title='bbox 2405 3535 2473 3590; x_wconf 84' lang='lat' dir='ltr'><strong>Et</strong></span> <span class='ocrx_word' id='word_1_549' title='bbox 2508 3536 2562 3589; x_wconf 89' lang='lat' dir='ltr'><strong>in</strong></span> <span class='ocrx_word' id='word_1_550' title='bbox 2588 3538 2706 3590; x_wconf 85' lang='lat' dir='ltr'><strong>sinu</strong></span> <span class='ocrx_word' id='word_1_551' title='bbox 2732 3553 2845 3591; x_wconf 86' lang='lat' dir='ltr'><strong>meo</strong></span> <span class='ocrx_word' id='word_1_552' title='bbox 2872 3537 3123 3591; x_wconf 80' lang='lat' dir='ltr'><strong>abscondi</strong></span> <span class='ocrx_word' id='word_1_553' title='bbox 3149 3538 3299 3592; x_wconf 84' lang='lat' dir='ltr'><strong>verba</strong></span> <span class='ocrx_word' id='word_1_554' title='bbox 3322 3538 3431 3591; x_wconf 88' lang='lat' dir='ltr'><strong>oris</strong></span> 
     </span>
    </p>
   </div>
   <div class='ocr_carea' id='block_1_54' title="bbox 144 3626 3434 3701">
    <p class='ocr_par' dir='ltr' id='par_1_54' title="bbox 144 3626 3434 3701">
     <span class='ocr_line' id='line_1_54' title="bbox 144 3626 3434 3701; baseline -0.001 -16"><span class='ocrx_word' id='word_1_555' title='bbox 144 3631 399 3685; x_wconf 79' lang='lat' dir='ltr'><strong>elatione</strong></span> <span class='ocrx_word' id='word_1_556' title='bbox 422 3630 629 3700; x_wconf 86' lang='lat' dir='ltr'><strong>peccati</strong></span> <span class='ocrx_word' id='word_1_557' title='bbox 645 3645 742 3701; x_wconf 91' lang='lat' dir='ltr'><strong>per</strong></span> <span class='ocrx_word' id='word_1_558' title='bbox 761 3631 1038 3685; x_wconf 86' lang='lat' dir='ltr'><strong>sinistram</strong></span> <span class='ocrx_word' id='word_1_559' title='bbox 1059 3628 1224 3698; x_wconf 84' lang='lat' dir='ltr'><strong>jacet.</strong></span> <span class='ocrx_word' id='word_1_560' title='bbox 1246 3630 1306 3685; x_wconf 84' lang='lat' dir='ltr'><strong>In</strong></span> <span class='ocrx_word' id='word_1_561' title='bbox 1320 3631 1598 3686; x_wconf 81' lang='lat' dir='ltr'><strong>dexteram</strong></span> <span class='ocrx_word' id='word_1_562' title='bbox 1611 3646 1736 3701; x_wconf 69' lang='grc' dir='ltr'><strong>ιιι-ος</strong></span> <span class='ocrx_word' id='word_1_563' title='bbox 1834 3629 1969 3699; x_wconf 86' lang='lat' dir='ltr'><strong>ejus.</strong></span> <span class='ocrx_word' id='word_1_564' title='bbox 1994 3657 2067 3668; x_wconf 89' lang='lat'><strong>-</strong></span> <span class='ocrx_word' id='word_1_565' title='bbox 2086 3628 2143 3683; x_wconf 89' lang='lat' dir='ltr'><strong>In</strong></span> <span class='ocrx_word' id='word_1_566' title='bbox 2166 3630 2285 3683; x_wconf 89' lang='lat' dir='ltr'><strong>sinu</strong></span> <span class='ocrx_word' id='word_1_567' title='bbox 2309 3628 2507 3683; x_wconf 88' lang='lat' dir='ltr'><strong>etenim</strong></span> <span class='ocrx_word' id='word_1_568' title='bbox 2534 3627 2714 3682; x_wconf 91' lang='lat' dir='ltr'><strong>cordis</strong></span> <span class='ocrx_word' id='word_1_569' title='bbox 2735 3628 2896 3681; x_wconf 89' lang='lat' dir='ltr'><strong>verba</strong></span> <span class='ocrx_word' id='word_1_570' title='bbox 2923 3629 3034 3682; x_wconf 92' lang='lat' dir='ltr'><strong>oris</strong></span> <span class='ocrx_word' id='word_1_571' title='bbox 3062 3626 3178 3694; x_wconf 89' lang='lat' dir='ltr'><strong>ejus</strong></span> <span class='ocrx_word' id='word_1_572' title='bbox 3203 3628 3434 3682; x_wconf 87' lang='lat' dir='ltr'><strong>abscon-</strong></span> 
     </span>
    </p>
   </div>
   <div class='ocr_carea' id='block_1_55' title="bbox 140 3720 3433 3795">
    <p class='ocr_par' dir='ltr' id='par_1_55' title="bbox 140 3720 3433 3795">
     <span class='ocr_line' id='line_1_55' title="bbox 140 3720 3433 3795; baseline 0.001 -20"><span class='ocrx_word' id='word_1_573' title='bbox 140 3720 407 3775; x_wconf 84' lang='lat' dir='ltr'><strong>coldubio</strong></span> <span class='ocrx_word' id='word_1_574' title='bbox 456 3722 717 3787; x_wconf 89' lang='lat' dir='ltr'><strong>vertitur,</strong></span> <span class='ocrx_word' id='word_1_575' title='bbox 764 3722 856 3792; x_wconf 90' lang='lat' dir='ltr'><strong>qui</strong></span> <span class='ocrx_word' id='word_1_576' title='bbox 885 3723 951 3776; x_wconf 88' lang='lat' dir='ltr'><strong>de</strong></span> <span class='ocrx_word' id='word_1_577' title='bbox 992 3721 1282 3777; x_wconf 76' lang='lat' dir='ltr'><strong>virtutibus</strong></span> <span class='ocrx_word' id='word_1_578' title='bbox 1319 3721 1593 3787; x_wconf 88' lang='lat' dir='ltr'><strong>elevatur,</strong></span> <span class='ocrx_word' id='word_1_579' title='bbox 1639 3722 1737 3777; x_wconf 88' lang='lat' dir='ltr'><strong>sed</strong></span> <span class='ocrx_word' id='word_1_580' title='bbox 1837 3727 2035 3792; x_wconf 86' lang='lat' dir='ltr'><strong>dimus,</strong></span> <span class='ocrx_word' id='word_1_581' title='bbox 2079 3724 2294 3795; x_wconf 86' lang='lat' dir='ltr'><strong>quando</strong></span> <span class='ocrx_word' id='word_1_582' title='bbox 2331 3724 2582 3778; x_wconf 89' lang='lat' dir='ltr'><strong>mandata</strong></span> <span class='ocrx_word' id='word_1_583' title='bbox 2628 3720 2745 3790; x_wconf 88' lang='lat' dir='ltr'><strong>ejus</strong></span> <span class='ocrx_word' id='word_1_584' title='bbox 2796 3738 2901 3777; x_wconf 88' lang='lat' dir='ltr'><strong>non</strong></span> <span class='ocrx_word' id='word_1_585' title='bbox 2955 3722 3284 3785; x_wconf 87' lang='lat' dir='ltr'><strong>transitorie,</strong></span> <span class='ocrx_word' id='word_1_586' title='bbox 3337 3723 3433 3778; x_wconf 86' lang='lat' dir='ltr'><strong>sed</strong></span> 
     </span>
    </p>
   </div>
   <div class='ocr_carea' id='block_1_56' title="bbox 143 3808 3437 3884">
    <p class='ocr_par' dir='ltr' id='par_1_56' title="bbox 143 3808 3437 3884">
     <span class='ocr_line' id='line_1_56' title="bbox 143 3808 3437 3884; baseline 0 -20"><span class='ocrx_word' id='word_1_587' title='bbox 143 3810 321 3865; x_wconf 84' lang='lat' dir='ltr'><strong>Deum</strong></span> <span class='ocrx_word' id='word_1_588' title='bbox 389 3810 574 3866; x_wconf 77' lang='lat' dir='ltr'><strong>videre</strong></span> <span class='ocrx_word' id='word_1_589' title='bbox 625 3827 733 3867; x_wconf 89' lang='lat' dir='ltr'><strong>non</strong></span> <span class='ocrx_word' id='word_1_590' title='bbox 797 3812 974 3878; x_wconf 88' lang='lat' dir='ltr'><strong>valet,</strong></span> <span class='ocrx_word' id='word_1_591' title='bbox 1025 3812 1118 3882; x_wconf 89' lang='lat' dir='ltr'><strong>qui</strong></span> <span class='ocrx_word' id='word_1_592' title='bbox 1178 3813 1387 3882; x_wconf 86' lang='lat' dir='ltr'><strong>privata</strong></span> <span class='ocrx_word' id='word_1_593' title='bbox 1436 3813 1625 3867; x_wconf 70' lang='lat' dir='ltr'><strong>laetitia</strong></span> <span class='ocrx_word' id='word_1_594' title='bbox 1670 3813 1738 3868; x_wconf 91' lang='lat' dir='ltr'><strong>de</strong></span> <span class='ocrx_word' id='word_1_595' title='bbox 1838 3813 2107 3884; x_wconf 88' lang='lat' dir='ltr'><strong>implenda</strong></span> <span class='ocrx_word' id='word_1_596' title='bbox 2155 3826 2319 3882; x_wconf 90' lang='lat' dir='ltr'><strong>opere</strong></span> <span class='ocrx_word' id='word_1_597' title='bbox 2372 3810 2638 3866; x_wconf 89' lang='lat' dir='ltr'><strong>audimus.</strong></span> <span class='ocrx_word' id='word_1_598' title='bbox 2692 3809 2830 3863; x_wconf 82' lang='lat' dir='ltr'><strong>Hinc</strong></span> <span class='ocrx_word' id='word_1_599' title='bbox 2872 3817 2956 3864; x_wconf 89' lang='lat' dir='ltr'><strong>est</strong></span> <span class='ocrx_word' id='word_1_600' title='bbox 2998 3809 3144 3869; x_wconf 90' lang='lat' dir='ltr'><strong>enim</strong></span> <span class='ocrx_word' id='word_1_601' title='bbox 3182 3808 3327 3880; x_wconf 92' lang='lat' dir='ltr'><strong>quod</strong></span> <span class='ocrx_word' id='word_1_602' title='bbox 3365 3810 3437 3865; x_wconf 86' lang='lat' dir='ltr'><strong>de</strong></span> 
     </span>
    </p>
   </div>
   <div class='ocr_carea' id='block_1_57' title="bbox 142 3896 3434 3972">
    <p class='ocr_par' dir='ltr' id='par_1_57' title="bbox 142 3896 3434 3972">
     <span class='ocr_line' id='line_1_57' title="bbox 142 3896 3434 3972; baseline -0.002 -16"><span class='ocrx_word' id='word_1_603' title='bbox 142 3901 308 3956; x_wconf 80' lang='lat' dir='ltr'><strong>bonis</strong></span> <span class='ocrx_word' id='word_1_604' title='bbox 337 3901 552 3957; x_wconf 91' lang='lat' dir='ltr'><strong>actibus</strong></span> <span class='ocrx_word' id='word_1_605' title='bbox 583 3903 798 3972; x_wconf 88' lang='lat' dir='ltr'><strong>gaudet,</strong></span> <span class='ocrx_word' id='word_1_606' title='bbox 831 3902 957 3971; x_wconf 88' lang='lat' dir='ltr'><strong>quia</strong></span> <span class='ocrx_word' id='word_1_607' title='bbox 994 3903 1046 3955; x_wconf 90' lang='lat' dir='ltr'><strong>in</strong></span> <span class='ocrx_word' id='word_1_608' title='bbox 1085 3916 1150 3957; x_wconf 87' lang='lat' dir='ltr'><strong>eo</strong></span> <span class='ocrx_word' id='word_1_609' title='bbox 1194 3902 1372 3957; x_wconf 91' lang='lat' dir='ltr'><strong>cordis</strong></span> <span class='ocrx_word' id='word_1_610' title='bbox 1410 3903 1624 3958; x_wconf 90' lang='lat' dir='ltr'><strong>oculum</strong></span> <span class='ocrx_word' id='word_1_611' title='bbox 1656 3911 1739 3957; x_wconf 82' lang='lat' dir='ltr'><strong>tu-</strong></span> <span class='ocrx_word' id='word_1_612' title='bbox 1841 3905 1957 3972; x_wconf 87' lang='lat' dir='ltr'><strong>ipsa</strong></span> <span class='ocrx_word' id='word_1_613' title='bbox 1999 3910 2174 3957; x_wconf 88' lang='lat' dir='ltr'><strong>matre</strong></span> <span class='ocrx_word' id='word_1_614' title='bbox 2226 3900 2445 3971; x_wconf 80' lang='lat' dir='ltr'><strong>Virgine</strong></span> <span class='ocrx_word' id='word_1_615' title='bbox 2490 3899 2749 3968; x_wconf 90' lang='lat' dir='ltr'><strong>scriptum</strong></span> <span class='ocrx_word' id='word_1_616' title='bbox 2797 3906 2881 3952; x_wconf 90' lang='lat' dir='ltr'><strong>est</strong></span> <span class='ocrx_word' id='word_1_617' title='bbox 2925 3915 2938 3951; x_wconf 89' lang='lat'><strong>:</strong></span> <span class='ocrx_word' id='word_1_618' title='bbox 2983 3914 3002 3948; x_wconf 85' lang='grc'><strong>‹</strong></span> <span class='ocrx_word' id='word_1_619' title='bbox 3031 3896 3199 3951; x_wconf 82' lang='lat' dir='ltr'><strong>Maria</strong></span> <span class='ocrx_word' id='word_1_620' title='bbox 3250 3906 3434 3952; x_wconf 88' lang='lat' dir='ltr'><strong>autem</strong></span> 
     </span>
    </p>
   </div>
   <div class='ocr_carea' id='block_1_58' title="bbox 139 3988 3437 4063">
    <p class='ocr_par' dir='ltr' id='par_1_58' title="bbox 139 3988 3437 4063">
     <span class='ocr_line' id='line_1_58' title="bbox 139 3988 3437 4063; baseline -0.001 -16"><span class='ocrx_word' id='word_1_621' title='bbox 139 3998 272 4048; x_wconf 89' lang='lat' dir='ltr'><strong>&#39;mor</strong></span> <span class='ocrx_word' id='word_1_622' title='bbox 302 3993 552 4049; x_wconf 86' lang='lat' dir='ltr'><strong>elationis</strong></span> <span class='ocrx_word' id='word_1_623' title='bbox 589 3994 804 4063; x_wconf 89' lang='lat' dir='ltr'><strong>premit.</strong></span> <span class='ocrx_word' id='word_1_624' title='bbox 861 3993 983 4063; x_wconf 86' lang='lat' dir='ltr'><strong>Ipse</strong></span> <span class='ocrx_word' id='word_1_625' title='bbox 1028 3994 1123 4047; x_wconf 86' lang='lat' dir='ltr'><strong>scit</strong></span> <span class='ocrx_word' id='word_1_626' title='bbox 1166 3993 1301 4046; x_wconf 84' lang='lat' dir='ltr'><strong>viam</strong></span> <span class='ocrx_word' id='word_1_627' title='bbox 1349 4009 1539 4060; x_wconf 88' lang='lat' dir='ltr'><strong>meam,</strong></span> <span class='ocrx_word' id='word_1_628' title='bbox 1585 4009 1647 4050; x_wconf 91' lang='lat' dir='ltr'><strong>ac</strong></span> <span class='ocrx_word' id='word_1_629' title='bbox 1695 3995 1742 4050; x_wconf 92' lang='lat' dir='ltr'><strong>si</strong></span> <span class='ocrx_word' id='word_1_630' title='bbox 1840 3993 2204 4051; x_wconf 84' lang='lat' dir='ltr'><strong>conservabat</strong></span> <span class='ocrx_word' id='word_1_631' title='bbox 2253 3991 2435 4047; x_wconf 89' lang='lat' dir='ltr'><strong>omnia</strong></span> <span class='ocrx_word' id='word_1_632' title='bbox 2481 3991 2638 4046; x_wconf 78' lang='lat' dir='ltr'><strong>verba</strong></span> <span class='ocrx_word' id='word_1_633' title='bbox 2671 3991 2786 4044; x_wconf 60' lang='lat' dir='ltr'><strong>haec</strong></span> <span class='ocrx_word' id='word_1_634' title='bbox 2827 3988 3113 4045; x_wconf 79' lang='lat' dir='ltr'><strong>conferens</strong></span> <span class='ocrx_word' id='word_1_635' title='bbox 3160 3989 3216 4043; x_wconf 92' lang='lat' dir='ltr'><strong>in</strong></span> <span class='ocrx_word' id='word_1_636' title='bbox 3268 3989 3437 4045; x_wconf 86' lang='lat' dir='ltr'><strong>corde</strong></span> 
     </span>
    </p>
   </div>
   <div class='ocr_carea' id='block_1_59' title="bbox 146 4080 2797 4157">
    <p class='ocr_par' dir='ltr' id='par_1_59' title="bbox 146 4080 2797 4157">
     <span class='ocr_line' id='line_1_59' title="bbox 146 4080 2797 4157; baseline -0.002 -18"><span class='ocrx_word' id='word_1_637' title='bbox 146 4093 405 4155; x_wconf 88' lang='lat' dir='ltr'><strong>patenter</strong></span> <span class='ocrx_word' id='word_1_638' title='bbox 447 4086 629 4141; x_wconf 81' lang='lat' dir='ltr'><strong>dicat:</strong></span> <span class='ocrx_word' id='word_1_639' title='bbox 658 4087 772 4157; x_wconf 83' lang='lat' dir='ltr'><strong>Ego</strong></span> <span class='ocrx_word' id='word_1_640' title='bbox 797 4101 884 4140; x_wconf 90' lang='lat' dir='ltr'><strong>me</strong></span> <span class='ocrx_word' id='word_1_641' title='bbox 907 4093 962 4142; x_wconf 91' lang='lat' dir='ltr'><strong>et</strong></span> <span class='ocrx_word' id='word_1_642' title='bbox 988 4086 1232 4141; x_wconf 82' lang='lat' dir='ltr'><strong>districto</strong></span> <span class='ocrx_word' id='word_1_643' title='bbox 1274 4084 1526 4151; x_wconf 85' lang='lat' dir='ltr'><strong>diseutio,</strong></span> <span class='ocrx_word' id='word_1_644' title='bbox 1573 4094 1628 4141; x_wconf 91' lang='lat' dir='ltr'><strong>et</strong></span> <span class='ocrx_word' id='word_1_645' title='bbox 1669 4094 1745 4141; x_wconf 87' lang='lat' dir='ltr'><strong>ta-</strong></span> <span class='ocrx_word' id='word_1_646' title='bbox 1843 4101 1942 4143; x_wconf 88' lang='lat' dir='ltr'><strong>suo</strong></span> <span class='ocrx_word' id='word_1_647' title='bbox 1986 4085 2138 4156; x_wconf 85' lang='lat' dir='ltr'><strong>(an.</strong></span> <span class='ocrx_word' id='word_1_648' title='bbox 2178 4099 2239 4149; x_wconf 85' lang='grc' dir='ltr'><strong>ιι,</strong></span> <span class='ocrx_word' id='word_1_649' title='bbox 2290 4082 2396 4153; x_wconf 85' lang='grc'>19).</span> <span class='ocrx_word' id='word_1_650' title='bbox 2428 4100 2447 4134; x_wconf 74' lang='grc' dir='ltr'><strong>ι</strong></span> <span class='ocrx_word' id='word_1_651' title='bbox 2507 4080 2797 4150; x_wconf 86' lang='lat' dir='ltr'><strong>Sequitur:</strong></span> 
     </span>
    </p>
   </div>
   <div class='ocr_carea' id='block_1_60' title="bbox 146 4168 3437 4246">
    <p class='ocr_par' dir='ltr' id='par_1_60' title="bbox 146 4168 3437 4246">
     <span class='ocr_line' id='line_1_60' title="bbox 146 4168 3437 4246; baseline -0.002 -14"><span class='ocrx_word' id='word_1_652' title='bbox 146 4192 276 4243; x_wconf 71' lang='lat' dir='ltr'><strong>men</strong></span> <span class='ocrx_word' id='word_1_653' title='bbox 309 4176 402 4231; x_wconf 89' lang='lat' dir='ltr'><strong>ille</strong></span> <span class='ocrx_word' id='word_1_654' title='bbox 430 4192 589 4246; x_wconf 89' lang='lat' dir='ltr'><strong>quem</strong></span> <span class='ocrx_word' id='word_1_655' title='bbox 617 4177 799 4231; x_wconf 88' lang='lat' dir='ltr'><strong>videre</strong></span> <span class='ocrx_word' id='word_1_656' title='bbox 819 4190 923 4230; x_wconf 91' lang='lat' dir='ltr'><strong>non</strong></span> <span class='ocrx_word' id='word_1_657' title='bbox 949 4175 1118 4242; x_wconf 89' lang='lat' dir='ltr'><strong>valeo,</strong></span> <span class='ocrx_word' id='word_1_658' title='bbox 1153 4174 1298 4230; x_wconf 90' lang='lat' dir='ltr'><strong>videt</strong></span> <span class='ocrx_word' id='word_1_659' title='bbox 1319 4176 1590 4231; x_wconf 83' lang='lat' dir='ltr'><strong>subtiliter</strong></span> <span class='ocrx_word' id='word_1_660' title='bbox 1616 4191 1747 4232; x_wconf 90' lang='lat' dir='ltr'><strong>cun-</strong></span> <span class='ocrx_word' id='word_1_661' title='bbox 1918 4176 2085 4231; x_wconf 77' lang='lat' dir='ltr'><strong>Vens.</strong></span> <span class='ocrx_word' id='word_1_662' title='bbox 2115 4174 2198 4228; x_wconf 76' lang='grc'>15.</span> <span class='ocrx_word' id='word_1_663' title='bbox 2228 4171 2348 4239; x_wconf 84' lang='lat' dir='ltr'><strong>Ipse</strong></span> <span class='ocrx_word' id='word_1_664' title='bbox 2368 4171 2505 4226; x_wconf 88' lang='lat' dir='ltr'><strong>enim</strong></span> <span class='ocrx_word' id='word_1_665' title='bbox 2518 4168 2661 4224; x_wconf 85' lang='lat' dir='ltr'><strong>solus</strong></span> <span class='ocrx_word' id='word_1_666' title='bbox 2680 4178 2776 4235; x_wconf 88' lang='lat' dir='ltr'><strong>est,</strong></span> <span class='ocrx_word' id='word_1_667' title='bbox 2791 4178 2837 4224; x_wconf 90' lang='lat' dir='ltr'><strong>et</strong></span> <span class='ocrx_word' id='word_1_668' title='bbox 2854 4185 3002 4224; x_wconf 84' lang='lat' dir='ltr'><strong>nemo</strong></span> <span class='ocrx_word' id='word_1_669' title='bbox 3025 4178 3255 4225; x_wconf 85' lang='lat' dir='ltr'><strong>avertere</strong></span> <span class='ocrx_word' id='word_1_670' title='bbox 3268 4178 3437 4240; x_wconf 80' lang='lat' dir='ltr'><strong>potest</strong></span> 
     </span>
    </p>
   </div>
   <div class='ocr_carea' id='block_1_61' title="bbox 152 4259 3437 4339">
    <p class='ocr_par' dir='ltr' id='par_1_61' title="bbox 152 4259 3437 4339">
     <span class='ocr_line' id='line_1_61' title="bbox 152 4259 3437 4339; baseline -0.002 -17"><span class='ocrx_word' id='word_1_671' title='bbox 152 4278 243 4323; x_wconf 89' lang='lat' dir='ltr'><strong>cta</strong></span> <span class='ocrx_word' id='word_1_672' title='bbox 284 4282 408 4338; x_wconf 67' lang='lat' dir='ltr'><strong>quae</strong></span> <span class='ocrx_word' id='word_1_673' title='bbox 433 4283 554 4339; x_wconf 79' lang='lat' dir='ltr'><strong>ago.</strong></span> <span class='ocrx_word' id='word_1_674' title='bbox 612 4266 909 4338; x_wconf 90' lang='lat' dir='ltr'><strong>Sequitur:</strong></span> <span class='ocrx_word' id='word_1_675' title='bbox 936 4266 1005 4319; x_wconf 88' lang='lat' dir='ltr'><strong>Et</strong></span> <span class='ocrx_word' id='word_1_676' title='bbox 1048 4266 1287 4336; x_wconf 83' lang='lat' dir='ltr'><strong>probabit</strong></span> <span class='ocrx_word' id='word_1_677' title='bbox 1323 4282 1404 4320; x_wconf 88' lang='lat' dir='ltr'><strong>me</strong></span> <span class='ocrx_word' id='word_1_678' title='bbox 1447 4267 1600 4337; x_wconf 86' lang='lat' dir='ltr'><strong>quasi</strong></span> <span class='ocrx_word' id='word_1_679' title='bbox 1651 4284 1749 4322; x_wconf 77' lang='grc' dir='ltr'><strong>ωι-</strong></span> <span class='ocrx_word' id='word_1_680' title='bbox 1847 4266 2207 4336; x_wconf 83' lang='lat' dir='ltr'><strong>cogitationem</strong></span> <span class='ocrx_word' id='word_1_681' title='bbox 2225 4259 2833 4332; x_wconf 83' lang='lat' dir='ltr'><strong>ejus.—Nunquidnam</strong></span> <span class='ocrx_word' id='word_1_682' title='bbox 2861 4274 2968 4314; x_wconf 89' lang='lat' dir='ltr'><strong>non</strong></span> <span class='ocrx_word' id='word_1_683' title='bbox 2989 4268 3114 4314; x_wconf 83' lang='lat' dir='ltr'><strong>sunt</strong></span> <span class='ocrx_word' id='word_1_684' title='bbox 3138 4261 3312 4331; x_wconf 82' lang='lat' dir='ltr'><strong>angeli</strong></span> <span class='ocrx_word' id='word_1_685' title='bbox 3338 4262 3437 4317; x_wconf 87' lang='lat' dir='ltr'><strong>bo-</strong></span> 
     </span>
    </p>
   </div>
   <div class='ocr_carea' id='block_1_62' title="bbox 146 4354 3441 4433">
    <p class='ocr_par' dir='ltr' id='par_1_62' title="bbox 146 4354 3441 4433">
     <span class='ocr_line' id='line_1_62' title="bbox 146 4354 3441 4433; baseline -0.001 -20"><span class='ocrx_word' id='word_1_686' title='bbox 146 4378 268 4415; x_wconf 85' lang='lat' dir='ltr'><strong>rum</strong></span> <span class='ocrx_word' id='word_1_687' title='bbox 323 4362 464 4433; x_wconf 81' lang='lat' dir='ltr'><strong>quod</strong></span> <span class='ocrx_word' id='word_1_688' title='bbox 508 4377 600 4431; x_wconf 89' lang='lat' dir='ltr'><strong>per</strong></span> <span class='ocrx_word' id='word_1_689' title='bbox 643 4362 814 4431; x_wconf 83' lang='lat' dir='ltr'><strong>ignem</strong></span> <span class='ocrx_word' id='word_1_690' title='bbox 869 4361 1077 4414; x_wconf 83' lang='lat' dir='ltr'><strong>transit.</strong></span> <span class='ocrx_word' id='word_1_691' title='bbox 1101 4388 1173 4398; x_wconf 86' lang='lat'><strong>———</strong></span> <span class='ocrx_word' id='word_1_692' title='bbox 1194 4360 1399 4414; x_wconf 82' lang='lat' dir='ltr'><strong>Aurum</strong></span> <span class='ocrx_word' id='word_1_693' title='bbox 1438 4360 1493 4414; x_wconf 90' lang='lat' dir='ltr'><strong>in</strong></span> <span class='ocrx_word' id='word_1_694' title='bbox 1530 4359 1750 4415; x_wconf 81' lang='lat' dir='ltr'><strong>fornace</strong></span> <span class='ocrx_word' id='word_1_695' title='bbox 1851 4359 2044 4423; x_wconf 89' lang='lat' dir='ltr'><strong>mines,</strong></span> <span class='ocrx_word' id='word_1_696' title='bbox 2066 4356 2260 4411; x_wconf 73' lang='lat' dir='ltr'><strong>cmlum</strong></span> <span class='ocrx_word' id='word_1_697' title='bbox 2294 4365 2349 4410; x_wconf 91' lang='lat' dir='ltr'><strong>et</strong></span> <span class='ocrx_word' id='word_1_698' title='bbox 2375 4364 2535 4419; x_wconf 88' lang='lat' dir='ltr'><strong>terra,</strong></span> <span class='ocrx_word' id='word_1_699' title='bbox 2558 4369 2651 4409; x_wconf 90' lang='lat' dir='ltr'><strong>aer</strong></span> <span class='ocrx_word' id='word_1_700' title='bbox 2670 4362 2725 4408; x_wconf 92' lang='lat' dir='ltr'><strong>et</strong></span> <span class='ocrx_word' id='word_1_701' title='bbox 2747 4354 2938 4418; x_wconf 91' lang='lat' dir='ltr'><strong>maria,</strong></span> <span class='ocrx_word' id='word_1_702' title='bbox 2963 4363 3158 4410; x_wconf 90' lang='lat' dir='ltr'><strong>cuncta</strong></span> <span class='ocrx_word' id='word_1_703' title='bbox 3193 4355 3441 4411; x_wconf 85' lang='lat' dir='ltr'><strong>volatilia</strong></span> 
     </span>
    </p>
   </div>
   <div class='ocr_carea' id='block_1_63' title="bbox 148 4446 3443 4543">
    <p class='ocr_par' dir='ltr' id='par_1_63' title="bbox 148 4446 3443 4543">
     <span class='ocr_line' id='line_1_63' title="bbox 148 4446 3443 4543; baseline -0.001 -37"><span class='ocrx_word' id='word_1_704' title='bbox 148 4452 219 4506; x_wconf 88' lang='lat' dir='ltr'><strong>ad</strong></span> <span class='ocrx_word' id='word_1_705' title='bbox 272 4461 485 4506; x_wconf 73' lang='lat' dir='ltr'><strong>natura:</strong></span> <span class='ocrx_word' id='word_1_706' title='bbox 532 4467 643 4506; x_wconf 69' lang='lat' dir='ltr'><strong>sua:</strong></span> <span class='ocrx_word' id='word_1_707' title='bbox 704 4451 1003 4506; x_wconf 71' lang='lat' dir='ltr'><strong>claritatem</strong></span> <span class='ocrx_word' id='word_1_708' title='bbox 1065 4449 1280 4521; x_wconf 89' lang='lat' dir='ltr'><strong>prolicit</strong></span> <span class='ocrx_word' id='word_1_709' title='bbox 1319 4491 1336 4517; x_wconf 91' lang='lat'><strong>,</strong></span> <span class='ocrx_word' id='word_1_710' title='bbox 1390 4451 1515 4506; x_wconf 90' lang='lat' dir='ltr'><strong>dum</strong></span> <span class='ocrx_word' id='word_1_711' title='bbox 1563 4451 1752 4507; x_wconf 90' lang='lat' dir='ltr'><strong>sordes</strong></span> <span class='ocrx_word' id='word_1_712' title='bbox 1782 4483 1835 4543; x_wconf 68' lang='grc' dir='ltr'><strong><em>Β</em></strong></span> <span class='ocrx_word' id='word_1_713' title='bbox 1860 4459 1915 4505; x_wconf 91' lang='lat' dir='ltr'><strong>et</strong></span> <span class='ocrx_word' id='word_1_714' title='bbox 1940 4446 2513 4518; x_wconf 88' lang='lat' dir='ltr'><strong>quadrupedia&#39;atque</strong></span> <span class='ocrx_word' id='word_1_715' title='bbox 2546 4446 2863 4516; x_wconf 86' lang='lat' dir='ltr'><strong>serpentia?</strong></span> <span class='ocrx_word' id='word_1_716' title='bbox 2897 4446 2965 4500; x_wconf 87' lang='lat' dir='ltr'><strong>Et</strong></span> <span class='ocrx_word' id='word_1_717' title='bbox 2993 4455 3142 4502; x_wconf 90' lang='lat' dir='ltr'><strong>certe</strong></span> <span class='ocrx_word' id='word_1_718' title='bbox 3178 4448 3443 4517; x_wconf 89' lang='lat' dir='ltr'><strong>scriptum</strong></span> 
     </span>
    </p>
   </div>
   <div class='ocr_carea' id='block_1_64' title="bbox 149 4536 3440 4611">
    <p class='ocr_par' dir='ltr' id='par_1_64' title="bbox 149 4536 3440 4611">
     <span class='ocr_line' id='line_1_64' title="bbox 149 4536 3440 4611; baseline -0 -17"><span class='ocrx_word' id='word_1_719' title='bbox 149 4541 379 4595; x_wconf 86' lang='lat' dir='ltr'><strong>amittit.</strong></span> <span class='ocrx_word' id='word_1_720' title='bbox 417 4539 584 4607; x_wconf 81' lang='lat' dir='ltr'><strong>Quasi</strong></span> <span class='ocrx_word' id='word_1_721' title='bbox 613 4556 800 4596; x_wconf 88' lang='lat' dir='ltr'><strong>aurum</strong></span> <span class='ocrx_word' id='word_1_722' title='bbox 831 4555 987 4611; x_wconf 82' lang='lat' dir='ltr'><strong>ergo,</strong></span> <span class='ocrx_word' id='word_1_723' title='bbox 1010 4540 1152 4609; x_wconf 91' lang='lat' dir='ltr'><strong>quod</strong></span> <span class='ocrx_word' id='word_1_724' title='bbox 1182 4556 1280 4610; x_wconf 93' lang='lat' dir='ltr'><strong>per</strong></span> <span class='ocrx_word' id='word_1_725' title='bbox 1317 4540 1495 4611; x_wconf 89' lang='lat' dir='ltr'><strong>ignem</strong></span> <span class='ocrx_word' id='word_1_726' title='bbox 1538 4541 1751 4606; x_wconf 89' lang='lat' dir='ltr'><strong>transit,</strong></span> <span class='ocrx_word' id='word_1_727' title='bbox 1782 4536 1826 4543; x_wconf 66' lang='grc'>⁷</span> <span class='ocrx_word' id='word_1_728' title='bbox 1862 4549 1972 4597; x_wconf 90' lang='lat' dir='ltr'><strong>est:</strong></span> <span class='ocrx_word' id='word_1_729' title='bbox 1996 4558 2013 4591; x_wconf 76' lang='grc' dir='ltr'><strong>ι</strong></span> <span class='ocrx_word' id='word_1_730' title='bbox 2034 4538 2712 4594; x_wconf 83' lang='lat' dir='ltr'><strong>Creavitutessentomnia</strong></span> <span class='ocrx_word' id='word_1_731' title='bbox 2739 4536 2946 4610; x_wconf 83' lang='lat' dir='ltr'><strong>(Sap.t,</strong></span> <span class='ocrx_word' id='word_1_732' title='bbox 2970 4538 3076 4610; x_wconf 70' lang='grc'>14).</span> <span class='ocrx_word' id='word_1_733' title='bbox 3099 4557 3118 4591; x_wconf 75' lang='grc' dir='ltr'><strong>ι</strong></span> <span class='ocrx_word' id='word_1_734' title='bbox 3149 4538 3283 4595; x_wconf 91' lang='lat' dir='ltr'><strong>Cum</strong></span> <span class='ocrx_word' id='word_1_735' title='bbox 3308 4553 3440 4610; x_wconf 79' lang='lat' dir='ltr'><strong>ergo</strong></span> 
     </span>
    </p>
   </div>
   <div class='ocr_carea' id='block_1_65' title="bbox 148 4629 3443 4700">
    <p class='ocr_par' dir='ltr' id='par_1_65' title="bbox 148 4629 3443 4700">
     <span class='ocr_line' id='line_1_65' title="bbox 148 4629 3443 4700; baseline 0 -14"><span class='ocrx_word' id='word_1_736' title='bbox 148 4632 421 4700; x_wconf 88' lang='lat' dir='ltr'><strong>probatur</strong></span> <span class='ocrx_word' id='word_1_737' title='bbox 459 4632 638 4686; x_wconf 88' lang='lat' dir='ltr'><strong>anima</strong></span> <span class='ocrx_word' id='word_1_738' title='bbox 671 4630 961 4699; x_wconf 78' lang='lat' dir='ltr'><strong>iustorum,</strong></span> <span class='ocrx_word' id='word_1_739' title='bbox 1007 4630 1205 4699; x_wconf 91' lang='lat' dir='ltr'><strong>quibus</strong></span> <span class='ocrx_word' id='word_1_740' title='bbox 1247 4630 1533 4685; x_wconf 80' lang='lat' dir='ltr'><strong>exustione</strong></span> <span class='ocrx_word' id='word_1_741' title='bbox 1578 4630 1751 4686; x_wconf 87' lang='lat' dir='ltr'><strong>tribu-</strong></span> <span class='ocrx_word' id='word_1_742' title='bbox 1862 4632 1916 4687; x_wconf 90' lang='lat' dir='ltr'><strong>in</strong></span> <span class='ocrx_word' id='word_1_743' title='bbox 1932 4646 2110 4685; x_wconf 90' lang='lat' dir='ltr'><strong>rerum</strong></span> <span class='ocrx_word' id='word_1_744' title='bbox 2125 4638 2376 4685; x_wconf 89' lang='lat' dir='ltr'><strong>creatura</strong></span> <span class='ocrx_word' id='word_1_745' title='bbox 2402 4638 2512 4683; x_wconf 89' lang='lat' dir='ltr'><strong>tam</strong></span> <span class='ocrx_word' id='word_1_746' title='bbox 2536 4629 2702 4683; x_wconf 88' lang='lat' dir='ltr'><strong>multa</strong></span> <span class='ocrx_word' id='word_1_747' title='bbox 2730 4630 2860 4693; x_wconf 92' lang='lat' dir='ltr'><strong>sint,</strong></span> <span class='ocrx_word' id='word_1_748' title='bbox 2885 4645 2984 4684; x_wconf 89' lang='lat' dir='ltr'><strong>cur</strong></span> <span class='ocrx_word' id='word_1_749' title='bbox 3008 4631 3154 4686; x_wconf 89' lang='lat' dir='ltr'><strong>beati</strong></span> <span class='ocrx_word' id='word_1_750' title='bbox 3178 4631 3279 4685; x_wconf 91' lang='lat' dir='ltr'><strong>viri</strong></span> <span class='ocrx_word' id='word_1_751' title='bbox 3308 4646 3443 4687; x_wconf 85' lang='lat' dir='ltr'><strong>voce</strong></span> 
     </span>
    </p>
   </div>
   <div class='ocr_carea' id='block_1_66' title="bbox 150 4719 3438 4793">
    <p class='ocr_par' dir='ltr' id='par_1_66' title="bbox 150 4719 3438 4793">
     <span class='ocr_line' id='line_1_66' title="bbox 150 4719 3438 4793; baseline 0 -18"><span class='ocrx_word' id='word_1_752' title='bbox 150 4722 375 4778; x_wconf 86' lang='lat' dir='ltr'><strong>lationis</strong></span> <span class='ocrx_word' id='word_1_753' title='bbox 411 4729 469 4779; x_wconf 90' lang='lat' dir='ltr'><strong>et</strong></span> <span class='ocrx_word' id='word_1_754' title='bbox 503 4721 893 4779; x_wconf 86' lang='lat' dir='ltr'><strong>subtrahuntur</strong></span> <span class='ocrx_word' id='word_1_755' title='bbox 923 4720 1073 4788; x_wconf 89' lang='lat' dir='ltr'><strong>vitia,</strong></span> <span class='ocrx_word' id='word_1_756' title='bbox 1120 4728 1177 4776; x_wconf 90' lang='lat' dir='ltr'><strong>et</strong></span> <span class='ocrx_word' id='word_1_757' title='bbox 1223 4721 1415 4777; x_wconf 91' lang='lat' dir='ltr'><strong>merita</strong></span> <span class='ocrx_word' id='word_1_758' title='bbox 1462 4729 1748 4793; x_wconf 79' lang='lat' dir='ltr'><strong>augentur.</strong></span> <span class='ocrx_word' id='word_1_759' title='bbox 1856 4738 1999 4779; x_wconf 90' lang='lat' dir='ltr'><strong>nunc</strong></span> <span class='ocrx_word' id='word_1_760' title='bbox 2020 4721 2238 4784; x_wconf 86' lang='lat' dir='ltr'><strong>dicitur,</strong></span> <span class='ocrx_word' id='word_1_761' title='bbox 2264 4722 2373 4790; x_wconf 88' lang='lat' dir='ltr'><strong>ipse</strong></span> <span class='ocrx_word' id='word_1_762' title='bbox 2393 4720 2531 4775; x_wconf 83' lang='lat' dir='ltr'><strong>enim</strong></span> <span class='ocrx_word' id='word_1_763' title='bbox 2556 4720 2697 4775; x_wconf 82' lang='lat' dir='ltr'><strong>solus</strong></span> <span class='ocrx_word' id='word_1_764' title='bbox 2724 4720 2840 4774; x_wconf 86' lang='lat' dir='ltr'><strong>est?</strong></span> <span class='ocrx_word' id='word_1_765' title='bbox 2876 4719 2986 4775; x_wconf 89' lang='lat' dir='ltr'><strong>Sed</strong></span> <span class='ocrx_word' id='word_1_766' title='bbox 3013 4720 3157 4775; x_wconf 89' lang='lat' dir='ltr'><strong>aliud</strong></span> <span class='ocrx_word' id='word_1_767' title='bbox 3183 4730 3268 4776; x_wconf 90' lang='lat' dir='ltr'><strong>est</strong></span> <span class='ocrx_word' id='word_1_768' title='bbox 3295 4736 3438 4788; x_wconf 90' lang='lat' dir='ltr'><strong>esse,</strong></span> 
     </span>
    </p>
   </div>
   <div class='ocr_carea' id='block_1_67' title="bbox 153 4812 3445 4885">
    <p class='ocr_par' dir='ltr' id='par_1_67' title="bbox 153 4812 3445 4885">
     <span class='ocr_line' id='line_1_67' title="bbox 153 4812 3445 4885; baseline -0.001 -18"><span class='ocrx_word' id='word_1_769' title='bbox 153 4812 416 4883; x_wconf 88' lang='lat' dir='ltr'><strong>Sequitur</strong></span> <span class='ocrx_word' id='word_1_770' title='bbox 452 4826 472 4869; x_wconf 88' lang='lat'><strong>:</strong></span> <span class='ocrx_word' id='word_1_771' title='bbox 1858 4814 2003 4874; x_wconf 86' lang='lat' dir='ltr'><strong>aliud</strong></span> <span class='ocrx_word' id='word_1_772' title='bbox 2030 4813 2399 4885; x_wconf 89' lang='lat' dir='ltr'><strong>principaliter</strong></span> <span class='ocrx_word' id='word_1_773' title='bbox 2417 4828 2559 4879; x_wconf 85' lang='lat' dir='ltr'><strong>esse,</strong></span> <span class='ocrx_word' id='word_1_774' title='bbox 2581 4812 2726 4868; x_wconf 88' lang='lat' dir='ltr'><strong>aliud</strong></span> <span class='ocrx_word' id='word_1_775' title='bbox 2748 4812 3081 4869; x_wconf 91' lang='lat' dir='ltr'><strong>mutabiliter</strong></span> <span class='ocrx_word' id='word_1_776' title='bbox 3114 4822 3273 4882; x_wconf 91' lang='lat' dir='ltr'><strong>atque</strong></span> <span class='ocrx_word' id='word_1_777' title='bbox 3298 4812 3445 4866; x_wconf 83' lang='lat' dir='ltr'><strong>aliud</strong></span> 
     </span>
    </p>
   </div>
   <div class='ocr_carea' id='block_1_68' title="bbox 224 4901 3445 4977">
    <p class='ocr_par' dir='ltr' id='par_1_68' title="bbox 224 4901 3445 4977">
     <span class='ocr_line' id='line_1_68' title="bbox 224 4901 3445 4977; baseline -0.001 -17"><span class='ocrx_word' id='word_1_778' title='bbox 224 4906 397 4961; x_wconf 70' lang='lat' dir='ltr'><strong>Vens.</strong></span> <span class='ocrx_word' id='word_1_779' title='bbox 427 4906 516 4961; x_wconf 92' lang='grc'><strong>11.</strong></span> <span class='ocrx_word' id='word_1_780' title='bbox 568 4901 799 4977; x_wconf 82' lang='lat' dir='ltr'><strong>Vestigia</strong></span> <span class='ocrx_word' id='word_1_781' title='bbox 838 4904 951 4975; x_wconf 84' lang='lat' dir='ltr'><strong>ejus</strong></span> <span class='ocrx_word' id='word_1_782' title='bbox 999 4914 1205 4959; x_wconf 87' lang='lat' dir='ltr'><strong>secutus</strong></span> <span class='ocrx_word' id='word_1_783' title='bbox 1248 4914 1322 4960; x_wconf 87' lang='lat' dir='ltr'><strong>est</strong></span> <span class='ocrx_word' id='word_1_784' title='bbox 1361 4922 1449 4975; x_wconf 87' lang='lat' dir='ltr'><strong>pes</strong></span> <span class='ocrx_word' id='word_1_785' title='bbox 1489 4922 1653 4961; x_wconf 85' lang='lat' dir='ltr'><strong>meus.</strong></span> <span class='ocrx_word' id='word_1_786' title='bbox 1678 4934 1750 4947; x_wconf 93' lang='lat'><strong>—</strong></span> <span class='ocrx_word' id='word_1_787' title='bbox 1856 4908 2264 4965; x_wconf 89' lang='lat' dir='ltr'><strong>immutabilitcr</strong></span> <span class='ocrx_word' id='word_1_788' title='bbox 2281 4921 2421 4962; x_wconf 88' lang='lat' dir='ltr'><strong>esse.</strong></span> <span class='ocrx_word' id='word_1_789' title='bbox 2445 4904 2585 4960; x_wconf 89' lang='lat' dir='ltr'><strong>Sunt</strong></span> <span class='ocrx_word' id='word_1_790' title='bbox 2600 4906 2743 4962; x_wconf 90' lang='lat' dir='ltr'><strong>enim</strong></span> <span class='ocrx_word' id='word_1_791' title='bbox 2765 4905 2879 4960; x_wconf 62' lang='lat' dir='ltr'><strong>haec</strong></span> <span class='ocrx_word' id='word_1_792' title='bbox 2897 4906 3101 4970; x_wconf 90' lang='lat' dir='ltr'><strong>omnia,</strong></span> <span class='ocrx_word' id='word_1_793' title='bbox 3127 4906 3221 4960; x_wconf 86' lang='lat' dir='ltr'><strong>sed</strong></span> <span class='ocrx_word' id='word_1_794' title='bbox 3248 4903 3445 4973; x_wconf 85' lang='lat' dir='ltr'><strong>princi-</strong></span> 
     </span>
    </p>
   </div>
   <div class='ocr_carea' id='block_1_69' title="bbox 150 4991 3443 5071">
    <p class='ocr_par' dir='ltr' id='par_1_69' title="bbox 150 4991 3443 5071">
     <span class='ocr_line' id='line_1_69' title="bbox 150 4991 3443 5071; baseline -0.002 -19"><span class='ocrx_word' id='word_1_795' title='bbox 150 4997 322 5064; x_wconf 83' lang='lat' dir='ltr'><strong>Quasi</strong></span> <span class='ocrx_word' id='word_1_796' title='bbox 362 4997 585 5067; x_wconf 88' lang='lat' dir='ltr'><strong>quidam</strong></span> <span class='ocrx_word' id='word_1_797' title='bbox 624 5011 858 5066; x_wconf 87' lang='lat' dir='ltr'><strong>namque</strong></span> <span class='ocrx_word' id='word_1_798' title='bbox 884 4996 976 5049; x_wconf 91' lang='lat' dir='ltr'><strong>Dei</strong></span> <span class='ocrx_word' id='word_1_799' title='bbox 1007 5011 1226 5067; x_wconf 89' lang='lat' dir='ltr'><strong>gressus</strong></span> <span class='ocrx_word' id='word_1_800' title='bbox 1264 5007 1411 5061; x_wconf 92' lang='lat' dir='ltr'><strong>sunt,</strong></span> <span class='ocrx_word' id='word_1_801' title='bbox 1454 4997 1583 5066; x_wconf 73' lang='lat' dir='ltr'><strong>ipsa:</strong></span> <span class='ocrx_word' id='word_1_802' title='bbox 1611 5011 1750 5067; x_wconf 88' lang='lat' dir='ltr'><strong>quas</strong></span> <span class='ocrx_word' id='word_1_803' title='bbox 1849 4999 2049 5071; x_wconf 89' lang='lat' dir='ltr'><strong>paliter</strong></span> <span class='ocrx_word' id='word_1_804' title='bbox 2073 5014 2182 5055; x_wconf 93' lang='lat' dir='ltr'><strong>non</strong></span> <span class='ocrx_word' id='word_1_805' title='bbox 2211 5005 2360 5062; x_wconf 89' lang='lat' dir='ltr'><strong>sunt,</strong></span> <span class='ocrx_word' id='word_1_806' title='bbox 2393 4996 2522 5065; x_wconf 92' lang='lat' dir='ltr'><strong>quia</strong></span> <span class='ocrx_word' id='word_1_807' title='bbox 2562 4997 2621 5052; x_wconf 91' lang='lat' dir='ltr'><strong>in</strong></span> <span class='ocrx_word' id='word_1_808' title='bbox 2671 4996 2979 5064; x_wconf 89' lang='lat' dir='ltr'><strong>semetipsis</strong></span> <span class='ocrx_word' id='word_1_809' title='bbox 3009 4996 3228 5050; x_wconf 90' lang='lat' dir='ltr'><strong>minime</strong></span> <span class='ocrx_word' id='word_1_810' title='bbox 3267 4991 3443 5048; x_wconf 84' lang='lat' dir='ltr'><strong>subsi-</strong></span> 
     </span>
    </p>
   </div>
   <div class='ocr_carea' id='block_1_70' title="bbox 152 5083 3447 5154">
    <p class='ocr_par' dir='ltr' id='par_1_70' title="bbox 152 5083 3447 5154">
     <span class='ocr_line' id='line_1_70' title="bbox 152 5083 3447 5154; baseline -0.001 -13"><span class='ocrx_word' id='word_1_811' title='bbox 152 5087 435 5141; x_wconf 86' lang='lat' dir='ltr'><strong>cernimus</strong></span> <span class='ocrx_word' id='word_1_812' title='bbox 477 5083 595 5153; x_wconf 87' lang='lat' dir='ltr'><strong>ejus</strong></span> <span class='ocrx_word' id='word_1_813' title='bbox 642 5084 1004 5154; x_wconf 89' lang='lat' dir='ltr'><strong>operationes,</strong></span> <span class='ocrx_word' id='word_1_814' title='bbox 1057 5083 1255 5153; x_wconf 89' lang='lat' dir='ltr'><strong>quibus</strong></span> <span class='ocrx_word' id='word_1_815' title='bbox 1305 5085 1481 5139; x_wconf 90' lang='lat' dir='ltr'><strong>bonus</strong></span> <span class='ocrx_word' id='word_1_816' title='bbox 1521 5086 1751 5154; x_wconf 87' lang='lat' dir='ltr'><strong>quisque</strong></span> <span class='ocrx_word' id='word_1_817' title='bbox 1846 5094 2022 5151; x_wconf 82' lang='lat' dir='ltr'><strong>stunt,</strong></span> <span class='ocrx_word' id='word_1_818' title='bbox 2053 5095 2110 5142; x_wconf 92' lang='lat' dir='ltr'><strong>et</strong></span> <span class='ocrx_word' id='word_1_819' title='bbox 2139 5086 2243 5140; x_wconf 89' lang='lat' dir='ltr'><strong>nisi</strong></span> <span class='ocrx_word' id='word_1_820' title='bbox 2273 5100 2434 5139; x_wconf 91' lang='lat' dir='ltr'><strong>manu</strong></span> <span class='ocrx_word' id='word_1_821' title='bbox 2466 5085 2822 5153; x_wconf 82' lang='lat' dir='ltr'><strong>gubernantis</strong></span> <span class='ocrx_word' id='word_1_822' title='bbox 2862 5093 3170 5147; x_wconf 88' lang='lat' dir='ltr'><strong>teneantur,</strong></span> <span class='ocrx_word' id='word_1_823' title='bbox 3202 5095 3319 5134; x_wconf 80' lang='lat' dir='ltr'><strong>esse</strong></span> <span class='ocrx_word' id='word_1_824' title='bbox 3348 5094 3447 5136; x_wconf 78' lang='lat' dir='ltr'><strong>ne—</strong></span> 
     </span>
    </p>
   </div>
   <div class='ocr_carea' id='block_1_71' title="bbox 152 5170 3448 5248">
    <p class='ocr_par' dir='ltr' id='par_1_71' title="bbox 152 5170 3448 5248">
     <span class='ocr_line' id='line_1_71' title="bbox 152 5170 3448 5248; baseline -0.002 -18"><span class='ocrx_word' id='word_1_825' title='bbox 152 5177 443 5246; x_wconf 84' lang='lat' dir='ltr'><strong>malusque</strong></span> <span class='ocrx_word' id='word_1_826' title='bbox 480 5173 706 5243; x_wconf 78' lang='lat' dir='ltr'><strong>regitur,</strong></span> <span class='ocrx_word' id='word_1_827' title='bbox 736 5172 934 5244; x_wconf 89' lang='lat' dir='ltr'><strong>quibus</strong></span> <span class='ocrx_word' id='word_1_828' title='bbox 954 5171 1085 5242; x_wconf 90' lang='lat' dir='ltr'><strong>justi</strong></span> <span class='ocrx_word' id='word_1_829' title='bbox 1116 5172 1412 5243; x_wconf 89' lang='lat' dir='ltr'><strong>injustique</strong></span> <span class='ocrx_word' id='word_1_830' title='bbox 1450 5176 1564 5230; x_wconf 90' lang='lat' dir='ltr'><strong>suis</strong></span> <span class='ocrx_word' id='word_1_831' title='bbox 1606 5173 1752 5230; x_wconf 88' lang='lat' dir='ltr'><strong>ordi-</strong></span> <span class='ocrx_word' id='word_1_832' title='bbox 1854 5192 2125 5248; x_wconf 88' lang='lat' dir='ltr'><strong>quaquam</strong></span> <span class='ocrx_word' id='word_1_833' title='bbox 2173 5185 2419 5247; x_wconf 86' lang='lat' dir='ltr'><strong>possunt.</strong></span> <span class='ocrx_word' id='word_1_834' title='bbox 2464 5174 2608 5233; x_wconf 82' lang='lat' dir='ltr'><strong>Hinc</strong></span> <span class='ocrx_word' id='word_1_835' title='bbox 2638 5177 2783 5234; x_wconf 89' lang='lat' dir='ltr'><strong>enim</strong></span> <span class='ocrx_word' id='word_1_836' title='bbox 2822 5174 2889 5229; x_wconf 90' lang='lat' dir='ltr'><strong>ad</strong></span> <span class='ocrx_word' id='word_1_837' title='bbox 2923 5174 3165 5246; x_wconf 85' lang='lat' dir='ltr'><strong>Moysem</strong></span> <span class='ocrx_word' id='word_1_838' title='bbox 3190 5170 3389 5224; x_wconf 88' lang='lat' dir='ltr'><strong>dicitur</strong></span> <span class='ocrx_word' id='word_1_839' title='bbox 3431 5190 3448 5225; x_wconf 89' lang='lat'>:</span> 
     </span>
    </p>
   </div>
   <div class='ocr_carea' id='block_1_72' title="bbox 154 5260 3453 5337">
    <p class='ocr_par' dir='ltr' id='par_1_72' title="bbox 154 5260 3453 5337">
     <span class='ocr_line' id='line_1_72' title="bbox 154 5260 3453 5337; baseline -0.002 -18"><span class='ocrx_word' id='word_1_840' title='bbox 154 5266 318 5321; x_wconf 87' lang='lat' dir='ltr'><strong>nibus</strong></span> <span class='ocrx_word' id='word_1_841' title='bbox 363 5265 738 5333; x_wconf 88' lang='lat' dir='ltr'><strong>disponuntur,</strong></span> <span class='ocrx_word' id='word_1_842' title='bbox 772 5261 966 5330; x_wconf 90' lang='lat' dir='ltr'><strong>quibus</strong></span> <span class='ocrx_word' id='word_1_843' title='bbox 996 5272 1053 5318; x_wconf 88' lang='lat' dir='ltr'><strong>et</strong></span> <span class='ocrx_word' id='word_1_844' title='bbox 1092 5262 1367 5332; x_wconf 89' lang='lat' dir='ltr'><strong>subjectus</strong></span> <span class='ocrx_word' id='word_1_845' title='bbox 1413 5264 1642 5333; x_wconf 87' lang='lat' dir='ltr'><strong>quisque</strong></span> <span class='ocrx_word' id='word_1_846' title='bbox 1682 5261 1754 5317; x_wconf 90' lang='lat' dir='ltr'><strong>ad</strong></span> <span class='ocrx_word' id='word_1_847' title='bbox 1861 5285 1881 5319; x_wconf 73' lang='grc' dir='ltr'><strong>ι</strong></span> <span class='ocrx_word' id='word_1_848' title='bbox 1920 5267 2033 5337; x_wconf 87' lang='lat' dir='ltr'><strong>Ego</strong></span> <span class='ocrx_word' id='word_1_849' title='bbox 2075 5282 2194 5322; x_wconf 87' lang='lat' dir='ltr'><strong>sum</strong></span> <span class='ocrx_word' id='word_1_850' title='bbox 2221 5266 2313 5335; x_wconf 91' lang='lat' dir='ltr'><strong>qui</strong></span> <span class='ocrx_word' id='word_1_851' title='bbox 2351 5280 2493 5319; x_wconf 91' lang='lat' dir='ltr'><strong>sum.</strong></span> <span class='ocrx_word' id='word_1_852' title='bbox 2534 5285 2555 5320; x_wconf 73' lang='grc' dir='ltr'><strong>ι</strong></span> <span class='ocrx_word' id='word_1_853' title='bbox 2609 5268 2717 5323; x_wconf 87' lang='lat' dir='ltr'><strong>Et:</strong></span> <span class='ocrx_word' id='word_1_854' title='bbox 2748 5286 2766 5318; x_wconf 85' lang='grc'><strong><em>‹</em></strong></span> <span class='ocrx_word' id='word_1_855' title='bbox 2795 5264 2896 5331; x_wconf 85' lang='lat' dir='ltr'><strong>Qui</strong></span> <span class='ocrx_word' id='word_1_856' title='bbox 2931 5273 3018 5318; x_wconf 90' lang='lat' dir='ltr'><strong>est</strong></span> <span class='ocrx_word' id='word_1_857' title='bbox 3059 5260 3207 5319; x_wconf 88' lang='lat' dir='ltr'><strong>misit</strong></span> <span class='ocrx_word' id='word_1_858' title='bbox 3256 5273 3341 5312; x_wconf 89' lang='lat' dir='ltr'><strong>me</strong></span> <span class='ocrx_word' id='word_1_859' title='bbox 3380 5260 3453 5313; x_wconf 84' lang='lat' dir='ltr'><strong>ad</strong></span> 
     </span>
    </p>
   </div>
  </div>
