3948 5398
584 296 599 303 ο

584 296 599 303 -

571 312 604 319 ι’

1632 287 1692 349 5.
1708 292 1715 301 '
1734 286 1983 350 ODONIS
2014 283 2177 348 ᾸΒΒΑ

2279 281 2306 347 5
2342 284 2834 353 CLUNIACENSIS
2868 292 2911 353 ll
3724 304 3794 363 300

616 415 865 465 avertere
879 404 1217 477 deprecando
1240 403 1562 476 potuissent,
1586 404 1730 460 etab
1752 405 1868 474 ipso
1889 418 2218 475 acceperum
2242 402 2292 464 Α
2317 401 2641 479 imminentes
2663 406 2925 477 tenebras,
2944 422 3037 463 nec
3061 406 3247 478 faciem
3276 424 3440 464 meant
3468 399 3641 480 apeiuit
3659 417 3797 491 caligo.

613 501 759 572 quod
803 506 1024 570 agerent
1073 498 1212 566 apud
1261 497 1455 566 ipsum.
1512 498 1666 551 Dicat
1712 511 1841 566 ergo
1885 495 2004 550 :Et
2056 510 2206 548 nemo

2309 493 2409 560 Qui
2440 497 2583 551 enim
2614 513 2829 568 semper
2852 499 3048 555 divinae
3081 498 3387 555 formidinis
3406 502 3595 571 pondus
3612 511 3787 576 aspexit,

613 602 843 646 avertere
890 598 1054 658 potest
1102 589 1466 658 cogitationem
1518 587 1662 656 ejus,
1708 587 1832 656 quia
1878 586 2045 640 semel
2096 584 2205 639 ﬁxa
2304 583 2421 651 ejus
2448 588 2626 642 cordis
2653 588 2846 644 faciem
2877 589 3051 660 caligo
3081 590 3285 659 peccati
3320 606 3422 644 non
3463 595 3666 660 operuit,
3700 599 3796 656 etis

604 677 810 752 judicia
871 681 1070 735 mutari
1132 695 1471 750 nequaquam
1535 687 1779 748 possunt.
1849 677 2002 733 Unde
2067 678 2203 732 seri-

609 780 765 842 ptum
815 780 902 828 est
955 790 969 826 :
1036 794 1053 825 ι
1107 772 1441 841 Praeceptum
1496 771 1673 841 posuit
1719 779 1774 825 et
1830 786 1935 824 non
1981 780 2201 840 prmer-

610 862 714 918 ibit
772 859 945 932 (Psal.
998 877 1196 917 CXLVIII
1230 901 1245 926 ,
1314 860 1392 929 6).
1441 879 1460 911 ι
1526 861 1782 930 Sequitur
1834 877 1848 913 :
1899 860 1965 913 Et
2021 861 2200 913 anima

609 949 725 1020 ejus
754 989 771 1015 ,
808 950 950 1020 quod
1002 948 1161 1004 voluit
1193 989 1208 1014 ,
1252 950 1348 1002 hoc
1393 948 1534 1018 fecit.
1574 979 1648 990 —
1683 948 1817 1004 Cum
1871 949 1940 1003 sit
1989 949 2199 1005 cunctis

608 1039 851 1095 exterior
894 1039 1203 1108 corporeis,
1235 1040 1445 1094 cunctis
1470 1040 1741 1094 mentibus
1778 1040 2005 1093 interior
2030 1040 2194 1103 Deus,

605 1140 674 1185 ea
704 1129 821 1198 ipsa
863 1129 952 1183 via
978 1127 1097 1197 ejus
1118 1144 1222 1198 qua
1255 1136 1503 1196 penetrat
1528 1128 1731 1193 omnia,
1782 1138 1977 1182 cuncta
2014 1129 2196 1198 dispo-

608 1217 715 1283 nit,
742 1217 925 1272 anima
974 1218 1120 1272 illius
1149 1216 1471 1287 appellatur,
1524 1216 1679 1285 cujus
1719 1217 1971 1271 videlicet
2002 1216 2193 1271 volun-

606 1308 731 1374 tati,
760 1323 861 1362 nec
887 1308 974 1362 illa
1005 1309 1274 1364 obsistunt
1309 1324 1429 1379 quae
1459 1320 1650 1365 contra
1685 1311 2016 1367 voluntatem
2048 1311 2192 1365 illius

603 1400 722 1456 ﬁeri
752 1402 1025 1467 videntur,
1074 1402 1167 1472 qui
1229 1402 1301 1458 ad
1345 1403 1446 1457 hoc
1494 1419 1882 1474 nonnunquam
1925 1402 2193 1473 permittit

602 1492 721 1549 ﬁeri
753 1494 912 1549 etiam
937 1494 1081 1563 quod
1121 1508 1226 1549 non
1248 1496 1527 1564 praecepit,
1566 1504 1627 1549 ut
1652 1511 1748 1564 per
1778 1495 1880 1549 hoc
1919 1495 2049 1549 illud
2071 1508 2191 1549 eer-

602 1588 712 1642 tius
754 1587 1043 1658 impleatur
1083 1587 1227 1656 quod
1261 1586 1497 1655 jubelur.
1527 1586 1802 1656 Apostatze
1850 1586 2048 1656 quippe
2094 1600 2187 1639 an-

599 1676 705 1748 geli
734 1693 987 1748 perversa
1024 1678 1272 1733 voluntas
1297 1689 1402 1742 est,
1438 1678 1530 1733 sed
1561 1687 1737 1731 tamen
1765 1694 1793 1730 a
1822 1678 1931 1731 Deo
1962 1678 2184 1732 mirabi-

2302 689 2462 744 queIn
2524 681 2787 750 supplicia
2835 680 2979 735 nulla
3037 682 3418 751 sequebantur,
3475 684 3675 740 salutem
3710 703 3792 743 cor-

2299 766 2448 834 poris
2505 780 2726 839 propter
2784 770 3129 827 imminentes
3181 771 3432 828 tenebras
3497 790 3593 830 non
3649 779 3794 837 amisit.

2299 852 2557 926 Sequitur
2588 874 2604 914 :

2859 955 3086 1012 CAPUT
3124 956 3294 1013 XXIV

2368 1039 2533 1097 Vens.
2586 1043 2638 1098 l.
2685 1045 2762 1100 Ab
2826 1045 3183 1116 Omnipotente
3239 1066 3343 1103 non
3401 1059 3516 1103 sunt
3568 1051 3797 1109 abscondita

2295 1139 2548 1202 tempora.
2589 1134 2692 1201 Qui
2713 1147 2886 1190 autem
2922 1132 3177 1191 "noverunt
3200 1155 3339 1203 eum,
3382 1139 3610 1209 ignorant
3643 1143 3728 1196 dies
3756 1143 3797 1196 il-

2293 1221 2413 1277 lius.
2455 1255 2525 1264 —
2562 1225 2701 1292 Quid
2749 1227 2868 1281 dies
2896 1227 2999 1281 diei
3042 1228 3142 1282 nisi
3190 1230 3301 1297 ipsa
3328 1229 3445 1297 ejus
3472 1232 3709 1287 :eternitas
3732 1248 3796 1303 ap-

2294 1312 2557 1380 pellatur?
2582 1332 2701 1385 qucc
2720 1332 3102 1386 nonnunquam
3124 1320 3284 1373 unius
3311 1320 3414 1375 diei
3442 1323 3798 1390 pronuntiatione

2291 1404 2631 1471 exprimitur,
2662 1408 2802 1461 sicut
2823 1409 3079 1476 scriptum
3104 1418 3187 1463 est
3220 1425 3234 1463 :
3271 1429 3287 1462 ι
3322 1410 3507 1467 Melior
3525 1422 3601 1467 est
3622 1412 3797 1469 diesuna

2292 1491 2343 1547 in
2374 1495 2526 1548 atriis
2555 1497 2659 1550 tuis
2688 1511 2850 1566 super
2877 1498 3040 1552 millia
3071 1496 3243 1569 (Psal.
3272 1516 3500 1565 Lxxxut,
3532 1501 3632 1571 il).
3662 1522 3678 1554 I
3704 1501 3798 1557 Non-

2290 1598 2566 1653 nunquam
2603 1601 2730 1640 vero
2769 1603 2864 1656 pcr
2896 1603 3050 1642 suam
3079 1588 3467 1660 longitudinem
3498 1593 3682 1646 dierum
3705 1592 3798 1647 mul-

2293 1682 2471 1729 torum
2495 1676 2847 1746 appellatione
2873 1679 3135 1749 signatur,
3162 1681 3230 1736 de
3254 1683 3451 1751 quibus
3472 1683 3700 1751 scriptum
3716 1691 3798 1738 est:

597 1767 724 1822 liter
771 1769 1087 1835 ordinatur,
1136 1778 1198 1823 ut
1251 1768 1381 1838 ipsa:
1427 1783 1641 1837 quoque
1678 1767 1793 1836 ejus
1826 1770 2034 1823 insidia:
2081 1771 2187 1824 uti-
2214 1755 2263 1817 Β
2294 1782 2313 1816 ι
2363 1765 2418 1819 1η
2452 1768 2705 1822 saeculum
2733 1770 2913 1823 saeculi
2954 1771 3081 1824 anni
3118 1771 3191 1824 tui
3241 1770 3416 1842 (Psal.
3465 1787 3535 1836 Cl,
3563 1772 3664 1842 9.5).
3695 1772 3800 1828 Ilios

506 1906 507 1909 η
596 1856 741 1913 litati
783 1858 1049 1914 bonorum
1104 1859 1379 1923 serviant,
1439 1873 1574 1928 quos
1616 1858 1900 1930 purgando
1954 1867 2182 1915 tentant.

597 1947 859 2020 Sequitur
882 1968 895 2004 :

666 2043 834 2099 Vsus.
878 2042 965 2096 Η.
1003 2042 1133 2097 Cum
1161 2043 1438 2113 expleverit
1466 2045 1521 2097 in
1555 2060 1635 2098 me
1663 2043 1977 2098 voluntatem
2006 2058 2181 2110 suam,

585 2141 644 2187 et
673 2132 783 2186 alia
814 2133 980 2187 multa
1015 2134 1209 2188 similia
1230 2144 1421 2204 prwsto
1452 2143 1571 2190 sunt
1597 2136 1665 2189 ei.
1700 2164 1771 2174 —-
1805 2135 1886 2189 Ac
1924 2135 1965 2188 si
1997 2144 2185 2203 aperte

596 2219 778 2274 dicat:
809 2220 926 2275 Jam
972 2222 1248 2292 perpendo
1279 2237 1397 2292 quae
1427 2223 1626 2291 patior,
1675 2223 1770 2277 sed
1811 2223 1879 2277 ad
1922 2223 2039 2277 haec
2066 2223 2179 2278 for-

594 2311 742 2368 mido
766 2326 886 2381 quae
928 2313 1038 2381 pati
1075 2326 1314 2381 possum.
1357 2312 1551 2381 Explet
1573 2312 1718 2367 enim
1745 2312 1799 2365 in
1821 2327 1908 2366 me
1935 2312 2181 2367 volunta-

593 2413 702 2460 tem
747 2419 922 2470 suatn,
968 2407 1094 2474 quia
1131 2406 1314 2461 multis
1342 2421 1429 2461 me
1469 2406 1937 2475 persecutionibns
1971 2405 2176 2476 aﬂligit,

591 2497 687 2552 sed
716 2495 882 2550 multa
909 2496 1105 2552 similia
1125 2507 1316 2567 priesto
1346 2508 1468 2551 sunt
1497 2500 1566 2563 ei,
1607 2499 1733 2568 quia
1762 2499 1925 2554 ferire
1959 2498 2005 2553 si
2035 2499 2180 2569 cogi-

591 2597 694 2657 tat,
716 2589 893 2645 adhuc
921 2590 1127 2644 invenit
1155 2591 1244 2645 ubi
1270 2591 1422 2660 plaga
1456 2600 1687 2646 crescat.
1717 2590 1977 2660 Sequitur
2018 2608 2031 2645 :

659 2680 829 2738 Vsus.
872 2682 959 2736 15.
1001 2682 1070 2737 Et
1100 2683 1295 2736 idcirco
1321 2699 1352 2735 a
1390 2681 1528 2751 [acie
1550 2684 1665 2753 ejus
1691 2681 1929 2736 turbatus
1950 2698 2068 2735 sum
2091 2723 2105 2747 ,
2128 2692 2175 2736 et

589 2773 929 2828 considerans
968 2789 1085 2826 eum
1125 2773 1308 2827 timore
1356 2771 1628 2827 sollicitor.
1664 2803 1736 2812 —
1773 2772 1915 2827 Bene
1964 2788 1995 2826 a
2040 2772 2177 2828 facie

582 2864 806 2920 Domini
863 2864 1134 2927 turbatur,
1181 2863 1273 2933 qui
1342 2872 1615 2931 terrorem
1663 2861 1964 2931 majestatis
2010 2862 2173 2930 illius,

583 2957 775 3014 cordis
816 2956 899 3011 sui
937 2955 1216 3010 obtutibus
1259 2954 1530 3026 proponit,
1573 2963 1629 3010 et
1673 2954 1791 3023 ejus
1837 2954 2176 3010 rectitudinis

584 3066 794 3124 .pavore
820 3052 1149 3116 concutitur,
1189 3053 1315 3107 dum
1342 3065 1403 3107 se
1427 3051 1683 3107 reddendi
1715 3052 2018 3108 rationibus
2043 3067 2173 3107 con-

2290 1855 2471 1926 itaque
2499 1857 2638 1911 intra
2659 1867 2898 1926 tempora
2921 1858 3206 1923 volvimur,
3236 1875 3331 1930 per
3346 1861 3453 1915 lioc
3465 1862 3599 1930 quod
3617 1870 3800 1916 creatura

2285 1963 2492 2003 sumus.
2524 1950 2664 2004 Deus
2701 1960 2881 2004 autem
2905 1953 2997 2021 qui
3028 1961 3244 2007 creator
3267 1961 3349 2006 est
3371 1953 3628 2019 omnium,
3648 1953 3800 2008 aeterni-

2288 2045 2396 2095 tate
2441 2054 2537 2093 sua
2581 2049 2820 2111 tempora
2870 2054 3050 2096 nOStra
3093 2043 3521 2112 comprehendit,
3580 2042 3687 2112 quia
3727 2043 3801 2112 ipso

2285 2131 2517 2201 quidem!
2535 2140 2719 2187 nostra
2747 2134 3310 2202 comprehensibiliter
3338 2136 3615 2206 conspicit,
3638 2151 3718 2191 nos
3740 2150 3801 2189 aII-

2288 2232 2394 2276 tem
2421 2238 2484 2277 ea
2511 2238 2630 2293 qua:
2665 2222 2781 2291 ejus
2809 2234 2935 2278 sunt
2961 2226 3427 2296 comprehendere
3453 2229 3724 2283 nullatenus
3740 2243 3802 2281 ra-

2284 2312 2479 2368 lemus.
2519 2312 2625 2369 Sed
2651 2329 2773 2369 cum
2805 2322 2998 2369 natura
3021 2316 3163 2372 Deus
3188 2318 3425 2386 simplex
3450 2320 3539 2383 sit,
3567 2319 3800 2374 mirandum

2282 2403 2438 2457 valde
2459 2412 2542 2457 est
2567 2418 2667 2458 cur
2693 2403 2862 2457 dicit:
2897 2403 3003 2469 Qui
3029 2418 3279 2460 nouerunt
3309 2423 3431 2462 eum
3476 2410 3693 2479 ignorant
3729 2409 3802 2461 diu

2282 2496 2446 2550 illius.
2505 2495 2691 2567 Neque
2725 2496 2869 2552 enim
2912 2497 3057 2553 aliud
3092 2499 3226 2568 ipse,
3252 2509 3424 2568 atque
3452 2501 3590 2556 aliud
3613 2501 3710 2555 dies
3726 2500 3801 2568 ejus

2281 2596 2427 2641 sunt.
2453 2585 2596 2641 Dens
2619 2602 2852 2656 namque
2876 2588 2977 2643 hoc
3009 2597 3090 2643 est
3127 2589 3272 2658 quod
3302 2590 3490 2658 habet,
3518 2591 3801 2646 aeternitatem

2280 2678 2479 2749 quippe
2506 2678 2689 2743 habet,
2721 2680 2815 2733 sed
2844 2680 2957 2749 ipse
2980 2687 3064 2734 est
3088 2681 3384 2736 aeternitas.
3411 2681 3549 2750 Quid
3582 2691 3657 2735 est
3676 2681 3801 2749 itaque

2278 2771 2481 2836 dicere,
2541 2772 2632 2841 qui
2676 2782 2925 2826 noverunt
2957 2787 3076 2825 eum
3116 2773 3359 2843 ignorant
3413 2775 3526 2828 dies
3565 2773 3705 2836 illius,
3733 2767 3800 2824 nisi

2278 2864 2402 2934 quia
2437 2874 2493 2919 et
2520 2874 2856 2934 cognoscunt
2879 2880 3027 2929 eum,
3053 2874 3107 2919 et
3132 2865 3309 2921 adhuc
3339 2866 3622 2921 nesciunt?
3645 2862 3748 2918 Nam
3765 2866 3801 2916 et

2277 2955 2369 3025 qui
2416 2969 2537 3010 eum
2573 2954 2686 3023 jam
2731 2955 2834 3010 lide
2875 2963 3079 3019 tenent,
3111 2957 3287 3011 adhuc
3314 2971 3413 3026 per
3439 2957 3661 3027 speciem
3697 2955 3800 3025 igno-

2279 3057 2419 3111 rant,
2470 3056 2526 3102 et
2573 3062 2697 3102 cum
2757 3047 2869 3116 ipse
2931 3048 3001 3102 sit
3050 3048 3324 3103 aeteruitas
3385 3064 3552 3118 quam
3598 3046 3800 3103 veraciter

589 3145 753 3216 spicit
806 3144 1057 3199 idoneum
1121 3159 1228 3198 non
1277 3158 1421 3204 esse.
1478 3142 1523 3197 si
1570 3143 1818 3198 districte
1872 3129 2248 3212 judicetur.C
2278 3139 2570 3202 credimus,
2623 3139 2855 3208 qualiter
2895 3148 3073 3195 tamen
3118 3140 3189 3194 sit
3226 3139 3344 3209 ipsa
3370 3140 3495 3210 ejus
3533 3142 3797 3213 ignoramus.

585 3235 759 3293 Recte
780 3243 959 3290 autem
988 3234 1209 3298 dicitur,
1245 3233 1309 3287 Et
1339 3234 1677 3288 considerans
1703 3250 1821 3288 eum
1861 3234 2048 3287 timore
2071 3232 2175 3288 sol-

574 3325 784 3392 licitor,
808 3326 935 3396 quia
963 3325 1157 3380 divina:
1174 3324 1656 3379 animadversionis
1678 3324 1786 3379 vim
1809 3338 1931 3378 cum
1954 3325 2175 3401 minime

583 3415 816 3485 quisque
838 3415 1167 3479 considerat,
1192 3414 1416 3468 minime
1441 3412 1716 3479 formidat,
1739 3424 1795 3469 et
1824 3422 1973 3468 tanto
1998 3415 2174 3483 magis

581 3508 642 3564 in
672 3509 777 3564 hac
802 3509 916 3563 vita
957 3508 1111 3577 quasi
1142 3521 1366 3562 securus
1399 3515 1502 3570 est,
1540 3515 1745 3577 quanto
1786 3521 1817 3560 a
1864 3506 2174 3561 considera-

570 3597 737 3655 stione
765 3598 991 3653 internae
1021 3596 1380 3652 districtionis
1413 3597 1642 3652 alienus.
1682 3596 1941 3666 Sequitur
1970 3612 1986 3651 :

652 3685 818 3746 Vsus.
861 3689 949 3744 16.
987 3688 1128 3743 Deus
1150 3687 1368 3743 mollivit
1407 3686 1729 3753 cor‘meum,
1757 3698 1805 3743 et
1831 3688 2169 3761 Omnipotens

568 3781 905 3855 {conturbavit
929 3797 1032 3836 me.
1070 3809 1141 3821 -—
1177 3780 1256 3835 Ex
1283 3780 1468 3835 divino
1491 3796 1718 3837 munere
1739 3797 1835 3837 cor
1846 3781 1980 3850 justi
2009 3784 2171 3839 molle

582 3874 802 3938 dicitur,
828 3874 954 3944 quia
982 3869 1199 3943 superni
1216 3871 1408 3943 judicii
1436 3873 1629 3928 timore
1651 3885 1985 3944 penetratur.
2013 3875 2170 3931 Molle

564 3971 666 4020 est
690 3964 891 4020 etenim
920 3963 1065 4033 quod
1087 3963 1359 4034 penetrari
1390 3972 1587 4032 potest,
1609 3963 1801 4017 durum
1827 3964 1969 4034 quod
2000 3979 2165 4033 pene—

580 4058 717 4111 trari
768 4071 874 4111 non
933 4064 1129 4125 potest.
1187 4052 1342 4110 Unde
1389 4068 1487 4124 per
1532 4053 1876 4110 Salomoncm
1924 4055 2162 4110 dicitur:

568 4166 607 4200 -ί
644 4146 843 4205 Beatus
882 4148 1045 4204 homo
1082 4147 1175 4217 qui
1216 4161 1431 4217 semper
1476 4154 1558 4201 est
1601 4145 1849 4216 pavidus.
1896 4145 1997 4214 Qui
2039 4161 2166 4202 vero

567 4242 782 4295 mentis
820 4248 907 4294 est
951 4237 1121 4304 durae,
1169 4245 1387 4293 corruet
1415 4236 1469 4292 in
1512 4237 1712 4292 malum
1749 4234 1930 4310 (Prov.
1966 4253 2162 4305 xxvm,

580 4328 697 4400 14).
726 4347 746 4382 ι
778 4327 896 4385 Non
919 4338 1103 4385 autem
1136 4343 1349 4394 secura,
1375 4329 1471 4384 sed
1502 4330 1822 4384 conturbata
1846 4338 1973 4385 sunt
1998 4336 2162 4385 corda

564 4419 874 4485 bonorum,
920 4418 1048 4490 quia
1086 4419 1212 4474 dum
1243 4418 1411 4474 futuri
1456 4419 1720 4474 examinis
1751 4421 1961 4490 pondus
1985 4421 2165 4477 consi-

2280 3228 2538 3298 Sequitur
2560 3246 2575 3283 :

2347 3318 2510 3374 Vsus.
2542 3320 2600 3374 2.
2641 3319 2747 3374 Alii
2781 3322 3027 3377 terminos
3071 3308 3493 3386 transtulerunt,
3529 3322 3799 3392 diripuerat

2275 3424 2450 3479 greges
2475 3447 2491 3474 ,
2540 3418 2587 3463 et
2636 3422 2885 3479 paverunt
2925 3428 3032 3465 eos.
3066 3441 3136 3452 —
3185 3411 3334 3478 Quos
3360 3413 3592 3467 aliorum
3620 3411 3799 3469 nomine.

2274 3501 2380 3555 nisi
2409 3502 2691 3557 haereticos
2720 3501 2998 3572 designat?
3042 3504 3138 3573 qui
3165 3520 3195 3558 a
3227 3515 3432 3560 sanctae
3468 3506 3701 3561 Ecclesiae
3720 3514 3801 3573 gre-

2275 3590 2384 3645 mio
2413 3590 2659 3645 extranei
2703 3592 2960 3646 existunt.
3010 3592 3112 3661 Ipsi
3156 3595 3300 3648 enim
3332 3597 3596 3650 terminos
3624 3590 3799 3648 transle-

2273 3693 2438 3747 runt,
2494 3682 2620 3751 quia
2672 3682 3089 3738 constitutiones
3157 3683 3379 3738 Patrum
3456 3679 3799 3756 pratvaricando

2276 3774 2681 3836 transcendunt,
2729 3774 2794 3826 de
2839 3773 3034 3841 quibus
3078 3775 3560 3831 constitutionibus
3598 3775 3798 3843 scriptum

2270 3874 2355 3919 est
2392 3882 2406 3918 :
2443 3883 2462 3915 ι
2490 3864 2569 3920 Ne
2600 3865 3016 3936 tranSgrediaris
3067 3867 3328 3923 terminos
3372 3870 3628 3938 antiquos
3650 3909 3663 3932 ,
3704 3876 3800 3934 quos

2269 3963 2566 4022 posuerunt
2591 3963 2773 4023 patres
2804 3956 2876 4008 tui
2921 3953 3103 4025 (Prov.
3133 3972 3271 4021 χιιι,
3300 3957 3416 4029 28).
3449 3978 3470 4011 ιι
3520 3959 3618 4027 Qui
3659 3964 3800 4029 greges

2270 4042 2609 4113 diripuerunt
2638 4055 2693 4099 et
2721 4055 2970 4113 pascunt,
3002 4047 3126 4115 quia
3157 4048 3439 4116 imperitos
3466 4064 3693 4119 quosque
3716 4059 3800 4115 per-

2268 4137 2440 4191 versis
2469 4138 2535 4190 ad
2588 4151 2646 4191 se
2687 4138 3126 4207 persuasionibus
3177 4140 3440 4206 trahunt,
3493 4151 3549 4197 et
3592 4135 3799 4197 doctrinis

2265 4227 2540 4299 pestiferis
2564 4230 2631 4282 ad
2661 4228 3090 4285 interﬁciendum
3122 4233 3388 4287 nutriunt.
3440 4232 3722 4304 Sequitur:

2338 4320 2504 4375 Vsus.
2548 4319 2603 4374 5.
2653 4320 2871 4376 Asinum
2907 4321 3224 4391 pupillorum
3246 4324 3558 4394 abigerunt,
3588 4336 3634 4379 et
3669 4323 3802 4377 absta-

2266 4409 2436 4465 lerunt
2481 4427 2575 4480 pro
2623 4412 2840 4481 pignore
2877 4412 3052 4465 bovem
3101 4412 3291 4467 vidtur.
3327 4444 3400 4454 —
3426 4414 3576 4482 Quos
3605 4416 3694 4470 hoc
3716 4413 3799 4465 loco

574 4511 796 4577 deum,
826 4511 1061 4582 quietem
1096 4510 1189 4566 hic
1215 4509 1415 4565 habere
1438 4524 1545 4565 non
1574 4489 1857 4581 θρρθιάηι,
1897 4514 2163 4569 securim-
2185 4489 2241 4552 Ῑ)
2268 4502 2495 4571 pupillos
2521 4503 2839 4571 accipimus,
2888 4502 2989 4558 nisi
3018 4502 3220 4558 electos
3247 4504 3341 4560 Dei
3390 4506 3445 4560 in
3477 4507 3666 4562 mentis
3684 4514 3799 4561 tene-

579 4611 695 4661 tem
732 4618 884 4660 suam
926 4602 1282 4659 districtionis
1316 4602 1525 4657 intima:
1562 4604 1994 4660 consideratione
2038 4622 2161 4677 per-

582 4691 823 4751 turbant.
854 4691 1110 4763 Sequitur
1140 4708 1159 4745 :
1952 4694 1956 4698 ·

558 4858 567 4867 .
648 4787 817 4845 Vnus.
857 4786 946 4841 l7.
987 4783 1114 4841 Non
1153 4785 1290 4841 enim
1316 4786 1449 4856 perii
1486 4796 1695 4859 propter
1730 4788 2055 4844 imminentes
2086 4797 2160 4843 te-

572 4878 793 4944 nebras,
816 4894 908 4932 nec
930 4876 1117 4947 faciem
1137 4891 1309 4932 meam
1335 4877 1541 4949 operuit
1568 4878 1758 4950 caligo.
1795 4909 1865 4920 —
1902 4879 1995 4934 llle
2015 4880 2160 4937 enim

578 4971 639 5026 in
659 4969 873 5042 ﬂagello
892 4970 1099 5040 positus
1122 4984 1153 5024 a
1176 4967 1349 5025 salute
1368 4969 1612 5039 corporis
1633 4978 1857 5040 propter
1878 4969 2162 5025 imminen-

578 5071 664 5117 tes
687 5061 940 5118 tenebras
970 5060 1129 5132 perit,
1163 5061 1258 5130 qui
1287 5060 1492 5117 idcirco
1527 5075 1629 5132 pro
1657 5059 1944 5116 transactis
1970 5075 2162 5130 percn-

578 5152 728 5196 titnr-
759 5162 823 5196 22!:
867 5166 896 5196 ε
940 5150 1137 5196 futuris
1182 5149 1459 5196 mnnliniia
1506 5151 1891 5196 abmandatum
1923 5148 2156 5196 Flagella

2271 4592 2505 4647 ritudine
2531 4591 2734 4662 positos
2758 4632 2775 4657 ,
2818 4592 2909 4661 qui
2938 4609 3129 4664 magna
3161 4593 3284 4649 fidei
3315 4596 3491 4665 gratia
3522 4597 3799 4653 nutriuntur.

2267 4691 2322 4736 et
2365 4683 2532 4752 patris
2574 4683 2657 4737 sui
2699 4680 2812 4752 jam
2850 4698 2949 4753 pro
2973 4698 3034 4739 se
3061 4684 3259 4738 mortui
3288 4683 3483 4751 faciem
3512 4686 3720 4742 necdum
3740 4680 3798 4733 ri-

2267 4772 2434 4828 dent?
2461 4771 2599 4828 Sunt
2625 4789 2858 4843 namque
2883 4773 3143 4840 nonnulli,
3168 4774 3262 4845 qui
3290 4775 3541 4845 quamvis
3565 4774 3660 4845 ipsi
3679 4778 3800 4843 aget!

2267 4864 2530 4936 spiritalia
2569 4875 2863 4936 nequeant.
2893 4866 2964 4920 ad
3007 4881 3219 4922 summa
3270 4876 3454 4924 tamen
3506 4864 3799 4924 tendentibus
3876 4864 3877 4936 ἦ

2264 4959 2496 5015 libenter
2532 4958 2770 5013 subsidia
2816 4958 3149 5014 ministrant.
3199 4957 3426 5016 Portare
3468 4960 3615 5015 enim
3657 4955 3799 5012 asinus

2263 5064 2432 5105 onera
2477 5049 2756 5104 hominum
2790 5049 2949 5104 solet.
3002 5049 3169 5117 Quasi
3211 5065 3342 5122 ergo
3386 5048 3610 5120 quidam
3654 5046 3797 5103 asiam
3876 5062 3877 5107 ξ

2263 5142 2559 5196 electorum
2589 5151 2708 5196 est.
2740 5144 2851 5196 -aui
2904 5144 3134 5196 terrenis
3180 5144 3342 5196 rebus
3380 5144 3688 5196 deserviens
3726 5140 3795 5194 de
3876 5130 3877 5195 ἶ
