  <div class='ocr_page' id='page_1' title='image "/cluster/home/n/w/nwhite01/storage/ocr_20150623/133/hvd.32044010035673/154.png"; bbox 0 0 3948 5398; ppageno 0'>
   <div class='ocr_carea' id='block_1_1' title="bbox 135 344 213 399">
    <p class='ocr_par' dir='ltr' id='par_1_1' title="bbox 135 344 213 399">
     <span class='ocr_line' id='line_1_1' title="bbox 135 344 213 399; baseline 0.026 -2"><span class='ocrx_word' id='word_1_1' title='bbox 135 344 213 399; x_wconf 72' lang='lat' dir='ltr'><strong>5M</strong></span> 
     </span>
    </p>
   </div>
   <div class='ocr_carea' id='block_1_2' title="bbox 810 344 2570 413">
    <p class='ocr_par' dir='ltr' id='par_1_2' title="bbox 810 344 2570 413">
     <span class='ocr_line' id='line_1_2' title="bbox 810 344 2570 413; baseline 0.008 -15"><span class='ocrx_word' id='word_1_2' title='bbox 810 344 1108 403; x_wconf 69' lang='lat' dir='ltr'><strong>EPITOME</strong></span> <span class='ocrx_word' id='word_1_3' title='bbox 1145 347 1506 405; x_wconf 71' lang='lat' dir='ltr'><strong>MOBALIUM</strong></span> <span class='ocrx_word' id='word_1_4' title='bbox 1548 349 1605 405; x_wconf 81' lang='lat' dir='ltr'><strong>S.</strong></span> <span class='ocrx_word' id='word_1_5' title='bbox 1648 349 1853 407; x_wconf 76' lang='lat' dir='ltr'><strong>CREG.</strong></span> <span class='ocrx_word' id='word_1_6' title='bbox 1894 351 1962 406; x_wconf 73' lang='lat' dir='ltr'><strong>IN</strong></span> <span class='ocrx_word' id='word_1_7' title='bbox 1996 352 2136 409; x_wconf 83' lang='lat' dir='ltr'><strong>JOB.</strong></span> <span class='ocrx_word' id='word_1_8' title='bbox 2168 385 2235 394; x_wconf 90' lang='lat'><strong>-—-</strong></span> <span class='ocrx_word' id='word_1_9' title='bbox 2262 354 2389 409; x_wconf 62' lang='grc' dir='ltr'><strong>ΗΒ.</strong></span> <span class='ocrx_word' id='word_1_10' title='bbox 2432 357 2570 413; x_wconf 74' lang='lat' dir='ltr'><strong>XVI.</strong></span> 
     </span>
    </p>
   </div>
   <div class='ocr_carea' id='block_1_3' title="bbox 3218 368 3325 425">
    <p class='ocr_par' dir='ltr' id='par_1_3' title="bbox 3218 368 3325 425">
     <span class='ocr_line' id='line_1_3' title="bbox 3218 368 3325 425; baseline 0.009 -1"><span class='ocrx_word' id='word_1_11' title='bbox 3218 368 3325 425; x_wconf 67' lang='grc' dir='ltr'><strong>ιη</strong></span> 
     </span>
    </p>
   </div>
   <div class='ocr_carea' id='block_1_4' title="bbox 128 452 3327 546">
    <p class='ocr_par' dir='ltr' id='par_1_4' title="bbox 128 452 3327 546">
     <span class='ocr_line' id='line_1_4' title="bbox 128 452 3327 546; baseline 0.008 -40"><span class='ocrx_word' id='word_1_12' title='bbox 128 452 359 520; x_wconf 77' lang='lat' dir='ltr'><strong>mntingit</strong></span> <span class='ocrx_word' id='word_1_13' title='bbox 383 490 397 515; x_wconf 93' lang='lat'><strong>,</strong></span> <span class='ocrx_word' id='word_1_14' title='bbox 442 458 501 506; x_wconf 90' lang='lat' dir='ltr'><strong>ut</strong></span> <span class='ocrx_word' id='word_1_15' title='bbox 543 454 773 507; x_wconf 71' lang='lat' dir='ltr'><strong>bzeretlci</strong></span> <span class='ocrx_word' id='word_1_16' title='bbox 820 455 1089 523; x_wconf 81' lang='lat' dir='ltr'><strong>perversis</strong></span> <span class='ocrx_word' id='word_1_17' title='bbox 1139 457 1254 512; x_wconf 85' lang='lat' dir='ltr'><strong>suis</strong></span> <span class='ocrx_word' id='word_1_18' title='bbox 1293 457 1651 528; x_wconf 78' lang='lat' dir='ltr'><strong>dogmatibus,</strong></span> <span class='ocrx_word' id='word_1_19' title='bbox 1681 463 1730 521; x_wconf 79' lang='grc' dir='ltr'>Α</span> <span class='ocrx_word' id='word_1_20' title='bbox 1760 460 2014 526; x_wconf 74' lang='lat' dir='ltr'><strong>tollentes,</strong></span> <span class='ocrx_word' id='word_1_21' title='bbox 2054 462 2240 534; x_wconf 76' lang='lat' dir='ltr'><strong>quibus</strong></span> <span class='ocrx_word' id='word_1_22' title='bbox 2269 481 2374 519; x_wconf 83' lang='lat' dir='ltr'><strong>non</strong></span> <span class='ocrx_word' id='word_1_23' title='bbox 2396 477 2472 521; x_wconf 73' lang='lat' dir='ltr'><strong>est</strong></span> <span class='ocrx_word' id='word_1_24' title='bbox 2500 469 2871 538; x_wconf 74' lang='lat' dir='ltr'><strong>aperimentum</strong></span> <span class='ocrx_word' id='word_1_25' title='bbox 2911 475 2966 529; x_wconf 82' lang='lat' dir='ltr'><strong>in</strong></span> <span class='ocrx_word' id='word_1_26' title='bbox 3004 476 3217 546; x_wconf 73' lang='lat' dir='ltr'><strong>frigore.</strong></span> <span class='ocrx_word' id='word_1_27' title='bbox 3255 510 3327 523; x_wconf 88' lang='grc'><strong>--</strong></span> 
     </span>
    </p>
   </div>
   <div class='ocr_carea' id='block_1_5' title="bbox 130 541 1650 611">
    <p class='ocr_par' dir='ltr' id='par_1_5' title="bbox 130 541 1650 611">
     <span class='ocr_line' id='line_1_5' title="bbox 130 541 1650 611; baseline 0.004 -14"><span class='ocrx_word' id='word_1_28' title='bbox 130 545 251 611; x_wconf 85' lang='lat' dir='ltr'><strong>ipsos</strong></span> <span class='ocrx_word' id='word_1_29' title='bbox 275 541 427 595; x_wconf 89' lang='lat' dir='ltr'><strong>etiam</strong></span> <span class='ocrx_word' id='word_1_30' title='bbox 477 542 566 610; x_wconf 91' lang='lat' dir='ltr'><strong>qui</strong></span> <span class='ocrx_word' id='word_1_31' title='bbox 617 544 996 611; x_wconf 64' lang='lat' dir='ltr'><strong>praedicatores</strong></span> <span class='ocrx_word' id='word_1_32' title='bbox 1036 547 1380 611; x_wconf 87' lang='lat' dir='ltr'><strong>videbantur,</strong></span> <span class='ocrx_word' id='word_1_33' title='bbox 1414 550 1650 603; x_wconf 93' lang='lat' dir='ltr'><strong>trahant.</strong></span> 
     </span>
    </p>
   </div>
   <div class='ocr_carea' id='block_1_6' title="bbox 124 632 1655 701">
    <p class='ocr_par' dir='ltr' id='par_1_6' title="bbox 124 632 1655 701">
     <span class='ocr_line' id='line_1_6' title="bbox 124 632 1655 701; baseline 0.007 -18"><span class='ocrx_word' id='word_1_34' title='bbox 124 632 293 683; x_wconf 81' lang='lat' dir='ltr'><strong>Bovem</strong></span> <span class='ocrx_word' id='word_1_35' title='bbox 316 644 439 700; x_wconf 85' lang='lat' dir='ltr'><strong>ergo</strong></span> <span class='ocrx_word' id='word_1_36' title='bbox 464 633 632 686; x_wconf 74' lang='lat' dir='ltr'><strong>vidua:</strong></span> <span class='ocrx_word' id='word_1_37' title='bbox 657 633 926 701; x_wconf 78' lang='lat' dir='ltr'><strong>auferunt,</strong></span> <span class='ocrx_word' id='word_1_38' title='bbox 957 650 1080 691; x_wconf 91' lang='lat' dir='ltr'><strong>cum</strong></span> <span class='ocrx_word' id='word_1_39' title='bbox 1110 637 1177 691; x_wconf 91' lang='lat' dir='ltr'><strong>de</strong></span> <span class='ocrx_word' id='word_1_40' title='bbox 1205 647 1387 692; x_wconf 88' lang='lat' dir='ltr'><strong>sancta</strong></span> <span class='ocrx_word' id='word_1_41' title='bbox 1414 639 1655 695; x_wconf 84' lang='lat' dir='ltr'><strong>Ecclesia</strong></span> 
     </span>
    </p>
   </div>
   <div class='ocr_carea' id='block_1_7' title="bbox 122 718 1655 795">
    <p class='ocr_par' dir='ltr' id='par_1_7' title="bbox 122 718 1655 795">
     <span class='ocr_line' id='line_1_7' title="bbox 122 718 1655 795; baseline 0.008 -24"><span class='ocrx_word' id='word_1_42' title='bbox 122 718 259 772; x_wconf 78' lang='lat' dir='ltr'><strong>etiam</strong></span> <span class='ocrx_word' id='word_1_43' title='bbox 283 719 654 787; x_wconf 76' lang='lat' dir='ltr'><strong>przedicantem</strong></span> <span class='ocrx_word' id='word_1_44' title='bbox 684 721 897 787; x_wconf 90' lang='lat' dir='ltr'><strong>tollunt,</strong></span> <span class='ocrx_word' id='word_1_45' title='bbox 925 724 1013 778; x_wconf 93' lang='lat' dir='ltr'><strong>ubi</strong></span> <span class='ocrx_word' id='word_1_46' title='bbox 1044 734 1188 780; x_wconf 89' lang='lat' dir='ltr'><strong>recte</strong></span> <span class='ocrx_word' id='word_1_47' title='bbox 1212 736 1293 781; x_wconf 91' lang='lat' dir='ltr'><strong>est</strong></span> <span class='ocrx_word' id='word_1_48' title='bbox 1321 726 1655 795; x_wconf 78' lang='lat' dir='ltr'><strong>adiunctum,</strong></span> 
     </span>
    </p>
   </div>
   <div class='ocr_carea' id='block_1_8' title="bbox 125 806 1655 885">
    <p class='ocr_par' dir='ltr' id='par_1_8' title="bbox 125 806 1655 885">
     <span class='ocr_line' id='line_1_8' title="bbox 125 806 1655 885; baseline 0.01 -28"><span class='ocrx_word' id='word_1_49' title='bbox 125 807 323 875; x_wconf 80' lang='lat' dir='ltr'><strong>pignore.</strong></span> <span class='ocrx_word' id='word_1_50' title='bbox 358 806 555 876; x_wconf 89' lang='lat' dir='ltr'><strong>Pignus</strong></span> <span class='ocrx_word' id='word_1_51' title='bbox 581 824 809 878; x_wconf 83' lang='lat' dir='ltr'><strong>namque</strong></span> <span class='ocrx_word' id='word_1_52' title='bbox 854 827 974 865; x_wconf 87' lang='lat' dir='ltr'><strong>eum</strong></span> <span class='ocrx_word' id='word_1_53' title='bbox 1007 814 1228 879; x_wconf 89' lang='lat' dir='ltr'><strong>tollitur,</strong></span> <span class='ocrx_word' id='word_1_54' title='bbox 1261 816 1404 871; x_wconf 84' lang='lat' dir='ltr'><strong>aliud</strong></span> <span class='ocrx_word' id='word_1_55' title='bbox 1437 818 1655 885; x_wconf 83' lang='lat' dir='ltr'><strong>quidem</strong></span> 
     </span>
    </p>
   </div>
   <div class='ocr_carea' id='block_1_9' title="bbox 123 896 1652 974">
    <p class='ocr_par' dir='ltr' id='par_1_9' title="bbox 123 896 1652 974">
     <span class='ocr_line' id='line_1_9' title="bbox 123 896 1652 974; baseline 0.009 -27"><span class='ocrx_word' id='word_1_56' title='bbox 123 903 192 948; x_wconf 88' lang='lat' dir='ltr'><strong>est</strong></span> <span class='ocrx_word' id='word_1_57' title='bbox 213 896 340 962; x_wconf 89' lang='lat' dir='ltr'><strong>quod</strong></span> <span class='ocrx_word' id='word_1_58' title='bbox 371 904 597 961; x_wconf 84' lang='lat' dir='ltr'><strong>tenetur,</strong></span> <span class='ocrx_word' id='word_1_59' title='bbox 646 900 737 952; x_wconf 89' lang='lat' dir='ltr'><strong>sed</strong></span> <span class='ocrx_word' id='word_1_60' title='bbox 788 907 965 955; x_wconf 86' lang='lat' dir='ltr'><strong>tamen</strong></span> <span class='ocrx_word' id='word_1_61' title='bbox 996 903 1169 957; x_wconf 87' lang='lat' dir='ltr'><strong>adhuc</strong></span> <span class='ocrx_word' id='word_1_62' title='bbox 1199 904 1344 958; x_wconf 86' lang='lat' dir='ltr'><strong>aliud</strong></span> <span class='ocrx_word' id='word_1_63' title='bbox 1371 907 1652 974; x_wconf 71' lang='lat' dir='ltr'><strong>quaeritur,</strong></span> 
     </span>
    </p>
   </div>
   <div class='ocr_carea' id='block_1_10' title="bbox 122 981 1654 1064">
    <p class='ocr_par' dir='ltr' id='par_1_10' title="bbox 122 981 1654 1064">
     <span class='ocr_line' id='line_1_10' title="bbox 122 981 1654 1064; baseline 0.01 -30"><span class='ocrx_word' id='word_1_64' title='bbox 122 989 167 1034; x_wconf 86' lang='lat' dir='ltr'><strong>et</strong></span> <span class='ocrx_word' id='word_1_65' title='bbox 187 981 474 1051; x_wconf 89' lang='lat' dir='ltr'><strong>plerumque</strong></span> <span class='ocrx_word' id='word_1_66' title='bbox 503 984 623 1039; x_wconf 88' lang='lat' dir='ltr'><strong>ideo</strong></span> <span class='ocrx_word' id='word_1_67' title='bbox 664 1000 759 1040; x_wconf 91' lang='lat' dir='ltr'><strong>eos</strong></span> <span class='ocrx_word' id='word_1_68' title='bbox 802 997 1069 1043; x_wconf 87' lang='lat' dir='ltr'><strong>conantur</strong></span> <span class='ocrx_word' id='word_1_69' title='bbox 1095 990 1308 1045; x_wconf 86' lang='lat' dir='ltr'><strong>auferre</strong></span> <span class='ocrx_word' id='word_1_70' title='bbox 1337 994 1427 1061; x_wconf 87' lang='lat' dir='ltr'><strong>qui</strong></span> <span class='ocrx_word' id='word_1_71' title='bbox 1460 994 1654 1064; x_wconf 69' lang='lat' dir='ltr'><strong>praedi-</strong></span> 
     </span>
    </p>
   </div>
   <div class='ocr_carea' id='block_1_11' title="bbox 120 1078 1655 1148">
    <p class='ocr_par' dir='ltr' id='par_1_11' title="bbox 120 1078 1655 1148">
     <span class='ocr_line' id='line_1_11' title="bbox 120 1078 1655 1148; baseline 0.012 -24"><span class='ocrx_word' id='word_1_72' title='bbox 120 1079 261 1134; x_wconf 81' lang='lat' dir='ltr'><strong>cant,</strong></span> <span class='ocrx_word' id='word_1_73' title='bbox 310 1083 364 1126; x_wconf 92' lang='lat' dir='ltr'><strong>et</strong></span> <span class='ocrx_word' id='word_1_74' title='bbox 410 1088 595 1128; x_wconf 90' lang='lat' dir='ltr'><strong>eorum</strong></span> <span class='ocrx_word' id='word_1_75' title='bbox 672 1078 835 1132; x_wconf 89' lang='lat' dir='ltr'><strong>etiam</strong></span> <span class='ocrx_word' id='word_1_76' title='bbox 912 1095 1171 1148; x_wconf 87' lang='lat' dir='ltr'><strong>sequaces</strong></span> <span class='ocrx_word' id='word_1_77' title='bbox 1244 1085 1479 1140; x_wconf 83' lang='lat' dir='ltr'><strong>trahant.</strong></span> <span class='ocrx_word' id='word_1_78' title='bbox 1549 1087 1655 1142; x_wconf 86' lang='lat' dir='ltr'><strong>Pro</strong></span> 
     </span>
    </p>
   </div>
   <div class='ocr_carea' id='block_1_12' title="bbox 120 1158 1655 1242">
    <p class='ocr_par' dir='ltr' id='par_1_12' title="bbox 120 1158 1655 1242">
     <span class='ocr_line' id='line_1_12' title="bbox 120 1158 1655 1242; baseline 0.014 -31"><span class='ocrx_word' id='word_1_79' title='bbox 120 1158 308 1228; x_wconf 83' lang='lat' dir='ltr'><strong>pignore</strong></span> <span class='ocrx_word' id='word_1_80' title='bbox 349 1175 474 1231; x_wconf 89' lang='lat' dir='ltr'><strong>ergo</strong></span> <span class='ocrx_word' id='word_1_81' title='bbox 521 1163 618 1219; x_wconf 92' lang='lat' dir='ltr'><strong>bos</strong></span> <span class='ocrx_word' id='word_1_82' title='bbox 668 1166 844 1221; x_wconf 65' lang='lat' dir='ltr'><strong>vidua:</strong></span> <span class='ocrx_word' id='word_1_83' title='bbox 894 1168 1138 1236; x_wconf 88' lang='lat' dir='ltr'><strong>tollitur,</strong></span> <span class='ocrx_word' id='word_1_84' title='bbox 1192 1175 1408 1242; x_wconf 81' lang='lat' dir='ltr'><strong>quando</strong></span> <span class='ocrx_word' id='word_1_85' title='bbox 1451 1175 1655 1232; x_wconf 89' lang='lat' dir='ltr'><strong>idcirco</strong></span> 
     </span>
    </p>
   </div>
   <div class='ocr_carea' id='block_1_13' title="bbox 121 1250 1651 1335">
    <p class='ocr_par' dir='ltr' id='par_1_13' title="bbox 121 1250 1651 1335">
     <span class='ocr_line' id='line_1_13' title="bbox 121 1250 1651 1335; baseline 0.013 -33"><span class='ocrx_word' id='word_1_86' title='bbox 121 1250 212 1318; x_wconf 83' lang='lat' dir='ltr'><strong>ipse</strong></span> <span class='ocrx_word' id='word_1_87' title='bbox 248 1253 333 1320; x_wconf 88' lang='lat' dir='ltr'><strong>qui</strong></span> <span class='ocrx_word' id='word_1_88' title='bbox 392 1256 652 1323; x_wconf 65' lang='lat' dir='ltr'><strong>praedicat</strong></span> <span class='ocrx_word' id='word_1_89' title='bbox 678 1297 695 1324; x_wconf 95' lang='lat'><strong>,</strong></span> <span class='ocrx_word' id='word_1_90' title='bbox 747 1260 1042 1331; x_wconf 83' lang='lat' dir='ltr'><strong>recipitur,</strong></span> <span class='ocrx_word' id='word_1_91' title='bbox 1098 1271 1158 1317; x_wconf 92' lang='lat' dir='ltr'><strong>ut</strong></span> <span class='ocrx_word' id='word_1_92' title='bbox 1204 1264 1294 1319; x_wconf 82' lang='lat' dir='ltr'><strong>alii</strong></span> <span class='ocrx_word' id='word_1_93' title='bbox 1338 1275 1651 1335; x_wconf 83' lang='lat' dir='ltr'><strong>sequantur.</strong></span> 
     </span>
    </p>
   </div>
   <div class='ocr_carea' id='block_1_14' title="bbox 118 1336 386 1408">
    <p class='ocr_par' dir='ltr' id='par_1_14' title="bbox 118 1336 386 1408">
     <span class='ocr_line' id='line_1_14' title="bbox 118 1336 386 1408; baseline 0.019 -17"><span class='ocrx_word' id='word_1_94' title='bbox 118 1336 340 1408; x_wconf 84' lang='lat' dir='ltr'><strong>Sequitur</strong></span> <span class='ocrx_word' id='word_1_95' title='bbox 364 1360 386 1403; x_wconf 66' lang='grc' dir='ltr'>ζ</span> 
     </span>
    </p>
   </div>
   <div class='ocr_carea' id='block_1_15' title="bbox 172 1447 1649 1538">
    <p class='ocr_par' dir='ltr' id='par_1_15' title="bbox 172 1447 1649 1538">
     <span class='ocr_line' id='line_1_15' title="bbox 172 1447 1649 1538; baseline 0.018 -39"><span class='ocrx_word' id='word_1_96' title='bbox 172 1447 312 1503; x_wconf 71' lang='lat' dir='ltr'><strong>Vens.</strong></span> <span class='ocrx_word' id='word_1_97' title='bbox 337 1447 390 1504; x_wconf 80' lang='grc' dir='ltr'><strong>ι.</strong></span> <span class='ocrx_word' id='word_1_98' title='bbox 431 1451 802 1513; x_wconf 84' lang='lat' dir='ltr'><strong>Subverterunt</strong></span> <span class='ocrx_word' id='word_1_99' title='bbox 822 1478 1107 1531; x_wconf 85' lang='lat' dir='ltr'><strong>pauperum</strong></span> <span class='ocrx_word' id='word_1_100' title='bbox 1128 1467 1285 1533; x_wconf 83' lang='lat' dir='ltr'><strong>uiam,</strong></span> <span class='ocrx_word' id='word_1_101' title='bbox 1316 1477 1364 1522; x_wconf 86' lang='lat' dir='ltr'><strong>et</strong></span> <span class='ocrx_word' id='word_1_102' title='bbox 1385 1485 1649 1538; x_wconf 81' lang='lat' dir='ltr'><strong>oppresse-</strong></span> 
     </span>
    </p>
   </div>
   <div class='ocr_carea' id='block_1_16' title="bbox 116 1541 1653 1628">
    <p class='ocr_par' dir='ltr' id='par_1_16' title="bbox 116 1541 1653 1628">
     <span class='ocr_line' id='line_1_16' title="bbox 116 1541 1653 1628; baseline 0.018 -39"><span class='ocrx_word' id='word_1_103' title='bbox 116 1548 215 1590; x_wconf 80' lang='lat' dir='ltr'><strong>runt</strong></span> <span class='ocrx_word' id='word_1_104' title='bbox 249 1541 436 1607; x_wconf 87' lang='lat' dir='ltr'><strong>pariter</strong></span> <span class='ocrx_word' id='word_1_105' title='bbox 477 1560 778 1603; x_wconf 78' lang='lat' dir='ltr'><strong>mansuetos</strong></span> <span class='ocrx_word' id='word_1_106' title='bbox 823 1561 996 1607; x_wconf 68' lang='lat' dir='ltr'><strong>terrae.</strong></span> <span class='ocrx_word' id='word_1_107' title='bbox 1034 1585 1106 1595; x_wconf 95' lang='lat'><strong>—</strong></span> <span class='ocrx_word' id='word_1_108' title='bbox 1137 1556 1472 1628; x_wconf 85' lang='lat' dir='ltr'><strong>Panpertatis</strong></span> <span class='ocrx_word' id='word_1_109' title='bbox 1501 1575 1653 1614; x_wconf 84' lang='lat' dir='ltr'><strong>nam-</strong></span> 
     </span>
    </p>
   </div>
   <div class='ocr_carea' id='block_1_17' title="bbox 117 1630 1651 1714">
    <p class='ocr_par' dir='ltr' id='par_1_17' title="bbox 117 1630 1651 1714">
     <span class='ocr_line' id='line_1_17' title="bbox 117 1630 1651 1714; baseline 0.018 -36"><span class='ocrx_word' id='word_1_110' title='bbox 117 1640 199 1696; x_wconf 87' lang='lat' dir='ltr'><strong>que</strong></span> <span class='ocrx_word' id='word_1_111' title='bbox 220 1630 421 1684; x_wconf 89' lang='lat' dir='ltr'><strong>nomine</strong></span> <span class='ocrx_word' id='word_1_112' title='bbox 462 1646 608 1704; x_wconf 69' lang='lat' dir='ltr'><strong>saape</strong></span> <span class='ocrx_word' id='word_1_113' title='bbox 638 1636 912 1696; x_wconf 90' lang='lat' dir='ltr'><strong>humilitas</strong></span> <span class='ocrx_word' id='word_1_114' title='bbox 940 1642 1208 1714; x_wconf 90' lang='lat' dir='ltr'><strong>designari</strong></span> <span class='ocrx_word' id='word_1_115' title='bbox 1250 1648 1408 1713; x_wconf 89' lang='lat' dir='ltr'><strong>solet,</strong></span> <span class='ocrx_word' id='word_1_116' title='bbox 1434 1658 1488 1704; x_wconf 89' lang='lat' dir='ltr'><strong>et</strong></span> <span class='ocrx_word' id='word_1_117' title='bbox 1517 1666 1651 1705; x_wconf 85' lang='lat' dir='ltr'><strong>non-</strong></span> 
     </span>
    </p>
   </div>
   <div class='ocr_carea' id='block_1_18' title="bbox 117 1721 1644 1807">
    <p class='ocr_par' dir='ltr' id='par_1_18' title="bbox 117 1721 1644 1807">
     <span class='ocr_line' id='line_1_18' title="bbox 117 1721 1644 1807; baseline 0.016 -35"><span class='ocrx_word' id='word_1_118' title='bbox 117 1733 347 1787; x_wconf 86' lang='lat' dir='ltr'><strong>nunquam</strong></span> <span class='ocrx_word' id='word_1_119' title='bbox 379 1721 432 1775; x_wconf 88' lang='lat' dir='ltr'><strong>hi</strong></span> <span class='ocrx_word' id='word_1_120' title='bbox 475 1724 569 1793; x_wconf 88' lang='lat' dir='ltr'><strong>qui</strong></span> <span class='ocrx_word' id='word_1_121' title='bbox 618 1732 880 1785; x_wconf 85' lang='lat' dir='ltr'><strong>mansueti</strong></span> <span class='ocrx_word' id='word_1_122' title='bbox 915 1741 1079 1802; x_wconf 88' lang='lat' dir='ltr'><strong>atque</strong></span> <span class='ocrx_word' id='word_1_123' title='bbox 1113 1737 1342 1793; x_wconf 85' lang='lat' dir='ltr'><strong>humiles</strong></span> <span class='ocrx_word' id='word_1_124' title='bbox 1374 1739 1644 1807; x_wconf 89' lang='lat' dir='ltr'><strong>videntur,</strong></span> 
     </span>
    </p>
   </div>
   <div class='ocr_carea' id='block_1_19' title="bbox 1759 549 3325 641">
    <p class='ocr_par' dir='ltr' id='par_1_19' title="bbox 1759 549 3325 641">
     <span class='ocr_line' id='line_1_19' title="bbox 1759 549 3325 641; baseline 0.015 -38"><span class='ocrx_word' id='word_1_125' title='bbox 1759 549 1912 607; x_wconf 87' lang='lat' dir='ltr'><strong>Sicut</strong></span> <span class='ocrx_word' id='word_1_126' title='bbox 1941 554 2262 609; x_wconf 87' lang='lat' dir='ltr'><strong>vestimenta</strong></span> <span class='ocrx_word' id='word_1_127' title='bbox 2295 571 2521 625; x_wconf 84' lang='lat' dir='ltr'><strong>cOrpus,</strong></span> <span class='ocrx_word' id='word_1_128' title='bbox 2563 559 2637 612; x_wconf 92' lang='lat' dir='ltr'><strong>ita</strong></span> <span class='ocrx_word' id='word_1_129' title='bbox 2666 559 2806 615; x_wconf 86' lang='lat' dir='ltr'><strong>bona</strong></span> <span class='ocrx_word' id='word_1_130' title='bbox 2837 579 2998 632; x_wconf 87' lang='lat' dir='ltr'><strong>opera</strong></span> <span class='ocrx_word' id='word_1_131' title='bbox 3036 580 3325 641; x_wconf 81' lang='lat' dir='ltr'><strong>protegunt</strong></span> 
     </span>
    </p>
   </div>
   <div class='ocr_carea' id='block_1_20' title="bbox 1754 639 3327 729">
    <p class='ocr_par' dir='ltr' id='par_1_20' title="bbox 1754 639 3327 729">
     <span class='ocr_line' id='line_1_20' title="bbox 1754 639 3327 729; baseline 0.015 -38"><span class='ocrx_word' id='word_1_132' title='bbox 1754 639 2015 694; x_wconf 76' lang='lat' dir='ltr'><strong>animam.</strong></span> <span class='ocrx_word' id='word_1_133' title='bbox 2050 640 2201 698; x_wconf 87' lang='lat' dir='ltr'><strong>Unde</strong></span> <span class='ocrx_word' id='word_1_134' title='bbox 2234 645 2447 700; x_wconf 85' lang='lat' dir='ltr'><strong>cuidam</strong></span> <span class='ocrx_word' id='word_1_135' title='bbox 2474 648 2673 703; x_wconf 89' lang='lat' dir='ltr'><strong>dicitur</strong></span> <span class='ocrx_word' id='word_1_136' title='bbox 2702 664 2717 703; x_wconf 90' lang='lat'><strong>:</strong></span> <span class='ocrx_word' id='word_1_137' title='bbox 2749 669 2770 703; x_wconf 69' lang='grc' dir='ltr'><strong><em>ο</em></strong></span> <span class='ocrx_word' id='word_1_138' title='bbox 2799 651 2995 709; x_wconf 85' lang='lat' dir='ltr'><strong>Beatus</strong></span> <span class='ocrx_word' id='word_1_139' title='bbox 3018 658 3110 726; x_wconf 91' lang='lat' dir='ltr'><strong>qui</strong></span> <span class='ocrx_word' id='word_1_140' title='bbox 3145 639 3327 729; x_wconf 77' lang='lat' dir='ltr'><strong>vigilat</strong></span> 
     </span>
    </p>
   </div>
   <div class='ocr_carea' id='block_1_21' title="bbox 1755 732 3320 821">
    <p class='ocr_par' dir='ltr' id='par_1_21' title="bbox 1755 732 3320 821">
     <span class='ocr_line' id='line_1_21' title="bbox 1755 732 3320 821; baseline 0.017 -38"><span class='ocrx_word' id='word_1_141' title='bbox 1755 737 1812 783; x_wconf 88' lang='lat' dir='ltr'><strong>et</strong></span> <span class='ocrx_word' id='word_1_142' title='bbox 1838 732 2075 788; x_wconf 88' lang='lat' dir='ltr'><strong>custodit</strong></span> <span class='ocrx_word' id='word_1_143' title='bbox 2095 735 2412 793; x_wconf 88' lang='lat' dir='ltr'><strong>vestimenta</strong></span> <span class='ocrx_word' id='word_1_144' title='bbox 2447 754 2545 794; x_wconf 84' lang='lat' dir='ltr'><strong>sua</strong></span> <span class='ocrx_word' id='word_1_145' title='bbox 2578 756 2647 796; x_wconf 93' lang='lat' dir='ltr'><strong>ne</strong></span> <span class='ocrx_word' id='word_1_146' title='bbox 2668 744 2842 799; x_wconf 90' lang='lat' dir='ltr'><strong>nudus</strong></span> <span class='ocrx_word' id='word_1_147' title='bbox 2866 748 3103 805; x_wconf 87' lang='lat' dir='ltr'><strong>ambulet</strong></span> <span class='ocrx_word' id='word_1_148' title='bbox 3139 751 3320 821; x_wconf 65' lang='lat' dir='ltr'><strong>(Aper.</strong></span> 
     </span>
    </p>
   </div>
   <div class='ocr_carea' id='block_1_22' title="bbox 1755 820 3322 907">
    <p class='ocr_par' dir='ltr' id='par_1_22' title="bbox 1755 820 3322 907">
     <span class='ocr_line' id='line_1_22' title="bbox 1755 820 3322 907; baseline 0.016 -35"><span class='ocrx_word' id='word_1_149' title='bbox 1755 834 1871 887; x_wconf 70' lang='lat' dir='ltr'><strong>xvr,</strong></span> <span class='ocrx_word' id='word_1_150' title='bbox 1916 820 1984 876; x_wconf 78' lang='grc'><strong>15</strong></span> <span class='ocrx_word' id='word_1_151' title='bbox 2008 822 2050 894; x_wconf 93' lang='grc'><strong>).</strong></span> <span class='ocrx_word' id='word_1_152' title='bbox 2097 842 2118 876; x_wconf 76' lang='grc' dir='ltr'><strong><em>ι</em></strong></span> <span class='ocrx_word' id='word_1_153' title='bbox 2169 824 2419 882; x_wconf 67' lang='lat' dir='ltr'><strong>Hieretici</strong></span> <span class='ocrx_word' id='word_1_154' title='bbox 2472 830 2654 899; x_wconf 80' lang='lat' dir='ltr'><strong>itaque</strong></span> <span class='ocrx_word' id='word_1_155' title='bbox 2701 847 2819 889; x_wconf 88' lang='lat' dir='ltr'><strong>cum</strong></span> <span class='ocrx_word' id='word_1_156' title='bbox 2866 836 2920 890; x_wconf 90' lang='lat' dir='ltr'><strong>in</strong></span> <span class='ocrx_word' id='word_1_157' title='bbox 2968 820 3322 907; x_wconf 88' lang='lat' dir='ltr'><strong>quorumdam</strong></span> 
     </span>
    </p>
   </div>
   <div class='ocr_carea' id='block_1_23' title="bbox 1756 913 3322 990">
    <p class='ocr_par' dir='ltr' id='par_1_23' title="bbox 1756 913 3322 990">
     <span class='ocr_line' id='line_1_23' title="bbox 1756 913 3322 990; baseline 0.016 -26"><span class='ocrx_word' id='word_1_158' title='bbox 1756 913 2022 969; x_wconf 88' lang='lat' dir='ltr'><strong>mentibus</strong></span> <span class='ocrx_word' id='word_1_159' title='bbox 2064 915 2202 971; x_wconf 88' lang='lat' dir='ltr'><strong>bona</strong></span> <span class='ocrx_word' id='word_1_160' title='bbox 2231 933 2395 988; x_wconf 84' lang='lat' dir='ltr'><strong>opera</strong></span> <span class='ocrx_word' id='word_1_161' title='bbox 2438 922 2740 990; x_wconf 89' lang='lat' dir='ltr'><strong>destruunt,</strong></span> <span class='ocrx_word' id='word_1_162' title='bbox 2783 927 3035 984; x_wconf 89' lang='lat' dir='ltr'><strong>nimirum</strong></span> <span class='ocrx_word' id='word_1_163' title='bbox 3059 932 3322 989; x_wconf 81' lang='lat' dir='ltr'><strong>velamina</strong></span> 
     </span>
    </p>
   </div>
   <div class='ocr_carea' id='block_1_24' title="bbox 1752 1000 3324 1091">
    <p class='ocr_par' dir='ltr' id='par_1_24' title="bbox 1752 1000 3324 1091">
     <span class='ocr_line' id='line_1_24' title="bbox 1752 1000 3324 1091; baseline 0.014 -36"><span class='ocrx_word' id='word_1_164' title='bbox 1752 1000 2189 1061; x_wconf 84' lang='lat' dir='ltr'><strong>indumentorum</strong></span> <span class='ocrx_word' id='word_1_165' title='bbox 2262 1010 2472 1064; x_wconf 89' lang='lat' dir='ltr'><strong>tollunt.</strong></span> <span class='ocrx_word' id='word_1_166' title='bbox 2532 1011 2937 1082; x_wconf 90' lang='lat' dir='ltr'><strong>Operimentum</strong></span> <span class='ocrx_word' id='word_1_167' title='bbox 2998 1022 3192 1091; x_wconf 87' lang='lat' dir='ltr'><strong>quippe</strong></span> <span class='ocrx_word' id='word_1_168' title='bbox 3257 1026 3324 1078; x_wconf 89' lang='lat' dir='ltr'><strong>ad</strong></span> 
     </span>
    </p>
   </div>
   <div class='ocr_carea' id='block_1_25' title="bbox 1747 1087 3323 1173">
    <p class='ocr_par' dir='ltr' id='par_1_25' title="bbox 1747 1087 3323 1173">
     <span class='ocr_line' id='line_1_25' title="bbox 1747 1087 3323 1173; baseline 0.015 -29"><span class='ocrx_word' id='word_1_169' title='bbox 1747 1087 2013 1157; x_wconf 85' lang='lat' dir='ltr'><strong>justitiam</strong></span> <span class='ocrx_word' id='word_1_170' title='bbox 2055 1096 2312 1165; x_wconf 85' lang='lat' dir='ltr'><strong>pertinet,</strong></span> <span class='ocrx_word' id='word_1_171' title='bbox 2351 1099 2522 1171; x_wconf 78' lang='lat' dir='ltr'><strong>frigus</strong></span> <span class='ocrx_word' id='word_1_172' title='bbox 2553 1103 2620 1156; x_wconf 89' lang='lat' dir='ltr'><strong>ad</strong></span> <span class='ocrx_word' id='word_1_173' title='bbox 2656 1104 2890 1173; x_wconf 89' lang='lat' dir='ltr'><strong>culpam.</strong></span> <span class='ocrx_word' id='word_1_174' title='bbox 2928 1108 2997 1161; x_wconf 85' lang='lat' dir='ltr'><strong>Et</strong></span> <span class='ocrx_word' id='word_1_175' title='bbox 3018 1087 3155 1165; x_wconf 79' lang='lat' dir='ltr'><strong>sunt</strong></span> <span class='ocrx_word' id='word_1_176' title='bbox 3190 1128 3323 1167; x_wconf 85' lang='lat' dir='ltr'><strong>non-</strong></span> 
     </span>
    </p>
   </div>
   <div class='ocr_carea' id='block_1_26' title="bbox 1753 1183 3322 1267">
    <p class='ocr_par' dir='ltr' id='par_1_26' title="bbox 1753 1183 3322 1267">
     <span class='ocr_line' id='line_1_26' title="bbox 1753 1183 3322 1267; baseline 0.015 -31"><span class='ocrx_word' id='word_1_177' title='bbox 1753 1183 1883 1237; x_wconf 88' lang='lat' dir='ltr'><strong>nulli</strong></span> <span class='ocrx_word' id='word_1_178' title='bbox 1926 1186 2016 1254; x_wconf 91' lang='lat' dir='ltr'><strong>qui</strong></span> <span class='ocrx_word' id='word_1_179' title='bbox 2065 1187 2119 1241; x_wconf 94' lang='lat' dir='ltr'><strong>in</strong></span> <span class='ocrx_word' id='word_1_180' title='bbox 2165 1190 2484 1257; x_wconf 89' lang='lat' dir='ltr'><strong>quibusdam</strong></span> <span class='ocrx_word' id='word_1_181' title='bbox 2535 1194 2697 1248; x_wconf 84' lang='lat' dir='ltr'><strong>rebus</strong></span> <span class='ocrx_word' id='word_1_182' title='bbox 2736 1199 2967 1265; x_wconf 77' lang='lat' dir='ltr'><strong>peccata</strong></span> <span class='ocrx_word' id='word_1_183' title='bbox 2999 1199 3234 1267; x_wconf 89' lang='lat' dir='ltr'><strong>faciunt,</strong></span> <span class='ocrx_word' id='word_1_184' title='bbox 3270 1203 3322 1260; x_wconf 89' lang='lat' dir='ltr'><strong>iu</strong></span> 
     </span>
    </p>
   </div>
   <div class='ocr_carea' id='block_1_27' title="bbox 1752 1274 3324 1364">
    <p class='ocr_par' dir='ltr' id='par_1_27' title="bbox 1752 1274 3324 1364">
     <span class='ocr_line' id='line_1_27' title="bbox 1752 1274 3324 1364; baseline 0.015 -39"><span class='ocrx_word' id='word_1_185' title='bbox 1752 1274 2075 1341; x_wconf 86' lang='lat' dir='ltr'><strong>quibusdam</strong></span> <span class='ocrx_word' id='word_1_186' title='bbox 2107 1293 2241 1334; x_wconf 87' lang='lat' dir='ltr'><strong>vero</strong></span> <span class='ocrx_word' id='word_1_187' title='bbox 2296 1289 2444 1335; x_wconf 84' lang='lat' dir='ltr'><strong>recta</strong></span> <span class='ocrx_word' id='word_1_188' title='bbox 2480 1296 2644 1351; x_wconf 87' lang='lat' dir='ltr'><strong>opera</strong></span> <span class='ocrx_word' id='word_1_189' title='bbox 2690 1298 3007 1354; x_wconf 87' lang='lat' dir='ltr'><strong>sequuntur.</strong></span> <span class='ocrx_word' id='word_1_190' title='bbox 3049 1290 3149 1357; x_wconf 81' lang='lat' dir='ltr'><strong>Qui</strong></span> <span class='ocrx_word' id='word_1_191' title='bbox 3195 1307 3324 1364; x_wconf 85' lang='lat' dir='ltr'><strong>ergo</strong></span> 
     </span>
    </p>
   </div>
   <div class='ocr_carea' id='block_1_28' title="bbox 1749 1363 3323 1453">
    <p class='ocr_par' dir='ltr' id='par_1_28' title="bbox 1749 1363 3323 1453">
     <span class='ocr_line' id='line_1_28' title="bbox 1749 1363 3323 1453; baseline 0.014 -38"><span class='ocrx_word' id='word_1_192' title='bbox 1749 1375 1819 1416; x_wconf 79' lang='lat' dir='ltr'><strong>ex</strong></span> <span class='ocrx_word' id='word_1_193' title='bbox 1842 1363 1961 1418; x_wconf 90' lang='lat' dir='ltr'><strong>aliis</strong></span> <span class='ocrx_word' id='word_1_194' title='bbox 1981 1366 2191 1422; x_wconf 84' lang='lat' dir='ltr'><strong>actibus</strong></span> <span class='ocrx_word' id='word_1_195' title='bbox 2215 1368 2497 1439; x_wconf 90' lang='lat' dir='ltr'><strong>delinquit,</strong></span> <span class='ocrx_word' id='word_1_196' title='bbox 2524 1381 2684 1442; x_wconf 86' lang='lat' dir='ltr'><strong>atque</strong></span> <span class='ocrx_word' id='word_1_197' title='bbox 2700 1390 2767 1429; x_wconf 80' lang='lat' dir='ltr'><strong>ex</strong></span> <span class='ocrx_word' id='word_1_198' title='bbox 2796 1376 2913 1432; x_wconf 87' lang='lat' dir='ltr'><strong>aliis</strong></span> <span class='ocrx_word' id='word_1_199' title='bbox 2935 1378 3072 1433; x_wconf 90' lang='lat' dir='ltr'><strong>bona</strong></span> <span class='ocrx_word' id='word_1_200' title='bbox 3094 1363 3323 1453; x_wconf 76' lang='lat' dir='ltr'><strong>peragit,</strong></span> 
     </span>
    </p>
   </div>
   <div class='ocr_carea' id='block_1_29' title="bbox 1751 1453 3325 1542">
    <p class='ocr_par' dir='ltr' id='par_1_29' title="bbox 1751 1453 3325 1542">
     <span class='ocr_line' id='line_1_29' title="bbox 1751 1453 3325 1542; baseline 0.014 -38"><span class='ocrx_word' id='word_1_201' title='bbox 1751 1453 1879 1521; x_wconf 91' lang='lat' dir='ltr'><strong>quid</strong></span> <span class='ocrx_word' id='word_1_202' title='bbox 1923 1454 2026 1525; x_wconf 84' lang='lat' dir='ltr'><strong>iste</strong></span> <span class='ocrx_word' id='word_1_203' title='bbox 2064 1456 2167 1510; x_wconf 87' lang='lat' dir='ltr'><strong>nisi</strong></span> <span class='ocrx_word' id='word_1_204' title='bbox 2215 1458 2267 1511; x_wconf 92' lang='lat' dir='ltr'><strong>in</strong></span> <span class='ocrx_word' id='word_1_205' title='bbox 2312 1458 2513 1528; x_wconf 81' lang='lat' dir='ltr'><strong>frigore</strong></span> <span class='ocrx_word' id='word_1_206' title='bbox 2544 1465 2772 1520; x_wconf 89' lang='lat' dir='ltr'><strong>vestitus</strong></span> <span class='ocrx_word' id='word_1_207' title='bbox 2813 1467 2953 1537; x_wconf 90' lang='lat' dir='ltr'><strong>alget</strong></span> <span class='ocrx_word' id='word_1_208' title='bbox 2996 1478 3051 1523; x_wconf 89' lang='lat' dir='ltr'><strong>et</strong></span> <span class='ocrx_word' id='word_1_209' title='bbox 3090 1472 3325 1542; x_wconf 73' lang='lat' dir='ltr'><strong>tegitur?</strong></span> 
     </span>
    </p>
   </div>
   <div class='ocr_carea' id='block_1_30' title="bbox 1738 1542 3325 1629">
    <p class='ocr_par' dir='ltr' id='par_1_30' title="bbox 1738 1542 3325 1629">
     <span class='ocr_line' id='line_1_30' title="bbox 1738 1542 3325 1629; baseline 0.014 -35"><span class='ocrx_word' id='word_1_210' title='bbox 1738 1542 1884 1610; x_wconf 29' lang='lat' dir='ltr'><strong>.Quia</strong></span> <span class='ocrx_word' id='word_1_211' title='bbox 1905 1558 1969 1598; x_wconf 85' lang='lat' dir='ltr'><strong>ex</strong></span> <span class='ocrx_word' id='word_1_212' title='bbox 1996 1544 2100 1601; x_wconf 91' lang='lat' dir='ltr'><strong>alio</strong></span> <span class='ocrx_word' id='word_1_213' title='bbox 2129 1562 2290 1616; x_wconf 89' lang='lat' dir='ltr'><strong>opere</strong></span> <span class='ocrx_word' id='word_1_214' title='bbox 2316 1549 2569 1606; x_wconf 78' lang='lat' dir='ltr'><strong>fervescit</strong></span> <span class='ocrx_word' id='word_1_215' title='bbox 2595 1555 2662 1607; x_wconf 88' lang='lat' dir='ltr'><strong>ad</strong></span> <span class='ocrx_word' id='word_1_216' title='bbox 2680 1554 2971 1622; x_wconf 85' lang='lat' dir='ltr'><strong>justitiam,</strong></span> <span class='ocrx_word' id='word_1_217' title='bbox 3008 1562 3098 1629; x_wconf 87' lang='lat' dir='ltr'><strong>qui</strong></span> <span class='ocrx_word' id='word_1_218' title='bbox 3129 1577 3194 1614; x_wconf 86' lang='lat' dir='ltr'><strong>ex</strong></span> <span class='ocrx_word' id='word_1_219' title='bbox 3219 1563 3325 1617; x_wconf 82' lang='lat' dir='ltr'><strong>alio</strong></span> 
     </span>
    </p>
   </div>
   <div class='ocr_carea' id='block_1_31' title="bbox 1749 1634 3323 1710">
    <p class='ocr_par' dir='ltr' id='par_1_31' title="bbox 1749 1634 3323 1710">
     <span class='ocr_line' id='line_1_31' title="bbox 1749 1634 3323 1710; baseline 0.014 -22"><span class='ocrx_word' id='word_1_220' title='bbox 1749 1634 1994 1706; x_wconf 83' lang='lat' dir='ltr'><strong>frigescit</strong></span> <span class='ocrx_word' id='word_1_221' title='bbox 2021 1639 2088 1691; x_wconf 90' lang='lat' dir='ltr'><strong>ad</strong></span> <span class='ocrx_word' id='word_1_222' title='bbox 2114 1639 2348 1709; x_wconf 88' lang='lat' dir='ltr'><strong>culpam.</strong></span> <span class='ocrx_word' id='word_1_223' title='bbox 2380 1641 2487 1697; x_wconf 91' lang='lat' dir='ltr'><strong>Sed</strong></span> <span class='ocrx_word' id='word_1_224' title='bbox 2520 1659 2643 1699; x_wconf 90' lang='lat' dir='ltr'><strong>cum</strong></span> <span class='ocrx_word' id='word_1_225' title='bbox 2685 1647 2924 1704; x_wconf 67' lang='lat' dir='ltr'><strong>haeretici</strong></span> <span class='ocrx_word' id='word_1_226' title='bbox 2960 1651 3154 1708; x_wconf 84' lang='lat' dir='ltr'><strong>talibus</strong></span> <span class='ocrx_word' id='word_1_227' title='bbox 3183 1654 3323 1710; x_wconf 82' lang='lat' dir='ltr'><strong>bona</strong></span> 
     </span>
    </p>
   </div>
   <div class='ocr_carea' id='block_1_32' title="bbox 1750 1729 3324 1814">
    <p class='ocr_par' dir='ltr' id='par_1_32' title="bbox 1750 1729 3324 1814">
     <span class='ocr_line' id='line_1_32' title="bbox 1750 1729 3324 1814; baseline 0.012 -34"><span class='ocrx_word' id='word_1_228' title='bbox 1750 1740 1915 1797; x_wconf 88' lang='lat' dir='ltr'><strong>opera</strong></span> <span class='ocrx_word' id='word_1_229' title='bbox 1939 1729 2287 1796; x_wconf 83' lang='lat' dir='ltr'><strong>subtrahunt,</strong></span> <span class='ocrx_word' id='word_1_230' title='bbox 2317 1743 2480 1803; x_wconf 86' lang='lat' dir='ltr'><strong>agunt</strong></span> <span class='ocrx_word' id='word_1_231' title='bbox 2522 1750 2589 1789; x_wconf 92' lang='lat' dir='ltr'><strong>ne</strong></span> <span class='ocrx_word' id='word_1_232' title='bbox 2628 1735 2680 1790; x_wconf 93' lang='lat' dir='ltr'><strong>in</strong></span> <span class='ocrx_word' id='word_1_233' title='bbox 2718 1737 2917 1808; x_wconf 77' lang='lat' dir='ltr'><strong>frigore</strong></span> <span class='ocrx_word' id='word_1_234' title='bbox 2943 1741 3179 1797; x_wconf 87' lang='lat' dir='ltr'><strong>habeant</strong></span> <span class='ocrx_word' id='word_1_235' title='bbox 3217 1759 3324 1814; x_wconf 86' lang='lat' dir='ltr'><strong>quo</strong></span> 
     </span>
    </p>
   </div>
   <div class='ocr_carea' id='block_1_33' title="bbox 116 1809 1635 1910">
    <p class='ocr_par' dir='ltr' id='par_1_33' title="bbox 116 1809 1635 1902">
     <span class='ocr_line' id='line_1_33' title="bbox 116 1809 1635 1902; baseline 0.018 -40"><span class='ocrx_word' id='word_1_236' title='bbox 116 1809 151 1864; x_wconf 77' lang='lat' dir='ltr'><strong>si</strong></span> <span class='ocrx_word' id='word_1_237' title='bbox 171 1825 363 1866; x_wconf 85' lang='lat' dir='ltr'><strong>servare</strong></span> <span class='ocrx_word' id='word_1_238' title='bbox 387 1813 770 1875; x_wconf 87' lang='lat' dir='ltr'><strong>discretionem</strong></span> <span class='ocrx_word' id='word_1_239' title='bbox 817 1825 1087 1892; x_wconf 90' lang='lat' dir='ltr'><strong>nesciunt,</strong></span> <span class='ocrx_word' id='word_1_240' title='bbox 1117 1830 1381 1902; x_wconf 82' lang='lat' dir='ltr'><strong>exemplis</strong></span> <span class='ocrx_word' id='word_1_241' title='bbox 1413 1832 1635 1890; x_wconf 86' lang='lat' dir='ltr'><strong>aliorum</strong></span> 
     </span>
    </p>
   </div>
   <div class='ocr_carea' id='block_1_34' title="bbox 1737 1809 3325 1910">
    <p class='ocr_par' dir='ltr' id='par_1_34' title="bbox 1750 1821 3325 1910">
     <span class='ocr_line' id='line_1_34' title="bbox 1750 1821 3325 1910; baseline 0.013 -36"><span class='ocrx_word' id='word_1_242' title='bbox 1750 1821 2067 1877; x_wconf 81' lang='lat' dir='ltr'><strong>vestiantur.</strong></span> <span class='ocrx_word' id='word_1_243' title='bbox 2112 1822 2296 1880; x_wconf 86' lang='lat' dir='ltr'><strong>Potest</strong></span> <span class='ocrx_word' id='word_1_244' title='bbox 2339 1842 2470 1882; x_wconf 84' lang='lat' dir='ltr'><strong>vero</strong></span> <span class='ocrx_word' id='word_1_245' title='bbox 2511 1843 2609 1898; x_wconf 86' lang='lat' dir='ltr'><strong>per</strong></span> <span class='ocrx_word' id='word_1_246' title='bbox 2644 1829 2812 1901; x_wconf 78' lang='lat' dir='ltr'><strong>frigus</strong></span> <span class='ocrx_word' id='word_1_247' title='bbox 2846 1835 3189 1901; x_wconf 89' lang='lat' dir='ltr'><strong>desiderium,</strong></span> <span class='ocrx_word' id='word_1_248' title='bbox 3227 1855 3325 1910; x_wconf 91' lang='lat' dir='ltr'><strong>per</strong></span> 
     </span>
    </p>
   </div>
   <div class='ocr_carea' id='block_1_35' title="bbox 116 1904 629 1979">
    <p class='ocr_par' dir='ltr' id='par_1_35' title="bbox 116 1904 629 1979">
     <span class='ocr_line' id='line_1_35' title="bbox 116 1904 629 1979; baseline 0.019 -23"><span class='ocrx_word' id='word_1_249' title='bbox 116 1904 297 1958; x_wconf 82' lang='lat' dir='ltr'><strong>cadunt.</strong></span> <span class='ocrx_word' id='word_1_250' title='bbox 327 1905 586 1979; x_wconf 89' lang='lat' dir='ltr'><strong>Sequitur</strong></span> <span class='ocrx_word' id='word_1_251' title='bbox 609 1926 629 1966; x_wconf 88' lang='lat'><strong>:</strong></span> 
     </span>
    </p>
   </div>
   <div class='ocr_carea' id='block_1_36' title="bbox 164 2013 1648 2107">
    <p class='ocr_par' dir='ltr' id='par_1_36' title="bbox 164 2013 1648 2107">
     <span class='ocr_line' id='line_1_36' title="bbox 164 2013 1648 2107; baseline 0.016 -38"><span class='ocrx_word' id='word_1_252' title='bbox 164 2013 306 2070; x_wconf 68' lang='lat' dir='ltr'><strong>Vsus.</strong></span> <span class='ocrx_word' id='word_1_253' title='bbox 331 2017 383 2072; x_wconf 87' lang='lat'><strong>5.</strong></span> <span class='ocrx_word' id='word_1_254' title='bbox 422 2019 531 2074; x_wconf 80' lang='lat' dir='ltr'><strong>Alii</strong></span> <span class='ocrx_word' id='word_1_255' title='bbox 571 2024 723 2094; x_wconf 80' lang='lat' dir='ltr'><strong>quasi</strong></span> <span class='ocrx_word' id='word_1_256' title='bbox 758 2029 943 2099; x_wconf 83' lang='lat' dir='ltr'><strong>onagri</strong></span> <span class='ocrx_word' id='word_1_257' title='bbox 983 2029 1038 2085; x_wconf 85' lang='lat' dir='ltr'><strong>in</strong></span> <span class='ocrx_word' id='word_1_258' title='bbox 1070 2031 1271 2088; x_wconf 80' lang='lat' dir='ltr'><strong>deserto</strong></span> <span class='ocrx_word' id='word_1_259' title='bbox 1309 2037 1648 2107; x_wconf 82' lang='lat' dir='ltr'><strong>egrediuntur</strong></span> 
     </span>
    </p>
   </div>
   <div class='ocr_carea' id='block_1_37' title="bbox 112 2104 1642 2193">
    <p class='ocr_par' dir='ltr' id='par_1_37' title="bbox 112 2104 1642 2193">
     <span class='ocr_line' id='line_1_37' title="bbox 112 2104 1642 2193; baseline 0.02 -38"><span class='ocrx_word' id='word_1_260' title='bbox 112 2104 165 2155; x_wconf 80' lang='lat' dir='ltr'><strong>ad</strong></span> <span class='ocrx_word' id='word_1_261' title='bbox 183 2121 292 2174; x_wconf 77' lang='lat' dir='ltr'><strong>opus</strong></span> <span class='ocrx_word' id='word_1_262' title='bbox 314 2125 483 2164; x_wconf 78' lang='lat' dir='ltr'><strong>suum.</strong></span> <span class='ocrx_word' id='word_1_263' title='bbox 514 2142 590 2152; x_wconf 93' lang='grc'><strong>--</strong></span> <span class='ocrx_word' id='word_1_264' title='bbox 613 2113 830 2187; x_wconf 88' lang='lat' dir='ltr'><strong>Onager</strong></span> <span class='ocrx_word' id='word_1_265' title='bbox 860 2120 1002 2175; x_wconf 90' lang='lat' dir='ltr'><strong>enim</strong></span> <span class='ocrx_word' id='word_1_266' title='bbox 1044 2126 1275 2193; x_wconf 76' lang='lat' dir='ltr'><strong>agrestis</strong></span> <span class='ocrx_word' id='word_1_267' title='bbox 1316 2104 1400 2181; x_wconf 84' lang='lat' dir='ltr'><strong>est</strong></span> <span class='ocrx_word' id='word_1_268' title='bbox 1437 2128 1642 2185; x_wconf 83' lang='lat' dir='ltr'><strong>asinus.</strong></span> 
     </span>
    </p>
   </div>
   <div class='ocr_carea' id='block_1_38' title="bbox 111 2190 1642 2285">
    <p class='ocr_par' dir='ltr' id='par_1_38' title="bbox 111 2190 1642 2285">
     <span class='ocr_line' id='line_1_38' title="bbox 111 2190 1642 2285; baseline 0.022 -40"><span class='ocrx_word' id='word_1_269' title='bbox 111 2190 163 2246; x_wconf 79' lang='lat' dir='ltr'><strong>Et</strong></span> <span class='ocrx_word' id='word_1_270' title='bbox 184 2204 310 2250; x_wconf 85' lang='lat' dir='ltr'><strong>recte</strong></span> <span class='ocrx_word' id='word_1_271' title='bbox 333 2197 382 2251; x_wconf 93' lang='lat' dir='ltr'><strong>in</strong></span> <span class='ocrx_word' id='word_1_272' title='bbox 410 2200 513 2255; x_wconf 88' lang='lat' dir='ltr'><strong>hoc</strong></span> <span class='ocrx_word' id='word_1_273' title='bbox 545 2201 667 2260; x_wconf 91' lang='lat' dir='ltr'><strong>loco</strong></span> <span class='ocrx_word' id='word_1_274' title='bbox 694 2209 911 2279; x_wconf 89' lang='lat' dir='ltr'><strong>onagris</strong></span> <span class='ocrx_word' id='word_1_275' title='bbox 956 2190 1339 2284; x_wconf 79' lang='lat' dir='ltr'><strong>comparantur</strong></span> <span class='ocrx_word' id='word_1_276' title='bbox 1378 2218 1642 2285; x_wconf 69' lang='lat' dir='ltr'><strong>hmretici,</strong></span> 
     </span>
    </p>
   </div>
   <div class='ocr_carea' id='block_1_39' title="bbox 108 2283 1646 2369">
    <p class='ocr_par' dir='ltr' id='par_1_39' title="bbox 108 2283 1646 2369">
     <span class='ocr_line' id='line_1_39' title="bbox 108 2283 1646 2369; baseline 0.02 -35"><span class='ocrx_word' id='word_1_277' title='bbox 108 2283 210 2351; x_wconf 86' lang='lat' dir='ltr'><strong>quia</strong></span> <span class='ocrx_word' id='word_1_278' title='bbox 231 2285 277 2339; x_wconf 94' lang='lat' dir='ltr'><strong>in</strong></span> <span class='ocrx_word' id='word_1_279' title='bbox 303 2289 410 2345; x_wconf 88' lang='lat' dir='ltr'><strong>suis</strong></span> <span class='ocrx_word' id='word_1_280' title='bbox 436 2291 805 2363; x_wconf 81' lang='lat' dir='ltr'><strong>voluptatibus</strong></span> <span class='ocrx_word' id='word_1_281' title='bbox 830 2301 1059 2369; x_wconf 91' lang='lat' dir='ltr'><strong>dimissi,</strong></span> <span class='ocrx_word' id='word_1_282' title='bbox 1104 2319 1137 2359; x_wconf 89' lang='lat' dir='ltr'><strong>a</strong></span> <span class='ocrx_word' id='word_1_283' title='bbox 1181 2305 1409 2363; x_wconf 83' lang='lat' dir='ltr'><strong>vinculis</strong></span> <span class='ocrx_word' id='word_1_284' title='bbox 1438 2308 1560 2364; x_wconf 86' lang='lat' dir='ltr'><strong>fidei</strong></span> <span class='ocrx_word' id='word_1_285' title='bbox 1590 2283 1646 2366; x_wconf 83' lang='lat' dir='ltr'><strong>et</strong></span> 
     </span>
    </p>
   </div>
   <div class='ocr_carea' id='block_1_40' title="bbox 112 2376 1644 2472">
    <p class='ocr_par' dir='ltr' id='par_1_40' title="bbox 112 2376 1644 2472">
     <span class='ocr_line' id='line_1_40' title="bbox 112 2376 1644 2472; baseline 0.019 -44"><span class='ocrx_word' id='word_1_286' title='bbox 112 2376 294 2433; x_wconf 85' lang='lat' dir='ltr'><strong>rationis</strong></span> <span class='ocrx_word' id='word_1_287' title='bbox 321 2391 444 2437; x_wconf 85' lang='lat' dir='ltr'><strong>sunt</strong></span> <span class='ocrx_word' id='word_1_288' title='bbox 472 2384 662 2440; x_wconf 90' lang='lat' dir='ltr'><strong>alieni.</strong></span> <span class='ocrx_word' id='word_1_289' title='bbox 711 2388 865 2445; x_wconf 87' lang='lat' dir='ltr'><strong>Unde</strong></span> <span class='ocrx_word' id='word_1_290' title='bbox 908 2395 1168 2464; x_wconf 90' lang='lat' dir='ltr'><strong>scriptum</strong></span> <span class='ocrx_word' id='word_1_291' title='bbox 1205 2407 1288 2453; x_wconf 90' lang='lat' dir='ltr'><strong>est</strong></span> <span class='ocrx_word' id='word_1_292' title='bbox 1319 2418 1332 2453; x_wconf 89' lang='lat'><strong>:</strong></span> <span class='ocrx_word' id='word_1_293' title='bbox 1375 2419 1395 2452; x_wconf 75' lang='grc' dir='ltr'>ι</span> <span class='ocrx_word' id='word_1_294' title='bbox 1430 2400 1644 2472; x_wconf 86' lang='lat' dir='ltr'><strong>Onager</strong></span> 
     </span>
    </p>
   </div>
   <div class='ocr_carea' id='block_1_41' title="bbox 111 2471 1643 2547">
    <p class='ocr_par' dir='ltr' id='par_1_41' title="bbox 111 2471 1643 2547">
     <span class='ocr_line' id='line_1_41' title="bbox 111 2471 1643 2547; baseline 0.019 -28"><span class='ocrx_word' id='word_1_295' title='bbox 111 2477 311 2524; x_wconf 80' lang='lat' dir='ltr'><strong>assuetus</strong></span> <span class='ocrx_word' id='word_1_296' title='bbox 343 2471 394 2525; x_wconf 91' lang='lat' dir='ltr'><strong>in</strong></span> <span class='ocrx_word' id='word_1_297' title='bbox 424 2475 720 2533; x_wconf 89' lang='lat' dir='ltr'><strong>solitudine</strong></span> <span class='ocrx_word' id='word_1_298' title='bbox 744 2521 759 2543; x_wconf 93' lang='lat'><strong>,</strong></span> <span class='ocrx_word' id='word_1_299' title='bbox 809 2480 862 2535; x_wconf 88' lang='lat' dir='ltr'><strong>in</strong></span> <span class='ocrx_word' id='word_1_300' title='bbox 893 2484 1159 2541; x_wconf 86' lang='lat' dir='ltr'><strong>desiderio</strong></span> <span class='ocrx_word' id='word_1_301' title='bbox 1187 2489 1380 2545; x_wconf 65' lang='lat' dir='ltr'><strong>animae</strong></span> <span class='ocrx_word' id='word_1_302' title='bbox 1409 2506 1519 2545; x_wconf 74' lang='lat' dir='ltr'><strong>sua:</strong></span> <span class='ocrx_word' id='word_1_303' title='bbox 1562 2500 1643 2547; x_wconf 87' lang='lat' dir='ltr'><strong>at-</strong></span> 
     </span>
    </p>
   </div>
   <div class='ocr_carea' id='block_1_42' title="bbox 112 2558 1639 2649">
    <p class='ocr_par' dir='ltr' id='par_1_42' title="bbox 112 2558 1639 2649">
     <span class='ocr_line' id='line_1_42' title="bbox 112 2558 1639 2649; baseline 0.02 -41"><span class='ocrx_word' id='word_1_304' title='bbox 112 2558 244 2612; x_wconf 77' lang='lat' dir='ltr'><strong>traxit</strong></span> <span class='ocrx_word' id='word_1_305' title='bbox 269 2570 472 2617; x_wconf 90' lang='lat' dir='ltr'><strong>ventum</strong></span> <span class='ocrx_word' id='word_1_306' title='bbox 500 2568 708 2623; x_wconf 87' lang='lat' dir='ltr'><strong>amoris</strong></span> <span class='ocrx_word' id='word_1_307' title='bbox 734 2571 817 2625; x_wconf 90' lang='lat' dir='ltr'><strong>sui</strong></span> <span class='ocrx_word' id='word_1_308' title='bbox 869 2572 1004 2641; x_wconf 76' lang='lat' dir='ltr'><strong>(Jer.</strong></span> <span class='ocrx_word' id='word_1_309' title='bbox 1033 2592 1094 2642; x_wconf 84' lang='lat' dir='ltr'><strong>ll,</strong></span> <span class='ocrx_word' id='word_1_310' title='bbox 1121 2578 1236 2649; x_wconf 69' lang='lat' dir='ltr'><strong>2L).</strong></span> <span class='ocrx_word' id='word_1_311' title='bbox 1275 2598 1295 2632; x_wconf 69' lang='grc' dir='ltr'><strong><em>ι</em></strong></span> <span class='ocrx_word' id='word_1_312' title='bbox 1348 2579 1466 2638; x_wconf 85' lang='lat' dir='ltr'><strong>Non</strong></span> <span class='ocrx_word' id='word_1_313' title='bbox 1496 2584 1639 2638; x_wconf 87' lang='lat' dir='ltr'><strong>enim</strong></span> 
     </span>
    </p>
   </div>
   <div class='ocr_carea' id='block_1_43' title="bbox 109 2643 1640 2733">
    <p class='ocr_par' dir='ltr' id='par_1_43' title="bbox 109 2643 1640 2733">
     <span class='ocr_line' id='line_1_43' title="bbox 109 2643 1640 2733; baseline 0.02 -35"><span class='ocrx_word' id='word_1_314' title='bbox 109 2643 212 2711; x_wconf 84' lang='lat' dir='ltr'><strong>Dei,</strong></span> <span class='ocrx_word' id='word_1_315' title='bbox 249 2650 333 2705; x_wconf 80' lang='lat' dir='ltr'><strong>sed</strong></span> <span class='ocrx_word' id='word_1_316' title='bbox 375 2666 533 2708; x_wconf 89' lang='lat' dir='ltr'><strong>suum</strong></span> <span class='ocrx_word' id='word_1_317' title='bbox 589 2671 724 2726; x_wconf 89' lang='lat' dir='ltr'><strong>opus</strong></span> <span class='ocrx_word' id='word_1_318' title='bbox 790 2672 1083 2733; x_wconf 86' lang='lat' dir='ltr'><strong>peragunt,</strong></span> <span class='ocrx_word' id='word_1_319' title='bbox 1132 2643 1262 2722; x_wconf 81' lang='lat' dir='ltr'><strong>dum</strong></span> <span class='ocrx_word' id='word_1_320' title='bbox 1309 2685 1415 2725; x_wconf 93' lang='lat' dir='ltr'><strong>non</strong></span> <span class='ocrx_word' id='word_1_321' title='bbox 1464 2678 1640 2728; x_wconf 64' lang='lat' dir='ltr'><strong>‘recte</strong></span> 
     </span>
    </p>
   </div>
   <div class='ocr_carea' id='block_1_44' title="bbox 110 2732 1635 2831">
    <p class='ocr_par' dir='ltr' id='par_1_44' title="bbox 110 2732 1635 2831">
     <span class='ocr_line' id='line_1_44' title="bbox 110 2732 1635 2831; baseline 0.02 -42"><span class='ocrx_word' id='word_1_322' title='bbox 110 2732 264 2812; x_wconf 85' lang='lat' dir='ltr'><strong>[recta]</strong></span> <span class='ocrx_word' id='word_1_323' title='bbox 301 2742 554 2815; x_wconf 85' lang='lat' dir='ltr'><strong>dogmata</strong></span> <span class='ocrx_word' id='word_1_324' title='bbox 575 2787 591 2812; x_wconf 88' lang='lat'><strong>,</strong></span> <span class='ocrx_word' id='word_1_325' title='bbox 635 2750 731 2805; x_wconf 86' lang='lat' dir='ltr'><strong>sed</strong></span> <span class='ocrx_word' id='word_1_326' title='bbox 754 2732 974 2822; x_wconf 88' lang='lat' dir='ltr'><strong>propria</strong></span> <span class='ocrx_word' id='word_1_327' title='bbox 1009 2757 1273 2814; x_wconf 86' lang='lat' dir='ltr'><strong>desideria</strong></span> <span class='ocrx_word' id='word_1_328' title='bbox 1319 2774 1635 2831; x_wconf 88' lang='lat' dir='ltr'><strong>sequuntur.</strong></span> 
     </span>
    </p>
   </div>
   <div class='ocr_carea' id='block_1_45' title="bbox 108 2826 1635 2925">
    <p class='ocr_par' dir='ltr' id='par_1_45' title="bbox 108 2826 1635 2925">
     <span class='ocr_line' id='line_1_45' title="bbox 108 2826 1635 2925; baseline 0.019 -43"><span class='ocrx_word' id='word_1_329' title='bbox 108 2826 329 2902; x_wconf 87' lang='lat' dir='ltr'><strong>Scriptum</strong></span> <span class='ocrx_word' id='word_1_330' title='bbox 351 2838 550 2910; x_wconf 80' lang='lat' dir='ltr'><strong>quippe</strong></span> <span class='ocrx_word' id='word_1_331' title='bbox 568 2851 652 2895; x_wconf 91' lang='lat' dir='ltr'><strong>est</strong></span> <span class='ocrx_word' id='word_1_332' title='bbox 680 2860 692 2896; x_wconf 91' lang='lat'>:</span> <span class='ocrx_word' id='word_1_333' title='bbox 722 2861 741 2894; x_wconf 72' lang='grc' dir='ltr'><strong><em>ι</em></strong></span> <span class='ocrx_word' id='word_1_334' title='bbox 773 2845 1069 2902; x_wconf 87' lang='lat' dir='ltr'><strong>Ambulans</strong></span> <span class='ocrx_word' id='word_1_335' title='bbox 1090 2850 1142 2903; x_wconf 91' lang='lat' dir='ltr'><strong>in</strong></span> <span class='ocrx_word' id='word_1_336' title='bbox 1166 2852 1249 2925; x_wconf 85' lang='lat' dir='ltr'><strong>via</strong></span> <span class='ocrx_word' id='word_1_337' title='bbox 1274 2826 1635 2922; x_wconf 69' lang='lat' dir='ltr'><strong>immaculata,</strong></span> 
     </span>
    </p>
   </div>
   <div class='ocr_carea' id='block_1_46' title="bbox 107 2918 1634 3015">
    <p class='ocr_par' dir='ltr' id='par_1_46' title="bbox 107 2918 1634 3015">
     <span class='ocr_line' id='line_1_46' title="bbox 107 2918 1634 3015; baseline 0.019 -41"><span class='ocrx_word' id='word_1_338' title='bbox 210 2926 324 2980; x_wconf 90' lang='lat' dir='ltr'><strong>mihi</strong></span> <span class='ocrx_word' id='word_1_339' title='bbox 366 2929 712 2989; x_wconf 77' lang='lat' dir='ltr'><strong>ministrabat</strong></span> <span class='ocrx_word' id='word_1_340' title='bbox 756 2933 946 3003; x_wconf 74' lang='lat' dir='ltr'><strong>(Paul.</strong></span> <span class='ocrx_word' id='word_1_341' title='bbox 993 2954 1047 3001; x_wconf 87' lang='lat' dir='ltr'><strong>c,</strong></span> <span class='ocrx_word' id='word_1_342' title='bbox 1093 2918 1207 3010; x_wconf 44' lang='grc'><strong>6)(</strong></span> <span class='ocrx_word' id='word_1_343' title='bbox 1240 2961 1259 2995; x_wconf 78' lang='grc' dir='ltr'><strong><em>ι</em></strong></span> <span class='ocrx_word' id='word_1_344' title='bbox 1320 2945 1574 3015; x_wconf 85' lang='lat' dir='ltr'><strong>Sequitur</strong></span> 
     </span>
    </p>
   </div>
   <div class='ocr_carea' id='block_1_47' title="bbox 115 3006 1633 3103">
    <p class='ocr_par' dir='ltr' id='par_1_47' title="bbox 115 3006 1633 3103">
     <span class='ocr_line' id='line_1_47' title="bbox 115 3006 1633 3103; baseline 0.016 -36"><span class='ocrx_word' id='word_1_345' title='bbox 115 3006 447 3088; x_wconf 74' lang='lat' dir='ltr'><strong>Vigilautesque</strong></span> <span class='ocrx_word' id='word_1_346' title='bbox 485 3023 562 3075; x_wconf 85' lang='lat' dir='ltr'><strong>ad</strong></span> <span class='ocrx_word' id='word_1_347' title='bbox 601 3025 835 3091; x_wconf 66' lang='lat' dir='ltr'><strong>predum</strong></span> <span class='ocrx_word' id='word_1_348' title='bbox 869 3006 1170 3097; x_wconf 33' lang='lat' dir='ltr'><strong>prwparan-t</strong></span> <span class='ocrx_word' id='word_1_349' title='bbox 1210 3006 1633 3103; x_wconf 43' lang='lat' dir='ltr'><strong>panem-liberis.</strong></span> 
     </span>
    </p>
   </div>
   <div class='ocr_carea' id='block_1_48' title="bbox 104 3103 1635 3193">
    <p class='ocr_par' dir='ltr' id='par_1_48' title="bbox 104 3103 1635 3193">
     <span class='ocr_line' id='line_1_48' title="bbox 104 3103 1635 3193; baseline 0.018 -39"><span class='ocrx_word' id='word_1_350' title='bbox 104 3103 243 3157; x_wconf 82' lang='lat' dir='ltr'><strong>—Ad</strong></span> <span class='ocrx_word' id='word_1_351' title='bbox 267 3108 493 3176; x_wconf 64' lang='lat' dir='ltr'><strong>praedam</strong></span> <span class='ocrx_word' id='word_1_352' title='bbox 528 3111 775 3180; x_wconf 77' lang='lat' dir='ltr'><strong>vigilant,</strong></span> <span class='ocrx_word' id='word_1_353' title='bbox 802 3116 894 3185; x_wconf 88' lang='lat' dir='ltr'><strong>qui</strong></span> <span class='ocrx_word' id='word_1_354' title='bbox 927 3120 1089 3173; x_wconf 89' lang='lat' dir='ltr'><strong>verba</strong></span> <span class='ocrx_word' id='word_1_355' title='bbox 1115 3119 1382 3188; x_wconf 88' lang='lat' dir='ltr'><strong>justorum</strong></span> <span class='ocrx_word' id='word_1_356' title='bbox 1411 3124 1477 3178; x_wconf 90' lang='lat' dir='ltr'><strong>ad</strong></span> <span class='ocrx_word' id='word_1_357' title='bbox 1510 3141 1635 3193; x_wconf 85' lang='lat' dir='ltr'><strong>pro-</strong></span> 
     </span>
    </p>
   </div>
   <div class='ocr_carea' id='block_1_49' title="bbox 105 3190 1634 3284">
    <p class='ocr_par' dir='ltr' id='par_1_49' title="bbox 105 3190 1634 3284">
     <span class='ocr_line' id='line_1_49' title="bbox 105 3190 1634 3284; baseline 0.021 -45"><span class='ocrx_word' id='word_1_358' title='bbox 105 3190 246 3255; x_wconf 87' lang='lat' dir='ltr'><strong>prium</strong></span> <span class='ocrx_word' id='word_1_359' title='bbox 268 3209 474 3252; x_wconf 84' lang='lat' dir='ltr'><strong>sensum</strong></span> <span class='ocrx_word' id='word_1_360' title='bbox 510 3216 704 3270; x_wconf 89' lang='lat' dir='ltr'><strong>rapere</strong></span> <span class='ocrx_word' id='word_1_361' title='bbox 733 3219 948 3276; x_wconf 85' lang='lat' dir='ltr'><strong>semper</strong></span> <span class='ocrx_word' id='word_1_362' title='bbox 975 3218 1261 3278; x_wconf 81' lang='lat' dir='ltr'><strong>conantur,</strong></span> <span class='ocrx_word' id='word_1_363' title='bbox 1292 3219 1353 3267; x_wconf 91' lang='lat' dir='ltr'><strong>ut</strong></span> <span class='ocrx_word' id='word_1_364' title='bbox 1393 3230 1489 3284; x_wconf 90' lang='lat' dir='ltr'><strong>per</strong></span> <span class='ocrx_word' id='word_1_365' title='bbox 1520 3216 1634 3272; x_wconf 75' lang='lat' dir='ltr'><strong>hzec</strong></span> 
     </span>
    </p>
   </div>
   <div class='ocr_carea' id='block_1_50' title="bbox 104 3284 1634 3375">
    <p class='ocr_par' dir='ltr' id='par_1_50' title="bbox 104 3284 1634 3375">
     <span class='ocr_line' id='line_1_50' title="bbox 104 3284 1634 3375; baseline 0.017 -40"><span class='ocrx_word' id='word_1_366' title='bbox 104 3284 330 3346; x_wconf 75' lang='lat' dir='ltr'><strong>perversis</strong></span> <span class='ocrx_word' id='word_1_367' title='bbox 394 3286 522 3345; x_wconf 86' lang='lat' dir='ltr'><strong>ﬁliis</strong></span> <span class='ocrx_word' id='word_1_368' title='bbox 592 3305 785 3360; x_wconf 90' lang='lat' dir='ltr'><strong>panem</strong></span> <span class='ocrx_word' id='word_1_369' title='bbox 838 3298 1038 3352; x_wconf 87' lang='lat' dir='ltr'><strong>erroris</strong></span> <span class='ocrx_word' id='word_1_370' title='bbox 1110 3311 1323 3370; x_wconf 89' lang='lat' dir='ltr'><strong>parent.</strong></span> <span class='ocrx_word' id='word_1_371' title='bbox 1393 3305 1467 3358; x_wconf 92' lang='lat' dir='ltr'><strong>De</strong></span> <span class='ocrx_word' id='word_1_372' title='bbox 1526 3320 1634 3375; x_wconf 90' lang='lat' dir='ltr'><strong>quo</strong></span> 
     </span>
    </p>
   </div>
   <div class='ocr_carea' id='block_1_51' title="bbox 104 3367 1633 3451">
    <p class='ocr_par' dir='ltr' id='par_1_51' title="bbox 104 3367 1633 3451">
     <span class='ocr_line' id='line_1_51' title="bbox 104 3367 1633 3451; baseline 0.021 -32"><span class='ocrx_word' id='word_1_373' title='bbox 104 3367 307 3428; x_wconf 79' lang='lat' dir='ltr'><strong>videlicet</strong></span> <span class='ocrx_word' id='word_1_374' title='bbox 347 3393 483 3447; x_wconf 88' lang='lat' dir='ltr'><strong>pane</strong></span> <span class='ocrx_word' id='word_1_375' title='bbox 556 3382 694 3450; x_wconf 90' lang='lat' dir='ltr'><strong>apud</strong></span> <span class='ocrx_word' id='word_1_376' title='bbox 761 3382 1107 3443; x_wconf 87' lang='lat' dir='ltr'><strong>Salomoncm</strong></span> <span class='ocrx_word' id='word_1_377' title='bbox 1155 3394 1351 3449; x_wconf 75' lang='lat' dir='ltr'><strong>verbis</strong></span> <span class='ocrx_word' id='word_1_378' title='bbox 1393 3395 1633 3451; x_wconf 83' lang='lat' dir='ltr'><strong>mulieris</strong></span> 
     </span>
    </p>
   </div>
   <div class='ocr_carea' id='block_1_52' title="bbox 100 3458 1632 3552">
    <p class='ocr_par' dir='ltr' id='par_1_52' title="bbox 100 3458 1632 3552">
     <span class='ocr_line' id='line_1_52' title="bbox 100 3458 1632 3552; baseline 0.02 -46"><span class='ocrx_word' id='word_1_379' title='bbox 100 3458 337 3521; x_wconf 82' lang='lat' dir='ltr'><strong>pravitatis</strong></span> <span class='ocrx_word' id='word_1_380' title='bbox 360 3465 627 3521; x_wconf 70' lang='lat' dir='ltr'><strong>bieretica:</strong></span> <span class='ocrx_word' id='word_1_381' title='bbox 660 3477 841 3539; x_wconf 81' lang='lat' dir='ltr'><strong>typum</strong></span> <span class='ocrx_word' id='word_1_382' title='bbox 870 3476 1105 3543; x_wconf 85' lang='lat' dir='ltr'><strong>gerentis</strong></span> <span class='ocrx_word' id='word_1_383' title='bbox 1137 3478 1336 3533; x_wconf 90' lang='lat' dir='ltr'><strong>dicitur</strong></span> <span class='ocrx_word' id='word_1_384' title='bbox 1367 3498 1380 3535; x_wconf 89' lang='lat'><strong>:</strong></span> <span class='ocrx_word' id='word_1_385' title='bbox 1420 3499 1438 3533; x_wconf 75' lang='grc' dir='ltr'>ι</span> <span class='ocrx_word' id='word_1_386' title='bbox 1466 3483 1632 3552; x_wconf 70' lang='lat' dir='ltr'><strong>Aqua:</strong></span> 
     </span>
    </p>
   </div>
   <div class='ocr_carea' id='block_1_53' title="bbox 101 3544 1634 3634">
    <p class='ocr_par' dir='ltr' id='par_1_53' title="bbox 101 3544 1634 3634">
     <span class='ocr_line' id='line_1_53' title="bbox 101 3544 1634 3634; baseline 0.022 -37"><span class='ocrx_word' id='word_1_387' title='bbox 101 3544 271 3606; x_wconf 68' lang='lat' dir='ltr'><strong>furtivae</strong></span> <span class='ocrx_word' id='word_1_388' title='bbox 299 3553 566 3624; x_wconf 87' lang='lat' dir='ltr'><strong>dulciores</strong></span> <span class='ocrx_word' id='word_1_389' title='bbox 606 3571 747 3625; x_wconf 87' lang='lat' dir='ltr'><strong>sunt,</strong></span> <span class='ocrx_word' id='word_1_390' title='bbox 778 3572 832 3617; x_wconf 93' lang='lat' dir='ltr'><strong>et</strong></span> <span class='ocrx_word' id='word_1_391' title='bbox 857 3566 1016 3634; x_wconf 84' lang='lat' dir='ltr'><strong>panis</strong></span> <span class='ocrx_word' id='word_1_392' title='bbox 1043 3569 1390 3626; x_wconf 90' lang='lat' dir='ltr'><strong>absconditur</strong></span> <span class='ocrx_word' id='word_1_393' title='bbox 1413 3575 1634 3630; x_wconf 89' lang='lat' dir='ltr'><strong>suavior</strong></span> 
     </span>
    </p>
   </div>
   <div class='ocr_carea' id='block_1_54' title="bbox 99 3633 879 3721">
    <p class='ocr_par' dir='ltr' id='par_1_54' title="bbox 99 3633 879 3721">
     <span class='ocr_line' id='line_1_54' title="bbox 99 3633 879 3721; baseline 0.027 -33"><span class='ocrx_word' id='word_1_394' title='bbox 99 3633 245 3705; x_wconf 73' lang='lat' dir='ltr'><strong>(Prov.</strong></span> <span class='ocrx_word' id='word_1_395' title='bbox 272 3656 344 3712; x_wconf 82' lang='lat' dir='ltr'><strong>lx,</strong></span> <span class='ocrx_word' id='word_1_396' title='bbox 369 3647 473 3718; x_wconf 82' lang='lat' dir='ltr'><strong>i7).</strong></span> <span class='ocrx_word' id='word_1_397' title='bbox 512 3669 533 3702; x_wconf 72' lang='grc' dir='ltr'><strong><em>ι</em></strong></span> <span class='ocrx_word' id='word_1_398' title='bbox 579 3650 837 3721; x_wconf 85' lang='lat' dir='ltr'><strong>Sequitur</strong></span> <span class='ocrx_word' id='word_1_399' title='bbox 862 3633 879 3710; x_wconf 65' lang='grc' dir='ltr'>ξ</span> 
     </span>
    </p>
   </div>
   <div class='ocr_carea' id='block_1_55' title="bbox 151 3755 1628 3850">
    <p class='ocr_par' dir='ltr' id='par_1_55' title="bbox 151 3755 1628 3850">
     <span class='ocr_line' id='line_1_55' title="bbox 151 3755 1628 3850; baseline 0.017 -39"><span class='ocrx_word' id='word_1_400' title='bbox 151 3755 289 3815; x_wconf 73' lang='lat' dir='ltr'><strong>Vens.</strong></span> <span class='ocrx_word' id='word_1_401' title='bbox 311 3762 359 3817; x_wconf 89' lang='lat'><strong>6.</strong></span> <span class='ocrx_word' id='word_1_402' title='bbox 385 3766 585 3835; x_wconf 76' lang='lat' dir='ltr'><strong>Agrum</strong></span> <span class='ocrx_word' id='word_1_403' title='bbox 606 3786 709 3823; x_wconf 85' lang='lat' dir='ltr'><strong>non</strong></span> <span class='ocrx_word' id='word_1_404' title='bbox 737 3787 890 3825; x_wconf 81' lang='lat' dir='ltr'><strong>suum</strong></span> <span class='ocrx_word' id='word_1_405' title='bbox 918 3774 1200 3840; x_wconf 78' lang='lat' dir='ltr'><strong>demetunt,</strong></span> <span class='ocrx_word' id='word_1_406' title='bbox 1218 3787 1263 3830; x_wconf 88' lang='lat' dir='ltr'><strong>et</strong></span> <span class='ocrx_word' id='word_1_407' title='bbox 1289 3778 1486 3833; x_wconf 73' lang='lat' dir='ltr'><strong>vineam</strong></span> <span class='ocrx_word' id='word_1_408' title='bbox 1513 3781 1628 3850; x_wconf 77' lang='lat' dir='ltr'><strong>ejus</strong></span> 
     </span>
    </p>
   </div>
   <div class='ocr_carea' id='block_1_56' title="bbox 95 3855 1626 3940">
    <p class='ocr_par' dir='ltr' id='par_1_56' title="bbox 95 3855 1626 3940">
     <span class='ocr_line' id='line_1_56' title="bbox 95 3855 1626 3940; baseline 0.017 -40"><span class='ocrx_word' id='word_1_409' title='bbox 95 3862 213 3913; x_wconf 75' lang='lat' dir='ltr'><strong>quem</strong></span> <span class='ocrx_word' id='word_1_410' title='bbox 235 3855 276 3905; x_wconf 82' lang='lat' dir='ltr'><strong>vi</strong></span> <span class='ocrx_word' id='word_1_411' title='bbox 294 3863 666 3924; x_wconf 63' lang='lat' dir='ltr'><strong>,oppresserunt</strong></span> <span class='ocrx_word' id='word_1_412' title='bbox 697 3864 1039 3918; x_wconf 78' lang='lat' dir='ltr'><strong>vindemiant.</strong></span> <span class='ocrx_word' id='word_1_413' title='bbox 1073 3897 1145 3907; x_wconf 92' lang='lat'><strong>-—</strong></span> <span class='ocrx_word' id='word_1_414' title='bbox 1172 3868 1355 3923; x_wconf 88' lang='lat' dir='ltr'><strong>Potest</strong></span> <span class='ocrx_word' id='word_1_415' title='bbox 1380 3871 1493 3940; x_wconf 88' lang='lat' dir='ltr'><strong>agri</strong></span> <span class='ocrx_word' id='word_1_416' title='bbox 1525 3886 1626 3927; x_wconf 89' lang='lat' dir='ltr'><strong>no-</strong></span> 
     </span>
    </p>
   </div>
   <div class='ocr_carea' id='block_1_57' title="bbox 97 3937 1623 4035">
    <p class='ocr_par' dir='ltr' id='par_1_57' title="bbox 97 3937 1623 4035">
     <span class='ocr_line' id='line_1_57' title="bbox 97 3937 1623 4035; baseline 0.016 -41"><span class='ocrx_word' id='word_1_417' title='bbox 97 3937 209 3995; x_wconf 85' lang='lat' dir='ltr'><strong>mine</strong></span> <span class='ocrx_word' id='word_1_418' title='bbox 237 3941 518 4016; x_wconf 66' lang='lat' dir='ltr'><strong>Scriptura:</strong></span> <span class='ocrx_word' id='word_1_419' title='bbox 547 3966 716 4008; x_wconf 60' lang='lat' dir='ltr'><strong>sacra}</strong></span> <span class='ocrx_word' id='word_1_420' title='bbox 743 3952 970 4009; x_wconf 86' lang='lat' dir='ltr'><strong>latitudo</strong></span> <span class='ocrx_word' id='word_1_421' title='bbox 1003 3957 1235 4035; x_wconf 75' lang='lat' dir='ltr'><strong>signari,</strong></span> <span class='ocrx_word' id='word_1_422' title='bbox 1262 3937 1623 4028; x_wconf 33' lang='lat' dir='ltr'><strong>quamvharre-</strong></span> 
     </span>
    </p>
   </div>
   <div class='ocr_carea' id='block_1_58' title="bbox 95 4024 1626 4113">
    <p class='ocr_par' dir='ltr' id='par_1_58' title="bbox 95 4024 1626 4113">
     <span class='ocr_line' id='line_1_58' title="bbox 95 4024 1626 4113; baseline 0.017 -33"><span class='ocrx_word' id='word_1_423' title='bbox 95 4024 165 4081; x_wconf 73' lang='lat' dir='ltr'><strong>tiri</strong></span> <span class='ocrx_word' id='word_1_424' title='bbox 203 4046 296 4087; x_wconf 91' lang='lat' dir='ltr'><strong>non</strong></span> <span class='ocrx_word' id='word_1_425' title='bbox 345 4050 496 4092; x_wconf 88' lang='lat' dir='ltr'><strong>suam</strong></span> <span class='ocrx_word' id='word_1_426' title='bbox 544 4040 865 4108; x_wconf 86' lang='lat' dir='ltr'><strong>demetunt,</strong></span> <span class='ocrx_word' id='word_1_427' title='bbox 920 4024 1167 4113; x_wconf 37' lang='lat' dir='ltr'><strong>quia‘ex</strong></span> <span class='ocrx_word' id='word_1_428' title='bbox 1216 4029 1282 4101; x_wconf 85' lang='lat' dir='ltr'><strong>ea</strong></span> <span class='ocrx_word' id='word_1_429' title='bbox 1327 4050 1626 4106; x_wconf 88' lang='lat' dir='ltr'><strong>sententias</strong></span> 
     </span>
    </p>
   </div>
   <div class='ocr_carea' id='block_1_59' title="bbox 94 4112 1623 4205">
    <p class='ocr_par' dir='ltr' id='par_1_59' title="bbox 94 4112 1623 4205">
     <span class='ocr_line' id='line_1_59' title="bbox 94 4112 1623 4205; baseline 0.016 -35"><span class='ocrx_word' id='word_1_430' title='bbox 94 4112 217 4187; x_wconf 86' lang='lat' dir='ltr'><strong>longe</strong></span> <span class='ocrx_word' id='word_1_431' title='bbox 253 4137 281 4176; x_wconf 87' lang='lat' dir='ltr'><strong>a</strong></span> <span class='ocrx_word' id='word_1_432' title='bbox 328 4127 437 4181; x_wconf 86' lang='lat' dir='ltr'><strong>suis</strong></span> <span class='ocrx_word' id='word_1_433' title='bbox 480 4131 730 4186; x_wconf 87' lang='lat' dir='ltr'><strong>sensibus</strong></span> <span class='ocrx_word' id='word_1_434' title='bbox 758 4132 1001 4190; x_wconf 85' lang='lat' dir='ltr'><strong>diversas</strong></span> <span class='ocrx_word' id='word_1_435' title='bbox 1033 4135 1241 4192; x_wconf 88' lang='lat' dir='ltr'><strong>tollunt.</strong></span> <span class='ocrx_word' id='word_1_436' title='bbox 1291 4137 1421 4205; x_wconf 60' lang='lat' dir='ltr'><strong>Quae</strong></span> <span class='ocrx_word' id='word_1_437' title='bbox 1456 4140 1623 4196; x_wconf 65' lang='lat' dir='ltr'><strong>vineae</strong></span> 
     </span>
    </p>
   </div>
   <div class='ocr_carea' id='block_1_60' title="bbox 95 4215 1623 4297">
    <p class='ocr_par' dir='ltr' id='par_1_60' title="bbox 95 4215 1623 4297">
     <span class='ocr_line' id='line_1_60' title="bbox 95 4215 1623 4297; baseline 0.009 -28"><span class='ocrx_word' id='word_1_438' title='bbox 95 4215 271 4276; x_wconf 71' lang='lat' dir='ltr'><strong>quoque</strong></span> <span class='ocrx_word' id='word_1_439' title='bbox 294 4215 648 4283; x_wconf 89' lang='lat' dir='ltr'><strong>appellatione</strong></span> <span class='ocrx_word' id='word_1_440' title='bbox 680 4222 1027 4290; x_wconf 80' lang='lat' dir='ltr'><strong>exprimitur,</strong></span> <span class='ocrx_word' id='word_1_441' title='bbox 1071 4226 1216 4293; x_wconf 88' lang='lat' dir='ltr'><strong>quia,</strong></span> <span class='ocrx_word' id='word_1_442' title='bbox 1255 4243 1351 4297; x_wconf 91' lang='lat' dir='ltr'><strong>per</strong></span> <span class='ocrx_word' id='word_1_443' title='bbox 1376 4229 1623 4283; x_wconf 88' lang='lat' dir='ltr'><strong>veritatis</strong></span> 
     </span>
    </p>
   </div>
   <div class='ocr_carea' id='block_1_61' title="bbox 95 4303 1622 4387">
    <p class='ocr_par' dir='ltr' id='par_1_61' title="bbox 95 4303 1622 4387">
     <span class='ocr_line' id='line_1_61' title="bbox 95 4303 1622 4387; baseline 0.016 -37"><span class='ocrx_word' id='word_1_444' title='bbox 95 4303 386 4371; x_wconf 75' lang='lat' dir='ltr'><strong>sententias,</strong></span> <span class='ocrx_word' id='word_1_445' title='bbox 434 4308 621 4365; x_wconf 82' lang='lat' dir='ltr'><strong>botros</strong></span> <span class='ocrx_word' id='word_1_446' title='bbox 660 4313 920 4367; x_wconf 89' lang='lat' dir='ltr'><strong>virtutum</strong></span> <span class='ocrx_word' id='word_1_447' title='bbox 967 4315 1193 4384; x_wconf 85' lang='lat' dir='ltr'><strong>profert.</strong></span> <span class='ocrx_word' id='word_1_448' title='bbox 1245 4317 1412 4387; x_wconf 87' lang='lat' dir='ltr'><strong>Cujus</strong></span> <span class='ocrx_word' id='word_1_449' title='bbox 1452 4320 1622 4375; x_wconf 80' lang='lat' dir='ltr'><strong>vineae</strong></span> 
     </span>
    </p>
   </div>
   <div class='ocr_carea' id='block_1_62' title="bbox 96 4388 1619 4480">
    <p class='ocr_par' dir='ltr' id='par_1_62' title="bbox 96 4388 1619 4480">
     <span class='ocr_line' id='line_1_62' title="bbox 96 4388 1619 4480; baseline 0.018 -43"><span class='ocrx_word' id='word_1_450' title='bbox 96 4388 259 4454; x_wconf 84' lang='lat' dir='ltr'><strong>tamen,</strong></span> <span class='ocrx_word' id='word_1_451' title='bbox 287 4394 334 4449; x_wconf 93' lang='lat' dir='ltr'><strong>id</strong></span> <span class='ocrx_word' id='word_1_452' title='bbox 361 4406 445 4452; x_wconf 91' lang='lat' dir='ltr'><strong>est</strong></span> <span class='ocrx_word' id='word_1_453' title='bbox 493 4398 784 4470; x_wconf 85' lang='lat' dir='ltr'><strong>Scripturae</strong></span> <span class='ocrx_word' id='word_1_454' title='bbox 831 4419 1001 4459; x_wconf 69' lang='lat' dir='ltr'><strong>sacrae</strong></span> <span class='ocrx_word' id='word_1_455' title='bbox 1025 4447 1041 4472; x_wconf 90' lang='lat'><strong>,</strong></span> <span class='ocrx_word' id='word_1_456' title='bbox 1087 4406 1435 4464; x_wconf 85' lang='lat' dir='ltr'><strong>Conditorem</strong></span> <span class='ocrx_word' id='word_1_457' title='bbox 1465 4412 1619 4480; x_wconf 90' lang='lat' dir='ltr'><strong>quasi</strong></span> 
     </span>
    </p>
   </div>
   <div class='ocr_carea' id='block_1_63' title="bbox 92 4471 1696 4560">
    <p class='ocr_par' dir='ltr' id='par_1_63' title="bbox 92 4471 1696 4560">
     <span class='ocr_line' id='line_1_63' title="bbox 92 4471 1696 4560; baseline 0.013 -26"><span class='ocrx_word' id='word_1_458' title='bbox 92 4471 131 4524; x_wconf 66' lang='lat' dir='ltr'><strong>Vi</strong></span> <span class='ocrx_word' id='word_1_459' title='bbox 150 4481 450 4552; x_wconf 82' lang='lat' dir='ltr'><strong>opprimunt,</strong></span> <span class='ocrx_word' id='word_1_460' title='bbox 480 4488 605 4557; x_wconf 87' lang='lat' dir='ltr'><strong>quia</strong></span> <span class='ocrx_word' id='word_1_461' title='bbox 634 4490 751 4560; x_wconf 88' lang='lat' dir='ltr'><strong>ejus</strong></span> <span class='ocrx_word' id='word_1_462' title='bbox 780 4507 995 4548; x_wconf 90' lang='lat' dir='ltr'><strong>sensum</strong></span> <span class='ocrx_word' id='word_1_463' title='bbox 1045 4494 1099 4549; x_wconf 90' lang='lat' dir='ltr'><strong>in</strong></span> <span class='ocrx_word' id='word_1_464' title='bbox 1137 4498 1301 4551; x_wconf 88' lang='lat' dir='ltr'><strong>verba</strong></span> <span class='ocrx_word' id='word_1_465' title='bbox 1327 4498 1467 4552; x_wconf 91' lang='lat' dir='ltr'><strong>sacri</strong></span> <span class='ocrx_word' id='word_1_466' title='bbox 1511 4499 1620 4555; x_wconf 89' lang='lat' dir='ltr'><strong>elo-</strong></span> <span class='ocrx_word' id='word_1_467' title='bbox 1645 4497 1696 4555; x_wconf 91' lang='lat' dir='ltr'>D</span> 
     </span>
    </p>
   </div>
   <div class='ocr_carea' id='block_1_64' title="bbox 92 4564 1619 4652">
    <p class='ocr_par' dir='ltr' id='par_1_64' title="bbox 92 4564 1619 4652">
     <span class='ocr_line' id='line_1_64' title="bbox 92 4564 1619 4652; baseline 0.018 -35"><span class='ocrx_word' id='word_1_468' title='bbox 92 4564 179 4652; x_wconf 79' lang='lat' dir='ltr'><strong>quii</strong></span> <span class='ocrx_word' id='word_1_469' title='bbox 207 4567 461 4632; x_wconf 80' lang='lat' dir='ltr'><strong>inﬂectere</strong></span> <span class='ocrx_word' id='word_1_470' title='bbox 490 4579 749 4635; x_wconf 86' lang='lat' dir='ltr'><strong>violenter</strong></span> <span class='ocrx_word' id='word_1_471' title='bbox 776 4593 1063 4638; x_wconf 87' lang='lat' dir='ltr'><strong>conantur.</strong></span> <span class='ocrx_word' id='word_1_472' title='bbox 1095 4585 1195 4652; x_wconf 87' lang='lat' dir='ltr'><strong>Qui</strong></span> <span class='ocrx_word' id='word_1_473' title='bbox 1229 4587 1364 4642; x_wconf 87' lang='lat' dir='ltr'><strong>dicit</strong></span> <span class='ocrx_word' id='word_1_474' title='bbox 1390 4606 1404 4643; x_wconf 90' lang='lat'>:</span> <span class='ocrx_word' id='word_1_475' title='bbox 1441 4607 1460 4640; x_wconf 69' lang='grc' dir='ltr'><strong><em>ι</em></strong></span> <span class='ocrx_word' id='word_1_476' title='bbox 1489 4588 1619 4645; x_wconf 78' lang='lat' dir='ltr'><strong>Ser-</strong></span> 
     </span>
    </p>
   </div>
   <div class='ocr_carea' id='block_1_65' title="bbox 91 4650 1616 4744">
    <p class='ocr_par' dir='ltr' id='par_1_65' title="bbox 91 4650 1616 4744">
     <span class='ocr_line' id='line_1_65' title="bbox 91 4650 1616 4744; baseline 0.016 -33"><span class='ocrx_word' id='word_1_477' title='bbox 91 4650 180 4744; x_wconf 53' lang='lat' dir='ltr'><strong>fire</strong></span> <span class='ocrx_word' id='word_1_478' title='bbox 205 4673 280 4713; x_wconf 88' lang='lat' dir='ltr'><strong>me</strong></span> <span class='ocrx_word' id='word_1_479' title='bbox 314 4662 491 4720; x_wconf 81' lang='lat' dir='ltr'><strong>fecisti</strong></span> <span class='ocrx_word' id='word_1_480' title='bbox 534 4668 588 4723; x_wconf 91' lang='lat' dir='ltr'><strong>in</strong></span> <span class='ocrx_word' id='word_1_481' title='bbox 618 4673 855 4740; x_wconf 91' lang='lat' dir='ltr'><strong>peccatis</strong></span> <span class='ocrx_word' id='word_1_482' title='bbox 893 4674 1018 4737; x_wconf 92' lang='lat' dir='ltr'><strong>tuis,</strong></span> <span class='ocrx_word' id='word_1_483' title='bbox 1050 4650 1325 4744; x_wconf 67' lang='lat' dir='ltr'><strong>praibuisli</strong></span> <span class='ocrx_word' id='word_1_484' title='bbox 1370 4680 1501 4735; x_wconf 90' lang='lat' dir='ltr'><strong>mihi</strong></span> <span class='ocrx_word' id='word_1_485' title='bbox 1533 4682 1616 4736; x_wconf 87' lang='lat' dir='ltr'><strong>la-</strong></span> 
     </span>
    </p>
   </div>
   <div class='ocr_carea' id='block_1_66' title="bbox 93 4738 1616 4838">
    <p class='ocr_par' dir='ltr' id='par_1_66' title="bbox 93 4738 1616 4838">
     <span class='ocr_line' id='line_1_66' title="bbox 93 4738 1616 4838; baseline 0.017 -40"><span class='ocrx_word' id='word_1_486' title='bbox 93 4738 242 4801; x_wconf 82' lang='lat' dir='ltr'><strong>borem</strong></span> <span class='ocrx_word' id='word_1_487' title='bbox 283 4750 334 4806; x_wconf 93' lang='lat' dir='ltr'><strong>in</strong></span> <span class='ocrx_word' id='word_1_488' title='bbox 377 4738 744 4824; x_wconf 61' lang='lat' dir='ltr'><strong>iniquitatibus</strong></span> <span class='ocrx_word' id='word_1_489' title='bbox 793 4763 901 4817; x_wconf 90' lang='lat' dir='ltr'><strong>tuis</strong></span> <span class='ocrx_word' id='word_1_490' title='bbox 952 4738 1087 4832; x_wconf 71' lang='grc' dir='ltr'><strong>(ιειὲ.</strong></span> <span class='ocrx_word' id='word_1_491' title='bbox 1137 4781 1289 4829; x_wconf 71' lang='lat' dir='ltr'><strong>xum,</strong></span> <span class='ocrx_word' id='word_1_492' title='bbox 1344 4767 1455 4838; x_wconf 72' lang='lat' dir='ltr'><strong>at),</strong></span> <span class='ocrx_word' id='word_1_493' title='bbox 1489 4789 1506 4820; x_wconf 74' lang='grc' dir='ltr'><strong><em>ι</em></strong></span> <span class='ocrx_word' id='word_1_494' title='bbox 1560 4778 1616 4826; x_wconf 81' lang='lat' dir='ltr'><strong>et</strong></span> 
     </span>
    </p>
   </div>
   <div class='ocr_carea' id='block_1_67' title="bbox 92 4837 1614 4925">
    <p class='ocr_par' dir='ltr' id='par_1_67' title="bbox 92 4837 1614 4925">
     <span class='ocr_line' id='line_1_67' title="bbox 92 4837 1614 4925; baseline 0.018 -35"><span class='ocrx_word' id='word_1_495' title='bbox 92 4837 295 4893; x_wconf 69' lang='lat' dir='ltr'><strong>eamdem</strong></span> <span class='ocrx_word' id='word_1_496' title='bbox 339 4844 549 4902; x_wconf 88' lang='lat' dir='ltr'><strong>vineam</strong></span> <span class='ocrx_word' id='word_1_497' title='bbox 599 4851 961 4921; x_wconf 86' lang='lat' dir='ltr'><strong>vindemiant,</strong></span> <span class='ocrx_word' id='word_1_498' title='bbox 998 4858 1088 4925; x_wconf 88' lang='lat' dir='ltr'><strong>qui</strong></span> <span class='ocrx_word' id='word_1_499' title='bbox 1123 4873 1190 4912; x_wconf 81' lang='lat' dir='ltr'><strong>ex</strong></span> <span class='ocrx_word' id='word_1_500' title='bbox 1221 4874 1283 4913; x_wconf 90' lang='lat' dir='ltr'><strong>ea</strong></span> <span class='ocrx_word' id='word_1_501' title='bbox 1323 4864 1614 4917; x_wconf 85' lang='lat' dir='ltr'><strong>sententia-</strong></span> 
     </span>
    </p>
   </div>
   <div class='ocr_carea' id='block_1_68' title="bbox 93 4925 1613 5015">
    <p class='ocr_par' dir='ltr' id='par_1_68' title="bbox 93 4925 1613 5015">
     <span class='ocr_line' id='line_1_68' title="bbox 93 4925 1613 5015; baseline 0.02 -37"><span class='ocrx_word' id='word_1_502' title='bbox 93 4930 186 4975; x_wconf 76' lang='lat' dir='ltr'><strong>I&#39;nm</strong></span> <span class='ocrx_word' id='word_1_503' title='bbox 206 4925 372 4986; x_wconf 87' lang='lat' dir='ltr'><strong>botros</strong></span> <span class='ocrx_word' id='word_1_504' title='bbox 397 4949 493 5005; x_wconf 84' lang='lat' dir='ltr'><strong>pro</strong></span> <span class='ocrx_word' id='word_1_505' title='bbox 513 4952 620 4994; x_wconf 73' lang='lat' dir='ltr'><strong>suze</strong></span> <span class='ocrx_word' id='word_1_506' title='bbox 649 4940 1013 5013; x_wconf 80' lang='lat' dir='ltr'><strong>intelligentiae</strong></span> <span class='ocrx_word' id='word_1_507' title='bbox 1038 4946 1372 5015; x_wconf 78' lang='lat' dir='ltr'><strong>professione</strong></span> <span class='ocrx_word' id='word_1_508' title='bbox 1397 4966 1613 5008; x_wconf 86' lang='lat' dir='ltr'><strong>coacer-</strong></span> 
     </span>
    </p>
   </div>
   <div class='ocr_carea' id='block_1_69' title="bbox 92 5016 1610 5098">
    <p class='ocr_par' dir='ltr' id='par_1_69' title="bbox 92 5016 1610 5098">
     <span class='ocr_line' id='line_1_69' title="bbox 92 5016 1610 5098; baseline 0.023 -35"><span class='ocrx_word' id='word_1_509' title='bbox 92 5020 209 5069; x_wconf 73' lang='lat' dir='ltr'><strong>vant.</strong></span> <span class='ocrx_word' id='word_1_510' title='bbox 234 5016 405 5077; x_wconf 90' lang='lat' dir='ltr'><strong>Potest</strong></span> <span class='ocrx_word' id='word_1_511' title='bbox 426 5027 538 5095; x_wconf 86' lang='lat' dir='ltr'><strong>agri</strong></span> <span class='ocrx_word' id='word_1_512' title='bbox 558 5029 641 5084; x_wconf 88' lang='lat' dir='ltr'><strong>vel</strong></span> <span class='ocrx_word' id='word_1_513' title='bbox 669 5031 834 5087; x_wconf 66' lang='lat' dir='ltr'><strong>vineae</strong></span> <span class='ocrx_word' id='word_1_514' title='bbox 858 5036 1074 5093; x_wconf 88' lang='lat' dir='ltr'><strong>nomine</strong></span> <span class='ocrx_word' id='word_1_515' title='bbox 1098 5039 1349 5092; x_wconf 87' lang='lat' dir='ltr'><strong>universa</strong></span> <span class='ocrx_word' id='word_1_516' title='bbox 1373 5040 1610 5098; x_wconf 86' lang='lat' dir='ltr'><strong>Ecclesia</strong></span> 
     </span>
    </p>
   </div>
   <div class='ocr_carea' id='block_1_70' title="bbox 93 5099 1611 5190">
    <p class='ocr_par' dir='ltr' id='par_1_70' title="bbox 93 5099 1611 5190">
     <span class='ocr_line' id='line_1_70' title="bbox 93 5099 1611 5190; baseline 0.023 -34"><span class='ocrx_word' id='word_1_517' title='bbox 93 5099 274 5172; x_wconf 64' lang='lat' dir='ltr'><strong>tignari,</strong></span> <span class='ocrx_word' id='word_1_518' title='bbox 299 5127 454 5181; x_wconf 85' lang='lat' dir='ltr'><strong>quam</strong></span> <span class='ocrx_word' id='word_1_519' title='bbox 478 5122 717 5186; x_wconf 88' lang='lat' dir='ltr'><strong>perversi</strong></span> <span class='ocrx_word' id='word_1_520' title='bbox 746 5122 998 5181; x_wconf 87' lang='lat' dir='ltr'><strong>doctores</strong></span> <span class='ocrx_word' id='word_1_521' title='bbox 1019 5127 1318 5190; x_wconf 90' lang='lat' dir='ltr'><strong>demetunt,</strong></span> <span class='ocrx_word' id='word_1_522' title='bbox 1339 5138 1395 5183; x_wconf 91' lang='lat' dir='ltr'><strong>et</strong></span> <span class='ocrx_word' id='word_1_523' title='bbox 1429 5143 1611 5190; x_wconf 85' lang='lat' dir='ltr'><strong>aucto-</strong></span> 
     </span>
    </p>
   </div>
   <div class='ocr_carea' id='block_1_71' title="bbox 93 5198 1605 5287">
    <p class='ocr_par' dir='ltr' id='par_1_71' title="bbox 93 5198 1605 5287">
     <span class='ocr_line' id='line_1_71' title="bbox 93 5198 1605 5287; baseline 0.025 -45"><span class='ocrx_word' id='word_1_524' title='bbox 93 5204 182 5247; x_wconf 82' lang='lat' dir='ltr'><strong>rem</strong></span> <span class='ocrx_word' id='word_1_525' title='bbox 205 5198 308 5266; x_wconf 88' lang='lat' dir='ltr'><strong>ejus</strong></span> <span class='ocrx_word' id='word_1_526' title='bbox 334 5205 383 5259; x_wconf 92' lang='lat' dir='ltr'><strong>in</strong></span> <span class='ocrx_word' id='word_1_527' title='bbox 432 5212 685 5267; x_wconf 89' lang='lat' dir='ltr'><strong>membris</strong></span> <span class='ocrx_word' id='word_1_528' title='bbox 720 5214 834 5269; x_wconf 89' lang='lat' dir='ltr'><strong>suis</strong></span> <span class='ocrx_word' id='word_1_529' title='bbox 879 5218 1227 5285; x_wconf 88' lang='lat' dir='ltr'><strong>opprimendo</strong></span> <span class='ocrx_word' id='word_1_530' title='bbox 1258 5218 1605 5287; x_wconf 83' lang='lat' dir='ltr'><strong>vindemiant.</strong></span> 
     </span>
    </p>
   </div>
   <div class='ocr_carea' id='block_1_72' title="bbox 90 5282 1603 5377">
    <p class='ocr_par' dir='ltr' id='par_1_72' title="bbox 90 5282 1603 5377">
     <span class='ocr_line' id='line_1_72' title="bbox 90 5282 1603 5377; baseline 0.015 -30"><span class='ocrx_word' id='word_1_531' title='bbox 90 5282 189 5347; x_wconf 59' lang='lat' dir='ltr'><strong>‘luia</strong></span> <span class='ocrx_word' id='word_1_532' title='bbox 229 5287 487 5350; x_wconf 87' lang='lat' dir='ltr'><strong>Creatoris</strong></span> <span class='ocrx_word' id='word_1_533' title='bbox 533 5302 703 5357; x_wconf 90' lang='lat' dir='ltr'><strong>nostri</strong></span> <span class='ocrx_word' id='word_1_534' title='bbox 740 5282 969 5373; x_wconf 79' lang='lat' dir='ltr'><strong>gratiam</strong></span> <span class='ocrx_word' id='word_1_535' title='bbox 1015 5318 1432 5377; x_wconf 84' lang='lat' dir='ltr'><strong>persequentes,</strong></span> <span class='ocrx_word' id='word_1_536' title='bbox 1479 5314 1603 5369; x_wconf 90' lang='lat' dir='ltr'><strong>dum</strong></span> 
     </span>
    </p>
   </div>
   <div class='ocr_carea' id='block_1_73' title="bbox 118 5385 195 5398">
    <p class='ocr_par' dir='ltr' id='par_1_73' title="bbox 118 5385 195 5398">
     <span class='ocr_line' id='line_1_73' title="bbox 118 5385 195 5398; baseline 0 0"><span class='ocrx_word' id='word_1_537' title='bbox 118 5385 195 5398; x_wconf 64' lang='lat' dir='ltr'><strong>nn-</strong></span> 
     </span>
    </p>
   </div>
   <div class='ocr_carea' id='block_1_74' title="bbox 1748 1912 3323 2001">
    <p class='ocr_par' dir='ltr' id='par_1_74' title="bbox 1748 1912 3323 2001">
     <span class='ocr_line' id='line_1_74' title="bbox 1748 1912 3323 2001; baseline 0.015 -39"><span class='ocrx_word' id='word_1_538' title='bbox 1748 1912 2069 1968; x_wconf 84' lang='lat' dir='ltr'><strong>vestimenta</strong></span> <span class='ocrx_word' id='word_1_539' title='bbox 2104 1917 2346 1985; x_wconf 88' lang='lat' dir='ltr'><strong>operatio</strong></span> <span class='ocrx_word' id='word_1_540' title='bbox 2377 1919 2663 1990; x_wconf 87' lang='lat' dir='ltr'><strong>designari.</strong></span> <span class='ocrx_word' id='word_1_541' title='bbox 2706 1923 2772 1977; x_wconf 90' lang='lat' dir='ltr'><strong>Et</strong></span> <span class='ocrx_word' id='word_1_542' title='bbox 2800 1934 2925 1979; x_wconf 91' lang='lat' dir='ltr'><strong>sunt</strong></span> <span class='ocrx_word' id='word_1_543' title='bbox 2963 1927 3205 1998; x_wconf 88' lang='lat' dir='ltr'><strong>plerique</strong></span> <span class='ocrx_word' id='word_1_544' title='bbox 3230 1933 3323 2001; x_wconf 91' lang='lat' dir='ltr'><strong>qui</strong></span> 
     </span>
    </p>
   </div>
   <div class='ocr_carea' id='block_1_75' title="bbox 1744 2002 3319 2082">
    <p class='ocr_par' dir='ltr' id='par_1_75' title="bbox 1744 2002 3319 2082">
     <span class='ocr_line' id='line_1_75' title="bbox 1744 2002 3319 2082; baseline 0.015 -26"><span class='ocrx_word' id='word_1_545' title='bbox 1744 2002 1921 2058; x_wconf 89' lang='lat' dir='ltr'><strong>adhuc</strong></span> <span class='ocrx_word' id='word_1_546' title='bbox 1961 2008 2230 2075; x_wconf 87' lang='lat' dir='ltr'><strong>perversis</strong></span> <span class='ocrx_word' id='word_1_547' title='bbox 2258 2008 2543 2067; x_wconf 87' lang='lat' dir='ltr'><strong>desideriis</strong></span> <span class='ocrx_word' id='word_1_548' title='bbox 2572 2023 2806 2070; x_wconf 66' lang='lat' dir='ltr'><strong>aestuant</strong></span> <span class='ocrx_word' id='word_1_549' title='bbox 2831 2058 2845 2082; x_wconf 95' lang='lat'><strong>,</strong></span> <span class='ocrx_word' id='word_1_550' title='bbox 2895 2020 2987 2073; x_wconf 91' lang='lat' dir='ltr'><strong>sed</strong></span> <span class='ocrx_word' id='word_1_551' title='bbox 3031 2031 3218 2076; x_wconf 89' lang='lat' dir='ltr'><strong>contra</strong></span> <span class='ocrx_word' id='word_1_552' title='bbox 3261 2038 3319 2080; x_wconf 80' lang='lat' dir='ltr'><strong>se</strong></span> 
     </span>
    </p>
   </div>
   <div class='ocr_carea' id='block_1_76' title="bbox 1742 2095 3322 2184">
    <p class='ocr_par' dir='ltr' id='par_1_76' title="bbox 1742 2095 3322 2184">
     <span class='ocr_line' id='line_1_76' title="bbox 1742 2095 3322 2184; baseline 0.013 -35"><span class='ocrx_word' id='word_1_553' title='bbox 1742 2095 2058 2164; x_wconf 84' lang='lat' dir='ltr'><strong>spiritaliter</strong></span> <span class='ocrx_word' id='word_1_554' title='bbox 2101 2099 2443 2157; x_wconf 88' lang='lat' dir='ltr'><strong>decertantes</strong></span> <span class='ocrx_word' id='word_1_555' title='bbox 2472 2142 2488 2168; x_wconf 94' lang='lat'><strong>,</strong></span> <span class='ocrx_word' id='word_1_556' title='bbox 2538 2105 2703 2159; x_wconf 87' lang='lat' dir='ltr'><strong>rectis</strong></span> <span class='ocrx_word' id='word_1_557' title='bbox 2740 2108 2840 2162; x_wconf 90' lang='lat' dir='ltr'><strong>sibi</strong></span> <span class='ocrx_word' id='word_1_558' title='bbox 2881 2112 3133 2179; x_wconf 85' lang='lat' dir='ltr'><strong>operibus</strong></span> <span class='ocrx_word' id='word_1_559' title='bbox 3163 2128 3322 2184; x_wconf 86' lang='lat' dir='ltr'><strong>repu-</strong></span> 
     </span>
    </p>
   </div>
   <div class='ocr_carea' id='block_1_77' title="bbox 1740 2188 3317 2271">
    <p class='ocr_par' dir='ltr' id='par_1_77' title="bbox 1740 2188 3317 2271">
     <span class='ocr_line' id='line_1_77' title="bbox 1740 2188 3317 2271; baseline 0.016 -34"><span class='ocrx_word' id='word_1_560' title='bbox 1740 2195 1933 2256; x_wconf 85' lang='lat' dir='ltr'><strong>gnant,</strong></span> <span class='ocrx_word' id='word_1_561' title='bbox 1960 2197 2017 2242; x_wconf 93' lang='lat' dir='ltr'><strong>et</strong></span> <span class='ocrx_word' id='word_1_562' title='bbox 2057 2188 2212 2245; x_wconf 90' lang='lat' dir='ltr'><strong>bonis</strong></span> <span class='ocrx_word' id='word_1_563' title='bbox 2253 2193 2465 2249; x_wconf 87' lang='lat' dir='ltr'><strong>actibus</strong></span> <span class='ocrx_word' id='word_1_564' title='bbox 2494 2206 2682 2265; x_wconf 84' lang='lat' dir='ltr'><strong>tegunt</strong></span> <span class='ocrx_word' id='word_1_565' title='bbox 2725 2199 2827 2254; x_wconf 90' lang='lat' dir='ltr'><strong>hoc</strong></span> <span class='ocrx_word' id='word_1_566' title='bbox 2852 2201 2999 2271; x_wconf 77' lang='lat' dir='ltr'><strong>&#39;quod</strong></span> <span class='ocrx_word' id='word_1_567' title='bbox 3040 2206 3317 2262; x_wconf 88' lang='lat' dir='ltr'><strong>sinistrum</strong></span> 
     </span>
    </p>
   </div>
   <div class='ocr_carea' id='block_1_78' title="bbox 1742 2275 3319 2366">
    <p class='ocr_par' dir='ltr' id='par_1_78' title="bbox 1742 2275 3319 2366">
     <span class='ocr_line' id='line_1_78' title="bbox 1742 2275 3319 2366; baseline 0.013 -35"><span class='ocrx_word' id='word_1_568' title='bbox 1742 2275 1846 2331; x_wconf 85' lang='lat' dir='ltr'><strong>sibi</strong></span> <span class='ocrx_word' id='word_1_569' title='bbox 1881 2278 2147 2334; x_wconf 84' lang='lat' dir='ltr'><strong>resultare</strong></span> <span class='ocrx_word' id='word_1_570' title='bbox 2185 2295 2283 2348; x_wconf 91' lang='lat' dir='ltr'><strong>per</strong></span> <span class='ocrx_word' id='word_1_571' title='bbox 2323 2285 2671 2340; x_wconf 88' lang='lat' dir='ltr'><strong>tentatiouem</strong></span> <span class='ocrx_word' id='word_1_572' title='bbox 2722 2289 2979 2345; x_wconf 88' lang='lat' dir='ltr'><strong>sentiunt.</strong></span> <span class='ocrx_word' id='word_1_573' title='bbox 3031 2292 3095 2348; x_wconf 80' lang='lat' dir='ltr'><strong>lli</strong></span> <span class='ocrx_word' id='word_1_574' title='bbox 3138 2296 3319 2366; x_wconf 88' lang='lat' dir='ltr'><strong>itaque</strong></span> 
     </span>
    </p>
   </div>
   <div class='ocr_carea' id='block_1_79' title="bbox 1742 2362 3313 2445">
    <p class='ocr_par' dir='ltr' id='par_1_79' title="bbox 1742 2362 3313 2445">
     <span class='ocr_line' id='line_1_79' title="bbox 1742 2362 3313 2445; baseline 0.013 -28"><span class='ocrx_word' id='word_1_575' title='bbox 1742 2364 1885 2419; x_wconf 84' lang='lat' dir='ltr'><strong>unde</strong></span> <span class='ocrx_word' id='word_1_576' title='bbox 1924 2362 2062 2421; x_wconf 83' lang='lat' dir='ltr'><strong>mala</strong></span> <span class='ocrx_word' id='word_1_577' title='bbox 2103 2368 2449 2435; x_wconf 88' lang='lat' dir='ltr'><strong>desiderant,</strong></span> <span class='ocrx_word' id='word_1_578' title='bbox 2497 2373 2620 2428; x_wconf 90' lang='lat' dir='ltr'><strong>inde</strong></span> <span class='ocrx_word' id='word_1_579' title='bbox 2664 2376 2884 2445; x_wconf 87' lang='lat' dir='ltr'><strong>algent;</strong></span> <span class='ocrx_word' id='word_1_580' title='bbox 2939 2381 3080 2435; x_wconf 91' lang='lat' dir='ltr'><strong>unde</strong></span> <span class='ocrx_word' id='word_1_581' title='bbox 3135 2393 3313 2438; x_wconf 88' lang='lat' dir='ltr'><strong>autem</strong></span> 
     </span>
    </p>
   </div>
   <div class='ocr_carea' id='block_1_80' title="bbox 1741 2454 3314 2529">
    <p class='ocr_par' dir='ltr' id='par_1_80' title="bbox 1741 2454 3314 2529">
     <span class='ocr_line' id='line_1_80' title="bbox 1741 2454 3314 2529; baseline 0.011 -21"><span class='ocrx_word' id='word_1_582' title='bbox 1741 2454 1881 2509; x_wconf 91' lang='lat' dir='ltr'><strong>bona</strong></span> <span class='ocrx_word' id='word_1_583' title='bbox 1902 2466 2215 2526; x_wconf 88' lang='lat' dir='ltr'><strong>operantur.</strong></span> <span class='ocrx_word' id='word_1_584' title='bbox 2242 2459 2365 2515; x_wconf 91' lang='lat' dir='ltr'><strong>inde</strong></span> <span class='ocrx_word' id='word_1_585' title='bbox 2391 2463 2567 2517; x_wconf 87' lang='lat' dir='ltr'><strong>vestiti</strong></span> <span class='ocrx_word' id='word_1_586' title='bbox 2597 2475 2742 2519; x_wconf 89' lang='lat' dir='ltr'><strong>sunt.</strong></span> <span class='ocrx_word' id='word_1_587' title='bbox 2769 2465 2900 2521; x_wconf 87' lang='lat' dir='ltr'><strong>Cum</strong></span> <span class='ocrx_word' id='word_1_588' title='bbox 2930 2484 3057 2525; x_wconf 84' lang='lat' dir='ltr'><strong>vero</strong></span> <span class='ocrx_word' id='word_1_589' title='bbox 3077 2472 3314 2529; x_wconf 72' lang='lat' dir='ltr'><strong>hmrelici</strong></span> 
     </span>
    </p>
   </div>
   <div class='ocr_carea' id='block_1_81' title="bbox 1724 2547 3319 2627">
    <p class='ocr_par' dir='ltr' id='par_1_81' title="bbox 1724 2547 3319 2627">
     <span class='ocr_line' id='line_1_81' title="bbox 1724 2547 3319 2627; baseline 0.013 -31"><span class='ocrx_word' id='word_1_590' title='bbox 1724 2547 2012 2612; x_wconf 83' lang='lat' dir='ltr'><strong>perversis</strong></span> <span class='ocrx_word' id='word_1_591' title='bbox 2042 2547 2449 2617; x_wconf 85' lang='lat' dir='ltr'><strong>allegationibus</strong></span> <span class='ocrx_word' id='word_1_592' title='bbox 2478 2562 2641 2607; x_wconf 79' lang='lat' dir='ltr'><strong>rectae</strong></span> <span class='ocrx_word' id='word_1_593' title='bbox 2664 2553 2784 2609; x_wconf 83' lang='lat' dir='ltr'><strong>ﬁdei</strong></span> <span class='ocrx_word' id='word_1_594' title='bbox 2816 2557 2894 2611; x_wconf 90' lang='lat' dir='ltr'><strong>eis</strong></span> <span class='ocrx_word' id='word_1_595' title='bbox 2915 2574 3074 2627; x_wconf 86' lang='lat' dir='ltr'><strong>opera</strong></span> <span class='ocrx_word' id='word_1_596' title='bbox 3107 2564 3319 2617; x_wconf 74' lang='lat' dir='ltr'><strong>subtra-</strong></span> 
     </span>
    </p>
   </div>
   <div class='ocr_carea' id='block_1_82' title="bbox 1741 2634 3313 2714">
    <p class='ocr_par' dir='ltr' id='par_1_82' title="bbox 1741 2634 3313 2714">
     <span class='ocr_line' id='line_1_82' title="bbox 1741 2634 3313 2714; baseline 0.014 -27"><span class='ocrx_word' id='word_1_597' title='bbox 1741 2634 1900 2697; x_wconf 89' lang='lat' dir='ltr'><strong>hunt,</strong></span> <span class='ocrx_word' id='word_1_598' title='bbox 1927 2636 2053 2705; x_wconf 90' lang='lat' dir='ltr'><strong>quid</strong></span> <span class='ocrx_word' id='word_1_599' title='bbox 2077 2648 2243 2708; x_wconf 88' lang='lat' dir='ltr'><strong>agunt</strong></span> <span class='ocrx_word' id='word_1_600' title='bbox 2277 2640 2378 2695; x_wconf 92' lang='lat' dir='ltr'><strong>nisi</strong></span> <span class='ocrx_word' id='word_1_601' title='bbox 2408 2651 2464 2696; x_wconf 91' lang='lat' dir='ltr'><strong>ut</strong></span> <span class='ocrx_word' id='word_1_602' title='bbox 2491 2643 2545 2697; x_wconf 90' lang='lat' dir='ltr'><strong>hi</strong></span> <span class='ocrx_word' id='word_1_603' title='bbox 2581 2644 2669 2714; x_wconf 87' lang='lat' dir='ltr'><strong>qui</strong></span> <span class='ocrx_word' id='word_1_604' title='bbox 2713 2647 2887 2702; x_wconf 89' lang='lat' dir='ltr'><strong>adhuc</strong></span> <span class='ocrx_word' id='word_1_605' title='bbox 2926 2649 3313 2709; x_wconf 87' lang='lat' dir='ltr'><strong>desideriorum</strong></span> 
     </span>
    </p>
   </div>
   <div class='ocr_carea' id='block_1_83' title="bbox 1739 2724 3312 2801">
    <p class='ocr_par' dir='ltr' id='par_1_83' title="bbox 1739 2724 3312 2801">
     <span class='ocr_line' id='line_1_83' title="bbox 1739 2724 3312 2801; baseline 0.016 -25"><span class='ocrx_word' id='word_1_606' title='bbox 1739 2724 2037 2780; x_wconf 85' lang='lat' dir='ltr'><strong>carnalium</strong></span> <span class='ocrx_word' id='word_1_607' title='bbox 2099 2727 2297 2799; x_wconf 86' lang='lat' dir='ltr'><strong>frigora</strong></span> <span class='ocrx_word' id='word_1_608' title='bbox 2332 2732 2588 2798; x_wconf 86' lang='lat' dir='ltr'><strong>sentiunt,</strong></span> <span class='ocrx_word' id='word_1_609' title='bbox 2637 2735 2753 2791; x_wconf 91' lang='lat' dir='ltr'><strong>sine</strong></span> <span class='ocrx_word' id='word_1_610' title='bbox 2782 2738 3043 2795; x_wconf 91' lang='lat' dir='ltr'><strong>bonorum</strong></span> <span class='ocrx_word' id='word_1_611' title='bbox 3091 2752 3312 2801; x_wconf 88' lang='lat' dir='ltr'><strong>actuum</strong></span> 
     </span>
    </p>
   </div>
   <div class='ocr_carea' id='block_1_84' title="bbox 1738 2814 2756 2893">
    <p class='ocr_par' dir='ltr' id='par_1_84' title="bbox 1738 2814 2756 2893">
     <span class='ocr_line' id='line_1_84' title="bbox 1738 2814 2756 2893; baseline 0.015 -28"><span class='ocrx_word' id='word_1_612' title='bbox 1738 2814 2062 2871; x_wconf 91' lang='lat' dir='ltr'><strong>vestimento</strong></span> <span class='ocrx_word' id='word_1_613' title='bbox 2085 2820 2427 2875; x_wconf 86' lang='lat' dir='ltr'><strong>moriantur?</strong></span> <span class='ocrx_word' id='word_1_614' title='bbox 2456 2821 2713 2893; x_wconf 78' lang='lat' dir='ltr'><strong>Sequitur</strong></span> <span class='ocrx_word' id='word_1_615' title='bbox 2742 2844 2756 2881; x_wconf 92' lang='lat'><strong>:</strong></span> 
     </span>
    </p>
   </div>
   <div class='ocr_carea' id='block_1_85' title="bbox 1808 2904 3317 2991">
    <p class='ocr_par' dir='ltr' id='par_1_85' title="bbox 1808 2904 3317 2991">
     <span class='ocr_line' id='line_1_85' title="bbox 1808 2904 3317 2991; baseline 0.017 -33"><span class='ocrx_word' id='word_1_616' title='bbox 1808 2904 1972 2961; x_wconf 76' lang='lat' dir='ltr'><strong>Vens.</strong></span> <span class='ocrx_word' id='word_1_617' title='bbox 2019 2907 2073 2961; x_wconf 91' lang='lat'><strong>8.</strong></span> <span class='ocrx_word' id='word_1_618' title='bbox 2115 2907 2259 2973; x_wconf 82' lang='lat' dir='ltr'><strong>Quos</strong></span> <span class='ocrx_word' id='word_1_619' title='bbox 2310 2912 2499 2967; x_wconf 84' lang='lat' dir='ltr'><strong>imbres</strong></span> <span class='ocrx_word' id='word_1_620' title='bbox 2549 2917 2799 2971; x_wconf 81' lang='lat' dir='ltr'><strong>montium</strong></span> <span class='ocrx_word' id='word_1_621' title='bbox 2848 2921 3061 2991; x_wconf 80' lang='lat' dir='ltr'><strong>rigant,</strong></span> <span class='ocrx_word' id='word_1_622' title='bbox 3113 2933 3161 2979; x_wconf 82' lang='lat' dir='ltr'><strong>et</strong></span> <span class='ocrx_word' id='word_1_623' title='bbox 3212 2942 3317 2984; x_wconf 83' lang='lat' dir='ltr'><strong>non</strong></span> 
     </span>
    </p>
   </div>
   <div class='ocr_carea' id='block_1_86' title="bbox 1738 2997 3317 3082">
    <p class='ocr_par' dir='ltr' id='par_1_86' title="bbox 1738 2997 3317 3082">
     <span class='ocr_line' id='line_1_86' title="bbox 1738 2997 3317 3082; baseline 0.019 -33"><span class='ocrx_word' id='word_1_624' title='bbox 1738 2997 1983 3053; x_wconf 78' lang='lat' dir='ltr'><strong>habentes</strong></span> <span class='ocrx_word' id='word_1_625' title='bbox 2025 3000 2251 3055; x_wconf 82' lang='lat' dir='ltr'><strong>velamen</strong></span> <span class='ocrx_word' id='word_1_626' title='bbox 2306 3006 2672 3075; x_wconf 64' lang='lat' dir='ltr'><strong>amplexantur</strong></span> <span class='ocrx_word' id='word_1_627' title='bbox 2718 3010 2936 3082; x_wconf 80' lang='lat' dir='ltr'><strong>lapides.</strong></span> <span class='ocrx_word' id='word_1_628' title='bbox 2989 3048 3058 3058; x_wconf 92' lang='lat'><strong><em>—</em></strong></span> <span class='ocrx_word' id='word_1_629' title='bbox 3111 3008 3317 3080; x_wconf 64' lang='lat' dir='ltr'><strong>imbres</strong></span> 
     </span>
    </p>
   </div>
   <div class='ocr_carea' id='block_1_87' title="bbox 1737 3090 3315 3173">
    <p class='ocr_par' dir='ltr' id='par_1_87' title="bbox 1737 3090 3315 3173">
     <span class='ocr_line' id='line_1_87' title="bbox 1737 3090 3315 3173; baseline 0.018 -33"><span class='ocrx_word' id='word_1_630' title='bbox 1737 3095 1864 3140; x_wconf 90' lang='lat' dir='ltr'><strong>sunt</strong></span> <span class='ocrx_word' id='word_1_631' title='bbox 1893 3090 2177 3152; x_wconf 88' lang='lat' dir='ltr'><strong>montium,</strong></span> <span class='ocrx_word' id='word_1_632' title='bbox 2207 3093 2370 3147; x_wconf 88' lang='lat' dir='ltr'><strong>verba</strong></span> <span class='ocrx_word' id='word_1_633' title='bbox 2398 3096 2695 3154; x_wconf 89' lang='lat' dir='ltr'><strong>doctorum.</strong></span> <span class='ocrx_word' id='word_1_634' title='bbox 2727 3101 2802 3157; x_wconf 90' lang='lat' dir='ltr'><strong>De</strong></span> <span class='ocrx_word' id='word_1_635' title='bbox 2824 3106 3017 3173; x_wconf 89' lang='lat' dir='ltr'><strong>quibus</strong></span> <span class='ocrx_word' id='word_1_636' title='bbox 3043 3112 3315 3168; x_wconf 81' lang='lat' dir='ltr'><strong>montibus</strong></span> 
     </span>
    </p>
   </div>
   <div class='ocr_carea' id='block_1_88' title="bbox 1662 3151 3314 3262">
    <p class='ocr_par' dir='ltr' id='par_1_88' title="bbox 1662 3151 3314 3262">
     <span class='ocr_line' id='line_1_88' title="bbox 2166 3151 3314 3173; baseline 0.024 -32"><span class='ocrx_word' id='word_1_637' title='bbox 2166 3151 2169 3152; x_wconf 14' lang='grc' dir='ltr'><em>γ</em></span> <span class='ocrx_word' id='word_1_638' title='bbox 2728 3151 2759 3155; x_wconf 93' lang='lat'>_</span> <span class='ocrx_word' id='word_1_639' title='bbox 2778 3151 2800 3157; x_wconf 69' lang='lat'><strong>-</strong></span> <span class='ocrx_word' id='word_1_640' title='bbox 2826 3151 3017 3173; x_wconf 61' lang='grc' dir='ltr'><strong>την..-</strong></span> <span class='ocrx_word' id='word_1_641' title='bbox 3045 3151 3314 3168; x_wconf 69' lang='grc' dir='ltr'><strong>...νημυιη</strong></span> 
     </span>
     <span class='ocr_line' id='line_1_89' title="bbox 1662 3151 3314 3262; baseline 0.021 -36"><span class='ocrx_word' id='word_1_642' title='bbox 1662 3151 1705 3210; x_wconf 79' lang='lat' dir='ltr'><strong>C</strong></span> <span class='ocrx_word' id='word_1_643' title='bbox 1739 3190 1869 3231; x_wconf 88' lang='lat' dir='ltr'><strong>voce</strong></span> <span class='ocrx_word' id='word_1_644' title='bbox 1890 3188 2090 3233; x_wconf 61' lang='lat' dir='ltr'><strong>sancta</strong></span> <span class='ocrx_word' id='word_1_645' title='bbox 2116 3180 2368 3238; x_wconf 61' lang='lat' dir='ltr'><strong>Ecclesiae</strong></span> <span class='ocrx_word' id='word_1_646' title='bbox 2394 3184 2592 3241; x_wconf 89' lang='lat' dir='ltr'><strong>dicitur</strong></span> <span class='ocrx_word' id='word_1_647' title='bbox 2623 3207 2638 3244; x_wconf 89' lang='lat'><strong>:</strong></span> <span class='ocrx_word' id='word_1_648' title='bbox 2670 3208 2695 3241; x_wconf 71' lang='grc' dir='ltr'>ι</span> <span class='ocrx_word' id='word_1_649' title='bbox 2723 3190 2919 3250; x_wconf 88' lang='lat' dir='ltr'><strong>Levavi</strong></span> <span class='ocrx_word' id='word_1_650' title='bbox 2950 3198 3134 3257; x_wconf 90' lang='lat' dir='ltr'><strong>oculos</strong></span> <span class='ocrx_word' id='word_1_651' title='bbox 3165 3220 3314 3262; x_wconf 88' lang='lat' dir='ltr'><strong>meos</strong></span> 
     </span>
    </p>
   </div>
   <div class='ocr_carea' id='block_1_89' title="bbox 1735 3267 3314 3359">
    <p class='ocr_par' dir='ltr' id='par_1_89' title="bbox 1735 3267 3314 3359">
     <span class='ocr_line' id='line_1_90' title="bbox 1735 3267 3314 3359; baseline 0.021 -41"><span class='ocrx_word' id='word_1_652' title='bbox 1735 3267 1803 3318; x_wconf 89' lang='lat' dir='ltr'><strong>ad</strong></span> <span class='ocrx_word' id='word_1_653' title='bbox 1851 3277 2062 3323; x_wconf 88' lang='lat' dir='ltr'><strong>montes</strong></span> <span class='ocrx_word' id='word_1_654' title='bbox 2113 3267 2302 3339; x_wconf 81' lang='lat' dir='ltr'><strong>(Psal.</strong></span> <span class='ocrx_word' id='word_1_655' title='bbox 2340 3286 2464 3340; x_wconf 77' lang='lat' dir='ltr'><strong>cxx,</strong></span> <span class='ocrx_word' id='word_1_656' title='bbox 2506 3276 2589 3346; x_wconf 76' lang='lat' dir='ltr'><strong>i).</strong></span> <span class='ocrx_word' id='word_1_657' title='bbox 2641 3297 2662 3330; x_wconf 66' lang='grc' dir='ltr'><strong><em>ν</em></strong></span> <span class='ocrx_word' id='word_1_658' title='bbox 2720 3281 2829 3338; x_wconf 85' lang='lat' dir='ltr'><strong>Hos</strong></span> <span class='ocrx_word' id='word_1_659' title='bbox 2883 3285 3063 3359; x_wconf 85' lang='lat' dir='ltr'><strong>itaque</strong></span> <span class='ocrx_word' id='word_1_660' title='bbox 3113 3293 3314 3350; x_wconf 85' lang='lat' dir='ltr'><strong>imbres</strong></span> 
     </span>
    </p>
   </div>
   <div class='ocr_carea' id='block_1_90' title="bbox 1732 3356 3312 3441">
    <p class='ocr_par' dir='ltr' id='par_1_90' title="bbox 1732 3356 3312 3441">
     <span class='ocr_line' id='line_1_91' title="bbox 1732 3356 3312 3441; baseline 0.023 -35"><span class='ocrx_word' id='word_1_661' title='bbox 1732 3356 1993 3410; x_wconf 83' lang='lat' dir='ltr'><strong>montium</strong></span> <span class='ocrx_word' id='word_1_662' title='bbox 2036 3359 2247 3429; x_wconf 85' lang='lat' dir='ltr'><strong>rigant,</strong></span> <span class='ocrx_word' id='word_1_663' title='bbox 2303 3363 2428 3431; x_wconf 89' lang='lat' dir='ltr'><strong>quia</strong></span> <span class='ocrx_word' id='word_1_664' title='bbox 2481 3377 2792 3426; x_wconf 89' lang='lat' dir='ltr'><strong>sanctorum</strong></span> <span class='ocrx_word' id='word_1_665' title='bbox 2846 3356 3066 3434; x_wconf 81' lang='lat' dir='ltr'><strong>Patrum</strong></span> <span class='ocrx_word' id='word_1_666' title='bbox 3113 3382 3312 3441; x_wconf 83' lang='lat' dir='ltr'><strong>ﬂuenta</strong></span> 
     </span>
    </p>
   </div>
   <div class='ocr_carea' id='block_1_91' title="bbox 1731 3444 3312 3538">
    <p class='ocr_par' dir='ltr' id='par_1_91' title="bbox 1731 3444 3312 3538">
     <span class='ocr_line' id='line_1_92' title="bbox 1731 3444 3312 3538; baseline 0.023 -42"><span class='ocrx_word' id='word_1_667' title='bbox 1731 3444 1947 3499; x_wconf 84' lang='lat' dir='ltr'><strong>satiant.</strong></span> <span class='ocrx_word' id='word_1_668' title='bbox 2001 3449 2255 3507; x_wconf 78' lang='lat' dir='ltr'><strong>Velamen</strong></span> <span class='ocrx_word' id='word_1_669' title='bbox 2304 3465 2479 3511; x_wconf 91' lang='lat' dir='ltr'><strong>autem</strong></span> <span class='ocrx_word' id='word_1_670' title='bbox 2522 3469 2586 3513; x_wconf 87' lang='lat' dir='ltr'><strong>ut</strong></span> <span class='ocrx_word' id='word_1_671' title='bbox 2627 3459 2740 3528; x_wconf 88' lang='lat' dir='ltr'><strong>jam</strong></span> <span class='ocrx_word' id='word_1_672' title='bbox 2784 3469 3150 3538; x_wconf 65' lang='lat' dir='ltr'><strong>praediximus,</strong></span> <span class='ocrx_word' id='word_1_673' title='bbox 3182 3476 3312 3532; x_wconf 89' lang='lat' dir='ltr'><strong>boni</strong></span> 
     </span>
    </p>
   </div>
   <div class='ocr_carea' id='block_1_92' title="bbox 1731 3538 3310 3633">
    <p class='ocr_par' dir='ltr' id='par_1_92' title="bbox 1731 3538 3310 3633">
     <span class='ocr_line' id='line_1_93' title="bbox 1731 3538 3310 3633; baseline 0.022 -45"><span class='ocrx_word' id='word_1_674' title='bbox 1731 3538 1911 3604; x_wconf 88' lang='lat' dir='ltr'><strong>operis</strong></span> <span class='ocrx_word' id='word_1_675' title='bbox 1941 3547 2152 3610; x_wconf 87' lang='lat' dir='ltr'><strong>tegmen</strong></span> <span class='ocrx_word' id='word_1_676' title='bbox 2198 3548 2516 3618; x_wconf 86' lang='lat' dir='ltr'><strong>accipimus,</strong></span> <span class='ocrx_word' id='word_1_677' title='bbox 2564 3570 2671 3624; x_wconf 88' lang='lat' dir='ltr'><strong>quo</strong></span> <span class='ocrx_word' id='word_1_678' title='bbox 2715 3558 2941 3630; x_wconf 90' lang='lat' dir='ltr'><strong>quisque</strong></span> <span class='ocrx_word' id='word_1_679' title='bbox 2986 3564 3201 3633; x_wconf 84' lang='lat' dir='ltr'><strong>tegitur,</strong></span> <span class='ocrx_word' id='word_1_680' title='bbox 3248 3577 3310 3624; x_wconf 84' lang='lat' dir='ltr'><strong>ut</strong></span> 
     </span>
    </p>
   </div>
   <div class='ocr_carea' id='block_1_93' title="bbox 1730 3629 3308 3717">
    <p class='ocr_par' dir='ltr' id='par_1_93' title="bbox 1730 3629 3308 3717">
     <span class='ocr_line' id='line_1_94' title="bbox 1730 3629 3308 3717; baseline 0.022 -42"><span class='ocrx_word' id='word_1_681' title='bbox 1730 3634 1857 3679; x_wconf 85' lang='lat' dir='ltr'><strong>ante</strong></span> <span class='ocrx_word' id='word_1_682' title='bbox 1885 3629 2269 3698; x_wconf 90' lang='lat' dir='ltr'><strong>omnipotentis</strong></span> <span class='ocrx_word' id='word_1_683' title='bbox 2314 3636 2406 3692; x_wconf 91' lang='lat' dir='ltr'><strong>Dei</strong></span> <span class='ocrx_word' id='word_1_684' title='bbox 2432 3642 2615 3697; x_wconf 91' lang='lat' dir='ltr'><strong>oculos</strong></span> <span class='ocrx_word' id='word_1_685' title='bbox 2640 3629 2920 3714; x_wconf 83' lang='lat' dir='ltr'><strong>pravitatis</strong></span> <span class='ocrx_word' id='word_1_686' title='bbox 2946 3629 3065 3717; x_wconf 75' lang='lat' dir='ltr'><strong>ejus</strong></span> <span class='ocrx_word' id='word_1_687' title='bbox 3090 3629 3308 3710; x_wconf 65' lang='lat' dir='ltr'><strong>foeditas</strong></span> 
     </span>
    </p>
   </div>
   <div class='ocr_carea' id='block_1_94' title="bbox 1728 3716 3305 3806">
    <p class='ocr_par' dir='ltr' id='par_1_94' title="bbox 1728 3716 3305 3806">
     <span class='ocr_line' id='line_1_95' title="bbox 1728 3716 3305 3806; baseline 0.02 -41"><span class='ocrx_word' id='word_1_688' title='bbox 1728 3716 2025 3783; x_wconf 86' lang='lat' dir='ltr'><strong>operiatur.</strong></span> <span class='ocrx_word' id='word_1_689' title='bbox 2072 3719 2223 3775; x_wconf 91' lang='lat' dir='ltr'><strong>Unde</strong></span> <span class='ocrx_word' id='word_1_690' title='bbox 2263 3727 2521 3795; x_wconf 89' lang='lat' dir='ltr'><strong>scriptum</strong></span> <span class='ocrx_word' id='word_1_691' title='bbox 2554 3741 2639 3786; x_wconf 90' lang='lat' dir='ltr'><strong>est</strong></span> <span class='ocrx_word' id='word_1_692' title='bbox 2673 3750 2686 3786; x_wconf 91' lang='lat'>:</span> <span class='ocrx_word' id='word_1_693' title='bbox 2727 3753 2745 3784; x_wconf 75' lang='lat' dir='ltr'>c</span> <span class='ocrx_word' id='word_1_694' title='bbox 2774 3736 2923 3791; x_wconf 84' lang='lat' dir='ltr'><strong>Beati</strong></span> <span class='ocrx_word' id='word_1_695' title='bbox 2957 3716 3183 3806; x_wconf 91' lang='lat' dir='ltr'><strong>quorum</strong></span> <span class='ocrx_word' id='word_1_696' title='bbox 3215 3758 3305 3797; x_wconf 85' lang='lat' dir='ltr'><strong>re-</strong></span> 
     </span>
    </p>
   </div>
   <div class='ocr_carea' id='block_1_95' title="bbox 1729 3804 3306 3900">
    <p class='ocr_par' dir='ltr' id='par_1_95' title="bbox 1729 3804 3306 3900">
     <span class='ocr_line' id='line_1_96' title="bbox 1729 3804 3306 3900; baseline 0.02 -45"><span class='ocrx_word' id='word_1_697' title='bbox 1729 3804 1911 3858; x_wconf 81' lang='lat' dir='ltr'><strong>missae</strong></span> <span class='ocrx_word' id='word_1_698' title='bbox 1948 3816 2072 3860; x_wconf 90' lang='lat' dir='ltr'><strong>sunt</strong></span> <span class='ocrx_word' id='word_1_699' title='bbox 2103 3810 2416 3880; x_wconf 86' lang='lat' dir='ltr'><strong>iniquitates</strong></span> <span class='ocrx_word' id='word_1_700' title='bbox 2437 3858 2449 3880; x_wconf 94' lang='lat'><strong>,</strong></span> <span class='ocrx_word' id='word_1_701' title='bbox 2495 3827 2549 3872; x_wconf 90' lang='lat' dir='ltr'><strong>et</strong></span> <span class='ocrx_word' id='word_1_702' title='bbox 2574 3836 2801 3890; x_wconf 88' lang='lat' dir='ltr'><strong>quorum</strong></span> <span class='ocrx_word' id='word_1_703' title='bbox 2850 3804 2989 3880; x_wconf 81' lang='lat' dir='ltr'><strong>tecta</strong></span> <span class='ocrx_word' id='word_1_704' title='bbox 3022 3838 3149 3883; x_wconf 89' lang='lat' dir='ltr'><strong>sunt</strong></span> <span class='ocrx_word' id='word_1_705' title='bbox 3180 3838 3306 3900; x_wconf 85' lang='lat' dir='ltr'><strong>pec-</strong></span> 
     </span>
    </p>
   </div>
   <div class='ocr_carea' id='block_1_96' title="bbox 1726 3895 3302 3992">
    <p class='ocr_par' dir='ltr' id='par_1_96' title="bbox 1726 3895 3302 3992">
     <span class='ocr_line' id='line_1_97' title="bbox 1726 3895 3302 3992; baseline 0.02 -46"><span class='ocrx_word' id='word_1_706' title='bbox 1726 3904 1846 3949; x_wconf 85' lang='lat' dir='ltr'><strong>cata</strong></span> <span class='ocrx_word' id='word_1_707' title='bbox 1880 3895 2051 3965; x_wconf 80' lang='lat' dir='ltr'><strong>(Psal.</strong></span> <span class='ocrx_word' id='word_1_708' title='bbox 2077 3916 2225 3967; x_wconf 79' lang='lat' dir='ltr'><strong>xxxi,</strong></span> <span class='ocrx_word' id='word_1_709' title='bbox 2257 3904 2329 3973; x_wconf 80' lang='lat' dir='ltr'><strong>i).</strong></span> <span class='ocrx_word' id='word_1_710' title='bbox 2363 3926 2382 3958; x_wconf 76' lang='grc' dir='ltr'><strong><em>ι</em></strong></span> <span class='ocrx_word' id='word_1_711' title='bbox 2418 3907 2564 3975; x_wconf 85' lang='lat' dir='ltr'><strong>Quos</strong></span> <span class='ocrx_word' id='word_1_712' title='bbox 2593 3922 2770 3969; x_wconf 89' lang='lat' dir='ltr'><strong>autem</strong></span> <span class='ocrx_word' id='word_1_713' title='bbox 2803 3917 3021 3973; x_wconf 87' lang='lat' dir='ltr'><strong>nomine</strong></span> <span class='ocrx_word' id='word_1_714' title='bbox 3043 3895 3302 3992; x_wconf 76' lang='lat' dir='ltr'><strong>lapidum,</strong></span> 
     </span>
    </p>
   </div>
   <div class='ocr_carea' id='block_1_97' title="bbox 1726 3985 3296 4081">
    <p class='ocr_par' dir='ltr' id='par_1_97' title="bbox 1726 3985 3296 4081">
     <span class='ocr_line' id='line_1_98' title="bbox 1726 3985 3296 4081; baseline 0.019 -44"><span class='ocrx_word' id='word_1_715' title='bbox 1726 3985 1831 4040; x_wconf 91' lang='lat' dir='ltr'><strong>nisi</strong></span> <span class='ocrx_word' id='word_1_716' title='bbox 1855 3986 2020 4043; x_wconf 84' lang='lat' dir='ltr'><strong>fortes</strong></span> <span class='ocrx_word' id='word_1_717' title='bbox 2042 3988 2183 4046; x_wconf 89' lang='lat' dir='ltr'><strong>intra</strong></span> <span class='ocrx_word' id='word_1_718' title='bbox 2217 3992 2459 4053; x_wconf 84' lang='lat' dir='ltr'><strong>sanctam</strong></span> <span class='ocrx_word' id='word_1_719' title='bbox 2486 4001 2784 4059; x_wconf 77' lang='lat' dir='ltr'><strong>Ecclesium</strong></span> <span class='ocrx_word' id='word_1_720' title='bbox 2808 4007 2955 4063; x_wconf 89' lang='lat' dir='ltr'><strong>viros</strong></span> <span class='ocrx_word' id='word_1_721' title='bbox 2980 4010 3296 4081; x_wconf 89' lang='lat' dir='ltr'><strong>accipimus.</strong></span> 
     </span>
    </p>
   </div>
   <div class='ocr_carea' id='block_1_98' title="bbox 1718 4075 3305 4161">
    <p class='ocr_par' dir='ltr' id='par_1_98' title="bbox 1718 4075 3305 4161">
     <span class='ocr_line' id='line_1_99' title="bbox 1718 4075 3305 4161; baseline 0.02 -32"><span class='ocrx_word' id='word_1_722' title='bbox 1718 4075 1932 4143; x_wconf 76' lang='lat' dir='ltr'><strong>Quibus</strong></span> <span class='ocrx_word' id='word_1_723' title='bbox 1957 4095 2058 4148; x_wconf 86' lang='lat' dir='ltr'><strong>per</strong></span> <span class='ocrx_word' id='word_1_724' title='bbox 2083 4085 2313 4152; x_wconf 89' lang='lat' dir='ltr'><strong>primum</strong></span> <span class='ocrx_word' id='word_1_725' title='bbox 2342 4102 2609 4158; x_wconf 87' lang='lat' dir='ltr'><strong>pastorem</strong></span> <span class='ocrx_word' id='word_1_726' title='bbox 2641 4094 2836 4150; x_wconf 86' lang='lat' dir='ltr'><strong>dicitur</strong></span> <span class='ocrx_word' id='word_1_727' title='bbox 2865 4114 2879 4152; x_wconf 90' lang='lat'><strong>:</strong></span> <span class='ocrx_word' id='word_1_728' title='bbox 2919 4117 2939 4151; x_wconf 70' lang='grc' dir='ltr'>ι</span> <span class='ocrx_word' id='word_1_729' title='bbox 2967 4099 3035 4157; x_wconf 88' lang='lat' dir='ltr'><strong>Et</strong></span> <span class='ocrx_word' id='word_1_730' title='bbox 3062 4075 3156 4159; x_wconf 82' lang='lat' dir='ltr'><strong>vos</strong></span> <span class='ocrx_word' id='word_1_731' title='bbox 3181 4113 3270 4161; x_wconf 90' lang='lat' dir='ltr'><strong>tan</strong></span> <span class='ocrx_word' id='word_1_732' title='bbox 3296 4137 3305 4145; x_wconf 67' lang='grc' dir='ltr'><em>α</em></span> 
     </span>
    </p>
   </div>
   <div class='ocr_carea' id='block_1_99' title="bbox 1725 4168 3296 4266">
    <p class='ocr_par' dir='ltr' id='par_1_99' title="bbox 1725 4168 3296 4266">
     <span class='ocr_line' id='line_1_100' title="bbox 1725 4168 3296 4266; baseline 0.021 -49"><span class='ocrx_word' id='word_1_733' title='bbox 1725 4179 1885 4233; x_wconf 91' lang='lat' dir='ltr'><strong>quam</strong></span> <span class='ocrx_word' id='word_1_734' title='bbox 1910 4168 2115 4237; x_wconf 89' lang='lat' dir='ltr'><strong>lapides</strong></span> <span class='ocrx_word' id='word_1_735' title='bbox 2155 4174 2261 4229; x_wconf 90' lang='lat' dir='ltr'><strong>vivi</strong></span> <span class='ocrx_word' id='word_1_736' title='bbox 2298 4182 2793 4248; x_wconf 65' lang='lat' dir='ltr'><strong>superaediticamini</strong></span> <span class='ocrx_word' id='word_1_737' title='bbox 2833 4186 2887 4258; x_wconf 86' lang='lat' dir='ltr'><strong>(l</strong></span> <span class='ocrx_word' id='word_1_738' title='bbox 2920 4188 3064 4245; x_wconf 81' lang='lat' dir='ltr'><strong>Petr.</strong></span> <span class='ocrx_word' id='word_1_739' title='bbox 3090 4194 3248 4266; x_wconf 71' lang='lat'><strong>11,5).</strong></span> <span class='ocrx_word' id='word_1_740' title='bbox 3272 4215 3296 4250; x_wconf 69' lang='grc' dir='ltr'><strong>ι</strong></span> 
     </span>
    </p>
   </div>
   <div class='ocr_carea' id='block_1_100' title="bbox 1728 4254 3295 4349">
    <p class='ocr_par' dir='ltr' id='par_1_100' title="bbox 1728 4254 3295 4349">
     <span class='ocr_line' id='line_1_101' title="bbox 1728 4254 3295 4349; baseline 0.022 -42"><span class='ocrx_word' id='word_1_741' title='bbox 1728 4254 1791 4308; x_wconf 85' lang='lat' dir='ltr'><strong>lli</strong></span> <span class='ocrx_word' id='word_1_742' title='bbox 1835 4256 2021 4328; x_wconf 88' lang='lat' dir='ltr'><strong>itaque</strong></span> <span class='ocrx_word' id='word_1_743' title='bbox 2051 4301 2065 4326; x_wconf 92' lang='lat'><strong>,</strong></span> <span class='ocrx_word' id='word_1_744' title='bbox 2118 4263 2209 4332; x_wconf 89' lang='lat' dir='ltr'><strong>qui</strong></span> <span class='ocrx_word' id='word_1_745' title='bbox 2257 4265 2324 4320; x_wconf 91' lang='lat' dir='ltr'><strong>de</strong></span> <span class='ocrx_word' id='word_1_746' title='bbox 2368 4269 2514 4326; x_wconf 92' lang='lat' dir='ltr'><strong>nullo</strong></span> <span class='ocrx_word' id='word_1_747' title='bbox 2555 4287 2716 4343; x_wconf 86' lang='lat' dir='ltr'><strong>opere</strong></span> <span class='ocrx_word' id='word_1_748' title='bbox 2756 4254 2855 4332; x_wconf 89' lang='lat' dir='ltr'><strong>suo</strong></span> <span class='ocrx_word' id='word_1_749' title='bbox 2890 4254 3295 4349; x_wconf 28' lang='lat' dir='ltr'><strong>confidunt/ad</strong></span> 
     </span>
    </p>
   </div>
   <div class='ocr_carea' id='block_1_101' title="bbox 1725 4354 3299 4444">
    <p class='ocr_par' dir='ltr' id='par_1_101' title="bbox 1725 4354 3299 4444">
     <span class='ocr_line' id='line_1_102' title="bbox 1725 4354 3299 4444; baseline 0.021 -48"><span class='ocrx_word' id='word_1_750' title='bbox 1725 4354 2031 4401; x_wconf 88' lang='lat' dir='ltr'><strong>sanctorum</strong></span> <span class='ocrx_word' id='word_1_751' title='bbox 2078 4361 2377 4424; x_wconf 87' lang='lat' dir='ltr'><strong>martyrum</strong></span> <span class='ocrx_word' id='word_1_752' title='bbox 2408 4363 2797 4426; x_wconf 89' lang='lat' dir='ltr'><strong>protectionem</strong></span> <span class='ocrx_word' id='word_1_753' title='bbox 2842 4379 3086 4437; x_wconf 89' lang='lat' dir='ltr'><strong>currunt,</strong></span> <span class='ocrx_word' id='word_1_754' title='bbox 3133 4382 3299 4444; x_wconf 89' lang='lat' dir='ltr'><strong>atque</strong></span> 
     </span>
    </p>
   </div>
   <div class='ocr_carea' id='block_1_102' title="bbox 1720 4435 3294 4531">
    <p class='ocr_par' dir='ltr' id='par_1_102' title="bbox 1720 4435 3294 4531">
     <span class='ocr_line' id='line_1_103' title="bbox 1720 4435 3294 4531; baseline 0.021 -43"><span class='ocrx_word' id='word_1_755' title='bbox 1720 4435 1790 4490; x_wconf 81' lang='lat' dir='ltr'><strong>ad</strong></span> <span class='ocrx_word' id='word_1_756' title='bbox 1814 4452 1966 4493; x_wconf 91' lang='lat' dir='ltr'><strong>sacra</strong></span> <span class='ocrx_word' id='word_1_757' title='bbox 1997 4456 2180 4497; x_wconf 90' lang='lat' dir='ltr'><strong>eorum</strong></span> <span class='ocrx_word' id='word_1_758' title='bbox 2210 4461 2434 4518; x_wconf 87' lang='lat' dir='ltr'><strong>corpora</strong></span> <span class='ocrx_word' id='word_1_759' title='bbox 2459 4451 2669 4509; x_wconf 83' lang='lat' dir='ltr'><strong>ﬂetibus</strong></span> <span class='ocrx_word' id='word_1_760' title='bbox 2698 4455 2970 4526; x_wconf 84' lang='lat' dir='ltr'><strong>insistunt,</strong></span> <span class='ocrx_word' id='word_1_761' title='bbox 2996 4468 3294 4531; x_wconf 90' lang='lat' dir='ltr'><strong>promereri</strong></span> 
     </span>
    </p>
   </div>
   <div class='ocr_carea' id='block_1_103' title="bbox 1722 4530 3293 4621">
    <p class='ocr_par' dir='ltr' id='par_1_103' title="bbox 1722 4530 3293 4621">
     <span class='ocr_line' id='line_1_104' title="bbox 1722 4530 3293 4621; baseline 0.02 -41"><span class='ocrx_word' id='word_1_762' title='bbox 1722 4541 1781 4581; x_wconf 87' lang='lat' dir='ltr'><strong>se</strong></span> <span class='ocrx_word' id='word_1_763' title='bbox 1822 4530 2032 4586; x_wconf 90' lang='lat' dir='ltr'><strong>veniam</strong></span> <span class='ocrx_word' id='word_1_764' title='bbox 2083 4535 2162 4589; x_wconf 92' lang='lat' dir='ltr'><strong>eis</strong></span> <span class='ocrx_word' id='word_1_765' title='bbox 2224 4537 2677 4600; x_wconf 88' lang='lat' dir='ltr'><strong>intercedentibus</strong></span> <span class='ocrx_word' id='word_1_766' title='bbox 2722 4530 3100 4618; x_wconf 83' lang='lat' dir='ltr'><strong>deprecantur.</strong></span> <span class='ocrx_word' id='word_1_767' title='bbox 3153 4554 3293 4621; x_wconf 89' lang='lat' dir='ltr'><strong>Quid</strong></span> 
     </span>
    </p>
   </div>
   <div class='ocr_carea' id='block_1_104' title="bbox 1719 4620 3295 4710">
    <p class='ocr_par' dir='ltr' id='par_1_104' title="bbox 1719 4620 3295 4710">
     <span class='ocr_line' id='line_1_105' title="bbox 1719 4620 3295 4710; baseline 0.018 -38"><span class='ocrx_word' id='word_1_768' title='bbox 1719 4631 1850 4689; x_wconf 90' lang='lat' dir='ltr'><strong>ergo</strong></span> <span class='ocrx_word' id='word_1_769' title='bbox 1876 4620 1962 4675; x_wconf 91' lang='lat' dir='ltr'><strong>isti</strong></span> <span class='ocrx_word' id='word_1_770' title='bbox 2006 4623 2058 4677; x_wconf 92' lang='lat' dir='ltr'><strong>in</strong></span> <span class='ocrx_word' id='word_1_771' title='bbox 2109 4624 2213 4682; x_wconf 89' lang='lat' dir='ltr'><strong>hac</strong></span> <span class='ocrx_word' id='word_1_772' title='bbox 2258 4629 2557 4688; x_wconf 85' lang='lat' dir='ltr'><strong>humilitate</strong></span> <span class='ocrx_word' id='word_1_773' title='bbox 2590 4633 2818 4703; x_wconf 89' lang='lat' dir='ltr'><strong>faciunt,</strong></span> <span class='ocrx_word' id='word_1_774' title='bbox 2853 4641 2954 4695; x_wconf 89' lang='lat' dir='ltr'><strong>nisi</strong></span> <span class='ocrx_word' id='word_1_775' title='bbox 2987 4644 3112 4710; x_wconf 90' lang='lat' dir='ltr'><strong>quia</strong></span> <span class='ocrx_word' id='word_1_776' title='bbox 3138 4620 3295 4701; x_wconf 81' lang='lat' dir='ltr'><strong>bonan</strong></span> 
     </span>
    </p>
   </div>
   <div class='ocr_carea' id='block_1_105' title="bbox 1720 4710 3291 4802">
    <p class='ocr_par' dir='ltr' id='par_1_105' title="bbox 1720 4710 3291 4802">
     <span class='ocr_line' id='line_1_106' title="bbox 1720 4710 3291 4802; baseline 0.018 -41"><span class='ocrx_word' id='word_1_777' title='bbox 1720 4710 1949 4765; x_wconf 91' lang='lat' dir='ltr'><strong>actionis</strong></span> <span class='ocrx_word' id='word_1_778' title='bbox 1978 4714 2221 4771; x_wconf 90' lang='lat' dir='ltr'><strong>velamen</strong></span> <span class='ocrx_word' id='word_1_779' title='bbox 2270 4735 2375 4774; x_wconf 91' lang='lat' dir='ltr'><strong>non</strong></span> <span class='ocrx_word' id='word_1_780' title='bbox 2407 4722 2625 4790; x_wconf 88' lang='lat' dir='ltr'><strong>habent,</strong></span> <span class='ocrx_word' id='word_1_781' title='bbox 2662 4726 2866 4795; x_wconf 89' lang='lat' dir='ltr'><strong>lapides</strong></span> <span class='ocrx_word' id='word_1_782' title='bbox 2893 4732 3291 4802; x_wconf 82' lang='lat' dir='ltr'><strong>amplexantur.</strong></span> 
     </span>
    </p>
   </div>
   <div class='ocr_carea' id='block_1_106' title="bbox 1719 4796 2017 4868">
    <p class='ocr_par' dir='ltr' id='par_1_106' title="bbox 1719 4796 2017 4868">
     <span class='ocr_line' id='line_1_107' title="bbox 1719 4796 2017 4868; baseline 0.017 -15"><span class='ocrx_word' id='word_1_783' title='bbox 1719 4796 1979 4868; x_wconf 86' lang='lat' dir='ltr'><strong>Sequitur</strong></span> <span class='ocrx_word' id='word_1_784' title='bbox 2004 4823 2017 4858; x_wconf 87' lang='lat'><strong>:</strong></span> 
     </span>
    </p>
   </div>
   <div class='ocr_carea' id='block_1_107' title="bbox 1787 4889 3391 4981">
    <p class='ocr_par' dir='ltr' id='par_1_107' title="bbox 1787 4889 3391 4981">
     <span class='ocr_line' id='line_1_108' title="bbox 1787 4889 3391 4981; baseline 0.016 -38"><span class='ocrx_word' id='word_1_785' title='bbox 1787 4889 1952 4945; x_wconf 67' lang='lat' dir='ltr'><strong>Vens.</strong></span> <span class='ocrx_word' id='word_1_786' title='bbox 1992 4893 2043 4947; x_wconf 90' lang='lat'><strong>9.</strong></span> <span class='ocrx_word' id='word_1_787' title='bbox 2093 4893 2210 4949; x_wconf 85' lang='lat' dir='ltr'><strong>Vim</strong></span> <span class='ocrx_word' id='word_1_788' title='bbox 2257 4898 2489 4967; x_wconf 76' lang='lat' dir='ltr'><strong>fecerunt</strong></span> <span class='ocrx_word' id='word_1_789' title='bbox 2524 4903 2879 4972; x_wconf 77' lang='lat' dir='ltr'><strong>deprtedantes</strong></span> <span class='ocrx_word' id='word_1_790' title='bbox 2916 4910 3200 4981; x_wconf 90' lang='lat' dir='ltr'><strong>pupillum,</strong></span> <span class='ocrx_word' id='word_1_791' title='bbox 3241 4921 3296 4966; x_wconf 76' lang='lat' dir='ltr'><strong>et</strong></span> <span class='ocrx_word' id='word_1_792' title='bbox 3387 4925 3391 4930; x_wconf 84' lang='lat'><strong><em>‘</em></strong></span> 
     </span>
    </p>
   </div>
   <div class='ocr_carea' id='block_1_108' title="bbox 1712 4979 3292 5056">
    <p class='ocr_par' dir='ltr' id='par_1_108' title="bbox 1712 4979 3292 5056">
     <span class='ocr_line' id='line_1_109' title="bbox 1712 4979 3292 5056; baseline 0.015 -26"><span class='ocrx_word' id='word_1_793' title='bbox 1712 4979 1920 5048; x_wconf 85' lang='lat' dir='ltr'><strong>uulgum</strong></span> <span class='ocrx_word' id='word_1_794' title='bbox 1981 5000 2258 5052; x_wconf 85' lang='lat' dir='ltr'><strong>pauperem</strong></span> <span class='ocrx_word' id='word_1_795' title='bbox 2317 4988 2687 5056; x_wconf 78' lang='lat' dir='ltr'><strong>spoliaverunt.</strong></span> <span class='ocrx_word' id='word_1_796' title='bbox 2737 5025 2808 5036; x_wconf 89' lang='lat'>-</span> <span class='ocrx_word' id='word_1_797' title='bbox 2859 4979 3111 5052; x_wconf 61' lang='lat' dir='ltr'><strong>Haeretici</strong></span> <span class='ocrx_word' id='word_1_798' title='bbox 3158 5012 3292 5053; x_wconf 85' lang='lat' dir='ltr'><strong>vero</strong></span> 
     </span>
    </p>
   </div>
   <div class='ocr_carea' id='block_1_109' title="bbox 1709 5068 3292 5153">
    <p class='ocr_par' dir='ltr' id='par_1_109' title="bbox 1709 5068 3292 5153">
     <span class='ocr_line' id='line_1_110' title="bbox 1709 5068 3292 5153; baseline 0.013 -32"><span class='ocrx_word' id='word_1_799' title='bbox 1709 5068 2083 5138; x_wconf 70' lang='lat' dir='ltr'><strong>depraedantes</strong></span> <span class='ocrx_word' id='word_1_800' title='bbox 2126 5074 2357 5143; x_wconf 87' lang='lat' dir='ltr'><strong>pupillos</strong></span> <span class='ocrx_word' id='word_1_801' title='bbox 2389 5078 2530 5133; x_wconf 83' lang='lat' dir='ltr'><strong>viam</strong></span> <span class='ocrx_word' id='word_1_802' title='bbox 2563 5079 2790 5148; x_wconf 81' lang='lat' dir='ltr'><strong>faciunt,</strong></span> <span class='ocrx_word' id='word_1_803' title='bbox 2821 5088 2946 5153; x_wconf 91' lang='lat' dir='ltr'><strong>quia</strong></span> <span class='ocrx_word' id='word_1_804' title='bbox 2993 5095 3176 5139; x_wconf 73' lang='lat' dir='ltr'><strong>contra</strong></span> <span class='ocrx_word' id='word_1_805' title='bbox 3209 5085 3292 5141; x_wconf 85' lang='lat' dir='ltr'><strong>in-</strong></span> 
     </span>
    </p>
   </div>
   <div class='ocr_carea' id='block_1_110' title="bbox 1710 5155 3289 5240">
    <p class='ocr_par' dir='ltr' id='par_1_110' title="bbox 1710 5155 3289 5240">
     <span class='ocr_line' id='line_1_111' title="bbox 1710 5155 3289 5240; baseline 0.011 -31"><span class='ocrx_word' id='word_1_806' title='bbox 1710 5155 1896 5210; x_wconf 83' lang='lat' dir='ltr'><strong>firmas</strong></span> <span class='ocrx_word' id='word_1_807' title='bbox 1922 5157 2160 5213; x_wconf 79' lang='lat' dir='ltr'><strong>fidelium</strong></span> <span class='ocrx_word' id='word_1_808' title='bbox 2194 5174 2399 5218; x_wconf 87' lang='lat' dir='ltr'><strong>mentes</strong></span> <span class='ocrx_word' id='word_1_809' title='bbox 2427 5170 2716 5223; x_wconf 89' lang='lat' dir='ltr'><strong>verborum</strong></span> <span class='ocrx_word' id='word_1_810' title='bbox 2746 5181 2800 5224; x_wconf 91' lang='lat' dir='ltr'><strong>et</strong></span> <span class='ocrx_word' id='word_1_811' title='bbox 2827 5187 3049 5240; x_wconf 85' lang='lat' dir='ltr'><strong>operum</strong></span> <span class='ocrx_word' id='word_1_812' title='bbox 3078 5172 3289 5225; x_wconf 84' lang='lat' dir='ltr'><strong>violen-</strong></span> 
     </span>
    </p>
   </div>
   <div class='ocr_carea' id='block_1_111' title="bbox 1708 5246 3289 5325">
    <p class='ocr_par' dir='ltr' id='par_1_111' title="bbox 1708 5246 3289 5325">
     <span class='ocr_line' id='line_1_112' title="bbox 1708 5246 3289 5325; baseline 0.013 -28"><span class='ocrx_word' id='word_1_813' title='bbox 1708 5246 1782 5297; x_wconf 85' lang='lat' dir='ltr'><strong>tia</strong></span> <span class='ocrx_word' id='word_1_814' title='bbox 1833 5258 2168 5314; x_wconf 87' lang='lat' dir='ltr'><strong>grassantur.</strong></span> <span class='ocrx_word' id='word_1_815' title='bbox 2216 5248 2418 5317; x_wconf 80' lang='lat' dir='ltr'><strong>Vulgus</strong></span> <span class='ocrx_word' id='word_1_816' title='bbox 2470 5267 2646 5310; x_wconf 90' lang='lat' dir='ltr'><strong>autem</strong></span> <span class='ocrx_word' id='word_1_817' title='bbox 2694 5272 2895 5325; x_wconf 89' lang='lat' dir='ltr'><strong>pauper</strong></span> <span class='ocrx_word' id='word_1_818' title='bbox 2926 5271 3005 5315; x_wconf 91' lang='lat' dir='ltr'><strong>est</strong></span> <span class='ocrx_word' id='word_1_819' title='bbox 3042 5259 3289 5317; x_wconf 83' lang='lat' dir='ltr'><strong>indoctus</strong></span> 
     </span>
    </p>
   </div>
   <div class='ocr_carea' id='block_1_112' title="bbox 1710 5333 3286 5398">
    <p class='ocr_par' dir='ltr' id='par_1_112' title="bbox 1710 5333 3286 5398">
     <span class='ocr_line' id='line_1_113' title="bbox 1710 5333 3286 5398; baseline 0.001 -2"><span class='ocrx_word' id='word_1_820' title='bbox 1710 5333 1980 5398; x_wconf 67' lang='lat' dir='ltr'><strong>populus.</strong></span> <span class='ocrx_word' id='word_1_821' title='bbox 2030 5335 2120 5398; x_wconf 75' lang='lat' dir='ltr'><strong>(lui</strong></span> <span class='ocrx_word' id='word_1_822' title='bbox 2174 5338 2218 5390; x_wconf 90' lang='lat' dir='ltr'><strong>si</strong></span> <span class='ocrx_word' id='word_1_823' title='bbox 2267 5354 2426 5393; x_wconf 86' lang='lat' dir='ltr'><strong>veras</strong></span> <span class='ocrx_word' id='word_1_824' title='bbox 2477 5345 2752 5398; x_wconf 69' lang='lat' dir='ltr'><strong>sapientiae</strong></span> <span class='ocrx_word' id='word_1_825' title='bbox 2797 5347 3013 5398; x_wconf 70' lang='lat' dir='ltr'><strong>diuitias</strong></span> <span class='ocrx_word' id='word_1_826' title='bbox 3046 5348 3286 5398; x_wconf 69' lang='lat' dir='ltr'><strong>haberet.</strong></span> 
     </span>
    </p>
   </div>
  </div>
