3948 5398
617 281 724 337 ῐθδ

1579 282 1638 337 8.
1676 279 1924 339 000le
1961 279 2246 336 ABBATIS
2285 280 2778 338 CLUMACENSIS
2816 281 2858 336 ll

3759 290 3848 346 504

612 411 806 469 perum
853 394 1178 465 exspoliant,
1218 394 1342 463 quia
1386 394 1571 451 doctos
1616 411 1722 450 non
1755 395 2068 464 prrevalent,
2111 394 2190 448 in-
2219 397 2270 457 Α
2297 390 2420 459 quia
2469 400 2522 445 et
2577 393 2642 446 de
2693 393 3044 463 reproborum
3094 391 3350 462 injustitia
3405 397 3687 465 quasdam,
3733 416 3851 469 quas

618 488 804 543 doctos
832 501 1071 555 quosque
1111 501 1139 538 a
1176 485 1437 539 velamine
1468 485 1589 541 ﬁdei
1617 485 1999 556 prmdicatione
2029 484 2193 555 pesti-

615 576 728 633 fera
760 575 1052 630 denudant.
1087 575 1345 645 Sequitur
1378 589 1392 629 :

683 663 844 719 Vens.
876 665 963 718 10.
1006 665 1178 718 Nudis
1215 675 1262 718 et
1300 666 1656 720 incedentibus
1690 666 1884 735 absque
1907 674 2114 728 vestitu,
2143 675 2190 718 et

613 757 956 810 esurientibus
984 756 1211 809 tulerunt
1241 757 1431 824 spicas.
1481 787 1548 796 —
1589 756 1741 822 Quod
1771 758 1846 810 ait
1881 756 2053 818 nudis,
2090 756 2193 809 hoc

614 846 860 914 replicat,
887 847 1078 915 absque
1107 846 1310 898 vestitu.
1363 845 1471 899 Sed
1518 845 1663 899 aliud
1693 855 1778 900 est
1817 845 2016 898 nudum
2047 859 2187 909 esse,

612 937 761 991 aliud
810 937 1010 991 nudum
1062 937 1330 991 incedere.
1385 935 1574 991 Omnis
1620 937 1764 990 enim
1801 936 1890 1004 qui
1922 951 2021 990 nec
2050 935 2189 989 bona

613 1040 715 1080 nec
741 1026 880 1079 mala
908 1035 1163 1094 operatur
1188 1026 1362 1079 nudus
1391 1033 1492 1088 cst,
1519 1034 1574 1080 et
1605 1027 1812 1080 otiosus
1844 1042 1856 1078 :
1891 1025 1979 1094 qui
2010 1035 2189 1079 autem

612 1113 755 1166 mala
803 1113 913 1182 agit
957 1114 1130 1167 nudus
1177 1113 1396 1176 incedit,
1429 1115 1554 1182 quia
1605 1114 1723 1167 sine
1770 1113 2034 1167 velamine
2064 1113 2190 1166 boni

613 1204 792 1273 operis
817 1219 910 1272 per
933 1202 1036 1256 iter
1063 1204 1344 1272 pravitatis
1377 1205 1568 1274 pergit.
1604 1204 1742 1258 Sunt
1771 1220 1896 1258 vero
1926 1204 2188 1269 nonnulli,

614 1277 704 1359 qui
737 1291 879 1345 sacri
924 1290 1122 1359 eloquii
1169 1291 1312 1344 dicta
1364 1291 1694 1356 desiderant,
1727 1293 1818 1362 qui
1848 1293 2060 1361 quoties
2085 1293 2190 1346 Pa-

612 1390 754 1436 trum
782 1383 1073 1437 sententias
1100 1397 1197 1451 pro
1225 1382 1552 1437 aediﬁcandis
1582 1383 1854 1436 mentibus
1893 1383 1945 1436 in
1983 1382 2190 1452 cogita-

615 1471 760 1525 tione
788 1481 1030 1547 versant,
1057 1472 1210 1540 quasi
1251 1471 1316 1526 de
1360 1473 1498 1526 bona
1541 1481 1722 1540 segete
1746 1473 1924 1540 spicas
1951 1480 2188 1540 portant.

613 1559 862 1614 [heretici
896 1561 1058 1630 igitur
1083 1563 1238 1616 nudis
1263 1570 1316 1616 et
1342 1560 1716 1615 incedentibus
1745 1561 1948 1630 absque
1971 1562 2187 1626 vestitu,

610 1659 667 1704 et
712 1652 1073 1707 esurientibus
1121 1654 1298 1722 spicas
1349 1653 1580 1718 tollunt,
1632 1653 1756 1720 quia
1807 1652 1924 1706 sive
1971 1653 2187 1721 quidem

2293 481 2467 537 inesse
2492 483 2813 546 considerant,
2839 484 3024 552 culpas
3046 485 3607 553 percutitelectorum,
3623 497 3851 544 ettamen

2289 571 2712 641 teternajustitia
2749 574 2909 629 ferire
2934 590 3038 630 non
3069 577 3286 648 negligit
3318 577 3640 647 injustitiam
3676 579 3853 635 ferien-

2293 665 2445 718 tium.
2475 665 2732 729 Sequitur
2764 682 2776 718 :

2361 752 2526 806 Vnus.
2570 752 2654 804 13.
2697 751 2810 820 Ipsi
2866 752 3077 820 {uerunt
3139 753 3349 808 rebelles
3400 754 3612 808 lumini.
3648 785 3718 795 —
3754 756 3855 810 Ple-

2291 856 2515 909 rumque
2537 842 2797 909 perversi,
2831 852 2885 896 et
2906 853 3233 912 cognoscunt
3279 855 3427 900 recta
3458 861 3580 914 qua:
3609 847 3758 914 sequi
3780 847 3855 901 de-

2291 932 2469 997 beant,
2515 941 2570 986 et
2621 941 2798 985 tamen
2833 933 2985 1002 sequi
3029 933 3332 1002 despiciunt
3369 950 3487 1003 qua:
3517 946 3854 1005 cognoscunt.

2290 1018 2502 1072 Lumini
2545 1034 2674 1089 ergo
2729 1019 2955 1073 rebelles
2991 1029 3136 1083 sunt,
3173 1022 3295 1089 quia
3337 1038 3432 1075 sua
3475 1023 3747 1076 desideria
3782 1040 3854 1077 se-

2291 1109 2524 1177 quendo,
2551 1109 2746 1161 bonum
2777 1109 3078 1177 despiciunt
3100 1113 3239 1180 quod
3267 1123 3551 1166 noverunt.
3572 1112 3855 1181 Sequitur:

2293 1197 2603 1251 Nescierunt
2643 1199 2748 1251 vias
2793 1198 2931 1266 ejus,
2983 1215 3074 1251 nec
3129 1202 3314 1255 reversi
3351 1211 3472 1255 sunt
3523 1217 3620 1270 per
3668 1204 3859 1255 seruitus

2292 1288 2427 1356 ejus.
2467 1319 2536 1328 —
2573 1288 2675 1354 Qui
2705 1289 2847 1343 enim
2872 1290 3023 1359 prius
3053 1291 3272 1345 sciendo
3294 1292 3519 1346 rebelles
3545 1301 3700 1356 sunt,
3731 1301 3859 1360 post-

2292 1381 2506 1434 modum
2543 1389 2843 1448 sequuntur
2877 1388 2934 1431 ut
2967 1381 3230 1446 nesciant,
3270 1381 3405 1435 sicut
3441 1382 3508 1436 de
3553 1383 3858 1451 quibusdam

2293 1473 2549 1541 scriptum
2578 1481 2660 1526 est
2690 1487 2704 1524 :
2739 1490 2757 1522 ε
2793 1472 2926 1538 Quia
2958 1487 3078 1527 cum
3119 1473 3500 1542 cognovissent
3532 1472 3734 1534 Deum,
3771 1487 3858 1526 non

2293 1563 2432 1616 sicut
2447 1563 2610 1616 Deum
2626 1563 3079 1631 gloriﬁcaverunt,
3108 1572 3203 1616 aut
3223 1563 3426 1632 gratias
3440 1573 3674 1634 egerunt
3700 1563 3858 1632 (Rom.

2293 1668 2330 1714 l,
2359 1651 2471 1721 2|).
2511 1671 2529 1702 ι
2564 1651 2640 1706 De
2680 1653 2873 1720 quibus
2917 1651 3074 1720 paulo
3115 1662 3235 1721 post
3263 1653 3520 1706 additur:
3563 1671 3582 1703 ι
3633 1652 3863 1706 Tradidit

609 1741 770 1796 otiosi
797 1741 935 1807 sint,
978 1751 1033 1798 et
1079 1743 1132 1797 in
1165 1743 1328 1798 nullis
1354 1759 1411 1798 se
1439 1742 1592 1798 bonis
1620 1751 1927 1805 exerceant,
1961 1757 2052 1796 seu
2097 1757 2193 1810 per
2223 1748 2266 1806 Β
2297 1742 2414 1797 illos
2441 1743 2579 1796 Deus
2615 1743 2666 1796 in
2692 1742 2979 1810 reprobum
3016 1758 3253 1808 sensum,
3301 1752 3360 1797 ut
3399 1740 3601 1796 faciant
3647 1757 3717 1797 ea
3767 1758 3863 1810 qum

611 1830 715 1886 iter
795 1831 1139 1901 impudentiae
1218 1833 1421 1900 absque
1498 1831 1764 1885 velamine
1824 1831 1948 1885 boni
2009 1832 2234 1900 operis

612 1928 860 1990 pergant,
884 1920 1045 1974 etiam
1076 1921 1121 1974 si
1148 1922 1359 1991 quando
1379 1919 1490 1989 jam
1515 1920 1579 1974 ad
1612 1922 1981 1989 pmnitentiam
2013 1922 2190 1976 redire

613 2011 872 2078 cupiunt,
921 2019 976 2066 et
1023 2012 1273 2081 pabulum
1321 2013 1467 2067 verbi
1508 2013 1912 2082 concupiscunt,
1943 2014 2022 2068 eis
2069 2029 2190 2067 esu-

611 2097 876 2156 rientibus
924 2102 1099 2170 spicas
1143 2101 1351 2166 tollunt,
1391 2103 1516 2171 quia
1549 2103 1601 2156 in
1643 2118 1828 2156 eorum
1862 2112 2038 2157 mente
2067 2118 2189 2172 per-

613 2191 833 2246 niciosis
854 2193 1290 2262 persuasionibus
1314 2193 1534 2248 Patrum
1560 2193 1858 2249 sententias
1882 2195 2185 2250 destruunt.

614 2277 872 2350 Sequitur
904 2296 919 2336 :
1907 2342 1914 2349 ,

685 2371 845 2426 Vens.
883 2373 967 2426 11.
1008 2372 1157 2428 Inter
1185 2391 1394 2430 acervos
1432 2391 1610 2430 eorum
1637 2377 1899 2430 meridiati
1929 2385 2070 2440 sunt,
2101 2376 2190 2445 qui

612 2461 827 2516 calcatis
869 2464 1218 2519 torcularibus
1246 2467 1449 2521 sitiunt.
1490 2499 1558 2508 —
1598 2468 1798 2523 Omnes
1827 2468 1916 2538 qui
1947 2476 2190 2522 sanctam

607 2553 906 2608 Ecclesiam
949 2566 1368 2626 persequuntur,
1417 2559 1543 2628 quid
1586 2559 1728 2613 aliud
1759 2574 1920 2628 quatn
1955 2558 2192 2613 torcular

610 2645 860 2700 calcant?
896 2647 1047 2713 Quod
1077 2649 1258 2703 divina
1287 2650 1691 2720 dispensatione
1716 2653 1800 2719 agi
1834 2650 2190 2718 permittitur,

611 2745 669 2788 ut
701 2736 1002 2790 animarum
1031 2740 1172 2792 botri
1207 2741 1258 2794 in
1288 2741 1528 2809 spiritale
1554 2741 1738 2796 vinum
1786 2741 2038 2805 deﬂuant,
2075 2757 2192 2811 quae

612 2838 777 2880 carne
802 2827 1138 2896 corruptibili
1167 2839 1342 2884 exuta:
1369 2831 1437 2884 ad
1480 2845 1641 2900 regna
1691 2831 1930 2886 cmlestia
1965 2831 2105 2884 velut
2138 2831 2190 2883 in

616 2914 881 2982 apotheca
931 2927 1172 2971 currant.
1231 2918 1336 2973 Sed
1370 2934 1559 2975 omnes
1607 2921 1697 2990 qui
1744 2921 1908 2976 vitam
1956 2921 2190 2976 ﬁdelium

613 3016 1033 3074 persequuntur,
1071 3008 1279 3064 calcant
1327 3019 1380 3065 et
1429 3011 1658 3075 sitiunt,
1693 3013 1820 3082 quia
1876 3011 1942 3066 ad
1986 3011 2188 3080 agenda

2293 1847 2398 1886 non
2433 1832 2757 1887 conveniunt
2787 1830 2964 1900 (Rom.
2993 1847 3030 1897 ι,
3053 1834 3164 1904 28).
3197 1852 3215 1885 ι
3243 1833 3538 1903 Angustior
3565 1844 3655 1888 est
3684 1833 3864 1902 quippe

2292 1924 2481 1978 semita
2507 1938 2667 1992 quam
2694 1923 2799 1976 via.
2828 1921 2928 1988 Qui
2955 1931 3132 1977 autem
3155 1924 3296 1979 bona
3320 1923 3696 1978 manifestiora
3723 1939 3862 1995 agere

2291 2021 2660 2077 contemnunt,
2711 2027 3049 2081 nequaquam
3093 2013 3158 2066 ad
3204 2013 3481 2067 subtiliora
3526 2013 3864 2083 intelligenda

2293 2105 2630 2174 perveniunt.
2658 2103 3001 2174 Exspectavit
3020 2105 3358 2174 omnipotens
3379 2105 3539 2169 Deus,
3565 2114 3625 2159 ut
3647 2121 3753 2175 per
3771 2103 3864 2172 ejus

2291 2195 2515 2248 semitas
2545 2203 2848 2263 pergerent,
2891 2194 2982 2248 sed
3033 2195 3237 2247 utinam
3277 2210 3374 2264 per
3417 2210 3514 2249 eas
3545 2195 3629 2248 vel
3673 2196 3863 2249 reverti

2290 2283 2609 2350 voluissent,
2656 2292 2715 2338 ut
2756 2285 2878 2340 vita:
2908 2284 3099 2339 itinera
3128 2301 3246 2354 qua:
3273 2285 3560 2341 noluerunt
3591 2302 3694 2356 per
3723 2289 3864 2342 inno-

2291 2375 2558 2440 centiam,
2623 2373 2799 2428 saltim
2865 2389 2962 2443 per
3026 2375 3398 2443 pmnitentia‘m
3461 2384 3734 2430 tenerent.
3786 2375 3864 2430 Se-

2293 2466 2510 2534 quitur:

2363 2555 2524 2610 Vsns.
2564 2555 2647 2608 14.
2689 2555 2847 2608 Mane
2886 2557 3053 2625 primo
3096 2556 3359 2624 consurgit
3384 2554 3688 2619 haurit-ida,
3721 2558 3864 2611 inter-

2292 2646 2398 2715 ﬁcit
2423 2663 2635 2716 egenum
2661 2656 2708 2699 et
2734 2662 3011 2715 pauperem
3038 2686 3052 2711 ,
3096 2663 3188 2716 per
3216 2657 3412 2700 noctem
3455 2663 3571 2701 vero
3601 2649 3703 2701 erit
3730 2649 3864 2717 quasi

2293 2735 2398 2804 fur.
2441 2763 2507 2774 —
2543 2736 2674 2790 Cum
2731 2734 2997 2788 homicida
3067 2734 3120 2786 in
3179 2749 3309 2788 nece
3359 2736 3739 2804 proximorum
3787 2750 3865 2804 per

2295 2835 2612 2878 nocturnum
2633 2825 2864 2877 maxime
2890 2823 3160 2878 silentium
3180 2825 3346 2878 soleat
3375 2827 3635 2895 grassari,
3657 2841 3762 2880 cur
3780 2829 3864 2880 hoc

2295 2913 2348 2967 in
2396 2912 2512 2968 loco
2556 2927 2713 2967 mane
2756 2914 2931 2982 primo
2960 2927 3287 2981 consurgere
3325 2915 3391 2968 ad
3440 2915 3863 2970 interficiendum

2298 3017 2524 3074 egenum
2574 3011 2629 3057 et
2676 3016 2968 3072 pauperem
3022 3001 3238 3067 dicitur,
3289 3003 3343 3058 in
3381 3013 3540 3059 nocte
3565 3019 3698 3058 vero
3726 3005 3862 3073 quasi

594 3097 850 3151 .erudelia
881 3098 1173 3156 ferociores
1211 3103 1363 3166 ﬁunt,
1406 3111 1460 3156 et
1513 3105 1803 3173 impietatis
1849 3119 1957 3158 sua:
1987 3103 2187 3159 meritis

2301 3092 2385 3146 fur
2419 3107 2536 3147 esse
2584 3092 2934 3162 perhibetur?
2965 3091 3071 3147 Sed
3115 3094 3244 3162 ipsis
3293 3094 3472 3148 verbis
3507 3094 3704 3147 littera:
3753 3095 3862 3148 dum

614 3186 824 3252 cate-ali,
857 3203 921 3242 eo
951 3190 1195 3244 ambiunt
1223 3192 1468 3260 graviora
1504 3192 1704 3257 facere,
1733 3208 1840 3262 quo
1864 3192 1974 3262 jam
2003 3197 2188 3262 gravia

609 3277 878 3333 fecerunt.
909 3279 1157 3336 Hazretici
1185 3291 1360 3336 autem
1393 3298 1513 3337 cum
1558 3297 1654 3352 per
1699 3298 1756 3337 se
1799 3283 2189 3352 persecutionis

589 3381 932 3438 ,potestatem
965 3388 1070 3427 non
1119 3374 1339 3439 habent,
1369 3374 1527 3442 hujus
1563 3374 1740 3428 saeculi
1769 3383 2012 3442 potentes
2040 3389 2187 3429 com-

607 3473 849 3526 movent,
879 3477 1172 3531 eorumque
1203 3473 1410 3518 mentes
1435 3465 1500 3517 ad
1526 3464 1953 3533 persequendum
1985 3474 2188 3532 pertra-

609 3549 748 3603 hunt
773 3590 786 3614 ,
838 3560 892 3604 et
929 3551 1126 3618 quibus
1171 3553 1350 3606 valent
1385 3553 1823 3622 persuasionibus
1865 3554 2182 3608 accendunt.

593 3637 755 3706 ,Quos
782 3657 902 3696 cum
936 3642 1175 3696 crudelia
1211 3659 1368 3712 agerc
1394 3652 1578 3698 contra
1604 3642 1989 3698 catholicorum
2018 3643 2185 3695 vitam

609 3732 970 3800 conspiciunt,
999 3734 1157 3802 quasi
1192 3733 1243 3786 in
1276 3733 1392 3802 ipso
1420 3733 1548 3788 solis
1575 3732 1785 3788 fervore
1823 3733 2182 3803 requiescunt.

609 3820 868 3892 Sequitur
905 3842 917 3878 :

680 3915 844 3971 Vens.
889 3917 972 3971 12.
1020 3917 1092 3972 De
1123 3919 1417 3974 civitatibus
1457 3920 1686 3990 fecerunt
1717 3920 1856 3974 viros
1893 3932 2186 3987 gemere.—

560 4081 567 4089 .
609 4005 744 4071 Quia
763 4008 1018 4063 civitates
1055 4025 1084 4062 a
1125 4011 1533 4065 conviventibus
1577 4009 1784 4079 populis
1830 4006 2181 4076 appellantur,

605 4112 715 4151 non
747 4100 1014 4154 immerito
1052 4102 1327 4156 civitatum
1369 4104 1581 4158 nomine
1611 4118 1751 4158 vera:
1781 4111 1902 4156 sunt
1933 4099 2053 4152 ﬁdei
2082 4099 2182 4152 Ec-

610 4187 788 4240 clesia:
840 4191 1150 4260 designatae,
1194 4209 1313 4263 qua:
1346 4194 1396 4248 in
1444 4194 1664 4264 singulis
1704 4192 1884 4246 mundi
1939 4190 2181 4258 partibus

608 4279 818 4345 positze,
849 4295 1009 4332 unam
1044 4282 1361 4336 catholicam
1397 4281 1620 4345 faciunt,
1654 4283 1704 4334 in
1737 4297 1841 4350 qua
1872 4280 2054 4332 ﬁdeles
2073 4293 2180 4330 om-

2295 3183 2395 3237 sibi
2464 3198 2570 3238 non
2621 3191 2970 3249 congruunt,
3033 3185 3100 3238 ad
3153 3184 3452 3253 indaganda
3509 3188 3737 3253 spiritus
3790 3202 3861 3238 se-

2295 3282 2443 3328 creta
2507 3288 2844 3327 revocamur.
2905 3274 2960 3327 lu
3020 3257 3300 3344 Scriptura
3361 3289 3514 3328 saera
3567 3292 3728 3330 mane
3777 3278 3863 3330 ai-

2294 3365 2508 3436 quando
2530 3367 2788 3421 adventus
2809 3367 3098 3422 Dominicre
3128 3370 3514 3424 incarnationis
3537 3372 3859 3442 designatur,

2295 3466 2352 3511 ut
2385 3458 2514 3512 illud
2556 3460 2868 3528 prophetzn:
2901 3479 2919 3511 ‹
2955 3460 3114 3514 Venit
3154 3476 3312 3514 mane
3350 3471 3402 3514 et
3437 3477 3544 3514 nox
3580 3463 3717 3533 (lsa.
3760 3480 3858 3523 nt.

2292 3545 2401 3614 Η).
2438 3565 2456 3598 ι
2494 3545 2629 3612 Quia
2661 3555 2715 3600 et
2744 3563 2894 3601 nova:
2923 3547 3056 3602 lucis
3081 3550 3370 3618 primordia
3403 3550 3454 3604 in
3495 3551 3860 3620 Redemptoris

2289 3635 2460 3690 nostri
2490 3637 2773 3704 prtesentia
2806 3636 3086 3700 fulserunt,
3119 3648 3173 3692 et
3198 3649 3372 3693 tamen
3403 3654 3432 3691 a
3463 3653 3857 3710 persecuturum

2289 3725 2540 3782 cordibus
2577 3741 2686 3780 sua:
2735 3727 2971 3795 perﬁdia:
3023 3730 3256 3782 tenebras
3289 3745 3394 3783 non
3437 3741 3569 3785 sunt
3623 3735 3856 3788 detersa.

2289 3817 2590 3887 Aliquando
2618 3817 2878 3872 adventus
2895 3816 3004 3885 jam
3035 3819 3289 3874 terribilis
3313 3828 3365 3874 et.
3394 3821 3629 3876 districti
3650 3822 3856 3889 iudicis.

2292 3905 2362 3960 Ut
2385 3905 2512 3959 illud
2543 3921 2556 3959 :
2592 3925 2610 3956 ‹
2641 3906 2697 3959 in
2730 3908 2990 3984 matutino
3015 3907 3398 3963 interﬁciebam
3413 3926 3608 3966 omnes
3625 3924 3856 3983 peceato-

2290 4014 2378 4054 res
2430 4011 2586 4055 terrre
2635 3997 2805 4070 (Psal.
2864 4016 3048 4063 cxvut,
3106 4002 3181 4070 8).
3237 4020 3256 4053 ›
3302 4002 3367 4054 Ει
3421 4003 3606 4058 illud:
3654 4024 3674 4054 ι
3718 4006 3856 4057 Mane

2289 4094 2477 4148 astabo
2528 4093 2658 4155 tibi,
2713 4102 2766 4146 et
2822 4093 3010 4148 videbo
3063 4091 3235 4162 (Psal.
3273 4110 3324 4154 ν,
3365 4093 3442 4165 5).
3498 4115 3516 4146 ι
3571 4098 3856 4167 Aliquando

2289 4198 2416 4237 vero
2467 4184 2747 4252 prmsentis
2799 4185 2922 4239 vita:
2984 4185 3311 4253 prosperitas
3368 4187 3492 4253 poni
3568 4189 3850 4248 consuevit,

2287 4278 2426 4331 sicut
2455 4291 2550 4345 per
2578 4275 2916 4330 Salomonem
2944 4276 3140 4330 dicitur
3165 4294 3178 4330 :
3221 4294 3239 4326 ‹
3273 4277 3362 4330 Va:
3401 4288 3566 4332 terra!
3597 4282 3747 4350 cujus
3771 4295 3850 4334 rex

596 4381 708 4418 .nes
737 4367 802 4418 de
839 4368 947 4422 Deo
980 4378 1121 4422 recta
1157 4371 1445 4424 sentientes
1471 4371 1808 4426 concorditer
1831 4374 2031 4423 vivunt.
2062 4368 2180 4422 lite-
2208 4376 2257 4434 D
2283 4380 2364 4426 est
2391 4386 2544 4439 puer,
2571 4379 2624 4424 et
2650 4369 2802 4438 cujus
2832 4371 3101 4440 principes
3144 4387 3299 4424 mane
3341 4375 3639 4428 eolnednnt
3672 4377 3847 4447 (Ecclc.

611 4455 764 4507 retici
796 4455 958 4525 igitur
983 4458 1105 4525 quia
1135 4461 1400 4526 perversis
1425 4475 1568 4527 suape
1592 4461 1748 4528 hujus
1773 4459 1953 4512 mundi
1992 4467 2178 4526 polen-

612 4543 754 4598 tibus
803 4547 1162 4612 adlnerentes,
1219 4549 1480 4601 bonorum
1528 4549 1776 4601 socialem
1819 4548 1981 4600 vitam
2025 4557 2184 4614 atque

610 4637 952 4691 concordiam
980 4647 1398 4706 persequuntur,
1428 4647 1572 4691 recte
1603 4651 1743 4690 nunc
1766 4637 1979 4690 dicitur.
2009 4636 2084 4688 De
2110 4637 2184 4687 ci-

610 4725 854 4780 vitatibus
876 4728 1105 4796 fecerunt
1138 4730 1272 4782 viros
1296 4745 1512 4797 gemere.
1537 4728 1681 4794 Quos
1708 4735 1854 4780 recte
1883 4726 1942 4778 Β.
1967 4724 2086 4789 Job,
2112 4725 2185 4778 vi-

594 4832 705 4872 ros
735 4829 1016 4883 memorat,
1056 4820 1180 4889 quia
1222 4820 1338 4874 illos
1370 4820 1538 4888 magis
1578 4819 1812 4872 haeretici
1844 4817 2185 4885 exstinguere

597 4906 878 4970 .ambiunt,
927 4909 1016 4975 qui
1053 4907 1304 4975 perfectis
1333 4909 1603 4978 gressibus
1644 4922 1741 4976 per
1779 4906 1918 4959 viam
1949 4904 2041 4957 Dei
2077 4917 2183 4956 non

610 4993 757 5050 ﬁnite
797 5007 850 5052 et
887 4999 1173 5060 enerviter,
1225 5001 1316 5054 sed
1359 4998 1588 5053 viriliter
1616 5007 1860 5051 currunt.
1888 4995 2180 5063 Sequitur:

598 5084 684 5143 ,Et
725 5088 898 5140 anima
949 5090 1333 5142 vulneratorum
1381 5089 1641 5150 clamavit,
1688 5097 1736 5140 et
1788 5086 1922 5139 Deus
1961 5084 2186 5136 inultum

613 5174 758 5228 abire
780 5193 879 5230 non
904 5180 1123 5248 patitur.
1161 5209 1231 5219 —
1268 5179 1588 5234 vulneratur
1607 5178 1800 5246 quippe
1821 5178 1996 5228 anima
2017 5175 2188 5243 justo-

600 5279 756 5334 ‘rum,
787 5281 908 5320 cum
941 5269 1070 5322 ﬁdes
1092 5270 1338 5322 turbatur
1365 5268 1722 5329 inﬁrmorum,
1742 5264 1936 5333 quibus
1951 5263 2065 5332 jam
2088 5263 2188 5315 hoc

620 5367 790 5398 msnm
821 5355 1052 5398 ('Limnrp
1081 5365 1163 5398 pel.
1223 5359 1288 5398 ιιρ
1329 5357 1504 5398 ῃΙίρηη
1553 5355 1697 5398 Ismeni
1747 5354 2038 5398 tabescere.
2084 5350 2188 5398 Sml

2283 4477 2334 4523 κ,
2364 4462 2470 4530 16).
2503 4481 2521 4513 ι
2549 4459 2820 4530 Scriptum
2847 4471 2930 4514 est
2950 4463 3121 4515 enim:
3146 4481 3164 4512 ι
3185 4462 3371 4518 Omnis
3385 4466 3474 4532 qui
3501 4467 3618 4520 odit
3647 4469 3845 4523 fratrem

2283 4564 2456 4611 suum,
2491 4542 2755 4603 homicida
2787 4559 2868 4603 est
2893 4551 2910 4620 (
2938 4549 2963 4602 I
2987 4549 3146 4602 Joan.
3182 4567 3262 4615 tn,
3295 4551 3403 4620 15).
3444 4571 3463 4603 ι
3498 4554 3660 4609 Mane
3690 4560 3849 4623 itaque

2283 4640 2456 4707 primo
2488 4640 2776 4715 consurgit
2822 4639 3105 4701 homicida,
3153 4642 3278 4709 quia
3331 4642 3382 4694 in
3429 4647 3722 4711 pnesentis
3746 4647 3844 4697 vita

2285 4728 2453 4796 gloria
2501 4742 2782 4794 perversus
2824 4729 3049 4796 quisque
3095 4729 3336 4798 erigitur,
3387 4741 3441 4784 et
3494 4733 3715 4787 illorum
3758 4735 3844 4785 vita

2286 4817 2619 4886 deprimitur,
2676 4817 2766 4886 qui
2815 4819 2939 4872 dum
2987 4829 3297 4888 sequentem
3353 4820 3584 4890 gloriam
3639 4825 3842 4879 sitiunt.

2285 4908 2438 4975 quasi
2495 4907 2680 4960 satiari
2745 4907 2798 4960 in
2853 4921 3077 4976 vespere
3141 4911 3446 4977 exquirunt.
3525 4910 3739 4966 Pravus
3781 4921 3844 4965 et-

2285 4997 2430 5051 enim
2482 4997 2710 5066 quisque
2765 4995 2816 5048 in
2889 4996 2990 5048 hoc
3049 4996 3246 5050 mundo
3289 4999 3609 5066 dignitatem
3669 5000 3843 5055 transi-9

2289 5087 2439 5140 toria:
2507 5084 2786 5154 potestatis
2876 5085 3172 5152 arripiens,
3233 5094 3378 5138 tanto
3448 5102 3508 5141 se
3578 5082 3670 5143 ad'
3708 5104 3841 5158 pera-

2287 5180 2458 5246 genda
2509 5174 2646 5227 mala
2695 5173 2870 5225 acrius
2907 5173 3133 5238 dilatat,
3183 5185 3384 5242 quanto
3432 5193 3530 5246 per
3578 5179 3843 5232 cbaritatis

2287 5269 2494 5322 viscera
2521 5264 2721 5318 nullum
2749 5272 2916 5315 amat.
2945 5263 3094 5318 Totis
3121 5266 3264 5318 enim
3295 5268 3716 5334 cogitationibus
3736 5283 3844 5322 con-

2292 5366 2368 5398 Im
2403 5357 2568 5398 hmine
2597 5354 2769 5398 smvit-
2802 5363 2858 5398 et.
2883 5354 3201 5398 innocentiam.
3237 5355 3395 5398 vitam
3447 5357 3705 5398 imprimit
3763 5355 3845 5398 Ρη
