  <div class='ocr_page' id='page_1' title='image "/cluster/home/n/w/nwhite01/storage/ocr_20150623/133/hvd.32044010035673/156.png"; bbox 0 0 3948 5398; ppageno 0'>
   <div class='ocr_carea' id='block_1_1' title="bbox 89 347 228 423">
    <p class='ocr_par' dir='ltr' id='par_1_1' title="bbox 89 347 228 423">
     <span class='ocr_line' id='line_1_1' title="bbox 89 347 228 423; baseline -0.014 1"><span class='ocrx_word' id='word_1_1' title='bbox 89 347 228 423; x_wconf 72' lang='grc' dir='ltr'><strong>ωδ</strong></span> 
     </span>
    </p>
   </div>
   <div class='ocr_carea' id='block_1_2' title="bbox 835 330 2605 408">
    <p class='ocr_par' dir='ltr' id='par_1_2' title="bbox 835 330 2605 408">
     <span class='ocr_line' id='line_1_2' title="bbox 835 330 2605 408; baseline -0.013 0"><span class='ocrx_word' id='word_1_2' title='bbox 835 346 1130 408; x_wconf 73' lang='grc' dir='ltr'><strong>ΕΡΙΤΟΜΕ</strong></span> <span class='ocrx_word' id='word_1_3' title='bbox 1171 335 1532 394; x_wconf 52' lang='grc' dir='ltr'><strong>ιιυιωιιωι</strong></span> <span class='ocrx_word' id='word_1_4' title='bbox 1571 336 1628 390; x_wconf 81' lang='lat' dir='ltr'><strong>S.</strong></span> <span class='ocrx_word' id='word_1_5' title='bbox 1669 341 1874 398; x_wconf 75' lang='lat' dir='ltr'><strong>GREG.</strong></span> <span class='ocrx_word' id='word_1_6' title='bbox 1915 340 1980 394; x_wconf 64' lang='grc' dir='ltr'><strong>ιιι</strong></span> <span class='ocrx_word' id='word_1_7' title='bbox 2020 337 2158 396; x_wconf 75' lang='lat' dir='ltr'><strong>JOB.</strong></span> <span class='ocrx_word' id='word_1_8' title='bbox 2200 367 2270 378; x_wconf 90' lang='lat'><strong><em>—</em></strong></span> <span class='ocrx_word' id='word_1_9' title='bbox 2302 335 2429 392; x_wconf 79' lang='lat' dir='ltr'><strong>LIB.</strong></span> <span class='ocrx_word' id='word_1_10' title='bbox 2468 330 2605 387; x_wconf 73' lang='lat' dir='ltr'><strong>XVI.</strong></span> 
     </span>
    </p>
   </div>
   <div class='ocr_carea' id='block_1_3' title="bbox 3252 317 3356 374">
    <p class='ocr_par' dir='ltr' id='par_1_3' title="bbox 3252 317 3356 374">
     <span class='ocr_line' id='line_1_3' title="bbox 3252 317 3356 374; baseline -0.019 0"><span class='ocrx_word' id='word_1_11' title='bbox 3252 317 3356 374; x_wconf 67' lang='lat'><strong>806</strong></span> 
     </span>
    </p>
   </div>
   <div class='ocr_carea' id='block_1_4' title="bbox 121 453 3359 548">
    <p class='ocr_par' dir='ltr' id='par_1_4' title="bbox 121 453 3359 548">
     <span class='ocr_line' id='line_1_4' title="bbox 121 453 3359 548; baseline -0.014 -16"><span class='ocrx_word' id='word_1_12' title='bbox 121 477 304 548; x_wconf 82' lang='lat' dir='ltr'><strong>spicit,</strong></span> <span class='ocrx_word' id='word_1_13' title='bbox 353 462 582 529; x_wconf 84' lang='lat' dir='ltr'><strong>concilia</strong></span> <span class='ocrx_word' id='word_1_14' title='bbox 631 464 1003 540; x_wconf 84' lang='lat' dir='ltr'><strong>perversitatis</strong></span> <span class='ocrx_word' id='word_1_15' title='bbox 1045 461 1277 532; x_wconf 67' lang='lat' dir='ltr'><strong>praebet,</strong></span> <span class='ocrx_word' id='word_1_16' title='bbox 1305 459 1413 514; x_wconf 88' lang='lat' dir='ltr'><strong>huc</strong></span> <span class='ocrx_word' id='word_1_17' title='bbox 1455 456 1686 548; x_wconf 80' lang='lat' dir='ltr'><strong>illucque</strong></span> <span class='ocrx_word' id='word_1_18' title='bbox 1717 463 1763 519; x_wconf 76' lang='grc' dir='ltr'><strong>Α</strong></span> <span class='ocrx_word' id='word_1_19' title='bbox 1790 488 1912 529; x_wconf 63' lang='lat' dir='ltr'><strong>mra</strong></span> <span class='ocrx_word' id='word_1_20' title='bbox 1943 470 2312 539; x_wconf 59' lang='lat' dir='ltr'><strong>consurgens?</strong></span> <span class='ocrx_word' id='word_1_21' title='bbox 2349 465 2524 538; x_wconf 48' lang='lat' dir='ltr'><strong>(Cum.</strong></span> <span class='ocrx_word' id='word_1_22' title='bbox 2564 481 2639 530; x_wconf 55' lang='grc' dir='ltr'><strong>γε,</strong></span> <span class='ocrx_word' id='word_1_23' title='bbox 2667 463 2746 535; x_wconf 51' lang='grc'><strong>9,)</strong></span> <span class='ocrx_word' id='word_1_24' title='bbox 2779 481 2799 515; x_wconf 68' lang='lat'><strong>,</strong></span> <span class='ocrx_word' id='word_1_25' title='bbox 2839 458 2956 528; x_wconf 71' lang='lat' dir='ltr'><strong>Quo</strong></span> <span class='ocrx_word' id='word_1_26' title='bbox 2981 456 3143 530; x_wconf 54' lang='lat' dir='ltr'><strong>iam&quot;.</strong></span> <span class='ocrx_word' id='word_1_27' title='bbox 3179 453 3359 524; x_wconf 57' lang='grc' dir='ltr'><strong>μεως</strong></span> 
     </span>
    </p>
   </div>
   <div class='ocr_carea' id='block_1_5' title="bbox 122 546 1691 629">
    <p class='ocr_par' dir='ltr' id='par_1_5' title="bbox 122 546 1691 629">
     <span class='ocr_line' id='line_1_5' title="bbox 122 546 1691 629; baseline -0.013 -10"><span class='ocrx_word' id='word_1_28' title='bbox 122 546 426 625; x_wconf 90' lang='lat' dir='ltr'><strong>discurrit,</strong></span> <span class='ocrx_word' id='word_1_29' title='bbox 464 570 519 615; x_wconf 89' lang='lat' dir='ltr'><strong>et</strong></span> <span class='ocrx_word' id='word_1_30' title='bbox 551 571 774 629; x_wconf 65' lang='lat' dir='ltr'><strong>quaeque</strong></span> <span class='ocrx_word' id='word_1_31' title='bbox 807 554 1036 626; x_wconf 89' lang='lat' dir='ltr'><strong>poterit,</strong></span> <span class='ocrx_word' id='word_1_32' title='bbox 1066 553 1119 606; x_wconf 91' lang='lat' dir='ltr'><strong>in</strong></span> <span class='ocrx_word' id='word_1_33' title='bbox 1165 552 1426 605; x_wconf 87' lang='lat' dir='ltr'><strong>bonorum</strong></span> <span class='ocrx_word' id='word_1_34' title='bbox 1473 546 1691 601; x_wconf 81' lang='lat' dir='ltr'><strong>laesione</strong></span> 
     </span>
    </p>
   </div>
   <div class='ocr_carea' id='block_1_6' title="bbox 123 651 708 724">
    <p class='ocr_par' dir='ltr' id='par_1_6' title="bbox 123 651 708 724">
     <span class='ocr_line' id='line_1_6' title="bbox 123 651 708 724; baseline -0.015 -14"><span class='ocrx_word' id='word_1_35' title='bbox 123 655 384 724; x_wconf 86' lang='lat' dir='ltr'><strong>suggerit.</strong></span> <span class='ocrx_word' id='word_1_36' title='bbox 417 651 670 718; x_wconf 93' lang='lat' dir='ltr'><strong>Sequitur</strong></span> <span class='ocrx_word' id='word_1_37' title='bbox 695 666 708 701; x_wconf 90' lang='lat'><strong>:</strong></span> 
     </span>
    </p>
   </div>
   <div class='ocr_carea' id='block_1_7' title="bbox 196 724 1693 798">
    <p class='ocr_par' dir='ltr' id='par_1_7' title="bbox 196 724 1693 798">
     <span class='ocr_line' id='line_1_7' title="bbox 196 724 1693 798; baseline -0.013 -3"><span class='ocrx_word' id='word_1_38' title='bbox 196 741 359 795; x_wconf 75' lang='lat' dir='ltr'><strong>Vsus.</strong></span> <span class='ocrx_word' id='word_1_39' title='bbox 400 740 488 794; x_wconf 76' lang='grc'><strong>15.</strong></span> <span class='ocrx_word' id='word_1_40' title='bbox 531 738 728 791; x_wconf 80' lang='lat' dir='ltr'><strong>Oculus</strong></span> <span class='ocrx_word' id='word_1_41' title='bbox 770 733 999 788; x_wconf 85' lang='lat' dir='ltr'><strong>adulteri</strong></span> <span class='ocrx_word' id='word_1_42' title='bbox 1037 733 1272 786; x_wconf 76' lang='lat' dir='ltr'><strong>observat</strong></span> <span class='ocrx_word' id='word_1_43' title='bbox 1316 728 1589 798; x_wconf 86' lang='lat' dir='ltr'><strong>caliginem</strong></span> <span class='ocrx_word' id='word_1_44' title='bbox 1611 724 1693 777; x_wconf 86' lang='lat' dir='ltr'><strong>di-</strong></span> 
     </span>
    </p>
   </div>
   <div class='ocr_carea' id='block_1_8' title="bbox 123 817 1696 890">
    <p class='ocr_par' dir='ltr' id='par_1_8' title="bbox 123 817 1696 890">
     <span class='ocr_line' id='line_1_8' title="bbox 123 817 1696 890; baseline -0.011 -3"><span class='ocrx_word' id='word_1_45' title='bbox 123 850 245 887; x_wconf 82' lang='lat' dir='ltr'><strong>cens</strong></span> <span class='ocrx_word' id='word_1_46' title='bbox 263 849 281 885; x_wconf 90' lang='lat'><strong>:</strong></span> <span class='ocrx_word' id='word_1_47' title='bbox 308 831 362 884; x_wconf 85' lang='grc' dir='ltr'><em>Ν</em></span> <span class='ocrx_word' id='word_1_48' title='bbox 367 849 434 884; x_wconf 85' lang='lat' dir='ltr'><strong>on</strong></span> <span class='ocrx_word' id='word_1_49' title='bbox 474 847 554 883; x_wconf 87' lang='lat' dir='ltr'><strong>me</strong></span> <span class='ocrx_word' id='word_1_50' title='bbox 577 829 758 883; x_wconf 82' lang='lat' dir='ltr'><strong>videbit</strong></span> <span class='ocrx_word' id='word_1_51' title='bbox 781 826 986 880; x_wconf 79' lang='lat' dir='ltr'><strong>oculus.</strong></span> <span class='ocrx_word' id='word_1_52' title='bbox 1013 854 1084 864; x_wconf 92' lang='lat'><strong>—</strong></span> <span class='ocrx_word' id='word_1_53' title='bbox 1109 824 1219 878; x_wconf 83' lang='lat' dir='ltr'><strong>Hoc</strong></span> <span class='ocrx_word' id='word_1_54' title='bbox 1241 823 1401 876; x_wconf 88' lang='lat' dir='ltr'><strong>etiam</strong></span> <span class='ocrx_word' id='word_1_55' title='bbox 1432 821 1584 890; x_wconf 94' lang='lat' dir='ltr'><strong>juxta</strong></span> <span class='ocrx_word' id='word_1_56' title='bbox 1611 817 1696 870; x_wconf 84' lang='lat' dir='ltr'><strong>lit-</strong></span> 
     </span>
    </p>
   </div>
   <div class='ocr_carea' id='block_1_9' title="bbox 127 910 1698 984">
    <p class='ocr_par' dir='ltr' id='par_1_9' title="bbox 127 910 1698 984">
     <span class='ocr_line' id='line_1_9' title="bbox 127 910 1698 984; baseline -0.01 -10"><span class='ocrx_word' id='word_1_57' title='bbox 127 930 297 976; x_wconf 84' lang='lat' dir='ltr'><strong>teram</strong></span> <span class='ocrx_word' id='word_1_58' title='bbox 329 919 406 972; x_wconf 91' lang='lat' dir='ltr'><strong>nil</strong></span> <span class='ocrx_word' id='word_1_59' title='bbox 436 920 614 972; x_wconf 84' lang='lat' dir='ltr'><strong>obstat</strong></span> <span class='ocrx_word' id='word_1_60' title='bbox 660 915 901 984; x_wconf 76' lang='lat' dir='ltr'><strong>intelligi,</strong></span> <span class='ocrx_word' id='word_1_61' title='bbox 934 923 994 966; x_wconf 91' lang='lat' dir='ltr'><strong>ut</strong></span> <span class='ocrx_word' id='word_1_62' title='bbox 1025 913 1116 981; x_wconf 91' lang='lat' dir='ltr'><strong>qui</strong></span> <span class='ocrx_word' id='word_1_63' title='bbox 1154 910 1475 965; x_wconf 83' lang='lat' dir='ltr'><strong>adulterium</strong></span> <span class='ocrx_word' id='word_1_64' title='bbox 1509 921 1698 978; x_wconf 87' lang='lat' dir='ltr'><strong>perpe-</strong></span> 
     </span>
    </p>
   </div>
   <div class='ocr_carea' id='block_1_10' title="bbox 125 1001 1697 1074">
    <p class='ocr_par' dir='ltr' id='par_1_10' title="bbox 125 1001 1697 1074">
     <span class='ocr_line' id='line_1_10' title="bbox 125 1001 1697 1074; baseline -0.01 -8"><span class='ocrx_word' id='word_1_65' title='bbox 125 1021 271 1066; x_wconf 84' lang='lat' dir='ltr'><strong>trare</strong></span> <span class='ocrx_word' id='word_1_66' title='bbox 313 1011 590 1064; x_wconf 74' lang='lat' dir='ltr'><strong>desiderat</strong></span> <span class='ocrx_word' id='word_1_67' title='bbox 629 1009 878 1063; x_wconf 83' lang='lat' dir='ltr'><strong>tenebras</strong></span> <span class='ocrx_word' id='word_1_68' title='bbox 904 1005 1174 1074; x_wconf 83' lang='lat' dir='ltr'><strong>exquirat.</strong></span> <span class='ocrx_word' id='word_1_69' title='bbox 1221 1003 1326 1057; x_wconf 86' lang='lat' dir='ltr'><strong>Sed</strong></span> <span class='ocrx_word' id='word_1_70' title='bbox 1356 1001 1480 1070; x_wconf 90' lang='lat' dir='ltr'><strong>quia</strong></span> <span class='ocrx_word' id='word_1_71' title='bbox 1509 1007 1697 1054; x_wconf 88' lang='lat' dir='ltr'><strong>contra</strong></span> 
     </span>
    </p>
   </div>
   <div class='ocr_carea' id='block_1_11' title="bbox 125 1088 1698 1166">
    <p class='ocr_par' dir='ltr' id='par_1_11' title="bbox 125 1088 1698 1166">
     <span class='ocr_line' id='line_1_11' title="bbox 125 1088 1698 1166; baseline -0.008 -12"><span class='ocrx_word' id='word_1_72' title='bbox 125 1101 413 1154; x_wconf 75' lang='lat' dir='ltr'><strong>luereticos</strong></span> <span class='ocrx_word' id='word_1_73' title='bbox 445 1098 709 1152; x_wconf 82' lang='lat' dir='ltr'><strong>sententia</strong></span> <span class='ocrx_word' id='word_1_74' title='bbox 740 1097 1036 1166; x_wconf 88' lang='lat' dir='ltr'><strong>promitur,</strong></span> <span class='ocrx_word' id='word_1_75' title='bbox 1079 1095 1295 1163; x_wconf 85' lang='lat' dir='ltr'><strong>dignum</strong></span> <span class='ocrx_word' id='word_1_76' title='bbox 1328 1099 1442 1154; x_wconf 90' lang='lat' dir='ltr'><strong>est,</strong></span> <span class='ocrx_word' id='word_1_77' title='bbox 1493 1099 1552 1142; x_wconf 93' lang='lat' dir='ltr'><strong>ut</strong></span> <span class='ocrx_word' id='word_1_78' title='bbox 1595 1088 1698 1142; x_wconf 86' lang='lat' dir='ltr'><strong>hoc</strong></span> 
     </span>
    </p>
   </div>
   <div class='ocr_carea' id='block_1_12' title="bbox 126 1181 1696 1260">
    <p class='ocr_par' dir='ltr' id='par_1_12' title="bbox 126 1181 1696 1260">
     <span class='ocr_line' id='line_1_12' title="bbox 126 1181 1696 1260; baseline -0.006 -18"><span class='ocrx_word' id='word_1_79' title='bbox 126 1191 271 1260; x_wconf 87' lang='lat' dir='ltr'><strong>quod</strong></span> <span class='ocrx_word' id='word_1_80' title='bbox 318 1192 524 1245; x_wconf 91' lang='lat' dir='ltr'><strong>dicitur</strong></span> <span class='ocrx_word' id='word_1_81' title='bbox 570 1190 795 1259; x_wconf 87' lang='lat' dir='ltr'><strong>mystice</strong></span> <span class='ocrx_word' id='word_1_82' title='bbox 847 1186 1129 1241; x_wconf 86' lang='lat' dir='ltr'><strong>sentiatur.</strong></span> <span class='ocrx_word' id='word_1_83' title='bbox 1167 1185 1300 1238; x_wconf 84' lang='lat' dir='ltr'><strong>Nam</strong></span> <span class='ocrx_word' id='word_1_84' title='bbox 1352 1181 1548 1235; x_wconf 83' lang='lat' dir='ltr'><strong>Paulus</strong></span> <span class='ocrx_word' id='word_1_85' title='bbox 1580 1182 1696 1234; x_wconf 87' lang='lat' dir='ltr'><strong>ait:</strong></span> 
     </span>
    </p>
   </div>
   <div class='ocr_carea' id='block_1_13' title="bbox 135 1268 1698 1345">
    <p class='ocr_par' dir='ltr' id='par_1_13' title="bbox 135 1268 1698 1345">
     <span class='ocr_line' id='line_1_13' title="bbox 135 1268 1698 1345; baseline -0.006 -15"><span class='ocrx_word' id='word_1_86' title='bbox 135 1300 151 1330; x_wconf 86' lang='grc' dir='ltr'><strong>ι</strong></span> <span class='ocrx_word' id='word_1_87' title='bbox 180 1278 290 1332; x_wconf 75' lang='lat' dir='ltr'><strong>Non</strong></span> <span class='ocrx_word' id='word_1_88' title='bbox 313 1281 460 1333; x_wconf 89' lang='lat' dir='ltr'><strong>enim</strong></span> <span class='ocrx_word' id='word_1_89' title='bbox 482 1293 666 1332; x_wconf 91' lang='lat' dir='ltr'><strong>sumus</strong></span> <span class='ocrx_word' id='word_1_90' title='bbox 687 1279 826 1332; x_wconf 88' lang='lat' dir='ltr'><strong>sicut</strong></span> <span class='ocrx_word' id='word_1_91' title='bbox 844 1276 930 1345; x_wconf 90' lang='lat' dir='ltr'><strong>plu</strong></span> <span class='ocrx_word' id='word_1_92' title='bbox 941 1276 1082 1335; x_wconf 88' lang='lat' dir='ltr'><strong>rimi.</strong></span> <span class='ocrx_word' id='word_1_93' title='bbox 1107 1273 1468 1326; x_wconf 86' lang='lat' dir='ltr'><strong>adulterantes</strong></span> <span class='ocrx_word' id='word_1_94' title='bbox 1480 1268 1698 1324; x_wconf 83' lang='lat' dir='ltr'><strong>verbum</strong></span> 
     </span>
    </p>
   </div>
   <div class='ocr_carea' id='block_1_14' title="bbox 125 1355 1701 1438">
    <p class='ocr_par' dir='ltr' id='par_1_14' title="bbox 125 1355 1701 1438">
     <span class='ocr_line' id='line_1_14' title="bbox 125 1355 1701 1438; baseline -0.008 -16"><span class='ocrx_word' id='word_1_95' title='bbox 125 1368 223 1422; x_wconf 89' lang='lat' dir='ltr'><strong>Dei</strong></span> <span class='ocrx_word' id='word_1_96' title='bbox 270 1368 354 1438; x_wconf 87' lang='lat' dir='ltr'><strong>(Il</strong></span> <span class='ocrx_word' id='word_1_97' title='bbox 389 1366 513 1421; x_wconf 90' lang='lat' dir='ltr'><strong>Cor.</strong></span> <span class='ocrx_word' id='word_1_98' title='bbox 564 1383 635 1430; x_wconf 85' lang='lat' dir='ltr'><strong>tt,</strong></span> <span class='ocrx_word' id='word_1_99' title='bbox 681 1365 792 1435; x_wconf 80' lang='grc'><strong>17).</strong></span> <span class='ocrx_word' id='word_1_100' title='bbox 838 1385 856 1416; x_wconf 74' lang='grc' dir='ltr'><strong>ι</strong></span> <span class='ocrx_word' id='word_1_101' title='bbox 911 1363 1135 1418; x_wconf 86' lang='lat' dir='ltr'><strong>Adulter</strong></span> <span class='ocrx_word' id='word_1_102' title='bbox 1174 1361 1372 1430; x_wconf 91' lang='lat' dir='ltr'><strong>quippe</strong></span> <span class='ocrx_word' id='word_1_103' title='bbox 1402 1360 1454 1413; x_wconf 92' lang='lat' dir='ltr'><strong>in</strong></span> <span class='ocrx_word' id='word_1_104' title='bbox 1501 1355 1701 1412; x_wconf 84' lang='lat' dir='ltr'><strong>carnali</strong></span> 
     </span>
    </p>
   </div>
   <div class='ocr_carea' id='block_1_15' title="bbox 125 1449 1705 1527">
    <p class='ocr_par' dir='ltr' id='par_1_15' title="bbox 125 1449 1705 1527">
     <span class='ocr_line' id='line_1_15' title="bbox 125 1449 1705 1527; baseline -0.009 -15"><span class='ocrx_word' id='word_1_105' title='bbox 125 1459 272 1514; x_wconf 85' lang='lat' dir='ltr'><strong>coitu</strong></span> <span class='ocrx_word' id='word_1_106' title='bbox 319 1474 426 1512; x_wconf 91' lang='lat' dir='ltr'><strong>non</strong></span> <span class='ocrx_word' id='word_1_107' title='bbox 475 1457 676 1527; x_wconf 81' lang='lat' dir='ltr'><strong>prolem</strong></span> <span class='ocrx_word' id='word_1_108' title='bbox 728 1456 822 1510; x_wconf 89' lang='lat' dir='ltr'><strong>sed</strong></span> <span class='ocrx_word' id='word_1_109' title='bbox 849 1454 1175 1522; x_wconf 86' lang='lat' dir='ltr'><strong>voluptatem</strong></span> <span class='ocrx_word' id='word_1_110' title='bbox 1221 1449 1446 1520; x_wconf 69' lang='lat' dir='ltr'><strong>quaerit,</strong></span> <span class='ocrx_word' id='word_1_111' title='bbox 1490 1456 1543 1502; x_wconf 87' lang='lat' dir='ltr'><strong>et</strong></span> <span class='ocrx_word' id='word_1_112' title='bbox 1584 1461 1705 1516; x_wconf 86' lang='lat' dir='ltr'><strong>per-</strong></span> 
     </span>
    </p>
   </div>
   <div class='ocr_carea' id='block_1_16' title="bbox 126 1537 1705 1618">
    <p class='ocr_par' dir='ltr' id='par_1_16' title="bbox 126 1537 1705 1618">
     <span class='ocr_line' id='line_1_16' title="bbox 126 1537 1705 1618; baseline -0.008 -15"><span class='ocrx_word' id='word_1_113' title='bbox 126 1564 320 1603; x_wconf 72' lang='lat' dir='ltr'><strong>versus</strong></span> <span class='ocrx_word' id='word_1_114' title='bbox 349 1549 580 1618; x_wconf 85' lang='lat' dir='ltr'><strong>quisque</strong></span> <span class='ocrx_word' id='word_1_115' title='bbox 607 1562 670 1601; x_wconf 83' lang='lat' dir='ltr'><strong>ac</strong></span> <span class='ocrx_word' id='word_1_116' title='bbox 699 1562 847 1600; x_wconf 72' lang='lat' dir='ltr'><strong>vanae</strong></span> <span class='ocrx_word' id='word_1_117' title='bbox 873 1545 1054 1616; x_wconf 74' lang='lat' dir='ltr'><strong>gloria:</strong></span> <span class='ocrx_word' id='word_1_118' title='bbox 1087 1543 1348 1606; x_wconf 84' lang='lat' dir='ltr'><strong>serviens,</strong></span> <span class='ocrx_word' id='word_1_119' title='bbox 1379 1548 1524 1595; x_wconf 89' lang='lat' dir='ltr'><strong>recte</strong></span> <span class='ocrx_word' id='word_1_120' title='bbox 1551 1537 1705 1592; x_wconf 89' lang='lat' dir='ltr'><strong>adul-</strong></span> 
     </span>
    </p>
   </div>
   <div class='ocr_carea' id='block_1_17' title="bbox 131 1637 1706 1706">
    <p class='ocr_par' dir='ltr' id='par_1_17' title="bbox 131 1637 1706 1706">
     <span class='ocr_line' id='line_1_17' title="bbox 131 1637 1706 1706; baseline -0.006 -12"><span class='ocrx_word' id='word_1_121' title='bbox 131 1649 313 1694; x_wconf 86' lang='lat' dir='ltr'><strong>terare</strong></span> <span class='ocrx_word' id='word_1_122' title='bbox 353 1642 577 1695; x_wconf 79' lang='lat' dir='ltr'><strong>verbum</strong></span> <span class='ocrx_word' id='word_1_123' title='bbox 626 1638 718 1693; x_wconf 86' lang='lat' dir='ltr'><strong>Dei</strong></span> <span class='ocrx_word' id='word_1_124' title='bbox 748 1639 944 1692; x_wconf 89' lang='lat' dir='ltr'><strong>dicitur</strong></span> <span class='ocrx_word' id='word_1_125' title='bbox 971 1676 986 1702; x_wconf 93' lang='lat'><strong>,</strong></span> <span class='ocrx_word' id='word_1_126' title='bbox 1029 1637 1154 1706; x_wconf 94' lang='lat' dir='ltr'><strong>quia</strong></span> <span class='ocrx_word' id='word_1_127' title='bbox 1205 1650 1309 1689; x_wconf 89' lang='lat' dir='ltr'><strong>non</strong></span> <span class='ocrx_word' id='word_1_128' title='bbox 1352 1649 1449 1703; x_wconf 91' lang='lat' dir='ltr'><strong>per</strong></span> <span class='ocrx_word' id='word_1_129' title='bbox 1490 1645 1706 1688; x_wconf 90' lang='lat' dir='ltr'><strong>sacrum</strong></span> 
     </span>
    </p>
   </div>
   <div class='ocr_carea' id='block_1_18' title="bbox 129 1724 1707 1802">
    <p class='ocr_par' dir='ltr' id='par_1_18' title="bbox 129 1724 1707 1802">
     <span class='ocr_line' id='line_1_18' title="bbox 129 1724 1707 1802; baseline -0.008 -14"><span class='ocrx_word' id='word_1_130' title='bbox 129 1733 403 1802; x_wconf 82' lang='lat' dir='ltr'><strong>eloquium</strong></span> <span class='ocrx_word' id='word_1_131' title='bbox 456 1733 510 1786; x_wconf 92' lang='lat' dir='ltr'><strong>in</strong></span> <span class='ocrx_word' id='word_1_132' title='bbox 547 1732 656 1785; x_wconf 86' lang='lat' dir='ltr'><strong>Deo</strong></span> <span class='ocrx_word' id='word_1_133' title='bbox 683 1731 822 1784; x_wconf 88' lang='lat' dir='ltr'><strong>ﬁlios</strong></span> <span class='ocrx_word' id='word_1_134' title='bbox 845 1731 1084 1800; x_wconf 75' lang='lat' dir='ltr'><strong>gignere,</strong></span> <span class='ocrx_word' id='word_1_135' title='bbox 1123 1730 1214 1783; x_wconf 89' lang='lat' dir='ltr'><strong>sed</strong></span> <span class='ocrx_word' id='word_1_136' title='bbox 1245 1742 1399 1781; x_wconf 88' lang='lat' dir='ltr'><strong>suam</strong></span> <span class='ocrx_word' id='word_1_137' title='bbox 1424 1724 1707 1780; x_wconf 89' lang='lat' dir='ltr'><strong>scientiam</strong></span> 
     </span>
    </p>
   </div>
   <div class='ocr_carea' id='block_1_19' title="bbox 1791 543 3362 632">
    <p class='ocr_par' dir='ltr' id='par_1_19' title="bbox 1791 543 3362 632">
     <span class='ocr_line' id='line_1_19' title="bbox 1791 543 3362 632; baseline -0.013 -16"><span class='ocrx_word' id='word_1_138' title='bbox 1791 560 2265 632; x_wconf 62' lang='lat' dir='ltr'><strong>quisquejustitia:</strong></span> <span class='ocrx_word' id='word_1_139' title='bbox 2298 557 2414 611; x_wconf 91' lang='lat' dir='ltr'><strong>luce</strong></span> <span class='ocrx_word' id='word_1_140' title='bbox 2441 554 2706 609; x_wconf 88' lang='lat' dir='ltr'><strong>irradians</strong></span> <span class='ocrx_word' id='word_1_141' title='bbox 2744 551 2796 605; x_wconf 93' lang='lat' dir='ltr'><strong>in</strong></span> <span class='ocrx_word' id='word_1_142' title='bbox 2835 547 3086 620; x_wconf 80' lang='lat' dir='ltr'><strong>praesenti</strong></span> <span class='ocrx_word' id='word_1_143' title='bbox 3115 545 3223 598; x_wconf 89' lang='lat' dir='ltr'><strong>vita</strong></span> <span class='ocrx_word' id='word_1_144' title='bbox 3264 543 3362 596; x_wconf 82' lang='lat' dir='ltr'><strong>ho-</strong></span> 
     </span>
    </p>
   </div>
   <div class='ocr_carea' id='block_1_20' title="bbox 1798 631 3363 711">
    <p class='ocr_par' dir='ltr' id='par_1_20' title="bbox 1798 631 3363 711">
     <span class='ocr_line' id='line_1_20' title="bbox 1798 631 3363 711; baseline -0.015 -5"><span class='ocrx_word' id='word_1_145' title='bbox 1798 651 2020 706; x_wconf 89' lang='lat' dir='ltr'><strong>noribus</strong></span> <span class='ocrx_word' id='word_1_146' title='bbox 2045 649 2442 710; x_wconf 90' lang='lat' dir='ltr'><strong>sublimantur,</strong></span> <span class='ocrx_word' id='word_1_147' title='bbox 2473 659 2538 699; x_wconf 90' lang='lat' dir='ltr'><strong>eo</strong></span> <span class='ocrx_word' id='word_1_148' title='bbox 2585 651 2709 698; x_wconf 87' lang='lat' dir='ltr'><strong>ante</strong></span> <span class='ocrx_word' id='word_1_149' title='bbox 2755 652 3128 711; x_wconf 73' lang='lat' dir='ltr'><strong>perve-rsorum</strong></span> <span class='ocrx_word' id='word_1_150' title='bbox 3178 631 3363 687; x_wconf 90' lang='lat' dir='ltr'><strong>oculos</strong></span> 
     </span>
    </p>
   </div>
   <div class='ocr_carea' id='block_1_21' title="bbox 1792 722 3365 803">
    <p class='ocr_par' dir='ltr' id='par_1_21' title="bbox 1792 722 3365 803">
     <span class='ocr_line' id='line_1_21' title="bbox 1792 722 3365 803; baseline -0.015 -7"><span class='ocrx_word' id='word_1_151' title='bbox 1792 744 2026 796; x_wconf 67' lang='lat' dir='ltr'><strong>tenebrre</strong></span> <span class='ocrx_word' id='word_1_152' title='bbox 2056 740 2246 794; x_wconf 92' lang='lat' dir='ltr'><strong>mortis</strong></span> <span class='ocrx_word' id='word_1_153' title='bbox 2283 739 2448 801; x_wconf 92' lang='lat' dir='ltr'><strong>ﬁunt,</strong></span> <span class='ocrx_word' id='word_1_154' title='bbox 2497 735 2621 803; x_wconf 88' lang='lat' dir='ltr'><strong>quia</strong></span> <span class='ocrx_word' id='word_1_155' title='bbox 2666 732 2754 800; x_wconf 91' lang='lat' dir='ltr'><strong>qui</strong></span> <span class='ocrx_word' id='word_1_156' title='bbox 2785 743 3035 799; x_wconf 80' lang='lat' dir='ltr'><strong>perverse</strong></span> <span class='ocrx_word' id='word_1_157' title='bbox 3083 741 3142 779; x_wconf 92' lang='lat' dir='ltr'><strong>se</strong></span> <span class='ocrx_word' id='word_1_158' title='bbox 3191 722 3365 792; x_wconf 88' lang='lat' dir='ltr'><strong>egisse</strong></span> 
     </span>
    </p>
   </div>
   <div class='ocr_carea' id='block_1_22' title="bbox 1794 811 3366 894">
    <p class='ocr_par' dir='ltr' id='par_1_22' title="bbox 1794 811 3366 894">
     <span class='ocr_line' id='line_1_22' title="bbox 1794 811 3366 894; baseline -0.015 -7"><span class='ocrx_word' id='word_1_159' title='bbox 1794 831 2200 894; x_wconf 88' lang='lat' dir='ltr'><strong>meminerunt,</strong></span> <span class='ocrx_word' id='word_1_160' title='bbox 2253 827 2447 894; x_wconf 83' lang='lat' dir='ltr'><strong>corrigi</strong></span> <span class='ocrx_word' id='word_1_161' title='bbox 2498 824 2904 893; x_wconf 81' lang='lat' dir='ltr'><strong>pertimescunt.</strong></span> <span class='ocrx_word' id='word_1_162' title='bbox 2943 819 3168 885; x_wconf 89' lang='lat' dir='ltr'><strong>Semper</strong></span> <span class='ocrx_word' id='word_1_163' title='bbox 3222 811 3366 865; x_wconf 90' lang='lat' dir='ltr'><strong>enim</strong></span> 
     </span>
    </p>
   </div>
   <div class='ocr_carea' id='block_1_23' title="bbox 1795 899 3368 986">
    <p class='ocr_par' dir='ltr' id='par_1_23' title="bbox 1795 899 3368 986">
     <span class='ocr_line' id='line_1_23' title="bbox 1795 899 3368 986; baseline -0.015 -9"><span class='ocrx_word' id='word_1_164' title='bbox 1795 921 2101 977; x_wconf 89' lang='lat' dir='ltr'><strong>desiderant</strong></span> <span class='ocrx_word' id='word_1_165' title='bbox 2129 920 2179 973; x_wconf 93' lang='lat' dir='ltr'><strong>in</strong></span> <span class='ocrx_word' id='word_1_166' title='bbox 2204 919 2314 972; x_wconf 90' lang='lat' dir='ltr'><strong>suis</strong></span> <span class='ocrx_word' id='word_1_167' title='bbox 2345 915 2700 986; x_wconf 88' lang='lat' dir='ltr'><strong>pravitatibus</strong></span> <span class='ocrx_word' id='word_1_168' title='bbox 2743 926 2802 964; x_wconf 92' lang='lat' dir='ltr'><strong>se</strong></span> <span class='ocrx_word' id='word_1_169' title='bbox 2827 909 3030 969; x_wconf 79' lang='lat' dir='ltr'><strong>laxare,</strong></span> <span class='ocrx_word' id='word_1_170' title='bbox 3078 899 3368 958; x_wconf 87' lang='lat' dir='ltr'><strong>incorrecti</strong></span> 
     </span>
    </p>
   </div>
   <div class='ocr_carea' id='block_1_24' title="bbox 1795 993 3372 1079">
    <p class='ocr_par' dir='ltr' id='par_1_24' title="bbox 1795 993 3372 1079">
     <span class='ocr_line' id='line_1_24' title="bbox 1795 993 3372 1079; baseline -0.016 -12"><span class='ocrx_word' id='word_1_171' title='bbox 1795 1013 1995 1067; x_wconf 78' lang='lat' dir='ltr'><strong>vivere.</strong></span> <span class='ocrx_word' id='word_1_172' title='bbox 2027 1010 2284 1079; x_wconf 86' lang='lat' dir='ltr'><strong>Sequitur</strong></span> <span class='ocrx_word' id='word_1_173' title='bbox 2314 1025 2328 1060; x_wconf 90' lang='lat'><strong>:</strong></span> <span class='ocrx_word' id='word_1_174' title='bbox 2361 1007 2429 1059; x_wconf 87' lang='lat' dir='ltr'><strong>Et</strong></span> <span class='ocrx_word' id='word_1_175' title='bbox 2455 1006 2532 1058; x_wconf 87' lang='lat' dir='ltr'><strong>sic</strong></span> <span class='ocrx_word' id='word_1_176' title='bbox 2559 1006 2617 1057; x_wconf 91' lang='lat' dir='ltr'><strong>in</strong></span> <span class='ocrx_word' id='word_1_177' title='bbox 2662 1001 2883 1055; x_wconf 83' lang='lat' dir='ltr'><strong>tenebris</strong></span> <span class='ocrx_word' id='word_1_178' title='bbox 2911 998 3060 1068; x_wconf 84' lang='lat' dir='ltr'><strong>quasi</strong></span> <span class='ocrx_word' id='word_1_179' title='bbox 3082 996 3135 1048; x_wconf 85' lang='lat' dir='ltr'><strong>in</strong></span> <span class='ocrx_word' id='word_1_180' title='bbox 3175 993 3372 1045; x_wconf 82' lang='lat' dir='ltr'><strong>lumine</strong></span> 
     </span>
    </p>
   </div>
   <div class='ocr_carea' id='block_1_25' title="bbox 1797 1081 3377 1157">
    <p class='ocr_par' dir='ltr' id='par_1_25' title="bbox 1797 1081 3377 1157">
     <span class='ocr_line' id='line_1_25' title="bbox 1797 1081 3377 1157; baseline -0.013 0"><span class='ocrx_word' id='word_1_181' title='bbox 1797 1103 2088 1157; x_wconf 80' lang='lat' dir='ltr'><strong>ambulant.</strong></span> <span class='ocrx_word' id='word_1_182' title='bbox 2130 1127 2204 1140; x_wconf 88' lang='lat'><strong>--</strong></span> <span class='ocrx_word' id='word_1_183' title='bbox 2231 1097 2505 1152; x_wconf 75' lang='lat' dir='ltr'><strong>Perversa:</strong></span> <span class='ocrx_word' id='word_1_184' title='bbox 2539 1093 2737 1147; x_wconf 86' lang='lat' dir='ltr'><strong>etenim</strong></span> <span class='ocrx_word' id='word_1_185' title='bbox 2783 1098 2992 1144; x_wconf 90' lang='lat' dir='ltr'><strong>mentes</strong></span> <span class='ocrx_word' id='word_1_186' title='bbox 3040 1085 3275 1155; x_wconf 78' lang='lat' dir='ltr'><strong>gaudent</strong></span> <span class='ocrx_word' id='word_1_187' title='bbox 3317 1081 3377 1136; x_wconf 71' lang='lat' dir='ltr'><strong>it.</strong></span> 
     </span>
    </p>
   </div>
   <div class='ocr_carea' id='block_1_26' title="bbox 1799 1172 3372 1259">
    <p class='ocr_par' dir='ltr' id='par_1_26' title="bbox 1799 1172 3372 1259">
     <span class='ocr_line' id='line_1_26' title="bbox 1799 1172 3372 1259; baseline -0.014 -14"><span class='ocrx_word' id='word_1_188' title='bbox 1799 1190 2150 1255; x_wconf 81' lang='lat' dir='ltr'><strong>facinoribus,</strong></span> <span class='ocrx_word' id='word_1_189' title='bbox 2176 1202 2275 1259; x_wconf 88' lang='lat' dir='ltr'><strong>per</strong></span> <span class='ocrx_word' id='word_1_190' title='bbox 2293 1186 2501 1256; x_wconf 84' lang='lat' dir='ltr'><strong>culpam</strong></span> <span class='ocrx_word' id='word_1_191' title='bbox 2525 1199 2678 1239; x_wconf 89' lang='lat' dir='ltr'><strong>suam</strong></span> <span class='ocrx_word' id='word_1_192' title='bbox 2703 1180 2940 1252; x_wconf 89' lang='lat' dir='ltr'><strong>quotidie</strong></span> <span class='ocrx_word' id='word_1_193' title='bbox 2962 1177 3026 1230; x_wconf 87' lang='lat' dir='ltr'><strong>ad</strong></span> <span class='ocrx_word' id='word_1_194' title='bbox 3050 1172 3372 1243; x_wconf 88' lang='lat' dir='ltr'><strong>supplicium</strong></span> 
     </span>
    </p>
   </div>
   <div class='ocr_carea' id='block_1_27' title="bbox 1801 1264 3372 1345">
    <p class='ocr_par' dir='ltr' id='par_1_27' title="bbox 1801 1264 3372 1345">
     <span class='ocr_line' id='line_1_27' title="bbox 1801 1264 3372 1345; baseline -0.015 -10"><span class='ocrx_word' id='word_1_195' title='bbox 1801 1281 2088 1335; x_wconf 88' lang='lat' dir='ltr'><strong>trahuntur</strong></span> <span class='ocrx_word' id='word_1_196' title='bbox 2110 1319 2125 1345; x_wconf 93' lang='lat'><strong>,</strong></span> <span class='ocrx_word' id='word_1_197' title='bbox 2157 1285 2212 1332; x_wconf 88' lang='lat' dir='ltr'><strong>et</strong></span> <span class='ocrx_word' id='word_1_198' title='bbox 2264 1275 2438 1331; x_wconf 91' lang='lat' dir='ltr'><strong>securi</strong></span> <span class='ocrx_word' id='word_1_199' title='bbox 2493 1283 2636 1329; x_wconf 91' lang='lat' dir='ltr'><strong>sunt.</strong></span> <span class='ocrx_word' id='word_1_200' title='bbox 2669 1271 2818 1326; x_wconf 89' lang='lat' dir='ltr'><strong>Unde</strong></span> <span class='ocrx_word' id='word_1_201' title='bbox 2839 1277 2892 1323; x_wconf 91' lang='lat' dir='ltr'><strong>et</strong></span> <span class='ocrx_word' id='word_1_202' title='bbox 2918 1282 3011 1337; x_wconf 89' lang='lat' dir='ltr'><strong>per</strong></span> <span class='ocrx_word' id='word_1_203' title='bbox 3029 1264 3372 1319; x_wconf 53' lang='lat' dir='ltr'><strong>Salon‘ionem</strong></span> 
     </span>
    </p>
   </div>
   <div class='ocr_carea' id='block_1_28' title="bbox 1803 1348 3384 1434">
    <p class='ocr_par' dir='ltr' id='par_1_28' title="bbox 1803 1348 3384 1434">
     <span class='ocr_line' id='line_1_28' title="bbox 1803 1348 3384 1434; baseline -0.016 -8"><span class='ocrx_word' id='word_1_204' title='bbox 1803 1371 2038 1426; x_wconf 87' lang='lat' dir='ltr'><strong>dicitur:</strong></span> <span class='ocrx_word' id='word_1_205' title='bbox 2085 1387 2104 1419; x_wconf 74' lang='grc' dir='ltr'><strong>ι</strong></span> <span class='ocrx_word' id='word_1_206' title='bbox 2135 1367 2269 1422; x_wconf 92' lang='lat' dir='ltr'><strong>Sunt</strong></span> <span class='ocrx_word' id='word_1_207' title='bbox 2297 1365 2442 1434; x_wconf 90' lang='lat' dir='ltr'><strong>impii</strong></span> <span class='ocrx_word' id='word_1_208' title='bbox 2471 1366 2562 1434; x_wconf 91' lang='lat' dir='ltr'><strong>qui</strong></span> <span class='ocrx_word' id='word_1_209' title='bbox 2609 1365 2679 1416; x_wconf 88' lang='lat' dir='ltr'><strong>ita</strong></span> <span class='ocrx_word' id='word_1_210' title='bbox 2707 1359 2882 1416; x_wconf 89' lang='lat' dir='ltr'><strong>securi</strong></span> <span class='ocrx_word' id='word_1_211' title='bbox 2922 1364 3078 1419; x_wconf 91' lang='lat' dir='ltr'><strong>sunt,</strong></span> <span class='ocrx_word' id='word_1_212' title='bbox 3109 1351 3265 1424; x_wconf 90' lang='lat' dir='ltr'><strong>quasi</strong></span> <span class='ocrx_word' id='word_1_213' title='bbox 3289 1348 3384 1418; x_wconf 84' lang='lat' dir='ltr'><strong>ju-</strong></span> 
     </span>
    </p>
   </div>
   <div class='ocr_carea' id='block_1_29' title="bbox 1803 1439 3385 1522">
    <p class='ocr_par' dir='ltr' id='par_1_29' title="bbox 1803 1439 3385 1522">
     <span class='ocr_line' id='line_1_29' title="bbox 1803 1439 3385 1522; baseline -0.015 -8"><span class='ocrx_word' id='word_1_214' title='bbox 1803 1469 2008 1515; x_wconf 90' lang='lat' dir='ltr'><strong>storum</strong></span> <span class='ocrx_word' id='word_1_215' title='bbox 2041 1456 2183 1512; x_wconf 80' lang='lat' dir='ltr'><strong>facta</strong></span> <span class='ocrx_word' id='word_1_216' title='bbox 2224 1456 2455 1510; x_wconf 87' lang='lat' dir='ltr'><strong>habeant</strong></span> <span class='ocrx_word' id='word_1_217' title='bbox 2502 1451 2700 1522; x_wconf 87' lang='lat' dir='ltr'><strong>(Eccle.</strong></span> <span class='ocrx_word' id='word_1_218' title='bbox 2741 1465 2858 1512; x_wconf 90' lang='lat' dir='ltr'><strong>vm,</strong></span> <span class='ocrx_word' id='word_1_219' title='bbox 2884 1446 2994 1511; x_wconf 63' lang='lat' dir='ltr'><strong>ll).</strong></span> <span class='ocrx_word' id='word_1_220' title='bbox 3032 1463 3050 1496; x_wconf 76' lang='grc' dir='ltr'><strong>ι</strong></span> <span class='ocrx_word' id='word_1_221' title='bbox 3085 1443 3159 1496; x_wconf 91' lang='lat' dir='ltr'><strong>De</strong></span> <span class='ocrx_word' id='word_1_222' title='bbox 3188 1439 3385 1509; x_wconf 76' lang='lat' dir='ltr'><strong>quibus</strong></span> 
     </span>
    </p>
   </div>
   <div class='ocr_carea' id='block_1_30' title="bbox 1804 1529 3385 1616">
    <p class='ocr_par' dir='ltr' id='par_1_30' title="bbox 1804 1529 3385 1616">
     <span class='ocr_line' id='line_1_30' title="bbox 1804 1529 3385 1616; baseline -0.013 -14"><span class='ocrx_word' id='word_1_223' title='bbox 1804 1563 2021 1602; x_wconf 83' lang='lat' dir='ltr'><strong>rursum</strong></span> <span class='ocrx_word' id='word_1_224' title='bbox 2069 1547 2331 1616; x_wconf 90' lang='lat' dir='ltr'><strong>scriptum</strong></span> <span class='ocrx_word' id='word_1_225' title='bbox 2380 1552 2498 1598; x_wconf 87' lang='lat' dir='ltr'><strong>est:</strong></span> <span class='ocrx_word' id='word_1_226' title='bbox 2547 1562 2565 1595; x_wconf 78' lang='grc' dir='ltr'><strong>ι</strong></span> <span class='ocrx_word' id='word_1_227' title='bbox 2604 1541 2705 1608; x_wconf 91' lang='lat' dir='ltr'><strong>Qui</strong></span> <span class='ocrx_word' id='word_1_228' title='bbox 2750 1539 3001 1592; x_wconf 74' lang='lat' dir='ltr'><strong>laetantur</strong></span> <span class='ocrx_word' id='word_1_229' title='bbox 3049 1548 3172 1587; x_wconf 89' lang='lat' dir='ltr'><strong>cum</strong></span> <span class='ocrx_word' id='word_1_230' title='bbox 3217 1529 3385 1583; x_wconf 84' lang='lat' dir='ltr'><strong>male—</strong></span> 
     </span>
    </p>
   </div>
   <div class='ocr_carea' id='block_1_31' title="bbox 1807 1621 3382 1703">
    <p class='ocr_par' dir='ltr' id='par_1_31' title="bbox 1807 1621 3382 1703">
     <span class='ocr_line' id='line_1_31' title="bbox 1807 1621 3382 1703; baseline -0.013 -10"><span class='ocrx_word' id='word_1_231' title='bbox 1807 1639 2073 1703; x_wconf 82' lang='lat' dir='ltr'><strong>fecerint,</strong></span> <span class='ocrx_word' id='word_1_232' title='bbox 2105 1645 2158 1691; x_wconf 88' lang='lat' dir='ltr'><strong>et</strong></span> <span class='ocrx_word' id='word_1_233' title='bbox 2193 1621 2457 1690; x_wconf 73' lang='lat' dir='ltr'><strong>exsultant</strong></span> <span class='ocrx_word' id='word_1_234' title='bbox 2503 1633 2555 1688; x_wconf 93' lang='lat' dir='ltr'><strong>in</strong></span> <span class='ocrx_word' id='word_1_235' title='bbox 2598 1632 2759 1687; x_wconf 89' lang='lat' dir='ltr'><strong>rebus</strong></span> <span class='ocrx_word' id='word_1_236' title='bbox 2801 1627 3050 1699; x_wconf 87' lang='lat' dir='ltr'><strong>pessimis</strong></span> <span class='ocrx_word' id='word_1_237' title='bbox 3083 1623 3265 1695; x_wconf 85' lang='lat' dir='ltr'><strong>(Prov.</strong></span> <span class='ocrx_word' id='word_1_238' title='bbox 3298 1635 3336 1674; x_wconf 94' lang='grc' dir='ltr'><strong>ιι</strong></span> <span class='ocrx_word' id='word_1_239' title='bbox 3366 1657 3382 1683; x_wconf 88' lang='grc'><em>,</em></span> 
     </span>
    </p>
   </div>
   <div class='ocr_carea' id='block_1_32' title="bbox 1809 1711 3386 1802">
    <p class='ocr_par' dir='ltr' id='par_1_32' title="bbox 1809 1711 3386 1802">
     <span class='ocr_line' id='line_1_32' title="bbox 1809 1711 3386 1802; baseline -0.016 -15"><span class='ocrx_word' id='word_1_240' title='bbox 1809 1733 1930 1802; x_wconf 75' lang='grc'><strong>14).</strong></span> <span class='ocrx_word' id='word_1_241' title='bbox 1985 1749 2005 1782; x_wconf 76' lang='grc' dir='ltr'><strong>ι</strong></span> <span class='ocrx_word' id='word_1_242' title='bbox 2049 1728 2141 1784; x_wconf 85' lang='lat' dir='ltr'><strong>Sic</strong></span> <span class='ocrx_word' id='word_1_243' title='bbox 2180 1727 2360 1796; x_wconf 87' lang='lat' dir='ltr'><strong>itaque</strong></span> <span class='ocrx_word' id='word_1_244' title='bbox 2397 1726 2450 1778; x_wconf 90' lang='lat' dir='ltr'><strong>in</strong></span> <span class='ocrx_word' id='word_1_245' title='bbox 2496 1725 2715 1779; x_wconf 86' lang='lat' dir='ltr'><strong>tenebris</strong></span> <span class='ocrx_word' id='word_1_246' title='bbox 2754 1720 2906 1791; x_wconf 86' lang='lat' dir='ltr'><strong>quasi</strong></span> <span class='ocrx_word' id='word_1_247' title='bbox 2943 1719 2996 1772; x_wconf 90' lang='lat' dir='ltr'><strong>in</strong></span> <span class='ocrx_word' id='word_1_248' title='bbox 3044 1716 3157 1769; x_wconf 86' lang='lat' dir='ltr'><strong>luce</strong></span> <span class='ocrx_word' id='word_1_249' title='bbox 3197 1711 3386 1802; x_wconf 52' lang='lat' dir='ltr'><strong>ambit:</strong></span> 
     </span>
    </p>
   </div>
   <div class='ocr_carea' id='block_1_33' title="bbox 130 1791 3388 1897">
    <p class='ocr_par' dir='ltr' id='par_1_33' title="bbox 130 1791 3388 1897">
     <span class='ocr_line' id='line_1_33' title="bbox 130 1791 3388 1897; baseline -0.01 -21"><span class='ocrx_word' id='word_1_250' title='bbox 130 1824 410 1877; x_wconf 82' lang='lat' dir='ltr'><strong>desiderat</strong></span> <span class='ocrx_word' id='word_1_251' title='bbox 456 1830 750 1876; x_wconf 86' lang='lat' dir='ltr'><strong>ostentare.</strong></span> <span class='ocrx_word' id='word_1_252' title='bbox 779 1820 948 1885; x_wconf 87' lang='lat' dir='ltr'><strong>Quem</strong></span> <span class='ocrx_word' id='word_1_253' title='bbox 975 1818 1140 1872; x_wconf 87' lang='lat' dir='ltr'><strong>libido</strong></span> <span class='ocrx_word' id='word_1_254' title='bbox 1183 1817 1365 1887; x_wconf 72' lang='lat' dir='ltr'><strong>gloriae</strong></span> <span class='ocrx_word' id='word_1_255' title='bbox 1390 1815 1455 1869; x_wconf 91' lang='lat' dir='ltr'><strong>ad</strong></span> <span class='ocrx_word' id='word_1_256' title='bbox 1486 1814 1708 1883; x_wconf 87' lang='lat' dir='ltr'><strong>loquen-</strong></span> <span class='ocrx_word' id='word_1_257' title='bbox 1736 1838 1782 1897; x_wconf 80' lang='grc' dir='ltr'><strong>Β</strong></span> <span class='ocrx_word' id='word_1_258' title='bbox 1809 1791 1957 1887; x_wconf 38' lang='lat' dir='ltr'><strong>tan,&quot;</strong></span> <span class='ocrx_word' id='word_1_259' title='bbox 2006 1820 2132 1890; x_wconf 71' lang='lat' dir='ltr'><strong>quia</strong></span> <span class='ocrx_word' id='word_1_260' title='bbox 2181 1791 2290 1872; x_wconf 53' lang='grc' dir='ltr'><strong>ξυι-</strong></span> <span class='ocrx_word' id='word_1_261' title='bbox 2321 1817 2553 1886; x_wconf 59' lang='grc' dir='ltr'><strong>εεωιεηι</strong></span> <span class='ocrx_word' id='word_1_262' title='bbox 2597 1814 2650 1867; x_wconf 75' lang='lat' dir='ltr'><strong>in</strong></span> <span class='ocrx_word' id='word_1_263' title='bbox 2710 1821 2867 1866; x_wconf 71' lang='grc' dir='ltr'><strong>ηοοιθ</strong></span> <span class='ocrx_word' id='word_1_264' title='bbox 2911 1804 3119 1877; x_wconf 64' lang='lat' dir='ltr'><strong>peccati</strong></span> <span class='ocrx_word' id='word_1_265' title='bbox 3146 1843 3161 1869; x_wconf 78' lang='grc'><strong><em>,</em></strong></span> <span class='ocrx_word' id='word_1_266' title='bbox 3225 1814 3289 1854; x_wconf 79' lang='lat' dir='ltr'><strong>ac</strong></span> <span class='ocrx_word' id='word_1_267' title='bbox 3339 1791 3388 1852; x_wconf 78' lang='lat' dir='ltr'><strong>si</strong></span> 
     </span>
    </p>
   </div>
   <div class='ocr_carea' id='block_1_34' title="bbox 129 1907 1708 1981">
    <p class='ocr_par' dir='ltr' id='par_1_34' title="bbox 129 1907 1708 1981">
     <span class='ocr_line' id='line_1_34' title="bbox 129 1907 1708 1981; baseline -0.008 -12"><span class='ocrx_word' id='word_1_268' title='bbox 129 1915 263 1969; x_wconf 87' lang='lat' dir='ltr'><strong>dum</strong></span> <span class='ocrx_word' id='word_1_269' title='bbox 295 1915 461 1968; x_wconf 88' lang='lat' dir='ltr'><strong>trahit</strong></span> <span class='ocrx_word' id='word_1_270' title='bbox 485 1954 499 1978; x_wconf 92' lang='lat'><strong>,</strong></span> <span class='ocrx_word' id='word_1_271' title='bbox 528 1912 790 1981; x_wconf 76' lang='lat' dir='ltr'><strong>voluptati</strong></span> <span class='ocrx_word' id='word_1_272' title='bbox 819 1911 989 1981; x_wconf 87' lang='lat' dir='ltr'><strong>magis</strong></span> <span class='ocrx_word' id='word_1_273' title='bbox 1020 1925 1180 1980; x_wconf 88' lang='lat' dir='ltr'><strong>quam</strong></span> <span class='ocrx_word' id='word_1_274' title='bbox 1204 1907 1534 1978; x_wconf 88' lang='lat' dir='ltr'><strong>generationi</strong></span> <span class='ocrx_word' id='word_1_275' title='bbox 1579 1919 1708 1974; x_wconf 84' lang='lat' dir='ltr'><strong>ope-</strong></span> 
     </span>
    </p>
   </div>
   <div class='ocr_carea' id='block_1_35' title="bbox 132 1995 1713 2073">
    <p class='ocr_par' dir='ltr' id='par_1_35' title="bbox 132 1995 1713 2073">
     <span class='ocr_line' id='line_1_35' title="bbox 132 1995 1713 2073; baseline -0.007 -15"><span class='ocrx_word' id='word_1_276' title='bbox 132 2020 255 2058; x_wconf 85' lang='lat' dir='ltr'><strong>ram</strong></span> <span class='ocrx_word' id='word_1_277' title='bbox 309 2004 592 2073; x_wconf 86' lang='lat' dir='ltr'><strong>impendit.</strong></span> <span class='ocrx_word' id='word_1_278' title='bbox 632 2002 733 2057; x_wconf 88' lang='lat' dir='ltr'><strong>Ubi</strong></span> <span class='ocrx_word' id='word_1_279' title='bbox 779 2011 905 2070; x_wconf 88' lang='lat' dir='ltr'><strong>apte</strong></span> <span class='ocrx_word' id='word_1_280' title='bbox 936 1999 1220 2054; x_wconf 88' lang='lat' dir='ltr'><strong>subditur:</strong></span> <span class='ocrx_word' id='word_1_281' title='bbox 1252 1997 1371 2051; x_wconf 88' lang='lat' dir='ltr'><strong>Non</strong></span> <span class='ocrx_word' id='word_1_282' title='bbox 1409 2012 1488 2049; x_wconf 87' lang='lat' dir='ltr'><strong>me</strong></span> <span class='ocrx_word' id='word_1_283' title='bbox 1525 1995 1713 2048; x_wconf 75' lang='lat' dir='ltr'><strong>videbit</strong></span> 
     </span>
    </p>
   </div>
   <div class='ocr_carea' id='block_1_36' title="bbox 133 2084 1712 2162">
    <p class='ocr_par' dir='ltr' id='par_1_36' title="bbox 133 2084 1712 2162">
     <span class='ocr_line' id='line_1_36' title="bbox 133 2084 1712 2162; baseline -0.008 -15"><span class='ocrx_word' id='word_1_284' title='bbox 133 2093 364 2157; x_wconf 84' lang='lat' dir='ltr'><strong>oculus,</strong></span> <span class='ocrx_word' id='word_1_285' title='bbox 410 2093 534 2162; x_wconf 88' lang='lat' dir='ltr'><strong>quia</strong></span> <span class='ocrx_word' id='word_1_286' title='bbox 581 2090 902 2145; x_wconf 88' lang='lat' dir='ltr'><strong>adulterium</strong></span> <span class='ocrx_word' id='word_1_287' title='bbox 963 2088 1104 2158; x_wconf 93' lang='lat' dir='ltr'><strong>quod</strong></span> <span class='ocrx_word' id='word_1_288' title='bbox 1157 2087 1212 2140; x_wconf 90' lang='lat' dir='ltr'><strong>in</strong></span> <span class='ocrx_word' id='word_1_289' title='bbox 1275 2093 1453 2140; x_wconf 90' lang='lat' dir='ltr'><strong>mente</strong></span> <span class='ocrx_word' id='word_1_290' title='bbox 1499 2084 1712 2154; x_wconf 86' lang='lat' dir='ltr'><strong>agitur,</strong></span> 
     </span>
    </p>
   </div>
   <div class='ocr_carea' id='block_1_37' title="bbox 132 2178 1716 2247">
    <p class='ocr_par' dir='ltr' id='par_1_37' title="bbox 132 2178 1716 2247">
     <span class='ocr_line' id='line_1_37' title="bbox 132 2178 1716 2247; baseline -0.006 -11"><span class='ocrx_word' id='word_1_291' title='bbox 132 2182 299 2237; x_wconf 77' lang='lat' dir='ltr'><strong>valde</strong></span> <span class='ocrx_word' id='word_1_292' title='bbox 341 2182 558 2236; x_wconf 70' lang='lat' dir='ltr'><strong>difﬁcile</strong></span> <span class='ocrx_word' id='word_1_293' title='bbox 604 2190 727 2247; x_wconf 90' lang='lat' dir='ltr'><strong>est,</strong></span> <span class='ocrx_word' id='word_1_294' title='bbox 783 2189 845 2235; x_wconf 87' lang='lat' dir='ltr'><strong>ut</strong></span> <span class='ocrx_word' id='word_1_295' title='bbox 889 2182 954 2235; x_wconf 89' lang='lat' dir='ltr'><strong>ab</strong></span> <span class='ocrx_word' id='word_1_296' title='bbox 1005 2181 1238 2235; x_wconf 89' lang='lat' dir='ltr'><strong>humano</strong></span> <span class='ocrx_word' id='word_1_297' title='bbox 1283 2178 1400 2232; x_wconf 89' lang='lat' dir='ltr'><strong>visu</strong></span> <span class='ocrx_word' id='word_1_298' title='bbox 1468 2183 1716 2246; x_wconf 88' lang='lat' dir='ltr'><strong>penetre-</strong></span> 
     </span>
    </p>
   </div>
   <div class='ocr_carea' id='block_1_38' title="bbox 137 2255 1720 2344">
    <p class='ocr_par' dir='ltr' id='par_1_38' title="bbox 137 2255 1720 2344">
     <span class='ocr_line' id='line_1_38' title="bbox 137 2255 1720 2344; baseline -0.004 -17"><span class='ocrx_word' id='word_1_299' title='bbox 137 2283 252 2327; x_wconf 89' lang='lat' dir='ltr'><strong>tur.</strong></span> <span class='ocrx_word' id='word_1_300' title='bbox 307 2273 459 2341; x_wconf 86' lang='lat' dir='ltr'><strong>Quod</strong></span> <span class='ocrx_word' id='word_1_301' title='bbox 517 2290 770 2344; x_wconf 87' lang='lat' dir='ltr'><strong>perversa</strong></span> <span class='ocrx_word' id='word_1_302' title='bbox 837 2288 990 2328; x_wconf 88' lang='lat' dir='ltr'><strong>mens</strong></span> <span class='ocrx_word' id='word_1_303' title='bbox 1037 2255 1193 2326; x_wconf 57' lang='lat' dir='ltr'><strong>&#39;tanto</strong></span> <span class='ocrx_word' id='word_1_304' title='bbox 1240 2269 1483 2324; x_wconf 90' lang='lat' dir='ltr'><strong>securius</strong></span> <span class='ocrx_word' id='word_1_305' title='bbox 1530 2281 1720 2338; x_wconf 87' lang='lat' dir='ltr'><strong>perpe-</strong></span> 
     </span>
    </p>
   </div>
   <div class='ocr_carea' id='block_1_39' title="bbox 134 2359 1720 2432">
    <p class='ocr_par' dir='ltr' id='par_1_39' title="bbox 134 2359 1720 2432">
     <span class='ocr_line' id='line_1_39' title="bbox 134 2359 1720 2432; baseline -0.001 -16"><span class='ocrx_word' id='word_1_306' title='bbox 134 2371 252 2416; x_wconf 87' lang='lat' dir='ltr'><strong>trat</strong></span> <span class='ocrx_word' id='word_1_307' title='bbox 279 2403 294 2428; x_wconf 88' lang='lat'><strong>,</strong></span> <span class='ocrx_word' id='word_1_308' title='bbox 333 2372 547 2432; x_wconf 88' lang='lat' dir='ltr'><strong>quanto.</strong></span> <span class='ocrx_word' id='word_1_309' title='bbox 578 2378 635 2418; x_wconf 90' lang='lat' dir='ltr'><strong>se</strong></span> <span class='ocrx_word' id='word_1_310' title='bbox 674 2364 744 2418; x_wconf 90' lang='lat' dir='ltr'><strong>ab</strong></span> <span class='ocrx_word' id='word_1_311' title='bbox 782 2363 1090 2418; x_wconf 90' lang='lat' dir='ltr'><strong>hominibus</strong></span> <span class='ocrx_word' id='word_1_312' title='bbox 1130 2363 1297 2416; x_wconf 89' lang='lat' dir='ltr'><strong>videri</strong></span> <span class='ocrx_word' id='word_1_313' title='bbox 1339 2376 1444 2415; x_wconf 92' lang='lat' dir='ltr'><strong>non</strong></span> <span class='ocrx_word' id='word_1_314' title='bbox 1489 2359 1720 2425; x_wconf 90' lang='lat' dir='ltr'><strong>metuit,</strong></span> 
     </span>
    </p>
   </div>
   <div class='ocr_carea' id='block_1_40' title="bbox 138 2449 1719 2522">
    <p class='ocr_par' dir='ltr' id='par_1_40' title="bbox 138 2449 1719 2522">
     <span class='ocr_line' id='line_1_40' title="bbox 138 2449 1719 2522; baseline -0.001 -18"><span class='ocrx_word' id='word_1_315' title='bbox 138 2467 281 2520; x_wconf 88' lang='lat' dir='ltr'><strong>quos</strong></span> <span class='ocrx_word' id='word_1_316' title='bbox 307 2453 616 2508; x_wconf 85' lang='lat' dir='ltr'><strong>erubescat.</strong></span> <span class='ocrx_word' id='word_1_317' title='bbox 649 2452 904 2522; x_wconf 87' lang='lat' dir='ltr'><strong>Sequitur</strong></span> <span class='ocrx_word' id='word_1_318' title='bbox 933 2470 948 2508; x_wconf 88' lang='lat'><strong>:</strong></span> <span class='ocrx_word' id='word_1_319' title='bbox 979 2452 1045 2505; x_wconf 89' lang='lat' dir='ltr'><strong>Et</strong></span> <span class='ocrx_word' id='word_1_320' title='bbox 1073 2453 1261 2522; x_wconf 86' lang='lat' dir='ltr'><strong>aperiet</strong></span> <span class='ocrx_word' id='word_1_321' title='bbox 1305 2449 1505 2505; x_wconf 85' lang='lat' dir='ltr'><strong>vultum</strong></span> <span class='ocrx_word' id='word_1_322' title='bbox 1546 2465 1719 2504; x_wconf 85' lang='lat' dir='ltr'><strong>suum.</strong></span> 
     </span>
    </p>
   </div>
   <div class='ocr_carea' id='block_1_41' title="bbox 136 2544 1724 2615">
    <p class='ocr_par' dir='ltr' id='par_1_41' title="bbox 136 2544 1724 2615">
     <span class='ocr_line' id='line_1_41' title="bbox 136 2544 1724 2615; baseline -0.001 -18"><span class='ocrx_word' id='word_1_323' title='bbox 136 2573 214 2584; x_wconf 87' lang='lat'><strong>-—</strong></span> <span class='ocrx_word' id='word_1_324' title='bbox 244 2544 450 2600; x_wconf 88' lang='lat' dir='ltr'><strong>Idcirco</strong></span> <span class='ocrx_word' id='word_1_325' title='bbox 480 2545 656 2615; x_wconf 87' lang='lat' dir='ltr'><strong>operit</strong></span> <span class='ocrx_word' id='word_1_326' title='bbox 678 2545 886 2599; x_wconf 86' lang='lat' dir='ltr'><strong>adulter</strong></span> <span class='ocrx_word' id='word_1_327' title='bbox 914 2544 1106 2599; x_wconf 80' lang='lat' dir='ltr'><strong>faciem</strong></span> <span class='ocrx_word' id='word_1_328' title='bbox 1147 2559 1297 2598; x_wconf 89' lang='lat' dir='ltr'><strong>suam</strong></span> <span class='ocrx_word' id='word_1_329' title='bbox 1330 2558 1396 2598; x_wconf 91' lang='lat' dir='ltr'><strong>ne</strong></span> <span class='ocrx_word' id='word_1_330' title='bbox 1432 2557 1724 2612; x_wconf 88' lang='lat' dir='ltr'><strong>cognosca-</strong></span> 
     </span>
    </p>
   </div>
   <div class='ocr_carea' id='block_1_42' title="bbox 141 2632 1725 2702">
    <p class='ocr_par' dir='ltr' id='par_1_42' title="bbox 141 2632 1725 2702">
     <span class='ocr_line' id='line_1_42' title="bbox 141 2632 1725 2702; baseline -0.003 -15"><span class='ocrx_word' id='word_1_331' title='bbox 141 2643 256 2687; x_wconf 91' lang='lat' dir='ltr'><strong>tur.</strong></span> <span class='ocrx_word' id='word_1_332' title='bbox 287 2633 476 2688; x_wconf 87' lang='lat' dir='ltr'><strong>Omnis</strong></span> <span class='ocrx_word' id='word_1_333' title='bbox 496 2643 673 2688; x_wconf 89' lang='lat' dir='ltr'><strong>autem</strong></span> <span class='ocrx_word' id='word_1_334' title='bbox 699 2633 788 2702; x_wconf 88' lang='lat' dir='ltr'><strong>qui</strong></span> <span class='ocrx_word' id='word_1_335' title='bbox 817 2633 1098 2687; x_wconf 89' lang='lat' dir='ltr'><strong>sentiendo</strong></span> <span class='ocrx_word' id='word_1_336' title='bbox 1123 2633 1206 2687; x_wconf 90' lang='lat' dir='ltr'><strong>vel</strong></span> <span class='ocrx_word' id='word_1_337' title='bbox 1229 2632 1438 2700; x_wconf 83' lang='lat' dir='ltr'><strong>agendo</strong></span> <span class='ocrx_word' id='word_1_338' title='bbox 1475 2632 1725 2700; x_wconf 90' lang='lat' dir='ltr'><strong>nequiter</strong></span> 
     </span>
    </p>
   </div>
   <div class='ocr_carea' id='block_1_43' title="bbox 140 2721 1727 2794">
    <p class='ocr_par' dir='ltr' id='par_1_43' title="bbox 140 2721 1727 2794">
     <span class='ocr_line' id='line_1_43' title="bbox 140 2721 1727 2794; baseline -0.002 -16"><span class='ocrx_word' id='word_1_339' title='bbox 140 2726 303 2788; x_wconf 78' lang='lat' dir='ltr'><strong>vivit,</strong></span> <span class='ocrx_word' id='word_1_340' title='bbox 352 2726 527 2794; x_wconf 87' lang='lat' dir='ltr'><strong>operit</strong></span> <span class='ocrx_word' id='word_1_341' title='bbox 568 2724 768 2778; x_wconf 90' lang='lat' dir='ltr'><strong>vultum</strong></span> <span class='ocrx_word' id='word_1_342' title='bbox 805 2739 990 2788; x_wconf 90' lang='lat' dir='ltr'><strong>suum,</strong></span> <span class='ocrx_word' id='word_1_343' title='bbox 1027 2724 1152 2793; x_wconf 89' lang='lat' dir='ltr'><strong>quia</strong></span> <span class='ocrx_word' id='word_1_344' title='bbox 1194 2724 1262 2778; x_wconf 90' lang='lat' dir='ltr'><strong>ad</strong></span> <span class='ocrx_word' id='word_1_345' title='bbox 1315 2725 1415 2778; x_wconf 94' lang='lat' dir='ltr'><strong>hoc</strong></span> <span class='ocrx_word' id='word_1_346' title='bbox 1462 2721 1727 2792; x_wconf 86' lang='lat' dir='ltr'><strong>perversi-</strong></span> 
     </span>
    </p>
   </div>
   <div class='ocr_carea' id='block_1_44' title="bbox 142 2813 1727 2882">
    <p class='ocr_par' dir='ltr' id='par_1_44' title="bbox 142 2813 1727 2882">
     <span class='ocr_line' id='line_1_44' title="bbox 142 2813 1727 2882; baseline -0.001 -16"><span class='ocrx_word' id='word_1_347' title='bbox 142 2821 262 2867; x_wconf 89' lang='lat' dir='ltr'><strong>tate</strong></span> <span class='ocrx_word' id='word_1_348' title='bbox 294 2813 561 2882; x_wconf 82' lang='lat' dir='ltr'><strong>dogmatis</strong></span> <span class='ocrx_word' id='word_1_349' title='bbox 600 2814 678 2866; x_wconf 89' lang='lat' dir='ltr'><strong>vel</strong></span> <span class='ocrx_word' id='word_1_350' title='bbox 708 2814 888 2882; x_wconf 90' lang='lat' dir='ltr'><strong>operis</strong></span> <span class='ocrx_word' id='word_1_351' title='bbox 919 2813 1128 2878; x_wconf 89' lang='lat' dir='ltr'><strong>tendit,</strong></span> <span class='ocrx_word' id='word_1_352' title='bbox 1160 2820 1220 2867; x_wconf 90' lang='lat' dir='ltr'><strong>ut</strong></span> <span class='ocrx_word' id='word_1_353' title='bbox 1253 2813 1322 2867; x_wconf 87' lang='lat' dir='ltr'><strong>ab</strong></span> <span class='ocrx_word' id='word_1_354' title='bbox 1361 2813 1727 2881; x_wconf 88' lang='lat' dir='ltr'><strong>omnipotente</strong></span> 
     </span>
    </p>
   </div>
   <div class='ocr_carea' id='block_1_45' title="bbox 143 2900 1729 2987">
    <p class='ocr_par' dir='ltr' id='par_1_45' title="bbox 143 2900 1729 2987">
     <span class='ocr_line' id='line_1_45' title="bbox 143 2900 1729 2987; baseline -0.003 -29"><span class='ocrx_word' id='word_1_355' title='bbox 143 2903 265 2958; x_wconf 81' lang='lat' dir='ltr'><strong>Deo</strong></span> <span class='ocrx_word' id='word_1_356' title='bbox 297 2905 350 2957; x_wconf 91' lang='lat' dir='ltr'><strong>in</strong></span> <span class='ocrx_word' id='word_1_357' title='bbox 377 2904 582 2987; x_wconf 77' lang='lat' dir='ltr'><strong>judicio</strong></span> <span class='ocrx_word' id='word_1_358' title='bbox 622 2903 930 2973; x_wconf 76' lang='lat' dir='ltr'><strong>recognosci</strong></span> <span class='ocrx_word' id='word_1_359' title='bbox 979 2918 1084 2956; x_wconf 91' lang='lat' dir='ltr'><strong>non</strong></span> <span class='ocrx_word' id='word_1_360' title='bbox 1111 2903 1301 2972; x_wconf 89' lang='lat' dir='ltr'><strong>possit.</strong></span> <span class='ocrx_word' id='word_1_361' title='bbox 1343 2902 1494 2956; x_wconf 90' lang='lat' dir='ltr'><strong>Unde</strong></span> <span class='ocrx_word' id='word_1_362' title='bbox 1542 2901 1594 2954; x_wconf 94' lang='lat' dir='ltr'><strong>in</strong></span> <span class='ocrx_word' id='word_1_363' title='bbox 1625 2900 1729 2954; x_wconf 89' lang='lat' dir='ltr'><strong>ﬁne</strong></span> 
     </span>
    </p>
   </div>
   <div class='ocr_carea' id='block_1_46' title="bbox 145 2991 1731 3068">
    <p class='ocr_par' dir='ltr' id='par_1_46' title="bbox 145 2991 1731 3068">
     <span class='ocr_line' id='line_1_46' title="bbox 145 2991 1731 3068; baseline -0.004 -18"><span class='ocrx_word' id='word_1_364' title='bbox 145 2999 477 3068; x_wconf 82' lang='lat' dir='ltr'><strong>quibusdam</strong></span> <span class='ocrx_word' id='word_1_365' title='bbox 523 2997 762 3050; x_wconf 83' lang='lat' dir='ltr'><strong>dicturus</strong></span> <span class='ocrx_word' id='word_1_366' title='bbox 791 3003 910 3050; x_wconf 92' lang='lat' dir='ltr'><strong>est:</strong></span> <span class='ocrx_word' id='word_1_367' title='bbox 949 3013 967 3045; x_wconf 73' lang='grc' dir='ltr'><strong>ι</strong></span> <span class='ocrx_word' id='word_1_368' title='bbox 1006 2995 1288 3064; x_wconf 79' lang='lat' dir='ltr'><strong>Nunquam</strong></span> <span class='ocrx_word' id='word_1_369' title='bbox 1311 2993 1432 3048; x_wconf 88' lang='lat' dir='ltr'><strong>novi</strong></span> <span class='ocrx_word' id='word_1_370' title='bbox 1459 3007 1571 3047; x_wconf 91' lang='lat' dir='ltr'><strong>vos.</strong></span> <span class='ocrx_word' id='word_1_371' title='bbox 1616 2991 1731 3045; x_wconf 86' lang='lat' dir='ltr'><strong>Dis-</strong></span> 
     </span>
    </p>
   </div>
   <div class='ocr_carea' id='block_1_47' title="bbox 147 3082 1728 3157">
    <p class='ocr_par' dir='ltr' id='par_1_47' title="bbox 147 3082 1728 3157">
     <span class='ocr_line' id='line_1_47' title="bbox 147 3082 1728 3157; baseline -0.004 -15"><span class='ocrx_word' id='word_1_372' title='bbox 147 3088 333 3142; x_wconf 83' lang='lat' dir='ltr'><strong>cedite</strong></span> <span class='ocrx_word' id='word_1_373' title='bbox 360 3103 388 3139; x_wconf 87' lang='lat' dir='ltr'><strong>a</strong></span> <span class='ocrx_word' id='word_1_374' title='bbox 418 3103 528 3151; x_wconf 90' lang='lat' dir='ltr'><strong>me,</strong></span> <span class='ocrx_word' id='word_1_375' title='bbox 556 3088 642 3157; x_wconf 94' lang='lat' dir='ltr'><strong>qui</strong></span> <span class='ocrx_word' id='word_1_376' title='bbox 674 3085 973 3156; x_wconf 88' lang='lat' dir='ltr'><strong>operamini</strong></span> <span class='ocrx_word' id='word_1_377' title='bbox 1006 3086 1344 3154; x_wconf 84' lang='lat' dir='ltr'><strong>iniquitatem</strong></span> <span class='ocrx_word' id='word_1_378' title='bbox 1376 3082 1588 3154; x_wconf 79' lang='lat' dir='ltr'><strong>(Matth.</strong></span> <span class='ocrx_word' id='word_1_379' title='bbox 1617 3097 1687 3136; x_wconf 84' lang='lat' dir='ltr'><strong>vlt</strong></span> <span class='ocrx_word' id='word_1_380' title='bbox 1714 3121 1728 3146; x_wconf 91' lang='lat'><strong>,</strong></span> 
     </span>
    </p>
   </div>
   <div class='ocr_carea' id='block_1_48' title="bbox 1812 1892 3387 1980">
    <p class='ocr_par' dir='ltr' id='par_1_48' title="bbox 1812 1892 3387 1980">
     <span class='ocr_line' id='line_1_48' title="bbox 1812 1892 3387 1980; baseline -0.017 -10"><span class='ocrx_word' id='word_1_381' title='bbox 1812 1929 1906 1970; x_wconf 88' lang='lat' dir='ltr'><strong>eos</strong></span> <span class='ocrx_word' id='word_1_382' title='bbox 1957 1912 2046 1966; x_wconf 87' lang='lat' dir='ltr'><strong>lux</strong></span> <span class='ocrx_word' id='word_1_383' title='bbox 2082 1909 2304 1980; x_wconf 72' lang='lat' dir='ltr'><strong>justitia:</strong></span> <span class='ocrx_word' id='word_1_384' title='bbox 2342 1904 2796 1963; x_wconf 82' lang='lat' dir='ltr'><strong>circumfundant.</strong></span> <span class='ocrx_word' id='word_1_385' title='bbox 2863 1900 2953 1953; x_wconf 78' lang='lat' dir='ltr'><strong>Vel</strong></span> <span class='ocrx_word' id='word_1_386' title='bbox 3017 1903 3207 1957; x_wconf 89' lang='lat' dir='ltr'><strong>certe,</strong></span> <span class='ocrx_word' id='word_1_387' title='bbox 3259 1892 3387 1960; x_wconf 88' lang='lat' dir='ltr'><strong>quia</strong></span> 
     </span>
    </p>
   </div>
   <div class='ocr_carea' id='block_1_49' title="bbox 1815 1983 3392 2067">
    <p class='ocr_par' dir='ltr' id='par_1_49' title="bbox 1815 1983 3392 2067">
     <span class='ocr_line' id='line_1_49' title="bbox 1815 1983 3392 2067; baseline -0.016 -9"><span class='ocrx_word' id='word_1_388' title='bbox 1815 2001 2052 2059; x_wconf 66' lang='lat' dir='ltr'><strong>tenebrae</strong></span> <span class='ocrx_word' id='word_1_389' title='bbox 2127 2000 2291 2053; x_wconf 89' lang='lat' dir='ltr'><strong>vitam</strong></span> <span class='ocrx_word' id='word_1_390' title='bbox 2372 2003 2692 2067; x_wconf 80' lang='lat' dir='ltr'><strong>praesentem</strong></span> <span class='ocrx_word' id='word_1_391' title='bbox 2761 2006 2868 2046; x_wconf 92' lang='lat' dir='ltr'><strong>non</strong></span> <span class='ocrx_word' id='word_1_392' title='bbox 2947 1983 3392 2042; x_wconf 88' lang='lat' dir='ltr'><strong>inconvenienter</strong></span> 
     </span>
    </p>
   </div>
   <div class='ocr_carea' id='block_1_50' title="bbox 1815 2072 3394 2162">
    <p class='ocr_par' dir='ltr' id='par_1_50' title="bbox 1815 2072 3394 2162">
     <span class='ocr_line' id='line_1_50' title="bbox 1815 2072 3394 2162; baseline -0.016 -14"><span class='ocrx_word' id='word_1_393' title='bbox 1815 2093 2158 2162; x_wconf 80' lang='lat' dir='ltr'><strong>exprimunt,</strong></span> <span class='ocrx_word' id='word_1_394' title='bbox 2196 2091 2248 2144; x_wconf 89' lang='lat' dir='ltr'><strong>in</strong></span> <span class='ocrx_word' id='word_1_395' title='bbox 2296 2103 2400 2158; x_wconf 90' lang='lat' dir='ltr'><strong>qua</strong></span> <span class='ocrx_word' id='word_1_396' title='bbox 2434 2087 2623 2142; x_wconf 71' lang='lat' dir='ltr'><strong>aliena:</strong></span> <span class='ocrx_word' id='word_1_397' title='bbox 2672 2079 3017 2139; x_wconf 68' lang='lat' dir='ltr'><strong>conscientia:</strong></span> <span class='ocrx_word' id='word_1_398' title='bbox 3057 2091 3162 2131; x_wconf 92' lang='lat' dir='ltr'><strong>non</strong></span> <span class='ocrx_word' id='word_1_399' title='bbox 3207 2072 3394 2125; x_wconf 82' lang='lat' dir='ltr'><strong>viden-</strong></span> 
     </span>
    </p>
   </div>
   <div class='ocr_carea' id='block_1_51' title="bbox 1818 2162 3396 2251">
    <p class='ocr_par' dir='ltr' id='par_1_51' title="bbox 1818 2162 3396 2251">
     <span class='ocr_line' id='line_1_51' title="bbox 1818 2162 3396 2251; baseline -0.018 -10"><span class='ocrx_word' id='word_1_400' title='bbox 1818 2195 1928 2251; x_wconf 92' lang='lat' dir='ltr'><strong>tur,</strong></span> <span class='ocrx_word' id='word_1_401' title='bbox 1958 2184 2049 2238; x_wconf 80' lang='lat' dir='ltr'><strong>lux</strong></span> <span class='ocrx_word' id='word_1_402' title='bbox 2094 2197 2223 2238; x_wconf 88' lang='lat' dir='ltr'><strong>vero</strong></span> <span class='ocrx_word' id='word_1_403' title='bbox 2253 2190 2435 2235; x_wconf 90' lang='lat' dir='ltr'><strong>nostra</strong></span> <span class='ocrx_word' id='word_1_404' title='bbox 2467 2177 2638 2248; x_wconf 89' lang='lat' dir='ltr'><strong>patria</strong></span> <span class='ocrx_word' id='word_1_405' title='bbox 2675 2184 2874 2228; x_wconf 74' lang='lat' dir='ltr'><strong>aeterna</strong></span> <span class='ocrx_word' id='word_1_406' title='bbox 2901 2178 3015 2234; x_wconf 89' lang='lat' dir='ltr'><strong>est,</strong></span> <span class='ocrx_word' id='word_1_407' title='bbox 3043 2167 3097 2221; x_wconf 92' lang='lat' dir='ltr'><strong>in</strong></span> <span class='ocrx_word' id='word_1_408' title='bbox 3137 2178 3243 2234; x_wconf 90' lang='lat' dir='ltr'><strong>qua</strong></span> <span class='ocrx_word' id='word_1_409' title='bbox 3267 2162 3396 2216; x_wconf 90' lang='lat' dir='ltr'><strong>dum</strong></span> 
     </span>
    </p>
   </div>
   <div class='ocr_carea' id='block_1_52' title="bbox 1819 2249 3398 2341">
    <p class='ocr_par' dir='ltr' id='par_1_52' title="bbox 1819 2249 3398 2341">
     <span class='ocr_line' id='line_1_52' title="bbox 1819 2249 3398 2341; baseline -0.017 -12"><span class='ocrx_word' id='word_1_410' title='bbox 1819 2277 1996 2330; x_wconf 84' lang='lat' dir='ltr'><strong>vultus</strong></span> <span class='ocrx_word' id='word_1_411' title='bbox 2036 2269 2414 2341; x_wconf 89' lang='lat' dir='ltr'><strong>prospicimus,</strong></span> <span class='ocrx_word' id='word_1_412' title='bbox 2442 2266 2605 2321; x_wconf 88' lang='lat' dir='ltr'><strong>corda</strong></span> <span class='ocrx_word' id='word_1_413' title='bbox 2644 2272 2832 2318; x_wconf 87' lang='lat' dir='ltr'><strong>nostra</strong></span> <span class='ocrx_word' id='word_1_414' title='bbox 2875 2260 2931 2314; x_wconf 91' lang='lat' dir='ltr'><strong>in</strong></span> <span class='ocrx_word' id='word_1_415' title='bbox 2972 2255 3127 2311; x_wconf 88' lang='lat' dir='ltr'><strong>nobis</strong></span> <span class='ocrx_word' id='word_1_416' title='bbox 3157 2249 3398 2307; x_wconf 89' lang='lat' dir='ltr'><strong>vicissim</strong></span> 
     </span>
    </p>
   </div>
   <div class='ocr_carea' id='block_1_53' title="bbox 1820 2339 3398 2428">
    <p class='ocr_par' dir='ltr' id='par_1_53' title="bbox 1820 2339 3398 2428">
     <span class='ocr_line' id='line_1_53' title="bbox 1820 2339 3398 2428; baseline -0.018 -9"><span class='ocrx_word' id='word_1_417' title='bbox 1820 2339 2084 2418; x_wconf 80' lang='lat' dir='ltr'><strong>videmus.</strong></span> <span class='ocrx_word' id='word_1_418' title='bbox 2119 2339 2291 2428; x_wconf 89' lang='lat' dir='ltr'><strong>Iniqui</strong></span> <span class='ocrx_word' id='word_1_419' title='bbox 2329 2364 2531 2420; x_wconf 89' lang='lat' dir='ltr'><strong>autem,</strong></span> <span class='ocrx_word' id='word_1_420' title='bbox 2571 2354 2697 2422; x_wconf 83' lang='lat' dir='ltr'><strong>quia</strong></span> <span class='ocrx_word' id='word_1_421' title='bbox 2749 2351 2916 2404; x_wconf 85' lang='lat' dir='ltr'><strong>vitam</strong></span> <span class='ocrx_word' id='word_1_422' title='bbox 2954 2351 3274 2416; x_wconf 59' lang='lat' dir='ltr'><strong>praesentem</strong></span> <span class='ocrx_word' id='word_1_423' title='bbox 3323 2339 3398 2392; x_wconf 88' lang='lat' dir='ltr'><strong>ita</strong></span> 
     </span>
    </p>
   </div>
   <div class='ocr_carea' id='block_1_54' title="bbox 1824 2433 3400 2525">
    <p class='ocr_par' dir='ltr' id='par_1_54' title="bbox 1824 2433 3400 2525">
     <span class='ocr_line' id='line_1_54' title="bbox 1824 2433 3400 2525; baseline -0.017 -16"><span class='ocrx_word' id='word_1_424' title='bbox 1824 2454 2072 2525; x_wconf 87' lang='lat' dir='ltr'><strong>diligunt,</strong></span> <span class='ocrx_word' id='word_1_425' title='bbox 2102 2459 2263 2520; x_wconf 89' lang='lat' dir='ltr'><strong>atque</strong></span> <span class='ocrx_word' id='word_1_426' title='bbox 2304 2449 2422 2502; x_wconf 63' lang='lat' dir='ltr'><strong>haec</strong></span> <span class='ocrx_word' id='word_1_427' title='bbox 2450 2444 2626 2501; x_wconf 84' lang='lat' dir='ltr'><strong>exsilii</strong></span> <span class='ocrx_word' id='word_1_428' title='bbox 2672 2452 2917 2510; x_wconf 88' lang='lat' dir='ltr'><strong>tempora</strong></span> <span class='ocrx_word' id='word_1_429' title='bbox 2941 2433 3400 2503; x_wconf 83' lang='lat' dir='ltr'><strong>complectuntur,</strong></span> 
     </span>
    </p>
   </div>
   <div class='ocr_carea' id='block_1_55' title="bbox 1825 2519 3402 2614">
    <p class='ocr_par' dir='ltr' id='par_1_55' title="bbox 1825 2519 3402 2614">
     <span class='ocr_line' id='line_1_55' title="bbox 1825 2519 3402 2614; baseline -0.019 -14"><span class='ocrx_word' id='word_1_430' title='bbox 1825 2560 1889 2600; x_wconf 88' lang='lat' dir='ltr'><strong>ac</strong></span> <span class='ocrx_word' id='word_1_431' title='bbox 1923 2519 1989 2598; x_wconf 33' lang='lat' dir='ltr'><strong>isi</strong></span> <span class='ocrx_word' id='word_1_432' title='bbox 2027 2543 2136 2614; x_wconf 90' lang='lat' dir='ltr'><strong>jam</strong></span> <span class='ocrx_word' id='word_1_433' title='bbox 2169 2519 2222 2595; x_wconf 84' lang='lat' dir='ltr'><strong>in</strong></span> <span class='ocrx_word' id='word_1_434' title='bbox 2270 2538 2447 2609; x_wconf 89' lang='lat' dir='ltr'><strong>patria</strong></span> <span class='ocrx_word' id='word_1_435' title='bbox 2493 2540 2742 2606; x_wconf 86' lang='lat' dir='ltr'><strong>regnent,</strong></span> <span class='ocrx_word' id='word_1_436' title='bbox 2779 2537 2929 2584; x_wconf 89' lang='lat' dir='ltr'><strong>recte</strong></span> <span class='ocrx_word' id='word_1_437' title='bbox 2957 2525 3156 2580; x_wconf 89' lang='lat' dir='ltr'><strong>dicitur</strong></span> <span class='ocrx_word' id='word_1_438' title='bbox 3187 2539 3202 2578; x_wconf 89' lang='lat'><strong>:</strong></span> <span class='ocrx_word' id='word_1_439' title='bbox 3231 2519 3318 2576; x_wconf 87' lang='lat' dir='ltr'><strong>Sic</strong></span> <span class='ocrx_word' id='word_1_440' title='bbox 3345 2519 3402 2571; x_wconf 87' lang='lat' dir='ltr'><strong>in</strong></span> 
     </span>
    </p>
   </div>
   <div class='ocr_carea' id='block_1_56' title="bbox 1826 2615 3110 2698">
    <p class='ocr_par' dir='ltr' id='par_1_56' title="bbox 1826 2615 3110 2698">
     <span class='ocr_line' id='line_1_56' title="bbox 1826 2615 3110 2698; baseline -0.017 -10"><span class='ocrx_word' id='word_1_441' title='bbox 1826 2633 2069 2697; x_wconf 84' lang='lat' dir='ltr'><strong>tenebris,</strong></span> <span class='ocrx_word' id='word_1_442' title='bbox 2098 2629 2250 2698; x_wconf 85' lang='lat' dir='ltr'><strong>quasi</strong></span> <span class='ocrx_word' id='word_1_443' title='bbox 2278 2629 2332 2680; x_wconf 89' lang='lat' dir='ltr'><strong>in</strong></span> <span class='ocrx_word' id='word_1_444' title='bbox 2363 2627 2475 2679; x_wconf 84' lang='lat' dir='ltr'><strong>luce</strong></span> <span class='ocrx_word' id='word_1_445' title='bbox 2495 2620 2784 2678; x_wconf 83' lang='lat' dir='ltr'><strong>ambulant.</strong></span> <span class='ocrx_word' id='word_1_446' title='bbox 2813 2615 3110 2686; x_wconf 86' lang='lat' dir='ltr'><strong>Sequitur:</strong></span> 
     </span>
    </p>
   </div>
   <div class='ocr_carea' id='block_1_57' title="bbox 1900 2697 3401 2782">
    <p class='ocr_par' dir='ltr' id='par_1_57' title="bbox 1900 2697 3401 2782">
     <span class='ocr_line' id='line_1_57' title="bbox 1900 2697 3401 2782; baseline -0.017 -5"><span class='ocrx_word' id='word_1_447' title='bbox 1900 2722 2066 2777; x_wconf 72' lang='lat' dir='ltr'><strong>Vens.</strong></span> <span class='ocrx_word' id='word_1_448' title='bbox 2099 2697 2185 2776; x_wconf 70' lang='grc'><strong>18.</strong></span> <span class='ocrx_word' id='word_1_449' title='bbox 2215 2717 2362 2771; x_wconf 84' lang='lat' dir='ltr'><strong>Levis</strong></span> <span class='ocrx_word' id='word_1_450' title='bbox 2389 2723 2463 2769; x_wconf 88' lang='lat' dir='ltr'><strong>est</strong></span> <span class='ocrx_word' id='word_1_451' title='bbox 2492 2728 2646 2782; x_wconf 85' lang='lat' dir='ltr'><strong>super</strong></span> <span class='ocrx_word' id='word_1_452' title='bbox 2675 2710 2862 2780; x_wconf 80' lang='lat' dir='ltr'><strong>[aciem</strong></span> <span class='ocrx_word' id='word_1_453' title='bbox 2892 2720 3066 2777; x_wconf 77' lang='lat' dir='ltr'><strong>aquw.</strong></span> <span class='ocrx_word' id='word_1_454' title='bbox 3089 2731 3158 2743; x_wconf 90' lang='lat'><strong><em>—</em></strong></span> <span class='ocrx_word' id='word_1_455' title='bbox 3206 2700 3254 2754; x_wconf 73' lang='grc' dir='ltr'>Α</span> <span class='ocrx_word' id='word_1_456' title='bbox 3276 2697 3401 2769; x_wconf 87' lang='lat' dir='ltr'><strong>plu-</strong></span> 
     </span>
    </p>
   </div>
   <div class='ocr_carea' id='block_1_58' title="bbox 1831 2791 3408 2876">
    <p class='ocr_par' dir='ltr' id='par_1_58' title="bbox 1831 2791 3408 2876">
     <span class='ocr_line' id='line_1_58' title="bbox 1831 2791 3408 2876; baseline -0.017 -7"><span class='ocrx_word' id='word_1_457' title='bbox 1831 2813 1929 2870; x_wconf 88' lang='lat' dir='ltr'><strong>rali</strong></span> <span class='ocrx_word' id='word_1_458' title='bbox 1958 2824 2183 2866; x_wconf 91' lang='lat' dir='ltr'><strong>numero</strong></span> <span class='ocrx_word' id='word_1_459' title='bbox 2205 2809 2272 2862; x_wconf 89' lang='lat' dir='ltr'><strong>ad</strong></span> <span class='ocrx_word' id='word_1_460' title='bbox 2317 2803 2643 2876; x_wconf 87' lang='lat' dir='ltr'><strong>singularem</strong></span> <span class='ocrx_word' id='word_1_461' title='bbox 2689 2799 2853 2862; x_wconf 88' lang='lat' dir='ltr'><strong>redit,</strong></span> <span class='ocrx_word' id='word_1_462' title='bbox 2907 2795 3032 2864; x_wconf 90' lang='lat' dir='ltr'><strong>quia</strong></span> <span class='ocrx_word' id='word_1_463' title='bbox 3088 2791 3408 2862; x_wconf 85' lang='lat' dir='ltr'><strong>plerumque</strong></span> 
     </span>
    </p>
   </div>
   <div class='ocr_carea' id='block_1_59' title="bbox 1831 2884 3400 2961">
    <p class='ocr_par' dir='ltr' id='par_1_59' title="bbox 1831 2884 3400 2961">
     <span class='ocr_line' id='line_1_59' title="bbox 1831 2884 3400 2961; baseline -0.018 -2"><span class='ocrx_word' id='word_1_464' title='bbox 1831 2919 1974 2960; x_wconf 90' lang='lat' dir='ltr'><strong>unus</strong></span> <span class='ocrx_word' id='word_1_465' title='bbox 1999 2901 2137 2955; x_wconf 86' lang='lat' dir='ltr'><strong>mala</strong></span> <span class='ocrx_word' id='word_1_466' title='bbox 2168 2899 2408 2961; x_wconf 85' lang='lat' dir='ltr'><strong>inchoat,</strong></span> <span class='ocrx_word' id='word_1_467' title='bbox 2433 2889 2770 2949; x_wconf 88' lang='lat' dir='ltr'><strong>etimitando</strong></span> <span class='ocrx_word' id='word_1_468' title='bbox 2789 2885 2941 2942; x_wconf 89' lang='lat' dir='ltr'><strong>multi</strong></span> <span class='ocrx_word' id='word_1_469' title='bbox 2965 2884 3400 2951; x_wconf 84' lang='lat' dir='ltr'><strong>subsequuntur:</strong></span> 
     </span>
    </p>
   </div>
   <div class='ocr_carea' id='block_1_60' title="bbox 1834 2973 3401 3064">
    <p class='ocr_par' dir='ltr' id='par_1_60' title="bbox 1834 2973 3401 3064">
     <span class='ocr_line' id='line_1_60' title="bbox 1834 2973 3401 3064; baseline -0.017 -14"><span class='ocrx_word' id='word_1_470' title='bbox 1834 2996 1928 3050; x_wconf 90' lang='lat' dir='ltr'><strong>sed</strong></span> <span class='ocrx_word' id='word_1_471' title='bbox 1958 2993 2074 3064; x_wconf 89' lang='lat' dir='ltr'><strong>ejus</strong></span> <span class='ocrx_word' id='word_1_472' title='bbox 2114 2986 2480 3060; x_wconf 89' lang='lat' dir='ltr'><strong>principaliter</strong></span> <span class='ocrx_word' id='word_1_473' title='bbox 2518 2983 2673 3051; x_wconf 89' lang='lat' dir='ltr'><strong>culpa</strong></span> <span class='ocrx_word' id='word_1_474' title='bbox 2713 2987 2815 3045; x_wconf 89' lang='lat' dir='ltr'><strong>est,</strong></span> <span class='ocrx_word' id='word_1_475' title='bbox 2863 2978 2954 3046; x_wconf 89' lang='lat' dir='ltr'><strong>qui</strong></span> <span class='ocrx_word' id='word_1_476' title='bbox 2994 2973 3267 3046; x_wconf 85' lang='lat' dir='ltr'><strong>perversis</strong></span> <span class='ocrx_word' id='word_1_477' title='bbox 3315 2985 3401 3025; x_wconf 79' lang='lat' dir='ltr'><strong>se-</strong></span> 
     </span>
    </p>
   </div>
   <div class='ocr_carea' id='block_1_61' title="bbox 1837 3060 3414 3156">
    <p class='ocr_par' dir='ltr' id='par_1_61' title="bbox 1837 3060 3414 3156">
     <span class='ocr_line' id='line_1_61' title="bbox 1837 3060 3414 3156; baseline -0.016 -16"><span class='ocrx_word' id='word_1_478' title='bbox 1837 3060 2124 3156; x_wconf 75' lang='lat' dir='ltr'><strong>quentibus</strong></span> <span class='ocrx_word' id='word_1_479' title='bbox 2146 3076 2389 3146; x_wconf 83' lang='lat' dir='ltr'><strong>exempla</strong></span> <span class='ocrx_word' id='word_1_480' title='bbox 2435 3073 2667 3144; x_wconf 61' lang='lat' dir='ltr'><strong>praebuit</strong></span> <span class='ocrx_word' id='word_1_481' title='bbox 2705 3068 3024 3140; x_wconf 88' lang='lat' dir='ltr'><strong>iniquitatis.</strong></span> <span class='ocrx_word' id='word_1_482' title='bbox 3075 3065 3230 3120; x_wconf 89' lang='lat' dir='ltr'><strong>Unde</strong></span> <span class='ocrx_word' id='word_1_483' title='bbox 3253 3062 3321 3117; x_wconf 90' lang='lat' dir='ltr'><strong>ad</strong></span> <span class='ocrx_word' id='word_1_484' title='bbox 3353 3060 3414 3114; x_wconf 91' lang='lat' dir='ltr'><strong>il-</strong></span> 
     </span>
    </p>
   </div>
   <div class='ocr_carea' id='block_1_62' title="bbox 147 3150 3412 3255">
    <p class='ocr_par' dir='ltr' id='par_1_62' title="bbox 147 3150 3412 3255">
     <span class='ocr_line' id='line_1_62' title="bbox 147 3150 3412 3255; baseline -0.014 -8"><span class='ocrx_word' id='word_1_485' title='bbox 147 3178 269 3248; x_wconf 56' lang='lat'><strong>250-</strong></span> <span class='ocrx_word' id='word_1_486' title='bbox 313 3197 331 3230; x_wconf 66' lang='lat'>’</span> <span class='ocrx_word' id='word_1_487' title='bbox 369 3177 507 3244; x_wconf 65' lang='lat' dir='ltr'><strong>Qum</strong></span> <span class='ocrx_word' id='word_1_488' title='bbox 555 3186 730 3231; x_wconf 66' lang='lat' dir='ltr'><strong>mlle&quot;!</strong></span> <span class='ocrx_word' id='word_1_489' title='bbox 781 3176 960 3230; x_wconf 60' lang='lat' dir='ltr'><strong>Vtilius</strong></span> <span class='ocrx_word' id='word_1_490' title='bbox 990 3150 1170 3230; x_wconf 66' lang='lat' dir='ltr'><strong>cordis</strong></span> <span class='ocrx_word' id='word_1_491' title='bbox 1197 3150 1414 3229; x_wconf 69' lang='lat' dir='ltr'><strong>humani</strong></span> <span class='ocrx_word' id='word_1_492' title='bbox 1464 3181 1544 3228; x_wconf 72' lang='lat' dir='ltr'><strong>es!</strong></span> <span class='ocrx_word' id='word_1_493' title='bbox 1570 3213 1584 3237; x_wconf 84' lang='grc'><em>,</em></span> <span class='ocrx_word' id='word_1_494' title='bbox 1629 3169 1730 3225; x_wconf 81' lang='lat' dir='ltr'><strong>nisi</strong></span> <span class='ocrx_word' id='word_1_495' title='bbox 1759 3193 1805 3255; x_wconf 70' lang='grc' dir='ltr'>ο</span> <span class='ocrx_word' id='word_1_496' title='bbox 1835 3150 1944 3232; x_wconf 74' lang='lat' dir='ltr'><strong>lum</strong></span> <span class='ocrx_word' id='word_1_497' title='bbox 1975 3173 2113 3228; x_wconf 90' lang='lat' dir='ltr'><strong>redit</strong></span> <span class='ocrx_word' id='word_1_498' title='bbox 2146 3170 2340 3226; x_wconf 89' lang='lat' dir='ltr'><strong>crebro</strong></span> <span class='ocrx_word' id='word_1_499' title='bbox 2367 3163 2665 3227; x_wconf 80' lang='lat' dir='ltr'><strong>sententia,</strong></span> <span class='ocrx_word' id='word_1_500' title='bbox 2712 3161 2806 3231; x_wconf 85' lang='lat' dir='ltr'><strong>qui</strong></span> <span class='ocrx_word' id='word_1_501' title='bbox 2864 3166 3055 3212; x_wconf 85' lang='lat' dir='ltr'><strong>auctor</strong></span> <span class='ocrx_word' id='word_1_502' title='bbox 3101 3151 3311 3209; x_wconf 78' lang='lat' dir='ltr'><strong>exstitit</strong></span> <span class='ocrx_word' id='word_1_503' title='bbox 3358 3150 3412 3203; x_wconf 91' lang='lat' dir='ltr'><strong>in</strong></span> 
     </span>
    </p>
   </div>
   <div class='ocr_carea' id='block_1_63' title="bbox 150 3267 1736 3340">
    <p class='ocr_par' dir='ltr' id='par_1_63' title="bbox 150 3267 1736 3340">
     <span class='ocr_line' id='line_1_63' title="bbox 150 3267 1736 3340; baseline -0.005 -14"><span class='ocrx_word' id='word_1_504' title='bbox 150 3271 460 3326; x_wconf 86' lang='lat' dir='ltr'><strong>similitudo</strong></span> <span class='ocrx_word' id='word_1_505' title='bbox 509 3270 646 3323; x_wconf 91' lang='lat' dir='ltr'><strong>Dei?</strong></span> <span class='ocrx_word' id='word_1_506' title='bbox 698 3284 857 3340; x_wconf 82' lang='lat' dir='ltr'><strong>quem</strong></span> <span class='ocrx_word' id='word_1_507' title='bbox 905 3267 1152 3322; x_wconf 87' lang='lat' dir='ltr'><strong>videlicet</strong></span> <span class='ocrx_word' id='word_1_508' title='bbox 1191 3267 1394 3319; x_wconf 89' lang='lat' dir='ltr'><strong>vultum</strong></span> <span class='ocrx_word' id='word_1_509' title='bbox 1451 3279 1736 3335; x_wconf 69' lang='lat' dir='ltr'><strong>perversos</strong></span> 
     </span>
    </p>
   </div>
   <div class='ocr_carea' id='block_1_64' title="bbox 153 3355 1737 3434">
    <p class='ocr_par' dir='ltr' id='par_1_64' title="bbox 153 3355 1737 3434">
     <span class='ocr_line' id='line_1_64' title="bbox 153 3355 1737 3434; baseline -0.007 -16"><span class='ocrx_word' id='word_1_510' title='bbox 153 3363 378 3434; x_wconf 89' lang='lat' dir='ltr'><strong>operit,</strong></span> <span class='ocrx_word' id='word_1_511' title='bbox 425 3371 484 3415; x_wconf 90' lang='lat' dir='ltr'><strong>ut</strong></span> <span class='ocrx_word' id='word_1_512' title='bbox 539 3361 787 3431; x_wconf 79' lang='lat' dir='ltr'><strong>cognosci</strong></span> <span class='ocrx_word' id='word_1_513' title='bbox 819 3361 1028 3415; x_wconf 87' lang='lat' dir='ltr'><strong>nesciat</strong></span> <span class='ocrx_word' id='word_1_514' title='bbox 1062 3375 1184 3412; x_wconf 88' lang='lat' dir='ltr'><strong>cum</strong></span> <span class='ocrx_word' id='word_1_515' title='bbox 1215 3360 1379 3412; x_wconf 88' lang='lat' dir='ltr'><strong>vitam</strong></span> <span class='ocrx_word' id='word_1_516' title='bbox 1421 3372 1572 3410; x_wconf 88' lang='lat' dir='ltr'><strong>suam</strong></span> <span class='ocrx_word' id='word_1_517' title='bbox 1598 3396 1612 3420; x_wconf 95' lang='lat'><strong>,</strong></span> <span class='ocrx_word' id='word_1_518' title='bbox 1657 3355 1737 3410; x_wconf 85' lang='lat' dir='ltr'><strong>vel</strong></span> 
     </span>
    </p>
   </div>
   <div class='ocr_carea' id='block_1_65' title="bbox 155 3447 1740 3524">
    <p class='ocr_par' dir='ltr' id='par_1_65' title="bbox 155 3447 1740 3524">
     <span class='ocr_line' id='line_1_65' title="bbox 155 3447 1740 3524; baseline -0.004 -13"><span class='ocrx_word' id='word_1_519' title='bbox 155 3457 324 3511; x_wconf 88' lang='lat' dir='ltr'><strong>malis</strong></span> <span class='ocrx_word' id='word_1_520' title='bbox 365 3456 574 3511; x_wconf 88' lang='lat' dir='ltr'><strong>actibus</strong></span> <span class='ocrx_word' id='word_1_521' title='bbox 601 3494 615 3520; x_wconf 98' lang='lat'><strong>,</strong></span> <span class='ocrx_word' id='word_1_522' title='bbox 663 3454 746 3511; x_wconf 89' lang='lat' dir='ltr'><strong>vel</strong></span> <span class='ocrx_word' id='word_1_523' title='bbox 795 3452 1033 3524; x_wconf 68' lang='lat' dir='ltr'><strong>perﬁdiae</strong></span> <span class='ocrx_word' id='word_1_524' title='bbox 1080 3467 1266 3506; x_wconf 91' lang='lat' dir='ltr'><strong>errore</strong></span> <span class='ocrx_word' id='word_1_525' title='bbox 1314 3448 1609 3506; x_wconf 81' lang='lat' dir='ltr'><strong>confundit.</strong></span> <span class='ocrx_word' id='word_1_526' title='bbox 1638 3447 1740 3504; x_wconf 83' lang='lat' dir='ltr'><strong>Se-</strong></span> 
     </span>
    </p>
   </div>
   <div class='ocr_carea' id='block_1_66' title="bbox 153 3548 391 3618">
    <p class='ocr_par' dir='ltr' id='par_1_66' title="bbox 153 3548 391 3618">
     <span class='ocr_line' id='line_1_66' title="bbox 153 3548 391 3618; baseline -0.017 -15"><span class='ocrx_word' id='word_1_527' title='bbox 153 3548 352 3618; x_wconf 84' lang='lat' dir='ltr'><strong>quitur</strong></span> <span class='ocrx_word' id='word_1_528' title='bbox 376 3562 391 3599; x_wconf 91' lang='lat'><strong>:</strong></span> 
     </span>
    </p>
   </div>
   <div class='ocr_carea' id='block_1_67' title="bbox 235 3626 1743 3703">
    <p class='ocr_par' dir='ltr' id='par_1_67' title="bbox 235 3626 1743 3703">
     <span class='ocr_line' id='line_1_67' title="bbox 235 3626 1743 3703; baseline -0.008 -12"><span class='ocrx_word' id='word_1_529' title='bbox 235 3637 403 3691; x_wconf 73' lang='lat' dir='ltr'><strong>Vens.</strong></span> <span class='ocrx_word' id='word_1_530' title='bbox 437 3634 522 3688; x_wconf 80' lang='lat' dir='ltr'><strong>l6.</strong></span> <span class='ocrx_word' id='word_1_531' title='bbox 564 3631 801 3703; x_wconf 78' lang='lat' dir='ltr'><strong>Perfodit</strong></span> <span class='ocrx_word' id='word_1_532' title='bbox 837 3633 893 3686; x_wconf 87' lang='lat' dir='ltr'><strong>in</strong></span> <span class='ocrx_word' id='word_1_533' title='bbox 935 3631 1156 3686; x_wconf 81' lang='lat' dir='ltr'><strong>tenebris</strong></span> <span class='ocrx_word' id='word_1_534' title='bbox 1183 3631 1364 3685; x_wconf 82' lang='lat' dir='ltr'><strong>domos</strong></span> <span class='ocrx_word' id='word_1_535' title='bbox 1405 3629 1537 3683; x_wconf 88' lang='lat' dir='ltr'><strong>sicut</strong></span> <span class='ocrx_word' id='word_1_536' title='bbox 1576 3627 1629 3681; x_wconf 88' lang='lat' dir='ltr'><strong>in</strong></span> <span class='ocrx_word' id='word_1_537' title='bbox 1659 3626 1743 3680; x_wconf 84' lang='lat' dir='ltr'><strong>die</strong></span> 
     </span>
    </p>
   </div>
   <div class='ocr_carea' id='block_1_68' title="bbox 157 3719 1744 3795">
    <p class='ocr_par' dir='ltr' id='par_1_68' title="bbox 157 3719 1744 3795">
     <span class='ocr_line' id='line_1_68' title="bbox 157 3719 1744 3795; baseline -0.008 -11"><span class='ocrx_word' id='word_1_538' title='bbox 157 3728 516 3783; x_wconf 75' lang='lat' dir='ltr'><strong>condixerant</strong></span> <span class='ocrx_word' id='word_1_539' title='bbox 543 3726 640 3780; x_wconf 85' lang='lat' dir='ltr'><strong>sibi</strong></span> <span class='ocrx_word' id='word_1_540' title='bbox 666 3737 712 3780; x_wconf 92' lang='lat' dir='ltr'><strong>et</strong></span> <span class='ocrx_word' id='word_1_541' title='bbox 753 3727 1120 3795; x_wconf 87' lang='lat' dir='ltr'><strong>ignoraverunt</strong></span> <span class='ocrx_word' id='word_1_542' title='bbox 1158 3722 1344 3776; x_wconf 86' lang='lat' dir='ltr'><strong>lucem.</strong></span> <span class='ocrx_word' id='word_1_543' title='bbox 1381 3750 1450 3759; x_wconf 95' lang='lat'><strong>—</strong></span> <span class='ocrx_word' id='word_1_544' title='bbox 1477 3719 1744 3786; x_wconf 83' lang='lat' dir='ltr'><strong>Quidnam</strong></span> 
     </span>
    </p>
   </div>
   <div class='ocr_carea' id='block_1_69' title="bbox 1835 3246 3408 3334">
    <p class='ocr_par' dir='ltr' id='par_1_69' title="bbox 1835 3246 3408 3334">
     <span class='ocr_line' id='line_1_69' title="bbox 1835 3246 3408 3334; baseline -0.018 -13"><span class='ocrx_word' id='word_1_545' title='bbox 1835 3262 2204 3334; x_wconf 79' lang='lat' dir='ltr'><strong>eulpa.Aqu:e</strong></span> <span class='ocrx_word' id='word_1_546' title='bbox 2245 3267 2422 3312; x_wconf 88' lang='lat' dir='ltr'><strong>autem</strong></span> <span class='ocrx_word' id='word_1_547' title='bbox 2471 3252 2787 3324; x_wconf 90' lang='lat' dir='ltr'><strong>superﬁcies</strong></span> <span class='ocrx_word' id='word_1_548' title='bbox 2834 3249 2941 3304; x_wconf 88' lang='lat' dir='ltr'><strong>huc</strong></span> <span class='ocrx_word' id='word_1_549' title='bbox 2999 3246 3232 3314; x_wconf 88' lang='lat' dir='ltr'><strong>illucque</strong></span> <span class='ocrx_word' id='word_1_550' title='bbox 3278 3256 3408 3296; x_wconf 89' lang='lat' dir='ltr'><strong>aura</strong></span> 
     </span>
    </p>
   </div>
   <div class='ocr_carea' id='block_1_70' title="bbox 1839 3336 3412 3424">
    <p class='ocr_par' dir='ltr' id='par_1_70' title="bbox 1839 3336 3412 3424">
     <span class='ocr_line' id='line_1_70' title="bbox 1839 3336 3412 3424; baseline -0.017 -15"><span class='ocrx_word' id='word_1_551' title='bbox 1839 3353 2163 3424; x_wconf 88' lang='lat' dir='ltr'><strong>impellitur,</strong></span> <span class='ocrx_word' id='word_1_552' title='bbox 2210 3357 2265 3404; x_wconf 91' lang='lat' dir='ltr'><strong>et</strong></span> <span class='ocrx_word' id='word_1_553' title='bbox 2309 3346 2454 3402; x_wconf 89' lang='lat' dir='ltr'><strong>nulla</strong></span> <span class='ocrx_word' id='word_1_554' title='bbox 2507 3342 2808 3400; x_wconf 85' lang='lat' dir='ltr'><strong>stabilitate</strong></span> <span class='ocrx_word' id='word_1_555' title='bbox 2853 3336 3082 3395; x_wconf 88' lang='lat' dir='ltr'><strong>solidata</strong></span> <span class='ocrx_word' id='word_1_556' title='bbox 3145 3339 3412 3388; x_wconf 88' lang='lat' dir='ltr'><strong>movetur.</strong></span> 
     </span>
    </p>
   </div>
   <div class='ocr_carea' id='block_1_71' title="bbox 1837 3423 3412 3518">
    <p class='ocr_par' dir='ltr' id='par_1_71' title="bbox 1837 3423 3412 3518">
     <span class='ocr_line' id='line_1_71' title="bbox 1837 3423 3412 3518; baseline -0.018 -14"><span class='ocrx_word' id='word_1_557' title='bbox 1837 3423 2008 3518; x_wconf 85' lang='lat' dir='ltr'><strong>Iniqui</strong></span> <span class='ocrx_word' id='word_1_558' title='bbox 2038 3445 2203 3516; x_wconf 88' lang='lat' dir='ltr'><strong>igitur</strong></span> <span class='ocrx_word' id='word_1_559' title='bbox 2233 3440 2535 3510; x_wconf 82' lang='lat' dir='ltr'><strong>mensplus</strong></span> <span class='ocrx_word' id='word_1_560' title='bbox 2563 3451 2725 3506; x_wconf 87' lang='lat' dir='ltr'><strong>quam</strong></span> <span class='ocrx_word' id='word_1_561' title='bbox 2757 3447 2910 3502; x_wconf 68' lang='lat' dir='ltr'><strong>aqure</strong></span> <span class='ocrx_word' id='word_1_562' title='bbox 2936 3427 3250 3498; x_wconf 86' lang='lat' dir='ltr'><strong>superﬁcies</strong></span> <span class='ocrx_word' id='word_1_563' title='bbox 3279 3423 3412 3477; x_wconf 90' lang='lat' dir='ltr'><strong>levis</strong></span> 
     </span>
    </p>
   </div>
   <div class='ocr_carea' id='block_1_72' title="bbox 1840 3512 3420 3608">
    <p class='ocr_par' dir='ltr' id='par_1_72' title="bbox 1840 3512 3420 3608">
     <span class='ocr_line' id='line_1_72' title="bbox 1840 3512 3420 3608; baseline -0.019 -14"><span class='ocrx_word' id='word_1_564' title='bbox 1840 3512 2086 3608; x_wconf 45' lang='lat' dir='ltr'><strong>est-quia</strong></span> <span class='ocrx_word' id='word_1_565' title='bbox 2111 3531 2411 3603; x_wconf 88' lang='lat' dir='ltr'><strong>quamlibet</strong></span> <span class='ocrx_word' id='word_1_566' title='bbox 2441 3543 2579 3582; x_wconf 90' lang='lat' dir='ltr'><strong>nanc</strong></span> <span class='ocrx_word' id='word_1_567' title='bbox 2603 3539 2738 3578; x_wconf 88' lang='lat' dir='ltr'><strong>aura</strong></span> <span class='ocrx_word' id='word_1_568' title='bbox 2787 3517 3104 3576; x_wconf 80' lang='lat' dir='ltr'><strong>tentationis</strong></span> <span class='ocrx_word' id='word_1_569' title='bbox 3158 3512 3420 3584; x_wconf 86' lang='lat' dir='ltr'><strong>attigerit,</strong></span> 
     </span>
    </p>
   </div>
   <div class='ocr_carea' id='block_1_73' title="bbox 1847 3603 3424 3690">
    <p class='ocr_par' dir='ltr' id='par_1_73' title="bbox 1847 3603 3424 3690">
     <span class='ocr_line' id='line_1_73' title="bbox 1847 3603 3424 3690; baseline -0.02 -5"><span class='ocrx_word' id='word_1_570' title='bbox 1847 3603 2250 3686; x_wconf 35' lang='lat' dir='ltr'><strong>sinevtarditate</strong></span> <span class='ocrx_word' id='word_1_571' title='bbox 2299 3622 2479 3690; x_wconf 89' lang='lat' dir='ltr'><strong>aliqua</strong></span> <span class='ocrx_word' id='word_1_572' title='bbox 2527 3611 2929 3672; x_wconf 87' lang='lat' dir='ltr'><strong>retractationis</strong></span> <span class='ocrx_word' id='word_1_573' title='bbox 2951 3607 3135 3662; x_wconf 89' lang='lat' dir='ltr'><strong>trahit.</strong></span> <span class='ocrx_word' id='word_1_574' title='bbox 3193 3605 3249 3659; x_wconf 91' lang='lat' dir='ltr'><strong>Si</strong></span> <span class='ocrx_word' id='word_1_575' title='bbox 3280 3603 3424 3657; x_wconf 92' lang='lat' dir='ltr'><strong>enim</strong></span> 
     </span>
    </p>
   </div>
   <div class='ocr_carea' id='block_1_74' title="bbox 1851 3687 3426 3780">
    <p class='ocr_par' dir='ltr' id='par_1_74' title="bbox 1851 3687 3426 3780">
     <span class='ocr_line' id='line_1_74' title="bbox 1851 3687 3426 3780; baseline -0.022 -5"><span class='ocrx_word' id='word_1_576' title='bbox 1851 3734 1946 3775; x_wconf 91' lang='lat' dir='ltr'><strong>cor</strong></span> <span class='ocrx_word' id='word_1_577' title='bbox 1972 3717 2175 3772; x_wconf 84' lang='lat' dir='ltr'><strong>ﬂuxum</strong></span> <span class='ocrx_word' id='word_1_578' title='bbox 2203 3687 2491 3780; x_wconf 79' lang='lat' dir='ltr'><strong>cujuslibet</strong></span> <span class='ocrx_word' id='word_1_579' title='bbox 2518 3701 2759 3774; x_wconf 86' lang='lat' dir='ltr'><strong>perversi</strong></span> <span class='ocrx_word' id='word_1_580' title='bbox 2783 3699 3105 3768; x_wconf 83' lang='lat' dir='ltr'><strong>cogitamus,</strong></span> <span class='ocrx_word' id='word_1_581' title='bbox 3131 3693 3258 3762; x_wconf 90' lang='lat' dir='ltr'><strong>quid</strong></span> <span class='ocrx_word' id='word_1_582' title='bbox 3281 3687 3426 3743; x_wconf 88' lang='lat' dir='ltr'><strong>aliud</strong></span> 
     </span>
    </p>
   </div>
   <div class='ocr_carea' id='block_1_75' title="bbox 158 3782 3421 3881">
    <p class='ocr_par' dir='ltr' id='par_1_75' title="bbox 158 3782 3421 3881">
     <span class='ocr_line' id='line_1_75' title="bbox 158 3782 3421 3881; baseline -0.012 -8"><span class='ocrx_word' id='word_1_583' title='bbox 158 3820 275 3873; x_wconf 86' lang='lat' dir='ltr'><strong>hoc</strong></span> <span class='ocrx_word' id='word_1_584' title='bbox 319 3817 440 3870; x_wconf 91' lang='lat' dir='ltr'><strong>loco</strong></span> <span class='ocrx_word' id='word_1_585' title='bbox 471 3816 754 3870; x_wconf 90' lang='lat' dir='ltr'><strong>domorum</strong></span> <span class='ocrx_word' id='word_1_586' title='bbox 800 3814 1039 3877; x_wconf 90' lang='lat' dir='ltr'><strong>nomine,</strong></span> <span class='ocrx_word' id='word_1_587' title='bbox 1086 3813 1189 3866; x_wconf 92' lang='lat' dir='ltr'><strong>nisi</strong></span> <span class='ocrx_word' id='word_1_588' title='bbox 1233 3811 1582 3866; x_wconf 68' lang='lat' dir='ltr'><strong>conscientia:</strong></span> <span class='ocrx_word' id='word_1_589' title='bbox 1614 3808 1751 3864; x_wconf 84' lang='lat' dir='ltr'><strong>desi—</strong></span> <span class='ocrx_word' id='word_1_590' title='bbox 1847 3825 2009 3881; x_wconf 84' lang='lat' dir='ltr'><strong>quam</strong></span> <span class='ocrx_word' id='word_1_591' title='bbox 2033 3808 2087 3861; x_wconf 89' lang='lat' dir='ltr'><strong>in</strong></span> <span class='ocrx_word' id='word_1_592' title='bbox 2113 3813 2274 3860; x_wconf 92' lang='lat' dir='ltr'><strong>vento</strong></span> <span class='ocrx_word' id='word_1_593' title='bbox 2301 3801 2531 3870; x_wconf 88' lang='lat' dir='ltr'><strong>positam</strong></span> <span class='ocrx_word' id='word_1_594' title='bbox 2571 3809 2724 3864; x_wconf 74' lang='lat' dir='ltr'><strong>aqua:</strong></span> <span class='ocrx_word' id='word_1_595' title='bbox 2756 3787 3095 3859; x_wconf 87' lang='lat' dir='ltr'><strong>superﬁciem</strong></span> <span class='ocrx_word' id='word_1_596' title='bbox 3124 3782 3421 3839; x_wconf 91' lang='lat' dir='ltr'><strong>cernimus.</strong></span> 
     </span>
    </p>
   </div>
   <div class='ocr_carea' id='block_1_76' title="bbox 160 3881 3425 3980">
    <p class='ocr_par' dir='ltr' id='par_1_76' title="bbox 160 3881 3425 3980">
     <span class='ocr_line' id='line_1_76' title="bbox 160 3881 3425 3980; baseline -0.012 -17"><span class='ocrx_word' id='word_1_597' title='bbox 160 3919 411 3980; x_wconf 81' lang='lat' dir='ltr'><strong>gnantur</strong></span> <span class='ocrx_word' id='word_1_598' title='bbox 435 3952 449 3974; x_wconf 92' lang='lat'><strong>,</strong></span> <span class='ocrx_word' id='word_1_599' title='bbox 501 3908 555 3962; x_wconf 91' lang='lat' dir='ltr'><strong>in</strong></span> <span class='ocrx_word' id='word_1_600' title='bbox 611 3907 805 3977; x_wconf 89' lang='lat' dir='ltr'><strong>quibus</strong></span> <span class='ocrx_word' id='word_1_601' title='bbox 841 3905 1166 3976; x_wconf 81' lang='lat' dir='ltr'><strong>habitamus</strong></span> <span class='ocrx_word' id='word_1_602' title='bbox 1207 3901 1595 3958; x_wconf 89' lang='lat' dir='ltr'><strong>contractando</strong></span> <span class='ocrx_word' id='word_1_603' title='bbox 1625 3899 1753 3970; x_wconf 89' lang='lat' dir='ltr'><strong>quid</strong></span> <span class='ocrx_word' id='word_1_604' title='bbox 1851 3900 2148 3966; x_wconf 87' lang='lat' dir='ltr'><strong>Sequitur:</strong></span> <span class='ocrx_word' id='word_1_605' title='bbox 2179 3892 2463 3948; x_wconf 81' lang='lat' dir='ltr'><strong>Maledicta</strong></span> <span class='ocrx_word' id='word_1_606' title='bbox 2489 3889 2555 3941; x_wconf 87' lang='lat' dir='ltr'><strong>sit</strong></span> <span class='ocrx_word' id='word_1_607' title='bbox 2587 3902 2710 3957; x_wconf 88' lang='lat' dir='ltr'><strong>pars</strong></span> <span class='ocrx_word' id='word_1_608' title='bbox 2732 3883 2847 3952; x_wconf 76' lang='lat' dir='ltr'><strong>ejus</strong></span> <span class='ocrx_word' id='word_1_609' title='bbox 2868 3881 2924 3934; x_wconf 87' lang='lat' dir='ltr'><strong>in</strong></span> <span class='ocrx_word' id='word_1_610' title='bbox 2954 3889 3116 3939; x_wconf 88' lang='lat' dir='ltr'><strong>terra,</strong></span> <span class='ocrx_word' id='word_1_611' title='bbox 3169 3889 3260 3928; x_wconf 86' lang='lat' dir='ltr'><strong>nec</strong></span> <span class='ocrx_word' id='word_1_612' title='bbox 3307 3887 3425 3924; x_wconf 85' lang='lat' dir='ltr'><strong>am-</strong></span> 
     </span>
    </p>
   </div>
   <div class='ocr_carea' id='block_1_77' title="bbox 162 3964 3428 4068">
    <p class='ocr_par' dir='ltr' id='par_1_77' title="bbox 162 3964 3428 4068">
     <span class='ocr_line' id='line_1_77' title="bbox 162 3964 3428 4068; baseline -0.011 -16"><span class='ocrx_word' id='word_1_613' title='bbox 162 3999 431 4068; x_wconf 80' lang='lat' dir='ltr'><strong>agimus?</strong></span> <span class='ocrx_word' id='word_1_614' title='bbox 473 3964 872 4066; x_wconf 44' lang='lat' dir='ltr'><strong>Undelquidam</strong></span> <span class='ocrx_word' id='word_1_615' title='bbox 917 4003 1111 4049; x_wconf 91' lang='lat' dir='ltr'><strong>sanato</strong></span> <span class='ocrx_word' id='word_1_616' title='bbox 1159 3992 1359 4048; x_wconf 90' lang='lat' dir='ltr'><strong>dicitur</strong></span> <span class='ocrx_word' id='word_1_617' title='bbox 1392 4009 1406 4046; x_wconf 94' lang='lat'><strong>:</strong></span> <span class='ocrx_word' id='word_1_618' title='bbox 1443 4011 1462 4044; x_wconf 79' lang='grc' dir='ltr'><strong>ι</strong></span> <span class='ocrx_word' id='word_1_619' title='bbox 1509 3964 1660 4047; x_wconf 79' lang='lat' dir='ltr'><strong>Vade</strong></span> <span class='ocrx_word' id='word_1_620' title='bbox 1698 3989 1753 4043; x_wconf 90' lang='lat' dir='ltr'><strong>in</strong></span> <span class='ocrx_word' id='word_1_621' title='bbox 1854 3964 1990 4044; x_wconf 81' lang='lat' dir='ltr'><strong>bulet</strong></span> <span class='ocrx_word' id='word_1_622' title='bbox 2015 4003 2106 4057; x_wconf 88' lang='lat' dir='ltr'><strong>per</strong></span> <span class='ocrx_word' id='word_1_623' title='bbox 2135 3984 2272 4038; x_wconf 89' lang='lat' dir='ltr'><strong>viam</strong></span> <span class='ocrx_word' id='word_1_624' title='bbox 2316 3981 2608 4034; x_wconf 83' lang='lat' dir='ltr'><strong>vinearum.</strong></span> <span class='ocrx_word' id='word_1_625' title='bbox 2645 4004 2714 4015; x_wconf 91' lang='lat'>—</span> <span class='ocrx_word' id='word_1_626' title='bbox 2741 3970 2996 4042; x_wconf 86' lang='lat' dir='ltr'><strong>Quisquis</strong></span> <span class='ocrx_word' id='word_1_627' title='bbox 3038 3967 3092 4022; x_wconf 93' lang='lat' dir='ltr'><strong>in</strong></span> <span class='ocrx_word' id='word_1_628' title='bbox 3138 3964 3246 4019; x_wconf 84' lang='lat' dir='ltr'><strong>vita</strong></span> <span class='ocrx_word' id='word_1_629' title='bbox 3293 3975 3428 4032; x_wconf 62' lang='lat' dir='ltr'><strong>pra-</strong></span> 
     </span>
    </p>
   </div>
   <div class='ocr_carea' id='block_1_78' title="bbox 164 4050 3429 4150">
    <p class='ocr_par' dir='ltr' id='par_1_78' title="bbox 164 4050 3429 4150">
     <span class='ocr_line' id='line_1_78' title="bbox 164 4050 3429 4150; baseline -0.012 -6"><span class='ocrx_word' id='word_1_630' title='bbox 164 4090 399 4143; x_wconf 83' lang='lat' dir='ltr'><strong>domum</strong></span> <span class='ocrx_word' id='word_1_631' title='bbox 442 4097 589 4141; x_wconf 89' lang='lat' dir='ltr'><strong>tuam</strong></span> <span class='ocrx_word' id='word_1_632' title='bbox 635 4089 701 4140; x_wconf 90' lang='lat' dir='ltr'><strong>ad</strong></span> <span class='ocrx_word' id='word_1_633' title='bbox 732 4096 870 4148; x_wconf 91' lang='lat' dir='ltr'><strong>tuos,</strong></span> <span class='ocrx_word' id='word_1_634' title='bbox 906 4093 959 4139; x_wconf 90' lang='lat' dir='ltr'><strong>et</strong></span> <span class='ocrx_word' id='word_1_635' title='bbox 985 4083 1243 4137; x_wconf 87' lang='lat' dir='ltr'><strong>aununtia</strong></span> <span class='ocrx_word' id='word_1_636' title='bbox 1278 4081 1384 4135; x_wconf 89' lang='lat' dir='ltr'><strong>illis</strong></span> <span class='ocrx_word' id='word_1_637' title='bbox 1425 4087 1629 4150; x_wconf 87' lang='lat' dir='ltr'><strong>quanta</strong></span> <span class='ocrx_word' id='word_1_638' title='bbox 1659 4078 1756 4133; x_wconf 88' lang='lat' dir='ltr'><strong>tibi</strong></span> <span class='ocrx_word' id='word_1_639' title='bbox 1855 4079 1995 4136; x_wconf 88' lang='lat' dir='ltr'><strong>senti</strong></span> <span class='ocrx_word' id='word_1_640' title='bbox 2015 4050 2168 4130; x_wconf 72' lang='lat' dir='ltr'><strong>recta</strong></span> <span class='ocrx_word' id='word_1_641' title='bbox 2199 4072 2328 4142; x_wconf 85' lang='lat' dir='ltr'><strong>agit,</strong></span> <span class='ocrx_word' id='word_1_642' title='bbox 2360 4078 2414 4125; x_wconf 90' lang='lat' dir='ltr'><strong>et</strong></span> <span class='ocrx_word' id='word_1_643' title='bbox 2445 4069 2668 4123; x_wconf 88' lang='lat' dir='ltr'><strong>adversa</strong></span> <span class='ocrx_word' id='word_1_644' title='bbox 2717 4065 2968 4125; x_wconf 88' lang='lat' dir='ltr'><strong>sustinet,</strong></span> <span class='ocrx_word' id='word_1_645' title='bbox 3024 4057 3274 4113; x_wconf 87' lang='lat' dir='ltr'><strong>laborare</strong></span> <span class='ocrx_word' id='word_1_646' title='bbox 3311 4050 3429 4121; x_wconf 89' lang='lat' dir='ltr'><strong>qui-</strong></span> 
     </span>
    </p>
   </div>
   <div class='ocr_carea' id='block_1_79' title="bbox 165 4143 3421 4250">
    <p class='ocr_par' dir='ltr' id='par_1_79' title="bbox 165 4143 3421 4250">
     <span class='ocr_line' id='line_1_79' title="bbox 165 4143 3421 4250; baseline -0.015 -11"><span class='ocrx_word' id='word_1_647' title='bbox 165 4183 448 4239; x_wconf 85' lang='lat' dir='ltr'><strong>Dominus</strong></span> <span class='ocrx_word' id='word_1_648' title='bbox 493 4179 902 4250; x_wconf 81' lang='lat' dir='ltr'><strong>fecerit(Marc.</strong></span> <span class='ocrx_word' id='word_1_649' title='bbox 935 4193 1000 4243; x_wconf 90' lang='lat' dir='ltr'><strong>v,</strong></span> <span class='ocrx_word' id='word_1_650' title='bbox 1029 4176 1140 4246; x_wconf 82' lang='lat' dir='ltr'><strong>l9).</strong></span> <span class='ocrx_word' id='word_1_651' title='bbox 1175 4195 1192 4227; x_wconf 74' lang='grc' dir='ltr'><strong>ι</strong></span> <span class='ocrx_word' id='word_1_652' title='bbox 1223 4174 1391 4230; x_wconf 85' lang='lat' dir='ltr'><strong>Justis</strong></span> <span class='ocrx_word' id='word_1_653' title='bbox 1421 4175 1602 4242; x_wconf 88' lang='lat' dir='ltr'><strong>itaque</strong></span> <span class='ocrx_word' id='word_1_654' title='bbox 1633 4186 1755 4227; x_wconf 91' lang='lat' dir='ltr'><strong>cum</strong></span> <span class='ocrx_word' id='word_1_655' title='bbox 1857 4171 1979 4226; x_wconf 88' lang='lat' dir='ltr'><strong>dem</strong></span> <span class='ocrx_word' id='word_1_656' title='bbox 2034 4163 2364 4221; x_wconf 88' lang='lat' dir='ltr'><strong>adversitate</strong></span> <span class='ocrx_word' id='word_1_657' title='bbox 2417 4159 2678 4221; x_wconf 89' lang='lat' dir='ltr'><strong>cernitur,</strong></span> <span class='ocrx_word' id='word_1_658' title='bbox 2732 4153 2826 4208; x_wconf 87' lang='lat' dir='ltr'><strong>sed</strong></span> <span class='ocrx_word' id='word_1_659' title='bbox 2874 4151 2941 4204; x_wconf 88' lang='lat' dir='ltr'><strong>ad</strong></span> <span class='ocrx_word' id='word_1_660' title='bbox 2993 4143 3421 4202; x_wconf 85' lang='lat' dir='ltr'><strong>benedictionem</strong></span> 
     </span>
    </p>
   </div>
   <div class='ocr_carea' id='block_1_80' title="bbox 166 4234 3432 4344">
    <p class='ocr_par' dir='ltr' id='par_1_80' title="bbox 166 4234 3432 4344">
     <span class='ocr_line' id='line_1_80' title="bbox 166 4234 3432 4344; baseline -0.015 -14"><span class='ocrx_word' id='word_1_661' title='bbox 166 4275 230 4330; x_wconf 84' lang='lat' dir='ltr'><strong>in</strong></span> <span class='ocrx_word' id='word_1_662' title='bbox 265 4273 524 4344; x_wconf 70' lang='lat' dir='ltr'><strong>prmsettli</strong></span> <span class='ocrx_word' id='word_1_663' title='bbox 555 4271 752 4325; x_wconf 58' lang='lat' dir='ltr'><strong>saeculo</strong></span> <span class='ocrx_word' id='word_1_664' title='bbox 778 4269 882 4324; x_wconf 89' lang='lat' dir='ltr'><strong>diei</strong></span> <span class='ocrx_word' id='word_1_665' title='bbox 910 4266 1306 4338; x_wconf 86' lang='lat' dir='ltr'><strong>prosperitates</strong></span> <span class='ocrx_word' id='word_1_666' title='bbox 1327 4263 1650 4322; x_wconf 90' lang='lat' dir='ltr'><strong>clarescunt,</strong></span> <span class='ocrx_word' id='word_1_667' title='bbox 1678 4259 1758 4314; x_wconf 91' lang='lat' dir='ltr'><strong>eis</strong></span> <span class='ocrx_word' id='word_1_668' title='bbox 1859 4256 2193 4315; x_wconf 63' lang='lat' dir='ltr'><strong>haereditatis</strong></span> <span class='ocrx_word' id='word_1_669' title='bbox 2220 4259 2491 4325; x_wconf 63' lang='lat' dir='ltr'><strong>perpetuae</strong></span> <span class='ocrx_word' id='word_1_670' title='bbox 2535 4249 2960 4303; x_wconf 87' lang='lat' dir='ltr'><strong>consummatur.</strong></span> <span class='ocrx_word' id='word_1_671' title='bbox 3006 4234 3260 4304; x_wconf 89' lang='lat' dir='ltr'><strong>Quisquis</strong></span> <span class='ocrx_word' id='word_1_672' title='bbox 3302 4241 3432 4284; x_wconf 88' lang='lat' dir='ltr'><strong>vero</strong></span> 
     </span>
    </p>
   </div>
   <div class='ocr_carea' id='block_1_81' title="bbox 164 4327 3432 4432">
    <p class='ocr_par' dir='ltr' id='par_1_81' title="bbox 164 4327 3432 4432">
     <span class='ocr_line' id='line_1_81' title="bbox 164 4327 3432 4432; baseline -0.014 -12"><span class='ocrx_word' id='word_1_673' title='bbox 164 4378 430 4420; x_wconf 87' lang='lat' dir='ltr'><strong>errorum</strong></span> <span class='ocrx_word' id='word_1_674' title='bbox 464 4362 704 4432; x_wconf 80' lang='lat' dir='ltr'><strong>magistri</strong></span> <span class='ocrx_word' id='word_1_675' title='bbox 753 4372 1011 4429; x_wconf 89' lang='lat' dir='ltr'><strong>perversa</strong></span> <span class='ocrx_word' id='word_1_676' title='bbox 1059 4353 1284 4411; x_wconf 89' lang='lat' dir='ltr'><strong>suadere</strong></span> <span class='ocrx_word' id='word_1_677' title='bbox 1332 4362 1615 4417; x_wconf 91' lang='lat' dir='ltr'><strong>metuunt,</strong></span> <span class='ocrx_word' id='word_1_678' title='bbox 1663 4350 1759 4406; x_wconf 90' lang='lat' dir='ltr'><strong>sed</strong></span> <span class='ocrx_word' id='word_1_679' title='bbox 1859 4361 2112 4420; x_wconf 88' lang='lat' dir='ltr'><strong>perversa</strong></span> <span class='ocrx_word' id='word_1_680' title='bbox 2144 4345 2275 4415; x_wconf 86' lang='lat' dir='ltr'><strong>agit,</strong></span> <span class='ocrx_word' id='word_1_681' title='bbox 2306 4352 2362 4396; x_wconf 90' lang='lat' dir='ltr'><strong>et</strong></span> <span class='ocrx_word' id='word_1_682' title='bbox 2389 4349 2569 4394; x_wconf 88' lang='lat' dir='ltr'><strong>tamen</strong></span> <span class='ocrx_word' id='word_1_683' title='bbox 2613 4347 2874 4406; x_wconf 89' lang='lat' dir='ltr'><strong>prospera</strong></span> <span class='ocrx_word' id='word_1_684' title='bbox 2928 4327 3141 4397; x_wconf 84' lang='lat' dir='ltr'><strong>recipit,</strong></span> <span class='ocrx_word' id='word_1_685' title='bbox 3189 4337 3354 4393; x_wconf 88' lang='lat' dir='ltr'><strong>seque</strong></span> <span class='ocrx_word' id='word_1_686' title='bbox 3402 4333 3432 4372; x_wconf 84' lang='lat' dir='ltr'><strong>a</strong></span> 
     </span>
    </p>
   </div>
   <div class='ocr_carea' id='block_1_82' title="bbox 165 4411 3515 4525">
    <p class='ocr_par' dir='ltr' id='par_1_82' title="bbox 165 4411 3515 4525">
     <span class='ocr_line' id='line_1_82' title="bbox 165 4411 2203 4432; baseline -0.001 -15"><span class='ocrx_word' id='word_1_687' title='bbox 165 4411 430 4420; x_wconf 47' lang='grc' dir='ltr'><strong>τμη---</strong></span> <span class='ocrx_word' id='word_1_688' title='bbox 464 4411 704 4432; x_wconf 43' lang='lat' dir='ltr'><strong>&quot;mo---&quot;</strong></span> <span class='ocrx_word' id='word_1_689' title='bbox 755 4411 838 4429; x_wconf 45' lang='grc' dir='ltr'><strong>τγ</strong></span> <span class='ocrx_word' id='word_1_690' title='bbox 1602 4411 1613 4417; x_wconf 90' lang='grc'>,</span> <span class='ocrx_word' id='word_1_691' title='bbox 1861 4411 1879 4420; x_wconf 90' lang='grc'><em>,</em></span> <span class='ocrx_word' id='word_1_692' title='bbox 2184 4411 2203 4415; x_wconf 76' lang='lat'><strong>-</strong></span> 
     </span>
     <span class='ocr_line' id='line_1_83' title="bbox 165 4411 3515 4525; baseline -0.014 -13"><span class='ocrx_word' id='word_1_693' title='bbox 165 4455 745 4525; x_wconf 83' lang='lat' dir='ltr'><strong>consiliaexquirunt,</strong></span> <span class='ocrx_word' id='word_1_694' title='bbox 791 4453 1142 4522; x_wconf 84' lang='lat' dir='ltr'><strong>dejectionem</strong></span> <span class='ocrx_word' id='word_1_695' title='bbox 1170 4448 1545 4520; x_wconf 87' lang='lat' dir='ltr'><strong>prosperitatis</strong></span> <span class='ocrx_word' id='word_1_696' title='bbox 1569 4459 1754 4500; x_wconf 81' lang='lat' dir='ltr'><strong>eorum</strong></span> <span class='ocrx_word' id='word_1_697' title='bbox 1864 4440 2022 4496; x_wconf 89' lang='lat' dir='ltr'><strong>malis</strong></span> <span class='ocrx_word' id='word_1_698' title='bbox 2074 4435 2282 4490; x_wconf 89' lang='lat' dir='ltr'><strong>actibus</strong></span> <span class='ocrx_word' id='word_1_699' title='bbox 2335 4447 2436 4486; x_wconf 91' lang='lat' dir='ltr'><strong>nec</strong></span> <span class='ocrx_word' id='word_1_700' title='bbox 2479 4430 2744 4483; x_wconf 85' lang='lat' dir='ltr'><strong>donorum</strong></span> <span class='ocrx_word' id='word_1_701' title='bbox 2793 4420 3047 4490; x_wconf 87' lang='lat' dir='ltr'><strong>largitate</strong></span> <span class='ocrx_word' id='word_1_702' title='bbox 3097 4411 3433 4484; x_wconf 87' lang='lat' dir='ltr'><strong>compescit,</strong></span> <span class='ocrx_word' id='word_1_703' title='bbox 3499 4468 3515 4478; x_wconf 57' lang='grc'><em>,</em></span> 
     </span>
    </p>
   </div>
   <div class='ocr_carea' id='block_1_83' title="bbox 167 4509 3437 4617">
    <p class='ocr_par' dir='ltr' id='par_1_83' title="bbox 167 4509 3437 4617">
     <span class='ocr_line' id='line_1_84' title="bbox 167 4509 3437 4617; baseline -0.016 -15"><span class='ocrx_word' id='word_1_704' title='bbox 167 4561 527 4617; x_wconf 79' lang='lat' dir='ltr'><strong>summopere</strong></span> <span class='ocrx_word' id='word_1_705' title='bbox 572 4509 982 4615; x_wconf 59' lang='lat' dir='ltr'><strong>praestolamur,</strong></span> <span class='ocrx_word' id='word_1_706' title='bbox 1030 4550 1090 4596; x_wconf 93' lang='lat' dir='ltr'><strong>ut</strong></span> <span class='ocrx_word' id='word_1_707' title='bbox 1133 4509 1187 4594; x_wconf 77' lang='lat' dir='ltr'><strong>in</strong></span> <span class='ocrx_word' id='word_1_708' title='bbox 1223 4509 1566 4592; x_wconf 73' lang='lat' dir='ltr'><strong>adversitatis</strong></span> <span class='ocrx_word' id='word_1_709' title='bbox 1609 4543 1760 4590; x_wconf 88' lang='lat' dir='ltr'><strong>tene-</strong></span> <span class='ocrx_word' id='word_1_710' title='bbox 1787 4532 1836 4592; x_wconf 89' lang='lat' dir='ltr'><strong>D</strong></span> <span class='ocrx_word' id='word_1_711' title='bbox 1859 4525 2168 4604; x_wconf 89' lang='lat' dir='ltr'><strong>prosperari</strong></span> <span class='ocrx_word' id='word_1_712' title='bbox 2203 4523 2416 4594; x_wconf 89' lang='lat' dir='ltr'><strong>quidem</strong></span> <span class='ocrx_word' id='word_1_713' title='bbox 2443 4516 2821 4586; x_wconf 88' lang='lat' dir='ltr'><strong>compescitur,</strong></span> <span class='ocrx_word' id='word_1_714' title='bbox 2852 4509 2945 4565; x_wconf 90' lang='lat' dir='ltr'><strong>sed</strong></span> <span class='ocrx_word' id='word_1_715' title='bbox 2976 4515 3124 4562; x_wconf 88' lang='lat' dir='ltr'><strong>reatu</strong></span> <span class='ocrx_word' id='word_1_716' title='bbox 3171 4509 3437 4600; x_wconf 45' lang='lat' dir='ltr'><strong>perpetu?</strong></span> 
     </span>
    </p>
   </div>
   <div class='ocr_carea' id='block_1_84' title="bbox 163 4628 1764 4701">
    <p class='ocr_par' dir='ltr' id='par_1_84' title="bbox 163 4628 1764 4701">
     <span class='ocr_line' id='line_1_85' title="bbox 163 4628 1764 4701; baseline -0.008 -7"><span class='ocrx_word' id='word_1_717' title='bbox 163 4639 319 4701; x_wconf 81' lang='lat' dir='ltr'><strong>bris,</strong></span> <span class='ocrx_word' id='word_1_718' title='bbox 368 4654 556 4694; x_wconf 80' lang='lat' dir='ltr'><strong>eorum</strong></span> <span class='ocrx_word' id='word_1_719' title='bbox 613 4647 818 4694; x_wconf 91' lang='lat' dir='ltr'><strong>mentes</strong></span> <span class='ocrx_word' id='word_1_720' title='bbox 877 4634 1152 4692; x_wconf 87' lang='lat' dir='ltr'><strong>suadendo</strong></span> <span class='ocrx_word' id='word_1_721' title='bbox 1199 4631 1534 4701; x_wconf 85' lang='lat' dir='ltr'><strong>perfodiant,</strong></span> <span class='ocrx_word' id='word_1_722' title='bbox 1569 4628 1764 4698; x_wconf 91' lang='lat' dir='ltr'><strong>quibus</strong></span> 
     </span>
    </p>
   </div>
   <div class='ocr_carea' id='block_1_85' title="bbox 170 4717 1762 4799">
    <p class='ocr_par' dir='ltr' id='par_1_85' title="bbox 170 4717 1762 4799">
     <span class='ocr_line' id='line_1_86' title="bbox 170 4717 1762 4799; baseline -0.009 -16"><span class='ocrx_word' id='word_1_723' title='bbox 170 4743 446 4799; x_wconf 81' lang='lat' dir='ltr'><strong>prospere</strong></span> <span class='ocrx_word' id='word_1_724' title='bbox 470 4729 776 4782; x_wconf 85' lang='lat' dir='ltr'><strong>viventibus</strong></span> <span class='ocrx_word' id='word_1_725' title='bbox 789 4739 1040 4796; x_wconf 89' lang='lat' dir='ltr'><strong>perversa</strong></span> <span class='ocrx_word' id='word_1_726' title='bbox 1065 4721 1208 4790; x_wconf 91' lang='lat' dir='ltr'><strong>loqui</strong></span> <span class='ocrx_word' id='word_1_727' title='bbox 1233 4721 1450 4774; x_wconf 90' lang='lat' dir='ltr'><strong>minime</strong></span> <span class='ocrx_word' id='word_1_728' title='bbox 1475 4717 1762 4776; x_wconf 89' lang='lat' dir='ltr'><strong>audebant.</strong></span> 
     </span>
    </p>
   </div>
   <div class='ocr_carea' id='block_1_86' title="bbox 139 4810 1764 4911">
    <p class='ocr_par' dir='ltr' id='par_1_86' title="bbox 139 4810 1764 4911">
     <span class='ocr_line' id='line_1_87' title="bbox 139 4810 1764 4911; baseline -0.011 -36"><span class='ocrx_word' id='word_1_729' title='bbox 139 4835 328 4911; x_wconf 32' lang='lat' dir='ltr'><strong>iquos</strong></span> <span class='ocrx_word' id='word_1_730' title='bbox 357 4835 482 4875; x_wconf 86' lang='lat' dir='ltr'><strong>mox</strong></span> <span class='ocrx_word' id='word_1_731' title='bbox 512 4825 575 4870; x_wconf 90' lang='lat' dir='ltr'><strong>ut</strong></span> <span class='ocrx_word' id='word_1_732' title='bbox 624 4817 676 4872; x_wconf 93' lang='lat' dir='ltr'><strong>in</strong></span> <span class='ocrx_word' id='word_1_733' title='bbox 721 4814 1054 4870; x_wconf 78' lang='lat' dir='ltr'><strong>adversitate</strong></span> <span class='ocrx_word' id='word_1_734' title='bbox 1084 4810 1354 4873; x_wconf 87' lang='lat' dir='ltr'><strong>viderint,</strong></span> <span class='ocrx_word' id='word_1_735' title='bbox 1385 4814 1680 4874; x_wconf 83' lang='lat' dir='ltr'><strong>exsurgant</strong></span> <span class='ocrx_word' id='word_1_736' title='bbox 1707 4811 1764 4860; x_wconf 89' lang='lat' dir='ltr'><strong>et</strong></span> 
     </span>
    </p>
   </div>
   <div class='ocr_carea' id='block_1_87' title="bbox 175 4899 1767 4978">
    <p class='ocr_par' dir='ltr' id='par_1_87' title="bbox 175 4899 1767 4978">
     <span class='ocr_line' id='line_1_88' title="bbox 175 4899 1767 4978; baseline -0.01 -12"><span class='ocrx_word' id='word_1_737' title='bbox 175 4927 299 4966; x_wconf 88' lang='lat' dir='ltr'><strong>non</strong></span> <span class='ocrx_word' id='word_1_738' title='bbox 343 4912 450 4965; x_wconf 91' lang='lat' dir='ltr'><strong>nisi</strong></span> <span class='ocrx_word' id='word_1_739' title='bbox 482 4925 551 4964; x_wconf 89' lang='lat' dir='ltr'><strong>ex</strong></span> <span class='ocrx_word' id='word_1_740' title='bbox 584 4909 785 4978; x_wconf 86' lang='lat' dir='ltr'><strong>peccati</strong></span> <span class='ocrx_word' id='word_1_741' title='bbox 819 4907 1011 4961; x_wconf 90' lang='lat' dir='ltr'><strong>merito</strong></span> <span class='ocrx_word' id='word_1_742' title='bbox 1041 4903 1170 4960; x_wconf 86' lang='lat' dir='ltr'><strong>talia</strong></span> <span class='ocrx_word' id='word_1_743' title='bbox 1218 4902 1336 4956; x_wconf 89' lang='lat' dir='ltr'><strong>illos</strong></span> <span class='ocrx_word' id='word_1_744' title='bbox 1373 4899 1579 4969; x_wconf 89' lang='lat' dir='ltr'><strong>perpeti</strong></span> <span class='ocrx_word' id='word_1_745' title='bbox 1619 4911 1767 4952; x_wconf 82' lang='lat' dir='ltr'><strong>asse—</strong></span> 
     </span>
    </p>
   </div>
   <div class='ocr_carea' id='block_1_88' title="bbox 175 4991 1766 5069">
    <p class='ocr_par' dir='ltr' id='par_1_88' title="bbox 175 4991 1766 5069">
     <span class='ocr_line' id='line_1_89' title="bbox 175 4991 1766 5069; baseline -0.008 -15"><span class='ocrx_word' id='word_1_746' title='bbox 175 5009 358 5065; x_wconf 71' lang='lat' dir='ltr'><strong>runt;</strong></span> <span class='ocrx_word' id='word_1_747' title='bbox 395 5000 523 5069; x_wconf 89' lang='lat' dir='ltr'><strong>quia</strong></span> <span class='ocrx_word' id='word_1_748' title='bbox 555 5000 834 5068; x_wconf 64' lang='lat' dir='ltr'><strong>prmsentis</strong></span> <span class='ocrx_word' id='word_1_749' title='bbox 857 4997 980 5051; x_wconf 75' lang='lat' dir='ltr'><strong>vitae</strong></span> <span class='ocrx_word' id='word_1_750' title='bbox 996 4995 1179 5050; x_wconf 82' lang='lat' dir='ltr'><strong>solum</strong></span> <span class='ocrx_word' id='word_1_751' title='bbox 1208 4994 1436 5064; x_wconf 88' lang='lat' dir='ltr'><strong>gloriam</strong></span> <span class='ocrx_word' id='word_1_752' title='bbox 1468 4991 1766 5060; x_wconf 86' lang='lat' dir='ltr'><strong>diligentes,</strong></span> 
     </span>
    </p>
   </div>
   <div class='ocr_carea' id='block_1_89' title="bbox 172 5083 1769 5163">
    <p class='ocr_par' dir='ltr' id='par_1_89' title="bbox 172 5083 1769 5163">
     <span class='ocr_line' id='line_1_90' title="bbox 172 5083 1769 5163; baseline -0.009 -16"><span class='ocrx_word' id='word_1_753' title='bbox 172 5093 467 5163; x_wconf 77' lang='lat' dir='ltr'><strong>ﬂagellum</strong></span> <span class='ocrx_word' id='word_1_754' title='bbox 512 5091 921 5145; x_wconf 88' lang='lat' dir='ltr'><strong>damnationem</strong></span> <span class='ocrx_word' id='word_1_755' title='bbox 965 5095 1174 5158; x_wconf 86' lang='lat' dir='ltr'><strong>putant.</strong></span> <span class='ocrx_word' id='word_1_756' title='bbox 1235 5086 1291 5141; x_wconf 93' lang='lat' dir='ltr'><strong>ln</strong></span> <span class='ocrx_word' id='word_1_757' title='bbox 1351 5083 1589 5140; x_wconf 86' lang='lat' dir='ltr'><strong>tenebris</strong></span> <span class='ocrx_word' id='word_1_758' title='bbox 1639 5094 1769 5148; x_wconf 87' lang='lat' dir='ltr'><strong>ergo</strong></span> 
     </span>
    </p>
   </div>
   <div class='ocr_carea' id='block_1_90' title="bbox 1868 4585 3438 4681">
    <p class='ocr_par' dir='ltr' id='par_1_90' title="bbox 1868 4585 3438 4681">
     <span class='ocr_line' id='line_1_91' title="bbox 1868 4585 3438 4681; baseline -0.023 -4"><span class='ocrx_word' id='word_1_759' title='bbox 1868 4585 2266 4676; x_wconf 64' lang='lat' dir='ltr'><strong>inaledictionis</strong></span> <span class='ocrx_word' id='word_1_760' title='bbox 2293 4612 2510 4681; x_wconf 89' lang='lat' dir='ltr'><strong>ligatur.</strong></span> <span class='ocrx_word' id='word_1_761' title='bbox 2541 4607 2642 4661; x_wconf 77' lang='lat' dir='ltr'><strong>Via</strong></span> <span class='ocrx_word' id='word_1_762' title='bbox 2674 4613 2906 4670; x_wconf 88' lang='lat' dir='ltr'><strong>namque</strong></span> <span class='ocrx_word' id='word_1_763' title='bbox 2931 4599 3231 4658; x_wconf 87' lang='lat' dir='ltr'><strong>vinearum,</strong></span> <span class='ocrx_word' id='word_1_764' title='bbox 3280 4585 3438 4644; x_wconf 89' lang='lat' dir='ltr'><strong>recti-</strong></span> 
     </span>
    </p>
   </div>
   <div class='ocr_carea' id='block_1_91' title="bbox 1869 4681 3439 4767">
    <p class='ocr_par' dir='ltr' id='par_1_91' title="bbox 1869 4681 3439 4767">
     <span class='ocr_line' id='line_1_92' title="bbox 1869 4681 3439 4767; baseline -0.024 0"><span class='ocrx_word' id='word_1_765' title='bbox 1869 4711 1999 4767; x_wconf 89' lang='lat' dir='ltr'><strong>tudo</strong></span> <span class='ocrx_word' id='word_1_766' title='bbox 2032 4714 2116 4763; x_wconf 89' lang='lat' dir='ltr'><strong>est</strong></span> <span class='ocrx_word' id='word_1_767' title='bbox 2147 4701 2532 4758; x_wconf 89' lang='lat' dir='ltr'><strong>Ecclesiarum.</strong></span> <span class='ocrx_word' id='word_1_768' title='bbox 2565 4696 2679 4762; x_wconf 88' lang='lat' dir='ltr'><strong>Qua</strong></span> <span class='ocrx_word' id='word_1_769' title='bbox 2705 4694 2756 4747; x_wconf 91' lang='lat' dir='ltr'><strong>in</strong></span> <span class='ocrx_word' id='word_1_770' title='bbox 2783 4705 2841 4744; x_wconf 88' lang='lat' dir='ltr'><strong>re</strong></span> <span class='ocrx_word' id='word_1_771' title='bbox 2870 4689 2984 4744; x_wconf 88' lang='lat' dir='ltr'><strong>sive</strong></span> <span class='ocrx_word' id='word_1_772' title='bbox 3031 4681 3270 4740; x_wconf 84' lang='lat' dir='ltr'><strong>haeretici</strong></span> <span class='ocrx_word' id='word_1_773' title='bbox 3318 4690 3439 4732; x_wconf 88' lang='lat' dir='ltr'><strong>cum</strong></span> 
     </span>
    </p>
   </div>
   <div class='ocr_carea' id='block_1_92' title="bbox 1868 4763 3440 4860">
    <p class='ocr_par' dir='ltr' id='par_1_92' title="bbox 1868 4763 3440 4860">
     <span class='ocr_line' id='line_1_93' title="bbox 1868 4763 3440 4860; baseline -0.027 -3"><span class='ocrx_word' id='word_1_774' title='bbox 1868 4763 2268 4858; x_wconf 28' lang='lat' dir='ltr'><strong>seu&#39;carnalem</strong></span> <span class='ocrx_word' id='word_1_775' title='bbox 2293 4788 2599 4860; x_wconf 90' lang='lat' dir='ltr'><strong>quempiam</strong></span> <span class='ocrx_word' id='word_1_776' title='bbox 2624 4782 2698 4837; x_wconf 88' lang='lat' dir='ltr'><strong>uil</strong></span> <span class='ocrx_word' id='word_1_777' title='bbox 2727 4783 2905 4834; x_wconf 87' lang='lat' dir='ltr'><strong>obstat</strong></span> <span class='ocrx_word' id='word_1_778' title='bbox 2935 4772 3180 4841; x_wconf 89' lang='lat' dir='ltr'><strong>intelligi,</strong></span> <span class='ocrx_word' id='word_1_779' title='bbox 3203 4768 3326 4837; x_wconf 88' lang='lat' dir='ltr'><strong>quia</strong></span> <span class='ocrx_word' id='word_1_780' title='bbox 3355 4763 3440 4816; x_wconf 87' lang='lat' dir='ltr'><strong>via</strong></span> 
     </span>
    </p>
   </div>
   <div class='ocr_carea' id='block_1_93' title="bbox 1869 4859 3440 4949">
    <p class='ocr_par' dir='ltr' id='par_1_93' title="bbox 1869 4859 3440 4949">
     <span class='ocr_line' id='line_1_94' title="bbox 1869 4859 3440 4949; baseline -0.027 0"><span class='ocrx_word' id='word_1_781' title='bbox 1869 4893 2170 4949; x_wconf 88' lang='lat' dir='ltr'><strong>vinearum,</strong></span> <span class='ocrx_word' id='word_1_782' title='bbox 2200 4885 2254 4940; x_wconf 90' lang='lat' dir='ltr'><strong>id</strong></span> <span class='ocrx_word' id='word_1_783' title='bbox 2308 4859 2392 4937; x_wconf 90' lang='lat' dir='ltr'><strong>est</strong></span> <span class='ocrx_word' id='word_1_784' title='bbox 2439 4874 2720 4931; x_wconf 83' lang='lat' dir='ltr'><strong>rectitudo-</strong></span> <span class='ocrx_word' id='word_1_785' title='bbox 2751 4868 3104 4924; x_wconf 87' lang='lat' dir='ltr'><strong>ecclesiarum</strong></span> <span class='ocrx_word' id='word_1_786' title='bbox 3155 4859 3440 4915; x_wconf 88' lang='lat' dir='ltr'><strong>amittitur,</strong></span> 
     </span>
    </p>
   </div>
   <div class='ocr_carea' id='block_1_94' title="bbox 1867 4955 3446 5037">
    <p class='ocr_par' dir='ltr' id='par_1_94' title="bbox 1867 4955 3446 5037">
     <span class='ocr_line' id='line_1_95' title="bbox 1867 4955 3446 5037; baseline -0.025 -1"><span class='ocrx_word' id='word_1_787' title='bbox 1867 4983 1994 5037; x_wconf 92' lang='lat' dir='ltr'><strong>dum</strong></span> <span class='ocrx_word' id='word_1_788' title='bbox 2025 4977 2110 5031; x_wconf 89' lang='lat' dir='ltr'><strong>vel</strong></span> <span class='ocrx_word' id='word_1_789' title='bbox 2138 4975 2271 5029; x_wconf 87' lang='lat' dir='ltr'><strong>ﬁdes</strong></span> <span class='ocrx_word' id='word_1_790' title='bbox 2299 4977 2450 5024; x_wconf 89' lang='lat' dir='ltr'><strong>recta</strong></span> <span class='ocrx_word' id='word_1_791' title='bbox 2479 4965 2563 5019; x_wconf 89' lang='lat' dir='ltr'><strong>vel</strong></span> <span class='ocrx_word' id='word_1_792' title='bbox 2592 4959 2865 5018; x_wconf 84' lang='lat' dir='ltr'><strong>rectitude</strong></span> <span class='ocrx_word' id='word_1_793' title='bbox 2891 4956 3117 5026; x_wconf 74' lang='lat' dir='ltr'><strong>iustitia:</strong></span> <span class='ocrx_word' id='word_1_794' title='bbox 3144 4965 3251 5006; x_wconf 90' lang='lat' dir='ltr'><strong>non</strong></span> <span class='ocrx_word' id='word_1_795' title='bbox 3299 4955 3446 5037; x_wconf 38' lang='lat' dir='ltr'><strong>tenet</strong></span> 
     </span>
    </p>
   </div>
   <div class='ocr_carea' id='block_1_95' title="bbox 1869 5032 3448 5128">
    <p class='ocr_par' dir='ltr' id='par_1_95' title="bbox 1869 5032 3448 5128">
     <span class='ocr_line' id='line_1_96' title="bbox 1869 5032 3448 5128; baseline -0.025 -3"><span class='ocrx_word' id='word_1_796' title='bbox 1869 5081 1975 5126; x_wconf 93' lang='lat' dir='ltr'><strong>tur.</strong></span> <span class='ocrx_word' id='word_1_797' title='bbox 2006 5068 2097 5121; x_wconf 89' lang='lat' dir='ltr'><strong>Ille</strong></span> <span class='ocrx_word' id='word_1_798' title='bbox 2138 5073 2374 5128; x_wconf 89' lang='lat' dir='ltr'><strong>namque</strong></span> <span class='ocrx_word' id='word_1_799' title='bbox 2422 5071 2514 5124; x_wconf 88' lang='lat' dir='ltr'><strong>per</strong></span> <span class='ocrx_word' id='word_1_800' title='bbox 2571 5056 2706 5108; x_wconf 88' lang='lat' dir='ltr'><strong>viam</strong></span> <span class='ocrx_word' id='word_1_801' title='bbox 2756 5049 3022 5102; x_wconf 86' lang='lat' dir='ltr'><strong>vinearum</strong></span> <span class='ocrx_word' id='word_1_802' title='bbox 3046 5039 3304 5104; x_wconf 86' lang='lat' dir='ltr'><strong>ambulat,</strong></span> <span class='ocrx_word' id='word_1_803' title='bbox 3356 5032 3448 5100; x_wconf 89' lang='lat' dir='ltr'><strong>qui</strong></span> 
     </span>
    </p>
   </div>
   <div class='ocr_carea' id='block_1_96' title="bbox 173 5134 3448 5249">
    <p class='ocr_par' dir='ltr' id='par_1_96' title="bbox 173 5134 3448 5249">
     <span class='ocr_line' id='line_1_97' title="bbox 173 5134 1733 5163; baseline -0.005 -17"><span class='ocrx_word' id='word_1_804' title='bbox 173 5134 467 5163; x_wconf 68' lang='lat'><strong>....,,.,.......</strong></span> <span class='ocrx_word' id='word_1_805' title='bbox 513 5134 913 5145; x_wconf 70' lang='lat'><strong>.._..........,..----</strong></span> <span class='ocrx_word' id='word_1_806' title='bbox 1007 5134 1174 5142; x_wconf 57' lang='grc' dir='ltr'><strong>πη.--</strong></span> <span class='ocrx_word' id='word_1_807' title='bbox 1354 5134 1582 5140; x_wconf 76' lang='lat'><strong>-----___-</strong></span> <span class='ocrx_word' id='word_1_808' title='bbox 1651 5134 1660 5135; x_wconf 33' lang='grc' dir='ltr'><em>κ</em></span> <span class='ocrx_word' id='word_1_809' title='bbox 1702 5134 1733 5148; x_wconf 65' lang='grc' dir='ltr'><em>υ</em></span> 
     </span>
     <span class='ocr_line' id='line_1_98' title="bbox 173 5134 3448 5249; baseline -0.009 -15"><span class='ocrx_word' id='word_1_810' title='bbox 173 5183 391 5236; x_wconf 86' lang='lat' dir='ltr'><strong>domos</strong></span> <span class='ocrx_word' id='word_1_811' title='bbox 421 5179 761 5249; x_wconf 82' lang='lat' dir='ltr'><strong>perfodiunt,</strong></span> <span class='ocrx_word' id='word_1_812' title='bbox 811 5177 941 5247; x_wconf 89' lang='lat' dir='ltr'><strong>quia</strong></span> <span class='ocrx_word' id='word_1_813' title='bbox 967 5134 1259 5230; x_wconf 37' lang='lat' dir='ltr'><strong>l[bonorum</strong></span> <span class='ocrx_word' id='word_1_814' title='bbox 1288 5182 1494 5228; x_wconf 88' lang='lat' dir='ltr'><strong>mentes</strong></span> <span class='ocrx_word' id='word_1_815' title='bbox 1545 5186 1612 5226; x_wconf 84' lang='lat' dir='ltr'><strong>ex</strong></span> <span class='ocrx_word' id='word_1_816' title='bbox 1658 5170 1775 5238; x_wconf 89' lang='lat' dir='ltr'><strong>ipsa</strong></span> <span class='ocrx_word' id='word_1_817' title='bbox 1872 5165 2072 5215; x_wconf 82' lang='lat' dir='ltr'><strong>sanctae</strong></span> <span class='ocrx_word' id='word_1_818' title='bbox 2092 5145 2411 5209; x_wconf 87' lang='lat' dir='ltr'><strong>universalis</strong></span> <span class='ocrx_word' id='word_1_819' title='bbox 2436 5141 2691 5196; x_wconf 82' lang='lat' dir='ltr'><strong>Ecclesiae</strong></span> <span class='ocrx_word' id='word_1_820' title='bbox 2717 5135 3153 5207; x_wconf 61' lang='grc' dir='ltr'><strong>Ρτπάίεθῑίοηθῐη</strong></span> <span class='ocrx_word' id='word_1_821' title='bbox 3198 5134 3448 5249; x_wconf 47' lang='grc' dir='ltr'><strong>Ρξῗδίζῗῗ</strong></span> 
     </span>
     <span class='ocr_line' id='line_1_99' title="bbox 2142 5223 3448 5249; baseline 0 0"><span class='ocrx_word' id='word_1_822' title='bbox 2142 5245 2161 5249; x_wconf 84' lang='lat'>_</span> <span class='ocrx_word' id='word_1_823' title='bbox 2190 5244 2200 5249; x_wconf 86' lang='lat'><strong>-</strong></span> <span class='ocrx_word' id='word_1_824' title='bbox 2240 5242 2252 5249; x_wconf 82' lang='lat'>.</span> <span class='ocrx_word' id='word_1_825' title='bbox 2435 5245 2473 5249; x_wconf 39' lang='grc' dir='ltr'><strong>ν-</strong></span> <span class='ocrx_word' id='word_1_826' title='bbox 2514 5247 2528 5249; x_wconf 83' lang='grc'><strong><em>-</em></strong></span> <span class='ocrx_word' id='word_1_827' title='bbox 2565 5232 2579 5249; x_wconf 88' lang='lat' dir='ltr'><strong>I</strong></span> <span class='ocrx_word' id='word_1_828' title='bbox 2610 5238 2823 5249; x_wconf 57' lang='grc' dir='ltr'><strong>-..Α-.-.Μ</strong></span> <span class='ocrx_word' id='word_1_829' title='bbox 2871 5229 3086 5249; x_wconf 61' lang='lat' dir='ltr'><strong>nale-nom</strong></span> <span class='ocrx_word' id='word_1_830' title='bbox 3140 5227 3227 5249; x_wconf 65' lang='lat' dir='ltr'><strong>I‘DD</strong></span> <span class='ocrx_word' id='word_1_831' title='bbox 3259 5229 3268 5249; x_wconf 90' lang='lat' dir='ltr'><strong>I</strong></span> <span class='ocrx_word' id='word_1_832' title='bbox 3299 5225 3348 5249; x_wconf 71' lang='grc'><strong>11(</strong></span> <span class='ocrx_word' id='word_1_833' title='bbox 3373 5223 3448 5249; x_wconf 83' lang='grc'>.</span> 
     </span>
    </p>
   </div>
   <div class='ocr_carea' id='block_1_97' title="bbox 169 5260 1769 5336">
    <p class='ocr_par' dir='ltr' id='par_1_97' title="bbox 169 5260 1769 5336">
     <span class='ocr_line' id='line_1_100' title="bbox 169 5260 1769 5336; baseline -0.009 -11"><span class='ocrx_word' id='word_1_834' title='bbox 169 5285 387 5326; x_wconf 83' lang='lat' dir='ltr'><strong>eorum</strong></span> <span class='ocrx_word' id='word_1_835' title='bbox 416 5283 760 5336; x_wconf 88' lang='lat' dir='ltr'><strong>corrumpere</strong></span> <span class='ocrx_word' id='word_1_836' title='bbox 781 5265 1108 5320; x_wconf 88' lang='lat' dir='ltr'><strong>adversitate</strong></span> <span class='ocrx_word' id='word_1_837' title='bbox 1135 5263 1447 5317; x_wconf 91' lang='lat' dir='ltr'><strong>moliuntur.</strong></span> <span class='ocrx_word' id='word_1_838' title='bbox 1480 5260 1769 5328; x_wconf 87' lang='lat' dir='ltr'><strong>Sequitur:</strong></span> 
     </span>
    </p>
   </div>
   <div class='ocr_carea' id='block_1_98' title="bbox 1879 5207 3456 5318">
    <p class='ocr_par' dir='ltr' id='par_1_98' title="bbox 1879 5207 3456 5318">
     <span class='ocr_line' id='line_1_101' title="bbox 1879 5207 3456 5318; baseline -0.03 -13"><span class='ocrx_word' id='word_1_839' title='bbox 1879 5262 2054 5318; x_wconf 90' lang='lat' dir='ltr'><strong>neque</strong></span> <span class='ocrx_word' id='word_1_840' title='bbox 2079 5262 2107 5298; x_wconf 91' lang='lat' dir='ltr'><strong>a</strong></span> <span class='ocrx_word' id='word_1_841' title='bbox 2134 5242 2278 5305; x_wconf 90' lang='lat' dir='ltr'><strong>ﬁdei,</strong></span> <span class='ocrx_word' id='word_1_842' title='bbox 2307 5245 2481 5302; x_wconf 89' lang='lat' dir='ltr'><strong>neque</strong></span> <span class='ocrx_word' id='word_1_843' title='bbox 2507 5247 2540 5285; x_wconf 90' lang='lat' dir='ltr'><strong>a</strong></span> <span class='ocrx_word' id='word_1_844' title='bbox 2565 5232 2827 5287; x_wconf 88' lang='lat' dir='ltr'><strong>bonorum</strong></span> <span class='ocrx_word' id='word_1_845' title='bbox 2871 5229 3088 5276; x_wconf 88' lang='lat' dir='ltr'><strong>actuum</strong></span> <span class='ocrx_word' id='word_1_846' title='bbox 3140 5207 3456 5268; x_wconf 87' lang='lat' dir='ltr'><strong>rectitudine</strong></span> 
     </span>
    </p>
   </div>
  </div>
