3948 5398
575 348 683 404 507
1570 345 1631 401 s.
1672 301 1922 401 coetus
1958 339 2246 398 ABBATIS
2281 336 2781 396 CLUMACENSIS
2814 336 2857 392 ll
3703 338 3785 396 se;

583 477 760 527 suam,
801 460 880 517 sic
916 459 1166 530 frigidam
1200 458 1331 514 facit
1360 459 1592 514 animam
1626 458 1832 514 malitia
1865 473 1962 517 sua
2017 457 2151 528 (Jer.
2186 457 2231 515 Δ
2260 454 2552 526 nipotentis
2577 454 2673 508 Dei
2731 452 3107 509 misericordia
3156 452 3401 508 Oblivisci
3442 451 3558 521 ejus
3601 452 3787 523 dicitur,

580 565 658 615 γι,
690 552 764 621 7).
789 569 808 603 ι
839 549 957 617 Quo
981 558 1171 604 contra
1201 548 1439 603 charitas
1462 548 1614 604 calor
1635 557 1737 613 est,
1761 549 1891 618 quia
1907 546 2161 602 videlicet
2261 545 2354 614 qui
2380 544 2767 614 omnipotentis
2788 542 2884 598 Dei
2908 543 3175 614 justitiam
3228 540 3390 599 fuerit
3433 542 3643 610 oblitus,
3689 546 3791 615 quia

585 648 820 699 mentem
858 639 1124 701 accendit,
1159 653 1320 707 quam
1356 638 1547 707 replet.
1608 638 1684 693 De
1733 653 1841 707 quo
1894 637 2160 706 scriptum
2262 635 2506 704 quisquis
2539 650 2661 689 eum
2696 649 2840 689 nunc
2863 634 3068 705 justum
3100 648 3207 690 non
3236 635 3407 700 timet,
3439 642 3558 703 post
3584 634 3688 689 haec
3721 637 3788 688 in.

583 738 708 786 est:
740 748 759 779 ι
795 728 1108 783 Abundabit
1144 728 1419 805 iniquitas,
1448 738 1503 784 et
1554 729 1871 799 refrigescet
1924 729 2165 783 Charitas
2264 726 2449 781 venire
2472 742 2579 781 non
2604 727 2748 780 valet
2774 727 3201 782 misericordem.
3248 726 3379 794 Quae
3432 726 3675 780 nimirum
3696 740 3792 782 sen-

586 817 1423 888 multorum(Matth.xx1v,12).i
1446 821 1649 873 Etsunt
1669 818 1908 874 nonnulli
1929 818 2164 888 quidum
2266 818 2434 873 tentia
2464 833 2570 873 non
2601 810 2773 873 selum
2798 818 2848 874 ei
2880 818 3197 885 intenditur,
3224 818 3316 888 qui
3350 833 3492 873 vera:
3536 817 3651 871 fidei
3685 832 3793 887 prte-

588 909 943 978 iniquitatum,
960 925 1182 969 suarum
1212 909 1415 979 frigora
1441 908 1736 973 declinant,
1766 909 1833 964 ad
1861 924 2046 965 veram
2103 906 2168 962 li-
2268 911 2572 965 dicamenta
2605 910 2827 975 deserit,
2856 911 2951 965 sed
2980 911 3145 966 etiam
3177 894 3267 980 qui
3296 911 3353 965 in
3380 909 3486 965 fide
3508 918 3648 963 recta
3684 910 3793 979 posi-

590 994 830 1065 dem,vcl
857 1001 925 1056 ad
954 1000 1262 1056 sanctitatis
1292 1001 1532 1056 habitum
1584 1000 1825 1054 veniunt.
1880 997 1987 1053 Sed
2037 1000 2164 1068 quia
2269 1009 2356 1056 tus
2384 1002 2682 1056 carnaliter
2707 1002 2862 1067 vivit,
2892 1002 3019 1071 quia
3062 1001 3196 1057 ultio
3239 1011 3457 1056 aeterna:
3500 998 3792 1055 animadver—

587 1093 711 1165 plus
739 1108 900 1162 quam
932 1108 1153 1148 necesse
1182 1102 1268 1155 est
1291 1092 1359 1147 de
1393 1092 1507 1147 suis
1545 1092 1794 1147 sensibus
1814 1082 2171 1160 praesumuni,
2269 1092 2439 1147 sionis
2459 1106 2565 1145 non
2597 1091 2864 1157 evaditur,
2892 1101 3073 1145 utrum
3100 1091 3151 1145 in
3185 1090 3289 1146 [ide
3334 1106 3402 1145 an
3436 1090 3489 1144 in
3536 1105 3684 1160 opere
3699 1105 3796 1159 pec-

587 1198 731 1254 scepe
756 1186 806 1238 in
840 1183 945 1238 fide
973 1199 1134 1254 quam
1163 1184 1452 1253 accipiunt,
1477 1197 1540 1238 ea
1593 1198 1713 1251 quae
1765 1197 1871 1236 non
1926 1183 2170 1251 capiunt,
2271 1192 2444 1238 retur.
2482 1181 2758 1253 Sequitdr.
2796 1183 3028 1238 Dulcedo
3053 1182 3197 1237 illius
3254 1200 3470 1239 vermes.
3496 1181 3797 1253 —Quisquis

589 1274 925 1344 perscrutari
954 1272 1139 1327 volunt
1169 1282 1229 1327 ut
1255 1273 1468 1327 ratione
1494 1272 1666 1342 magis
1723 1271 1777 1324 in
1824 1270 1956 1335 Deo,
2007 1286 2169 1339 quam
2274 1275 2328 1330 in
2356 1276 2459 1330 hoc
2487 1276 2689 1330 mundo
2718 1266 2917 1345 appetit
2944 1276 3272 1345 prosperari,
3302 1284 3530 1331 caeteros
3568 1275 3797 1340 excedere,

591 1362 698 1418 ﬁde
729 1371 1033 1418 teneantur.
1067 1363 1203 1431 Quia
1235 1378 1364 1418 vero
1386 1364 1624 1417 humana
1643 1376 1797 1417 mens
1840 1362 2171 1427 perscrutari
2273 1367 2437 1422 rebus
2461 1376 2518 1421 el,
2546 1367 2845 1422 honoribus
2874 1374 3102 1432 tumere,
3134 1366 3261 1421 huic
3287 1367 3543 1420 nimirum
3581 1378 3697 1419 cura
3733 1380 3803 1419 εκ-

590 1468 698 1509 non
735 1453 877 1509 valet
908 1454 1090 1511 divina
1121 1462 1354 1517 secreta,
1378 1468 1539 1509 omne
1591 1452 1735 1522 quod
1795 1451 2008 1505 ratione
2049 1465 2174 1519 per-
2275 1455 2476 1509 cularis
2513 1456 2563 1508 in
2594 1454 2953 1510 delectatione
2978 1464 3084 1519 est,
3132 1456 3283 1524 quies
3336 1454 3389 1509 in
3439 1454 3637 1509 labore.
3679 1451 3801 1507 Valde

590 1545 824 1599 scrutari
852 1560 957 1599 non
996 1552 1229 1616 possunt
1268 1544 1493 1600 credere
1544 1550 1923 1607 contemnunt,
1978 1549 2035 1594 et
2080 1555 2177 1609 per
2277 1543 2423 1599 enim
2464 1544 2744 1615 fatigatur,
2774 1544 2818 1598 si
2843 1545 2983 1599 desit
3025 1559 3156 1599 cura
3200 1543 3383 1599 seculi
3430 1558 3536 1613 qua
3580 1541 3800 1613 fatigatur.

501 1698 505 1705 ,
590 1635 996 1706 ilquisiliotIrm
1021 1636 1242 1695 nimiam
1280 1636 1333 1690 in
1359 1650 1604 1691 errorem
1630 1635 1906 1689 labuntur.
1955 1632 2022 1688 Hi
2069 1632 2175 1686 ita-
2278 1637 2414 1703 Quia
2443 1647 2625 1694 autem
2654 1647 2846 1693 natura
2871 1646 2955 1694 est
2983 1640 3251 1694 vermium
3293 1637 3803 1708 momentis‘singulis

592 1741 697 1796 que
723 1742 846 1783 cum
876 1728 1106 1783 necdum
1155 1726 1465 1795 crederent,
1514 1726 1599 1781 vel
1644 1725 1820 1780 adhuc
1871 1723 2180 1793 iniquitatis
2280 1732 2621 1788 incessanter
2668 1730 2908 1794 moveri,
2960 1743 3067 1783 non
3118 1728 3391 1783 immerito
3446 1729 3677 1798 signatur
3718 1740 3803 1779 ver-

592 1818 742 1887 operi
772 1828 1050 1884 vacarent,
1086 1834 1240 1889 aquas
1266 1819 1471 1873 nivium
1509 1817 1751 1880 fuerunt,
1773 1814 1873 1870 sed
1920 1830 2043 1870 cum
2065 1828 2183 1868 car—
2211 1820 2257 1878 B
2287 1819 2452 1873 mium
2482 1817 2700 1872 nomine
2754 1817 3068 1886 inquietudo
3123 1816 3535 1887 cogitationum.
3587 1812 3805 1867 Pervorse

595 1907 741 1963 nalia
778 1908 939 1963 facta
975 1910 1311 1968 deserentes,
1370 1907 1427 1961 in
1468 1905 1575 1961 fide
1622 1908 1689 1960 ad
1717 1918 1880 1973 quam
1932 1902 2184 1972 perducti
2285 1909 2471 1978 itaque
2503 1907 2698 1961 mentis
2726 1906 2955 1961 dulcedo
2999 1906 3203 1961 vermis
3234 1914 3340 1969 est,
3370 1905 3505 1975 quia
3540 1903 3655 1959 inde
3697 1902 3804 1956 dele-

595 2010 744 2063 sunt,
776 2000 896 2069 plus
932 2008 1192 2068 appetunt
1218 1998 1553 2068 perscrutari
1594 2012 1757 2066 quam
1783 1995 2026 2073 capiunt.
2069 2008 2186 2048 3m-
2284 2000 2561 2055 ctabiliter
2581 1997 3006 2067 pascitur,unde
3030 1995 3806 2067 perinquietudinemincessau

593 2090 738 2162 plius
763 2090 1009 2160 profecto
1031 2089 1230 2153 calent,
1266 2104 1430 2158 quam
1465 2086 1643 2141 calere
1665 2087 1989 2140 debuerunt.
2039 2083 2187 2138 Bene
2285 2099 2371 2146 ter
2397 2091 2654 2160 agitatur.
2689 2089 2873 2143 Potest
2902 2102 3118 2157 quoque
3149 2085 3390 2155 apertius
3423 2085 3621 2139 vermis
3645 2082 3809 2136 nomine

600 2195 732 2250 ergo
783 2183 851 2236 de
905 2181 1007 2235 hoc
1038 2195 1295 2250 perverso
1342 2179 1583 2250 quolibet
1625 2176 2000 2247 prophetanlis
2054 2176 2186 2230 dun—
2284 2198 2416 2238 caro
2437 2174 3805 2252 signari.Undeetsuperiusi55)dicitur:Homops-

599 2276 754 2323 taxat
793 2270 1085 2333 sententia,
1129 2285 1235 2324 non
1282 2268 1517 2337 optantis
1542 2267 1764 2321 dicitur.
1821 2265 1901 2319 Ad
1967 2264 2158 2317 nimium

2286 2275 2431 2328 tredo
2456 2283 2502 2327 et
2531 2272 2674 2341 ﬁlius
2696 2271 2922 2326 hominis
2950 2272 3153 2325 vermis.
3187 2269 3530 2324 Luxuriosus
3556 2268 3700 2334 igitur
3727 2263 3808 2334 qui-

600 2360 831 2417 calorem
874 2370 1107 2415 transeat
1160 2361 1225 2415 ab
1276 2361 1427 2430 aquis
1474 2357 1690 2413 nivium.
1752 2355 2049 2427 Sequitur:
2116 2352 2187 2407 Εε
2288 2363 2420 2419 libet
2451 2362 2587 2433 (56),
2613 2370 2667 2415 et
2694 2361 2875 2416 carnis
2913 2359 3276 2430 voluptatibus
3312 2358 3552 2421 deditus,
3581 2363 3748 2426 quanta
3764 2353 3812 2407 sit

600 2469 765 2525 usque
787 2458 857 2507 ad
891 2452 1088 2522 inferos
1107 2461 1378 2521 peccatum
1399 2448 1564 2503 illius.
1588 2477 1660 2489 —-
1678 2446 1966 2501 Peccatum
1991 2444 2159 2513 quipp

2288 2454 2530 2519 caecitas,
2564 2453 2972 2507 demonstratur
3022 2466 3144 2505 cum
3178 2450 3417 2505 dicitur:
3456 2446 3679 2501 Dulcedo
3708 2444 3807 2497 illius

600 2559 774 2613 usque
801 2546 868 2598 ad
901 2543 1102 2598 inferos
1124 2544 1360 2603 ducitur.
1383 2540 1526 2613 quod
1557 2547 1685 2594 ante
1715 2538 1878 2593 ﬁnem
1902 2538 2025 2591 νίιίε
2051 2550 2187 2605 ριδω·
2288 2546 2500 2601 vannis.
2530 2545 2669 2613 Quid
2708 2558 2942 2614 namque
2969 2557 3097 2596 caro
3133 2540 3237 2595 nisi
3285 2539 3524 2609 putredo
3568 2551 3628 2592 ac
3668 2533 3813 2589 vennis

603 2635 775 2690 sentis
818 2648 916 2702 per
967 2633 1367 2704 corrcptiouem
1434 2638 1600 2699 atque
1654 2627 2029 2697 pmnitentiam
2085 2640 2162 2679 no:

2292 2637 2419 2690 est?
2461 2644 2516 2690 et
2576 2633 2822 2703 quisquis
2893 2630 3200 2687 carnalibus
3271 2629 3561 2684 desideriis
3630 2622 3806 2685 anhelat

604 2727 947 2781 emendatur.
985 2724 1060 2779 De
1088 2740 1197 2794 ψιο
1223 2722 1472 2778 Videlicet
1520 2730 1744 2791 Peccam
1794 2733 1893 2788 Ρθν
1930 2716 2192 2771 Joannem
2294 2726 2422 2796 quid
2450 2725 2595 2780 aliud
2627 2740 2789 2795 quam
2820 2737 3061 2778 vermem
3089 2722 3284 2775 amat?
3304 2720 3438 2791 quid
3486 2719 3621 2774 enim
3649 2717 3706 2771 sit
3725 2729 3807 2769 car-

604 2816 841 2871 dicitur:
866 2833 885 2865 ι
915 2814 1012 2869 Est
1030 2825 1313 2883 peccatum
1331 2813 1396 2866 ad
1422 2822 1676 2874 mortem.
1701 2824 1806 2864 non
1835 2824 1933 2878 pro
1955 2807 2048 2862 ἱιΙο
2075 2806 2196 2861 ἀίω
2297 2816 2384 2870 nis
2424 2814 2699 2869 subtantia
2738 2820 3010 2868 testantur
3061 2810 3330 2881 sepulcra.
3381 2808 3517 2876 Quis
3560 2813 3808 2877 parentum.

606 2911 732 2976 quis
751 2915 813 2960 ut
839 2915 989 2975 roget
1021 2903 1073 2976 (1
1095 2903 1262 2957 Jaan.
1288 2918 1341 2967 v,
1367 2901 1477 2971 15).
1501 2920 1522 2953 ι
1555 2900 1845 2955 Peccatum
1868 2910 2101 2966 namque
2128 2894 2197 2950 ad
2297 2904 2421 2974 quis
2446 2904 2745 2957 amicorum
2776 2900 3010 2956 fidelium
3039 2898 3337 2969 quamlibet
3382 2896 3563 2952 dilecti
3613 2894 3684 2949 sui
3733 2899 3810 2945 tan-

610 3006 841 3052 mortem
873 3007 977 3061 est,
1002 3007 1287 3067 peccatum
1319 3008 1491 3064 usque
1519 2993 1588 3047 ad
1620 3001 1848 3046 mortem
1870 3030 1887 3057 ,
1915 2990 2043 3060 quia
2093 2988 2202 3044 sci-
2301 3007 2429 3065 gere
2459 2991 2849 3047 scaturientem
2880 2989 3157 3045 vermibus
3187 3001 3409 3043 carnem
3467 2982 3675 3056 potest?
3717 2978 3812 3033 Caro

609 3085 741 3142 licet
770 3066 1052 3157 peccatum
1083 3087 1228 3156 quod
1258 3085 1348 3141 hic
1396 3099 1504 3139 non
1553 3083 1873 3153 corrigitur,
1932 3080 1983 3136 ei
2039 3078 2200 3134 venia
2303 3087 2488 3154 itaque
2517 3099 2640 3137 cum
2670 3082 3092 3152 concupiscitur,
3123 3087 3384 3149 pensetur
3414 3077 3545 3147 quid
3581 3075 3645 3131 sit
3665 3066 3813 3129 exami-

610 3178 816 3236 frustra
844 3179 1165 3249 postulatur.
1193 3180 1270 3233 De
1290 3194 1398 3248 quo
1428 3177 1606 3231 adhuc
1636 3176 1926 3231 subditur:
2216 3164 2264 3227 C
2299 3177 2384 3230 nis
2413 3170 2753 3247 [exanimis],
2782 3183 2839 3228 et
2866 3171 3188 3243 intelligitur
3214 3170 3346 3241 quid
3375 3174 3611 3223 amatur.

684 3268 852 3325 Vnus.
875 3270 966 3325 20.
997 3269 1344 3326 Obliviscatut
1394 3268 1512 3338 ejus
1566 3266 1949 3322 misericordia.
1975 3294 2047 3305 -—-
2076 3263 2204 3319 Om-

686 3380 800 3452 (55)
843 3380 957 3452 imo
983 3379 1209 3435 inferius
1239 3378 1447 3452 scilicet
1476 3376 1722 3452 sequenti
1751 3373 1984 3452 capitulo
2011 3372 2065 3436 6,
2090 3388 2231 3452 vers.

688 3381 779 3452 (55
843 3381 957 3435 lmo
983 3381 1209 3435 inferius
1239 3381 1447 3434 scilicet
1476 3381 1722 3445 sequenti
1751 3381 1983 3445 capitqu
2011 3381 2065 3436 6,
2090 3388 2231 3426 vers.
2260 3381 2312 3426 6.

688 3381 805 3521 (56)
848 3450 961 3507 Hoc
985 3449 1376 3522 congruentius
1405 3447 1654 3503 fortassis
1703 3447 1757 3500 iu
1823 3446 2059 3515 genitivo
2103 3443 2187 3497 vel
2240 3441 2442 3498 dativo.

624 3605 3814 3654 MM

1549 3777 1856 3857 LIBER
1901 3770 2431 3855 SEPTIMUS
2487 3771 2970 3849 DECIMUS.

595 3977 609 4003 ἢ

693 4080 891 4139 Verbis
921 4078 1105 4149 itaque
1147 4074 1579 4148 praecedentibus
1623 4080 1845 4127 sanctus
1875 4070 1962 4124 vir
1986 4084 2084 4141 per
2126 4071 2208 4126 di-
2311 4075 2414 4129 sita
2442 4080 2546 4128 est.
2571 4070 2760 4127 Omnis
2785 4067 2970 4135 arbor,
2996 4084 3120 4139 quae
3165 4082 3273 4123 non
3318 4067 3452 4125 facit
3494 4066 3712 4128 :fructum

624 4179 835 4228 scretas
874 4148 1174 4241 prudentia:
1202 4173 1366 4219 arcta:
1393 4162 1692 4218 sententias
1723 4159 1892 4228 iniqui
1920 4159 2210 4227 cujuslibet
2311 4178 2440 4217 num
2475 4160 2778 4223 excidetur,
2808 4169 2864 4213 et
2894 4160 2946 4213 iu
2978 4159 3155 4228 ignem
3200 4158 3448 4213 mittetur
3492 4157 3635 4229 (Luc.
3658 4168 3726 4217 ιιι,
3763 4148 3813 4213 9i

625 4259 812 4331 culpas
842 4236 1085 4327 pertulit,
1141 4262 1199 4308 et
1245 4268 1409 4322 quam
1461 4251 1532 4306 sit
1576 4250 1891 4305 damnanda
1920 4247 2037 4317 ejus
2060 4249 2205 4304 actio
2317 4252 2509 4308 Matth.
2541 4267 2622 4315 ιιι,
2649 4250 2790 4321 10).ι
2821 4249 2934 4304 Hoc
2953 4260 3133 4304 autem
3158 4248 3297 4314 loco,
3321 4260 3382 4304 ut
3408 4258 3603 4304 aeterna
3621 4236 3813 4331 supplicia

627 4330 898 4423 expressit
925 4351 990 4403 de
1020 4347 1173 4413 cuius
1198 4360 1357 4415 pcena
1396 4344 1636 4412 subjicit,
1666 4343 1887 4398 dicens:
2318 4343 2565 4413 reproliis
2614 4343 2988 4413 designentur,
3045 4357 3403 4412 nequaquam.
3430 4343 3623 4397 dicitur
3649 4330 3812 4394 abscidi.

702 4440 868 4495 V'Etts.
893 4437 984 4491 ΞΟ.
1030 4436 1151 4489 Non
1183 4436 1249 4488 sit
1277 4435 1333 4486 in
1365 4432 1755 4494 recordatione,
1790 4430 1880 4483 sed
1913 4439 2215 4483 conteratur
2244 4443 2289 4501 ι)
2315 4434 2410 4488 sed
2438 4434 2668 4498 conteri,
2694 4434 2820 4501 quia
2870 4432 3122 4487 videlicet
3171 4435 3432 4503 mprobos
3483 4447 3620 4503 mors
3659 4426 3813 4498 quidem

627 4531 783 4604 quasi
819 4529 1017 4598 lignum
1044 4525 1453 4595 infructuosum.
1482 4550 1554 4561 —-
1582 4520 1637 4573 In
1669 4518 2041 4574 recordatione
2069 4519 2215 4573 enim
2314 4528 2498 4581 eat-nis
2553 4527 2801 4589 abscidit,
2857 4527 2951 4580 sed
2998 4541 3159 4595 paena
3214 4528 3551 4597 subsequens
3615 4524 3811 4579 conteret.

629 4619 926 4678 conditoris
942 4634 1045 4672 non
1072 4616 1368 4679 reducitur,
1386 4611 1894 4684 quisquisusquead
1910 4612 2069 4666 finem
2093 4612 2217 4666 vita:
2316 4615 2477 4682 Quasi
2504 4617 2649 4669 enim
2678 4615 2769 4669 hic
2798 4615 3079 4679 inciditur,
3115 4630 3239 4669 cum
3265 4631 3295 4670 a
3351 4614 3595 4685 praesenti
3637 4612 3723 4664 vita
3759 4615 3812 4658 se-

625 4712 777 4779 vitiis
802 4701 1136 4779 subjugatur.
1170 4705 1301 4760 Nam
1316 4707 1359 4760 si
1391 4706 1534 4759 hunc
1561 4705 1776 4773 superni
1800 4712 2077 4773 respectus
2100 4719 2215 4758 me-
2314 4719 2556 4780 paratur.
2584 4708 2689 4762 Sed
2734 4708 2788 4761 in
2845 4709 3089 4778 gehenna
3117 4709 3438 4774 conteritur,
3466 4723 3582 4761 cum
3619 4704 3812 4773 perpetua

630 4799 1297 4874 moria,tangeret,procul
1322 4798 1486 4855 dubio
1505 4798 1575 4852 ab
1598 4797 1880 4867 iniquitate
1911 4804 2211 4850 revocaret.
2315 4799 2662 4855 damnatione
2684 4798 2975 4853 cruciatur.
3018 4797 3314 4865 Sequitur:

639 4896 767 4967 Ejus
796 4877 1216 4963 quippe‘merita
1243 4890 1487 4960 exigunt,
1520 4896 1579 4941 ut
1623 4886 1868 4940 funditus
1916 4889 1984 4939 ab
2025 4894 2220 4939 aucto-
2386 4890 2549 4943 Vens.
2578 4889 2670 4942 2i.
2702 4888 2855 4941 Pavit
2892 4889 3031 4941 enim
3068 4887 3299 4941 sterilem
3338 4904 3454 4959 qua
3487 4903 3585 4940 non
3621 4878 3809 4974 parit,

631 4989 713 5043 ris
737 4985 1115 5043 recordatione
1139 4981 1404 5038 deleatur.
1431 4980 1720 5035 Sciendum
1767 4993 1898 5032 vero
1944 4987 2028 5032 est
2072 4976 2216 5047 quod
2314 4981 2485 5036 vidua:
2511 4981 2635 5033 bene
2658 4995 2759 5031 non
2783 4978 2924 5047 fecit.
2945 5009 3017 5020 —
3039 4978 3171 5046 Quae
3200 4981 3302 5035 hoc
3340 4979 3457 5034 loco
3503 4974 3696 5035 sterilis,
3740 4975 3810 5020 IIIS1

636 5078 915 5134 recordari
970 5076 1116 5131 Deus
1167 5088 1511 5144 nequaquam
1557 5071 1778 5142 proprie
1829 5071 2048 5125 dicitur.
2111 5069 2212 5137 Qui
2314 5087 2445 5128 caro
2473 5071 2831 5126 nominatur?
2860 5086 2978 5139 qua;
3015 5072 3141 5125 dum
3188 5072 3298 5126 sola
3340 5060 3612 5140 ρι-ωεοηιῖει
3647 5055 3809 5144 appetit,

637 5172 779 5227 enim
809 5170 1054 5226 oblivisci
1082 5184 1188 5225 non
1213 5142 1411 5238 potest,
1441 5182 1549 5245 quo
1570 5175 1730 5236 pacto
1783 5165 2059 5220 recordari
2114 5180 2215 5234 po-
2315 5161 2487 5215 bonas
2518 5162 2745 5232 gignere
2771 5160 3131 5230 cogitationes
3156 5161 3350 5217 nescit.
3396 5159 3523 5226 Qua:
3565 5142 3808 5245 antemuvi-

637 5264 787 5318 test?
818 5260 925 5317 Sed
956 5263 1082 5331 quia
1110 5275 1208 5315 eos
1238 5272 1356 5324 nos,
1389 5236 1621 5328 quorum
1679 5257 2050 5317 recordamur,
2102 5269 2215 5309 am-
2316 5255 2444 5312 dna.
2470 5253 2574 5307 nisi
2603 5252 2783 5306 anima
2832 5264 3203 5321 nuncupatur,
3255 5267 3415 5322 quam
3458 5249 3577 5318 quia
3615 5236 3807 5298 CondiW

637 5350 927 5398 Mentimur
959 5393 973 5398 -
1026 5353 1095 5398 ah
1147 5352 1234 5398 his
1279 5359 1461 5398 autem
1518 5356 1751 5398 auarum
1813 5345 2213 5398 obliviscimur.
2316 5348 2418 5398 sibi
2447 5346 2673 5398 inuasere
2698 5345 2890 5398 voluit.
2922 5346 2989 5398 ab
3029 5345 3326 5398 thalamum
3355 5343 3489 5398 uteri
3529 5331 3727 5394 carnalis
3747 5337 3806 5377 τῦ·
3886 5331 3887 5398 Υ
