3948 5398
147 255 258 313 309

868 262 1173 320 ΕΡΙΤΟΜΕ
1213 264 1576 322 ΜοιιΑιιωι
1590 273 1597 279 ’
1616 265 1675 322 S.
1711 266 1749 323 G

1854 270 1919 326 G.
1954 273 2021 327 ΙΝ
2060 273 2200 330 JOB.
2236 306 2308 317 —
2340 276 2467 331 LIB.
2510 277 2691 333 ΧΥΙΙ..

3323 272 3432 339 ιη

147 370 325 426 oculis
355 370 631 434 occultus.
665 373 819 442 quasi
846 373 900 428 in
926 383 1085 444 parte
1109 375 1333 431 alterius
1356 378 1593 447 regionis
1653 379 1740 433 vi-
1767 384 1816 461 Α
1845 384 2055 454 perbia,
2086 387 2172 439 via
2206 387 2439 456 raptoris
2469 387 2720 453 avaritia,
2756 387 2843 443 via
2878 397 2962 445 est
2986 388 3179 446 lubrici
3200 386 3425 450 concu-

147 462 251 515 vit.
283 458 514 531 lniquus
538 476 671 532 ergo
699 463 940 519 sterilem
970 465 1166 533 pascit,
1191 475 1246 521 et
1292 468 1475 521 viduae
1524 469 1743 523 benefa-

148 564 284 606 cere
307 549 557 620 negligit,
586 553 714 622 quia
745 554 927 609 carnis
955 556 1242 612 desideriis
1264 559 1528 622 serviens,
1553 575 1743 617 curam

148 640 353 695 anima:
379 641 658 712 vitamque
682 644 998 699 contemnit.
1025 645 1165 701 Caro
1195 648 1393 718 quippe
1428 666 1536 704 non
1566 651 1744 707 solum

149 728 381 791 sterilis,
406 730 501 784 sed
525 730 687 785 etiam
716 748 836 801 qua:
862 748 968 787 non
1000 735 1147 804 parit
1198 736 1416 803 dicitur,
1468 740 1594 809 quia
1645 755 1745 796 suo

149 824 325 874 sensu
365 820 545 875 bonas
596 822 952 893 cogitationes
1007 825 1229 897 gignere
1282 844 1383 883 nec
1436 830 1489 885 in
1538 831 1745 888 ultimis

147 911 321 966 valet.
386 911 544 978 Quod
601 923 778 969 tamen
843 916 1068 987 intelligi
1140 918 1208 974 de
1255 919 1529 977 haereticis
1578 923 1742 978 etiam

146 1002 579 1073 praedicantibus
606 1014 802 1073 potest.
834 1004 1218 1079 Unusquisque
1272 1025 1510 1081 namque
1547 1013 1745 1082 praedi-

146 1098 308 1144 cator
335 1093 545 1147 erroris
572 1093 698 1147 dum
728 1093 939 1164 plebem
964 1106 1121 1152 extra
1172 1098 1438 1155 unitatem
1487 1101 1744 1158 Ecclesiae

147 1182 387 1252 positam
416 1183 595 1249 docet,
618 1183 858 1254 profecto
881 1188 1143 1254 sterilem,
1173 1198 1230 1246 et
1278 1206 1398 1246 eam
1472 1208 1593 1263 quae
1646 1210 1745 1266 pa-

149 1286 278 1327 rere
311 1289 419 1327 non
449 1275 611 1340 valet,
637 1276 847 1347 pascit;
910 1279 1038 1347 quia
1091 1280 1142 1334 ei
1194 1297 1352 1336 usum
1405 1283 1491 1338 sui
1544 1283 1744 1342 laboris

148 1361 437 1431 impendit,
467 1379 589 1434 qua:
617 1367 892 1436 spiritales
916 1366 1126 1424 fructus
1154 1384 1496 1441 nequaquam
1542 1372 1738 1429 reddit.

149 1449 296 1507 Bene
322 1463 499 1506 autem
521 1454 691 1508 vidule
717 1472 821 1509 non
844 1456 972 1525 facit
998 1498 1014 1523 ,
1053 1458 1182 1528 quia
1236 1459 1491 1516 videlicet
1542 1472 1744 1520 sancta

147 1542 448 1597 universali
479 1544 752 1611 Ecclesize,
781 1545 937 1615 cujus
962 1548 1045 1602 vir
1074 1548 1304 1605 adversa
1344 1552 1536 1607 mortis
1558 1563 1744 1623 pertu-

149 1634 238 1700 lit,
265 1636 451 1692 vivere
478 1654 542 1693 ac
568 1639 846 1695 deservire
891 1643 1218 1697 contemnit.
1251 1643 1439 1699 Vidua:
1467 1646 1612 1700 enim
1650 1648 1744 1703 bc-

148 1727 409 1784 nefacere
430 1742 532 1795 est,
562 1731 613 1785 in
640 1730 754 1799 ejus
786 1749 907 1803 qua:
953 1742 1129 1789 morte
1177 1735 1279 1789 viri
1320 1736 1401 1789 sui
1467 1738 1741 1806 atteritur,
1772 1732 1818 1791 Β

150 1818 528 1874 consolatione
558 1819 828 1876 laborare.
867 1821 1022 1893 Saepe
1081 1832 1260 1877 autem
1291 1826 1615 1893 praedicator
1659 1844 1747 1883 er-

148 1907 299 1961 roris
329 1905 494 1977 hujus
547 1909 734 1966 mundi
806 1911 1067 1967 divitibus
1106 1912 1374 1983 jungitur.
1417 1914 1572 1971 Unde
1613 1916 1744 1972 sub-

150 1999 301 2053 ditur
334 2015 348 2051 :
1115 2002 1122 2009 ’

223 2086 393 2143 Vens.
422 2088 514 2143 22.
548 2089 789 2146 Detraxit
827 2091 988 2151 fortes
1014 2093 1071 2148 in
1100 2093 1413 2163 fortitudine
1435 2112 1556 2149 sua.
1585 2126 1657 2135 —
1683 2095 1744 2151 ln

149 2177 475 2234 fortitudine
503 2180 703 2251 quippe
726 2196 837 2235 sua:
863 2184 1151 2253 pravitatis
1181 2182 1351 2239 fortes
1376 2200 1623 2254 quosque
1648 2185 1745 2240 de-

127 2271 348 2335 ‘trahit,
383 2286 507 2326 cum
537 2287 636 2341 per
659 2274 743 2327 sui
798 2276 1004 2330 erroris
1066 2276 1323 2331 astutiam
1354 2277 1540 2331 mundi
1566 2275 1745 2345 hujus.

151 2368 404 2431 potentes
455 2363 637 2432 rapit.
687 2378 823 2433 quos
866 2374 1058 2419 contra
1104 2380 1203 2436 per
1230 2364 1457 2420 Paulum
1504 2367 1743 2423 dicitur:

158 2470 178 2502 ι
210 2451 433 2508 lniirma
483 2454 669 2509 mundi
709 2455 871 2526 elegit
913 2456 1089 2523 Deus,
1134 2466 1196 2512 ut
1241 2456 1540 2513 confundat
1586 2457 1750 2514 fortia

156 2543 209 2612 (1
239 2544 365 2600 Cor.
394 2563 437 2611 ι,
476 2547 593 2619 27).
626 2566 646 2599 ι
694 2547 981 2604 Fortitudo
1008 2560 1190 2606 autem
1218 2553 1461 2622 perversi
1486 2553 1754 2622 praedica-

155 2636 290 2692 toris
317 2650 425 2701 est,
453 2638 597 2693 elata
639 2641 865 2696 scientia
905 2642 1193 2698 locutionis
1213 2684 1228 2709 ,
1258 2659 1362 2715 qua
1391 2644 1608 2701 inflatus
1648 2661 1751 2701 cte-

156 2734 305 2781 teros
335 2727 602 2798 deSpicit,
637 2738 800 2799 atque
847 2731 901 2785 in
951 2741 1266 2802 contemptu
1308 2735 1550 2789 omnium
1594 2736 1751 2805 quasi

155 2817 506 2889 singulariter
541 2822 685 2892 apud
730 2838 788 2879 se
827 2824 1035 2893 peritus
1078 2824 1410 2881 intumescit.
1446 2826 1749 2898 Sequitur:

157 2904 371 2961 Etcum
400 2911 609 2963 steterit
634 2927 738 2965 non
777 2912 943 2966 credit
981 2913 1099 2967 vitm
1120 2930 1252 2967 sure.
1281 2943 1353 2955 —
1392 2912 1514 2970 Stat
1554 2916 1608 2969 in
1651 2916 1754 2972 hoc

158 3001 359 3079 mundo
388 3004 680 3071 pervorsus
708 3003 938 3075 quisque
966 3005 1308 3076 priedicator,
1342 3021 1620 3077 quousque
1646 3016 1757 3063 ter-

160 3105 292 3145 reno
322 3093 454 3147 vivit
478 3094 534 3147 in
571 3109 819 3165 corpore,
857 3095 951 3149 scd
1002 3096 1125 3150 vitae
1154 3111 1265 3150 suae
1295 3097 1517 3150 credere
1539 3097 1749 3163 renuit,
1781 3082 1823 3142 C

161 3181 284 3250 quia
309 3183 374 3237 de
401 3185 510 3238 Deo
555 3198 684 3238 vera
719 3200 1054 3255 cognoscere
1098 3185 1419 3240 contemnit.
1454 3186 1587 3241 Vitae
1609 3187 1751 3240 enim

160 3287 272 3327 sua:
299 3275 579 3348 crederet,
617 3276 664 3329 si
713 3276 1020 3331 Conditoris
1067 3277 1150 3331 sui
1197 3276 1555 3331 substantiam
1607 3285 1755 3332 recte

160 3365 409 3417 sentiret.
468 3363 607 3418 Nam
658 3380 943 3434 perversus
992 3368 1219 3436 quisque
1250 3368 1416 3422 etiam
1454 3368 1499 3422 si
1546 3377 1754 3422 rectam

160 3450 324 3507 ﬁdem
352 3455 405 3507 in
429 3455 550 3508 sinu
583 3455 839 3510 Ecclesia:
864 3465 1051 3511 tenere
1078 3456 1346 3521 videatur,
1378 3465 1510 3521 stat,
1543 3465 1598 3511 et
1635 3457 1757 3512 vitae

162 3559 276 3601 sua
306 3561 413 3600 non
460 3547 666 3613 credit,
714 3548 840 3617 quia
882 3557 1029 3602 recta
1080 3548 1297 3618 quidem
1336 3558 1463 3603 sunt
1501 3563 1620 3618 quae
1658 3563 1757 3617 per

162 3634 327 3690 ﬁdem
364 3637 428 3691 de
455 3636 746 3691 Conditore
774 3637 1047 3708 intelligit,
1100 3638 1195 3692 sed
1228 3647 1405 3692 tamen
1436 3638 1559 3693 lidei
1590 3653 1757 3707 opera

108 3740 111 3743 '
158 3726 483 3791 contemnit,
517 3735 570 3780 et
614 3725 1014 3781 incredulitatis
1044 3726 1407 3797 redarguitur,
1441 3727 1565 3795 quia
1594 3728 1662 3780 ab
1691 3741 1755 3781 eo

161 3816 311 3888 quod
356 3832 416 3871 se
454 3815 694 3872 ostendit
733 3817 958 3871 credere
988 3816 1216 3871 vivendo
1248 3817 1584 3887 reprobatur.
1618 3814 1758 3870 Hinc

160 3909 311 3963 enim
358 3923 455 3978 per
499 3907 763 3963 Joannem
807 3909 1049 3963 dicitur:
1097 3926 1116 3959 ι
1153 3909 1255 3975 Qui
1299 3909 1435 3963 dicit
1487 3924 1546 3964 se
1592 3924 1757 3964 nosse

159 3999 357 4066 Deum,
399 4009 457 4056 et
492 4002 747 4057 mandata
789 4001 907 4074 ejus
956 4018 1064 4056 non
1103 4002 1365 4069 custodit,
1396 4002 1626 4057 mendax
1671 4010 1756 4057 est

161 4090 217 4163 (Ι
248 4091 412 4145 Joan.
441 4108 504 4158 ιι,
531 4093 608 4161 4).
648 4112 667 4146 ι
701 4092 961 4163 Sequitur
989 4111 1003 4148 :

233 4182 402 4239 Vsus.
434 4183 526 4239 25.
566 4183 722 4239 Dedit
754 4186 800 4238 ei
834 4184 974 4239 Deus
1014 4183 1188 4238 locum
1210 4184 1544 4255 ptenitentice,
1587 4193 1637 4239 et
1665 4185 1754 4240 ille

159 4277 402 4333 abutitur
432 4297 492 4335 eo
539 4282 594 4335 in
633 4281 953 4350 superbiam.
996 4311 1066 4321 -—
1103 4280 1360 4350 Quisquis
1394 4280 1658 4349 delinquit
1699 4288 1756 4335 et

158 4369 317 4434 vivit,
367 4371 576 4425 idcirco
609 4372 755 4426 hunc
782 4371 965 4425 divina
1004 4371 1340 4440 dispensatio
1371 4371 1425 4424 in
1468 4370 1755 4438 iniquitate

134 4420 377 4528 itolerat,
406 4470 467 4516 ut
495 4461 563 4515 ab
606 4462 891 4532 iniquitate
922 4420 1251 4531 compescat.
1304 4459 1411 4515 Sed
1439 4460 1530 4529 qui
1549 4420 1752 4513 diutius

140 4535 447 4617 toleratur,
480 4566 580 4606 nec
606 4562 782 4605 tamen
808 4552 874 4605 ab
908 4550 1195 4619 iniquitate
1226 4549 1609 4620 entnpescitur,
1637 4564 1755 4602 mu-

160 4657 264 4697 nus
312 4643 515 4714 quippe
563 4657 812 4711 supernae
838 4642 1115 4713 patientiae
1144 4641 1378 4712 percipit
1402 4682 1418 4707 ,
1447 4642 1540 4696 sed
1571 4650 1756 4697 reatus

160 4733 244 4788 sui
269 4733 544 4796 vinculis,
578 4747 646 4785 ex
689 4731 807 4802 ipso
856 4748 915 4787 se
962 4746 1187 4786 munere
1227 4731 1433 4786 arctius
1478 4732 1757 4803 astringit.

160 4825 297 4881 Hinc
325 4841 426 4897 per
452 4825 680 4878 Paulum
707 4823 944 4879 dicitur:
982 4842 1001 4876 ς
1035 4824 1118 4879 An
1151 4825 1369 4896 ignoras
1390 4824 1515 4895 quia
1547 4826 1757 4895 patien-

160 4919 236 4974 tia
269 4919 364 4975 Dei
389 4919 460 4973 ad
481 4916 856 4987 paenitentiam
887 4925 939 4971 te
965 4917 1224 4971 adducit?
1253 4916 1331 4971 'l‘u
1363 4928 1541 4971 autem
1565 4932 1760 4973 secun-

160 5009 287 5063 dum
316 5008 578 5064 duritiam
612 5015 784 5072 tuam,
815 5012 870 5058 et
900 5020 993 5059 cor
1023 5005 1386 5075 impoeuitens,
1423 5005 1758 5060 thesaurizas

159 5101 258 5156 tibi
286 5102 425 5155 iram
470 5100 524 5153 in
557 5099 644 5153 die
668 5097 787 5159 irae,
824 5104 881 5150 et
906 5096 1245 5151 revelationis
1276 5096 1407 5165 justi
1430 5094 1616 5164 judicii
1659 5096 1758 5153 Dei

158 5194 334 5269 (Rom.
354 5210 422 5260 ll,
445 5193 500 5257 4,
517 5192 592 5265 5).
619 5213 637 5245 ι
660 5192 923 5261 Sequitur
949 5208 962 5244 :
994 5191 1147 5246 Oculi
1162 5193 1275 5263 ejus
1292 5193 1346 5245 in
1363 5194 1585 5249 viissunt
1617 5197 1754 5267 ejus.

154 5289 376 5346 -Vias
403 5288 551 5343 enim
577 5302 705 5343 suas
737 5286 980 5340 intuetur
1003 5296 1279 5354 peccator,
1307 5285 1431 5354 quia
1460 5288 1574 5342 sola
1604 5286 1755 5357 cogi-

157 5391 175 5398 -
414 5380 455 5398 1-
507 5393 713 5398 ---.----
746 5375 942 5398 ..Σιειη-
1012 5392 1121 5398 ---μ
1155 5377 1251 5398 ,ξιξ
1299 5376 1360 5398 ,Δ
1414 5392 1519 5398 ---.-
1598 5396 1607 5398 _
1642 5380 1691 5398 1--

746 5380 942 5398 ..Σιζι....
1012 5392 1121 5398 ι---μ
1155 5380 1213 5398 -EI
1239 5380 1251 5398 ξ
1299 5380 1360 5398 -..Ι
1414 5392 1519 5398 --η-
1598 5396 1607 5398 -
1642 5380 1746 5398 1--..

1844 473 2108 543 piscentia
2130 476 2384 531 carnalis.
2428 476 2484 530 In
2518 476 2617 551 viis
2646 492 2777 548 ergo
2804 479 2919 533 suis
2952 480 3170 549 iniquus
3194 484 3428 556 quisque

1845 564 2030 619 oculos
2060 566 2344 634 deprimit,
2385 568 2510 637 quia
2540 567 2668 622 solis
2694 568 2839 625 vitiis
2880 578 2936 624 ut
2965 585 3061 640 per
3083 573 3199 628 hzec
3239 575 3427 632 animo

1845 654 2171 721 satisfaciat,
2194 657 2441 711 intendit.
2468 655 2621 713 Unde
2644 666 2810 728 etpcr
2828 658 3172 717 Salomonem
3193 663 3423 722 dicitur:

1851 763 1871 797 ι
1907 744 2059 801 Oculi
2087 748 2373 803 stultorum
2400 749 2454 804 in
2478 749 2676 806 finibus
2704 759 2866 807 terra?
2890 752 3070 824 (Prov.
3098 770 3231 824 xvu,
3261 756 3376 830 24).
3403 778 3424 812 ι

1846 835 2102 906 Sequitur
2126 854 2141 891 :

1917 927 2080 983 Vens.
2111 928 2203 983 24.
2244 927 2452 986 Elevati
2493 940 2619 986 sunt
2638 933 2717 987 ad
2748 934 3045 1001 modicum,
3087 946 3137 991 et
3175 955 3280 993 non
3308 939 3429 993 sub-

1843 1020 2044 1075 sistent.
2063 1050 2136 1061 —
2154 1020 2464 1091 lniquorum
2492 1024 2660 1094 gloria
2687 1039 2810 1080 cum
2840 1025 3157 1097 plerumque
3181 1028 3235 1082 in
3263 1043 3433 1085 anno-

1844 1124 1965 1164 rum
1992 1110 2392 1168 multitudinem
2420 1115 2684 1179 tenditur,
2712 1115 2781 1170 ab
2803 1115 3140 1172 infirmorum
3164 1117 3431 1175 mentibus

1845 1217 1969 1259 esse
2007 1203 2163 1276 longa
2188 1245 2204 1271 ,
2253 1212 2310 1259 et
2339 1206 2496 1276 quasi
2551 1208 2761 1263 stabilis
2806 1209 3123 1266 aestimatur.
3158 1209 3266 1266 Sed
3305 1225 3431 1266 cum

1845 1295 2164 1364 repentinus
2190 1297 2331 1352 hanc
2375 1299 2499 1355 linis
2526 1299 2824 1370 intercipit,
2855 1302 3073 1356 brevem
3118 1301 3287 1358 fuisse
3316 1302 3434 1358 sine

1844 1383 2009 1439 dubio
2048 1384 2360 1456 redarguit,
2392 1391 2662 1458 quomodo
2690 1388 3063 1446 determinans
3096 1390 3390 1447 innotescit
3411 1432 3426 1456 ,

1842 1477 1972 1548 quia
1992 1478 2136 1548 quod
2162 1480 2441 1547 praeterire
2469 1481 2665 1550 potuit,
2691 1481 2962 1537 modicum
2986 1482 3106 1538 fuit.
3139 1483 3432 1538 Elevantur

1844 1584 1976 1639 ergo
1998 1570 2067 1624 ad
2109 1569 2382 1625 modicum
2435 1581 2489 1626 et
2538 1586 2647 1625 non
2688 1573 3015 1638 subsistunt,
3048 1571 3177 1642 quia
3217 1588 3285 1628 eo
3312 1573 3434 1642 ipso

1845 1660 1989 1730 quod
2031 1659 2203 1715 videri
2232 1659 2325 1714 alti
2356 1667 2638 1730 appetunt.
2667 1678 2699 1716 a
2736 1676 2862 1716 vera
2890 1661 2985 1717 Dei
3012 1663 3251 1718 essentia
3277 1662 3436 1735 longe

1846 1764 1943 1820 per
1962 1750 2247 1805 elationem
2266 1750 2419 1805 fiunt.
2445 1749 2750 1807 Subsistere
2771 1754 2968 1807 etenim
2992 1760 3285 1822 nequeunt,
3305 1753 3433 1824 quia

1849 1842 1918 1897 ab
1965 1849 2182 1896 aeternae
2226 1841 2475 1896 essentia:
2537 1841 2810 1897 soliditate
2864 1842 3217 1907 dividuntur,
3273 1850 3437 1911 atque

1848 1931 1990 1986 hanc
2039 1931 2270 2001 primam
2320 1931 2530 1985 ruinam
2555 1930 2816 1997 tolerant,
2859 1934 2986 2002 quia
3020 1948 3144 2002 pero
3167 1932 3433 2001 privatam

1848 2020 2074 2090 gloriam
2106 2021 2159 2075 in
2203 2022 2508 2091 semetipsis
2535 2023 2758 2081 cadunt.
2790 2022 2927 2078 Hinc
2967 2024 3112 2078 enim
3163 2038 3261 2093 per
3286 2022 3440 2078 Psal-

1848 2111 2067 2164 mistam
2116 2111 2318 2166 dicitur
2350 2128 2363 2165 :
2424 2130 2442 2163 ‹
2481 2111 2736 2180 Dejecisti
2775 2129 2871 2170 eos
2915 2114 3043 2169 dum
3076 2114 3441 2170 allevarentur

1850 2199 2024 2273 (Psal.
2084 2217 2234 2267 Lxxt,
2270 2203 2379 2272 18).
2420 2223 2439 2256 ›
2475 2202 2573 2258 Vir
2606 2205 2789 2275 itaque
2832 2213 3054 2262 sanctus
3082 2222 3206 2261 cum
3247 2221 3441 2276 pravo-

1850 2309 1968 2347 rum
1992 2293 2218 2364 gloriam
2250 2294 2627 2364 defeclumque
2649 2296 2968 2361 discuteret,
2998 2296 3064 2351 ad
3091 2308 3286 2352 cuncta
3316 2311 3441 2366 pro-

1849 2384 1995 2438 tinus
2027 2385 2221 2439 mentis
2248 2384 2465 2438 oculum
2497 2383 2964 2440 tetenditdicens:
2996 2383 3439 2442 Humiliabuntur

1849 2476 1985 2530 sicut
2013 2476 2187 2530 omnia
2221 2485 2269 2530 et
2319 2475 2648 2545 auferantur.
2676 2506 2750 2518 —-
2793 2476 3008 2543 Omnia,
3053 2479 3298 2553 profecto
3331 2488 3443 2535 ter-

1850 2583 2003 2633 rena,
2036 2582 2098 2622 ac
2126 2569 2171 2622 si
2203 2577 2387 2639 aperte
2417 2568 2592 2623 dicat:
2628 2568 2788 2625 Stare
2809 2570 2917 2624 ullo
2947 2572 3109 2627 modo
3142 2580 3439 2642 nequeunt,

1850 2659 1979 2727 quia
1999 2658 2125 2728 lipsa
2151 2673 2364 2729 quoque
2393 2658 2602 2731 fugiunt
2629 2662 2826 2730 quibus
2854 2662 3182 2729 innituntur.
3204 2665 3441 2735 dumque

1853 2750 2168 2821 temporalia
2216 2751 2467 2822 diligunt,
2524 2769 2644 2809 cum
2677 2754 2762 2809 his
2793 2770 2859 2810 ex
2894 2758 3153 2826 temporis
3196 2757 3444 2815 volubili-

1856 2850 1965 2896 tate
1993 2853 2339 2912 percurrunt.
2384 2842 2491 2898 Sed
2525 2846 2692 2914 quaeri
2722 2855 2937 2915 potest,
2982 2863 3103 2903 cum
3151 2864 3250 2919 per
3288 2848 3445 2906 Salo-

1855 2946 2069 2986 monem
2122 2932 2361 2986 dicitur:
2401 2953 2419 2984 ί
2448 2931 2739 2990 Generatio
2765 2937 3035 3006 praeterit,
3068 2945 3125 2992 et
3166 2938 3444 3008 generatio

1857 3023 2096 3087 advenit,
2139 3032 2281 3078 terra
2313 3038 2442 3079 vero
2467 3025 2521 3081 in
2550 3033 2817 3080 :eternum
2851 3035 2961 3082 stat
2992 3027 3188 3099 (Eccle.
3222 3045 3273 3095 ι,
3297 3029 3374 3101 4),
3414 3047 3438 3084 ι

1855 3130 1954 3170 cur
1982 3115 2178 3171 beatus
2211 3114 2312 3171 Job
2340 3117 2521 3171 omnia
2566 3117 2840 3172 humiliari
2868 3128 3100 3186 asserat,
3132 3129 3187 3176 et
3214 3120 3438 3178 auferri.

1856 3205 2010 3274 Quod
2039 3215 2219 3262 tamen
2248 3206 2407 3263 facile
2456 3207 2805 3272 discutimus,
2840 3209 2884 3263 si
2918 3218 3121 3265 terram
3150 3221 3205 3266 et
3242 3212 3442 3267 caelum

1855 3296 1941 3351 vel
1971 3297 2203 3366 qualiter
2234 3307 2542 3364 transeant,
2589 3298 2675 3353 vel
2702 3299 2938 3367 qualiter
2966 3310 3222 3358 maneant
3245 3304 3442 3359 distin-

1854 3401 2101 3456 guatnus.
2140 3387 2383 3456 Utraque
2409 3404 2641 3461 namque
2671 3391 2784 3446 haec
2809 3407 2908 3461 per
2948 3406 3067 3446 eam
3096 3407 3259 3463 quam
3300 3410 3442 3450 nunc

1853 3477 2057 3532 habent
2087 3479 2378 3548 imaginem
2428 3489 2740 3547 transeunt,
2774 3484 2869 3538 sed
2904 3492 3081 3538 tamen
3126 3500 3224 3553 per
3262 3500 3445 3541 essen-

1857 3568 1986 3621 tiam
2022 3569 2142 3624 sine
2168 3570 2275 3625 ﬁne
2309 3571 2631 3626 subsistunt.
2659 3571 2796 3628 Hinc
2826 3588 3061 3643 namque
3088 3590 3187 3645 per
3214 3574 3439 3629 Paulum

1855 3658 2092 3714 dicitur:
2138 3680 2155 3710 ι
2187 3661 2435 3717 Praeterit
2474 3664 2619 3717 enim
2653 3663 2824 3734 figura
2867 3665 3052 3719 mundi
3091 3665 3208 3734 ejus
3235 3665 3285 3733 (1
3314 3664 3442 3720 Cor.

1854 3765 1951 3810 vlt.
1982 3751 2095 3819 5|).
2127 3769 2146 3803 ι
2188 3750 2448 3821 Sequitur
2478 3768 2492 3805 :
2526 3750 2594 3805 Et
2634 3754 2770 3807 sicut
2808 3756 3138 3810 summitates
3175 3757 3443 3826 spicarum

1854 3849 2211 3895 conterentur.
2235 3870 2306 3880 —-
2336 3842 2620 3911 Spicarum
2648 3843 2847 3913 quippe
2887 3845 3230 3900 summitates
3259 3844 3444 3900 arista

1854 3938 2001 3986 sunt.
2050 3930 2247 3986 Arista:
2287 3941 2469 3985 autem
2519 3933 2824 4003 conjuncta:
2873 3934 2925 3988 in
2960 3934 3108 4004 Spica
3154 3934 3440 4005 prodeunt,

1853 4021 1953 4076 sed
1973 4022 2265 4075 crescendo
2287 4021 2559 4090 paulisper
2575 4037 2605 4075 a
2629 4038 2688 4076 se
2709 4023 2931 4077 hirsutae
2948 4031 3004 4076 et
3030 4023 3213 4094 rigida:
3253 4022 3445 4078 distin-

1854 4121 2110 4184 gnuntur.
2140 4110 2277 4177 Quid
2300 4127 2429 4179 ergo
2454 4128 2651 4182 pravos
2671 4111 2830 4181 hujus
2859 4112 3041 4167 mundi
3070 4114 3263 4168 divites
3290 4113 3442 4168 dixe-

1853 4203 1979 4266 rim,
2019 4202 2122 4256 nisi
2167 4202 2363 4255 aristas
2383 4202 2645 4270 quasdam
2669 4203 2890 4256 humani
2917 4203 3169 4272 generis?
3192 4202 3445 4270 Quidum

1852 4306 2041 4353 contra
2070 4311 2129 4350 se
2154 4284 2490 4365 superbiuut,
2516 4296 2609 4350 sed
2638 4297 2909 4355 honorum
2926 4297 3092 4350 vitam
3114 4298 3451 4352 unanimiter

1785 4424 1831 4481 Β
1857 4388 2120 4458 afﬂigunt,
2146 4388 2432 4441 adversum
2459 4402 2518 4441 se
2541 4372 2759 4456 quidem
2786 4388 2940 4442 divisi
2971 4396 3119 4451 sunt,
3143 4388 3236 4442 sed
3264 4395 3445 4443 tamen

1860 4477 2203 4533 concorditer
2245 4492 2412 4548 grana
2459 4476 2710 4530 deorsum
2756 4484 3030 4546 premunt.
3080 4477 3185 4531 Sed
3233 4477 3446 4532 triturae

1861 4580 2074 4638 tempus
2119 4568 2408 4633 adveniet,
2458 4567 2600 4636 quod
2654 4576 2711 4623 et
2763 4568 3056 4622 ariStarum
3114 4568 3444 4638 rigiditatem

1860 4660 2093 4730 frangat,
2116 4668 2171 4715 et
2207 4658 2375 4714 solida
2405 4646 2577 4731 grana
2608 4675 2714 4725 non
2741 4666 3006 4713 conterat.
3048 4658 3293 4727 Cumque
3330 4659 3441 4710 ari-

1860 4760 1958 4805 sta:
1990 4748 2344 4822 franguntur,
2389 4746 2592 4803 candor
2638 4738 2930 4819 granorum
2952 4749 3286 4810 ostenditur,
3316 4745 3443 4814 quia

1861 4838 2065 4907 iniquis
2101 4840 2154 4893 in
2194 4836 2453 4906 supplicia
2494 4846 2699 4891 {eterna
2747 4837 3097 4898 cadentibus,
3131 4843 3442 4888 sanctorum

1854 4930 2070 5003 justitia
2116 4938 2317 5001 quanta
2359 4927 2589 4983 veritate
2636 4926 2843 4983 clareat
2870 4926 3292 4983 demonstratur.
3345 4921 3447 4977 Se-

1860 5021 2094 5093 quhur:

1934 5111 2097 5167 Vsus.
2151 5108 2241 5167 25.
2305 5107 2461 5176 Quod
2505 5111 2553 5164 si
2603 5127 2707 5166 non
2732 5108 2925 5172 estita,
2980 5105 3098 5178 quis
3153 5118 3235 5156 me
3281 5109 3445 5170 potest

1860 5216 2083 5270 arguere
2104 5220 2212 5257 esse
2240 5200 2511 5255 mentitum
2529 5201 2556 5255 ?
2576 5229 2646 5242 -
2674 5199 2784 5255 Cur
2811 5210 2941 5266 ergo
2971 5194 3170 5249 dicitur
3198 5206 3212 5244 :
3246 5189 3304 5246 Si
3343 5204 3450 5244 non

1858 5302 1934 5349 est
1960 5294 2059 5357 ita,
2088 5295 2360 5350 mentitum
2383 5307 2463 5343 me
2487 5308 2705 5364 arguere
2732 5288 2849 5358 quis
2869 5295 3055 5354 potest,
3086 5284 3211 5337 dum
3241 5282 3454 5338 scilicet

2036 5386 2048 5398 ο
2324 5380 2465 5398 11⁵11.
2674 5377 2803 5398 ...ρηΙ

3044 5372 3254 5398 -..ειιι.-.
3287 5373 3408 5398 I2..-l
3423 5368 3453 5398 θ

2831 5391 2889 5398 Α..
2914 5388 3023 5398 ιιι-Α
