3948 5398
512 304 614 363 διι

1483 310 1540 368 S.
1581 310 1830 367 ODONIS
1867 309 2157 363 ABBATIS
2190 309 2685 367 CLUNIACENSIS
2724 313 2765 367 ll

3644 317 3729 373 5Ιὲ

516 424 732 492 quendo
780 421 1037 493 loquitur,
1067 422 1285 492 dignum
1337 441 1442 479 non
1485 437 1567 481 est
1601 437 1659 481 nt
1686 427 1754 481 ab
1783 426 1994 497 injustis
2043 434 2097 479 et
2123 426 2172 486 Α
2201 426 2547 481 saecularibus
2588 426 2667 497 (Il
2704 425 2840 479 Tim.
2880 440 2942 489 ll,
2972 423 3049 495 4).
3090 441 3108 475 ι
3152 423 3252 490 Qui
3279 423 3404 478 licet
3447 440 3579 480 nunc
3603 430 3730 496 pauci

518 527 686 585 prave
714 515 1019 569 viventibus
1067 515 1364 585 judicetur,
1411 533 1475 573 ac
1524 519 1570 572 si
1620 534 1751 589 ergo
1794 518 1939 573 dicat
1970 534 1987 571 :
2018 517 2097 571 lta

520 612 715 659 cuncta
748 612 806 659 ut
851 605 1070 675 protuli,
1108 620 1229 677 quae
1272 615 1448 662 tamen
1507 609 1551 663 si
1585 610 1656 663 ita
1700 624 1803 663 non
1835 616 2039 669 essent,
2069 622 2098 660 a

518 693 675 749 vobis
723 695 977 765 redargui
1009 711 1114 751 non
1166 712 1401 767 possem,
1445 700 1570 768 quia
1611 698 1738 752 dum
1777 699 1952 752 adlmc
1979 712 2101 767 pro-

519 784 653 855 pria:
709 786 1080 851 succumbitis,
1122 787 1352 841 alienam
1395 789 1790 857 reprehendere
1838 787 2102 841 fallaciam

524 891 629 930 non
659 876 868 932 valetis.
924 876 1182 947 Sequitur
1215 897 1229 933 :
1263 878 1330 932 Et
1360 896 1550 949 ponere
1594 890 1713 933 ante
1754 879 1915 933 Deum
1950 879 2104 932 verba

527 983 664 1021 mea.
695 998 767 1008 —
793 972 935 1023 Ante
961 970 1128 1023 Deum
1164 970 1362 1040 quippe
1387 972 1552 1025 verba
1583 985 1784 1040 ponere
1804 978 1906 1034 est,
1930 968 2108 1023 consi-

529 1057 722 1113 derato
753 1060 944 1114 intimo
985 1059 1192 1128 judice,
1231 1062 1504 1116 exteriora
1537 1062 1677 1116 dicta
1728 1077 1978 1132 pensare.
2013 1061 2111 1115 Vir

528 1149 693 1219 igitur
733 1159 954 1206 sanctus
986 1151 1053 1205 ab
1097 1152 1287 1206 amicis
1337 1152 1792 1222 superbientibns.
1821 1154 1982 1208 verba
2015 1167 2110 1206 sua

529 1251 656 1296 ante
696 1241 863 1297 Deum
917 1244 1042 1313 poni
1090 1259 1250 1313 posse
1297 1260 1404 1299 non
1435 1245 1691 1299 aestimat.
1720 1244 1799 1299 Ac
1830 1245 1876 1299 si
1927 1252 2114 1313 aperte

531 1329 711 1385 dicat:
764 1332 968 1387 Idcirco
1006 1349 1125 1403 qua:
1156 1333 1346 1404 loquor
1373 1349 1572 1403 ponere
1604 1334 1982 1405 antejudicem
2008 1350 2113 1390 non

534 1421 889 1492 valetis,quia
914 1423 1030 1492 ejus
1054 1426 1203 1479 vobis
1230 1424 1421 1480 faciem
1449 1434 1736 1495 peccantes
1762 1425 2113 1481 absconditis.

533 1510 687 1578 Quod
736 1521 914 1567 tamen
948 1523 1003 1568 et
1044 1527 1109 1567 ex
1137 1522 1262 1586 typo
1289 1525 1489 1569 sanctte
1527 1514 1785 1569 Ecclesia:
1827 1514 1901 1568 nil
1939 1515 2120 1569 obstat

533 1600 780 1672 intelligi.
805 1601 934 1668 Qua:
964 1618 1088 1659 cum
1117 1604 1184 1658 de
1212 1604 1445 1658 inﬁrmis
1494 1604 1607 1659 suis
1633 1603 1701 1658 ab
1741 1604 2118 1657 haereticorum

537 1691 792 1748 irrisione
858 1694 1297 1765 reprehenditur,
1356 1695 1529 1764 ipsam
1599 1693 1869 1749 irrisionis
1932 1708 2118 1749 eorum

534 1783 789 1839 astutiam
812 1783 1156 1856 dedignatur.
1188 1785 1447 1855 Sequitur
1470 1803 1484 1841 :

1105 1876 1335 1932 CAPUT
1382 1875 1551 1933 XXV.

604 1967 774 2024 Vens.
825 1970 879 2035 l,
927 1970 982 2025 2.
1033 1969 1366 2039 Respondeas
1421 1982 1593 2024 autem
1635 1969 1862 2023 Baldath
1913 1968 2120 2024 Str/tiles

539 2059 677 2114 dixit
704 2076 721 2114 :
750 2058 994 2115 Potestas
1012 2071 1057 2114 et
1076 2062 1403 2132 terror-apud
1431 2079 1546 2115 eum
1576 2073 1755 2126 est,—
1777 2078 1839 2117 ac
1870 2063 1914 2116 si
1940 2074 2123 2132 aperte

540 2153 727 2207 dicat:
761 2154 919 2209 Solus
944 2155 1106 2209 corda
1145 2155 1453 2209 mortalium
1493 2156 1762 2210 veraciter
1803 2164 1992 2219 terret,
2031 2157 2120 2225 qui

542 2244 660 2299 haec
690 2259 756 2299 ex
786 2245 1083 2299 divinitatis
1135 2260 1245 2299 sum
1281 2245 1517 2315 potentia
1549 2245 1816 2300 veraciter
1861 2246 2122 2315 possidet,

540 2335 781 2389 humana
809 2335 953 2389 enim
981 2337 1223 2405 potentia
1265 2351 1423 2405 quem
1453 2345 1716 2390 terrorem
1760 2335 1975 2399 incutit,
2006 2350 2126 2404 qua:

537 2424 666 2495 jure
686 2425 928 2496 ejusdem
953 2425 1203 2495 petentia:
1227 2425 1442 2496 quando
1465 2433 1670 2488 careat,
1704 2425 1913 2479 nescit?
1936 2425 2128 2494 Sequi—

545 2524 678 2569 tur:
711 2515 814 2581 Qui
862 2516 987 2585 facit
1040 2516 1376 2569 concordiam
1422 2518 1476 2568 in
1528 2515 1835 2570 sublimibus
1881 2516 2011 2570 suis.
2058 2545 2128 2554 —

546 2606 727 2662 Bonos
748 2607 948 2676 quippe
969 2606 1313 2675 omnipotens
1335 2607 1477 2660 Deus
1491 2606 1559 2660 ad
1584 2606 1834 2660 meritum
1859 2605 2127 2675 provehit,

546 2714 671 2754 cum
718 2707 911 2753 contra
940 2713 1129 2753 eorum
1176 2698 1340 2759 vitam
1375 2696 1546 2751 malos
1598 2697 1789 2751 saevire
1842 2696 2127 2765 permittit,

547 2798 714 2860 atque
757 2790 810 2844 in
835 2790 1122 2845 concordia
1153 2797 1552 2858 componuntur
1573 2803 1807 2853 summa,
1839 2787 1965 2842 dum
1997 2803 2132 2843 con-

550 2881 852 2936 funduntur
899 2882 1110 2946 intima,
1164 2881 1292 2951 quia
1322 2880 1446 2936 inde
1477 2880 1530 2934 in
1569 2880 1902 2945 caelestibus,
1930 2879 2133 2935 electos

551 2990 679 3031 suos
727 2975 1039 3046 angelorum
1088 2974 1270 3030 choris
1308 2975 1501 3039 sociat,
1534 2973 1679 3028 unde
1727 2972 1779 3026 in
1821 2971 2055 3027 terrenis
2078 2979 2134 3027 et

552 3065 753 3121 intimis
780 3066 1134 3135 reproborum
1180 3080 1360 3119 mores
1387 3064 1499 3118 suis
1536 3063 1754 3117 nutibus
1778 3061 2132 3116 adversantes

547 3167 755 3229 portat.
787 3126 892 3213 seu
936 3158 1078 3213 inter
1109 3158 1222 3212 haec
1248 3156 1379 3211 libet
1406 3155 1704 3224 inquirere,
1750 3155 1795 3209 si
1832 3170 1934 3224 pax
1959 3154 2014 3208 in
2044 3170 2133 3210 su-
2161 3126 2205 3187 Ο

547 3249 807 3305 blimibus
834 3266 1048 3305 summa
1080 3252 1367 3311 retinetur,
1396 3248 1525 3317 quid
1571 3255 1653 3301 est
1680 3246 1824 3316 quod
1853 3262 1951 3316 per
1976 3262 2137 3316 ange-
2161 3242 2175 3260 ⁸

550 3341 662 3395 lum
718 3342 928 3395 Danieli
968 3341 1205 3396 dicitur:
1246 3359 1263 3391 ι
1312 3340 1423 3409 Ego
1449 3340 1573 3394 veni
1606 3346 1826 3409 propter
1852 3352 2139 3394 sermones

562 3440 704 3486 tuos.
741 3432 1002 3502 Princeps
1051 3442 1232 3514 autem
1267 3432 1418 3503 regni
1457 3431 1748 3485 Persarum
1781 3429 1984 3484 restitit
2011 3429 2140 3483 mihi

553 3522 744 3593 viginti
772 3531 833 3577 et
851 3538 956 3576 uno
972 3523 1197 3578 diebus?
1220 3522 1383 3594 (Dan.
1404 3538 1435 3575 χ
1447 3562 1461 3585 ,
1484 3520 1694 3591 12-13.)
1706 3519 1840 3575 rSed
1854 3521 1976 3590 quia
1995 3529 2143 3575 certa

562 3620 878 3689 angelOrum
922 3618 1223 3673 ministeria
1253 3616 1631 3688 dispensandis
1663 3615 1888 3687 singulis
1917 3614 2143 3686 quibus-

490 3726 495 3729 ‘
559 3728 665 3783 que
693 3712 946 3784 gentibus
977 3720 1104 3767 sunt
1144 3711 1388 3780 praalata,
1415 3724 1537 3763 eum
1570 3708 1935 3776 subjectorum
1969 3721 2146 3761 mores

563 3804 851 3859 adversum
885 3819 943 3858 se
964 3803 1204 3857 vicissim
1229 3801 1643 3872 praepositorum
1671 3798 1957 3868 spirituum
1989 3810 2146 3867 opem

562 3907 863 3963 merentur,
893 3897 996 3968 ipsi
1019 3886 1108 3967 qui
1140 3905 1378 3966 prmsunt
1422 3894 1644 3964 spiritus
1663 3902 1854 3948 contra
1880 3907 1938 3947 se
1965 3890 2149 3945 venire

563 3986 897 4042 referuntur.
944 3986 1189 4055 Cumque
1219 3984 1642 4054 uniuscujusque
1678 3982 1854 4053 gentis
1883 3981 1965 4037 vel
1993 3981 2148 4049 culpa

574 4082 655 4136 vel
689 4081 895 4151 justitia
954 4079 1019 4134 ad
1076 4092 1323 4149 supernae
1374 4077 1538 4132 curiae
1583 4075 1867 4131 consilium
1913 4072 2147 4137 ducitur,

570 4170 814 4240 ejusdem
861 4171 1038 4241 gentis
1073 4168 1383 4238 propositus
1435 4166 1518 4222 vel
1550 4164 1849 4222 obtinuisse
1899 4164 1950 4217 in
1978 4170 2151 4217 certa-

569 4264 739 4328 mine,
765 4263 846 4317 vel
868 4279 972 4318 non
1003 4263 1304 4317 obtinuisse
1348 4261 1683 4331 perhibetur.
1735 4258 1994 4328 Sequitur
2024 4271 2039 4309 :

651 4355 810 4411 Vens.
845 4357 899 4410 '5.
938 4355 1196 4426 Nunquid
1237 4364 1313 4409 est
1357 4370 1605 4407 numerus
1643 4350 1862 4405 militum
1911 4350 2045 4418 eius.
2082 4379 2152 4389 —

573 4447 634 4503 In
676 4446 982 4518 cognitione
1012 4447 1262 4500 humanae
1311 4444 1534 4498 rationis
1581 4455 1933 4511 supernorum
1989 4439 2151 4509 spiri-

579 4551 730 4594 tuum
756 4553 1014 4594 numerns
1038 4551 1142 4591 non
1173 4543 1276 4601 est,
1304 4533 1429 4603 quia
1460 4539 1657 4601 quanta
1686 4531 1757 4584 sit
1786 4529 1872 4583 illa
1903 4528 2156 4599 frequen-

570 4630 649 4683 tia
682 4628 970 4684 invisibilis
989 4626 1283 4688 exercitus,
1316 4623 1489 4678 nescit
1525 4622 1592 4675 de
1615 4635 1723 4691 quo
1763 4634 1858 4690 per
1878 4618 2156 4673 Danielem

577 4719 818 4775 dicitur:
861 4737 879 4770 ι
920 4718 1080 4774 Millia
1126 4716 1351 4772 millium
1383 4713 1767 4768 ministrabant
1792 4710 1861 4776 ei,
1905 4719 1958 4765 et
1978 4710 2159 4764 decies

576 4809 777 4865 millies
802 4819 1032 4864 centena
1065 4807 1230 4862 millia
1257 4805 1586 4861 assistebant
1613 4803 1661 4858 ei
1681 4801 1961 4874 (Dan.vn,
1991 4800 2098 4871 10).
2131 4818 2151 4852 ι

574 4900 945 4972 Supernorum
996 4900 1191 4955 civium
1246 4912 1501 4952 numerus
1530 4895 1770 4950 inﬁnitus
1801 4901 1855 4947 et
1904 4891 2159 4947 deﬁnitus

569 4993 922 5058 exprimitur,
953 5001 1014 5045 ut
1052 4991 1145 5062 qui
1178 4991 1288 5045 Deo
1316 4996 1400 5044 est
1447 4986 1818 5046 numerabilis,
1848 4998 1969 5047 esse
2005 4981 2160 5036 nobis

577 5082 986 5104 :-..--..--..-l-.‘l3..
1012 5082 1407 5104 .I-..-..............
1460 5075 1734 5104 Αηηηιζηιυ.
1764 5074 1984 5104 εηῖηἷιηο
2014 5082 2160 5104 mur-In

2201 526 2515 584 appareant,
2545 515 2599 569 in
2628 514 2880 569 invisibili
2921 523 3097 568 tamen
3140 513 3313 583 patria
3341 513 3734 582 [innumerabiles

2203 616 2451 676 regnant.
2480 606 2737 676 Sequitur
2766 625 2779 660 :
2811 604 2878 660 Et
2906 622 3061 675 super
3079 621 3229 675 quem
3277 621 3378 659 non
3408 616 3574 675 surget
3595 607 3736 663 lum

2204 697 2389 752 illius?
2428 697 2632 752 Lumen
2661 698 2860 768 quippe
2924 697 3017 751 Dei
3067 704 3148 751 est
3202 696 3372 766 gratia
3424 699 3734 765 prazveniens,

2206 801 2324 855 quze
2358 787 2462 840 nisi
2492 788 2543 840 in
2567 795 2756 854 nostro
2789 786 2953 840 corde
2984 784 3222 854 gratuito
3252 794 3516 855 surgeret.
3537 785 3738 853 profecto

2208 892 2362 934 mens
2387 886 2570 932 nostra
2604 877 2655 931 in
2686 884 3029 946 peccatorum
3053 890 3275 930 suorum
3301 876 3536 930 tenebris
3552 877 3740 932 obscura

2210 979 2535 1025 remaneret.
2563 969 2822 1038 Sequitur
2848 983 2864 1022 :

2282 1066 2449 1121 Vens.
2496 1065 2551 1118 4.
2603 1063 2858 1134 Nunquid
2877 1062 3166 1133 justi/icari
3188 1072 3353 1132 potest
3384 1061 3538 1115 homo
3574 1078 3745 1132 compa-

2213 1165 2358 1210 ratus
2376 1156 2483 1209 Deo
2499 1156 2526 1209 ?
2546 1154 2820 1211 ——-Versus
2835 1157 2934 1211 iste
2955 1157 3201 1225 superius
3216 1171 3243 1210 a
3268 1157 3426 1211 beato
3444 1154 3545 1211 Job
3568 1156 3743 1222 dicitur,

2214 1255 2269 1302 et
2315 1261 2456 1301 nunc
2500 1247 2551 1300 in
2591 1245 2707 1314 ejus
2769 1245 3188 1316 exprobratione
3238 1244 3550 1315 replicatur.
3595 1244 3744 1301 Omnis

2216 1350 2451 1405 namque
2482 1335 2563 1389 vir
2587 1335 2792 1405 justus,
2821 1333 2913 1389 Dei
2959 1334 3321 1390 illustratione
3340 1333 3521 1403 justus
3547 1344 3641 1401 est,
3667 1352 3745 1390 non

2218 1425 2646 1496 comparatione.
2677 1423 2922 1478 Humana
2966 1425 3163 1494 quippe
3188 1422 3401 1493 iustitia
3424 1427 3619 1480 auctori
3640 1441 3749 1480 com~

2218 1527 2406 1587 parata
2435 1516 2697 1585 injustitia
2723 1526 2827 1581 est,
2868 1517 2992 1586 quia
3017 1518 3119 1572 etsi
3151 1518 3204 1571 in
3233 1517 3346 1588 ipsa
3372 1533 3471 1572 sua
3495 1518 3750 1573 conditione

2220 1611 2384 1665 homo
2429 1609 2766 1679 persisteret,
2823 1606 3071 1663 Creatori
3129 1625 3234 1664 non
3286 1619 3474 1679 posset
3531 1610 3751 1680 coaequari

2225 1708 2489 1754 creatura.
2533 1698 2791 1769 Sequitur
2824 1716 2837 1753 :
2870 1698 2971 1753 Aut
3000 1716 3253 1770 apparere
3280 1699 3511 1753 mundus
3556 1710 3686 1754 natus
3708 1700 3751 1753 de

2144 1778 2198 1836 Β
2227 1791 2441 1845 muliere
2460 1791 2554 1844 9-
2567 1790 2643 1845 Ac
2658 1790 2705 1845 si
2721 1798 2905 1861 aperte
2920 1790 3217 1845 diceretur:
3236 1788 3313 1844 Ne
3329 1797 3517 1844 contra
3534 1798 3751 1844 auctorem

2222 1896 2380 1936 suum
2427 1880 2588 1935 homo
2631 1880 2939 1949 superbiat,
2972 1879 3280 1934 consideret
3308 1879 3456 1933 unde
3499 1878 3598 1933 huc
3628 1879 3754 1940 venit,

2220 1983 2274 2028 et
2297 1972 2561 2043 intelligat
2587 1972 2722 2041 quid
2756 1973 2846 2027 sit.
2893 1972 3150 2042 Sequitur
3173 1989 3187 2025 :

2298 2060 2459 2116 Vsus.
2486 2060 2537 2116 5.
2570 2059 2706 2114 Ecce
2731 2060 2856 2115 luna
2884 2078 2985 2115 non
3012 2059 3267 2131 splendet,
3292 2070 3338 2115 et
3366 2060 3535 2116 stella:
3561 2077 3650 2114 non
3668 2068 3755 2114 sunt

2223 2154 2435 2208 munda
2465 2154 2519 2207 in
2549 2142 2827 2221 conspectu
2862 2152 2997 2222 ejus.
3030 2183 3101 2192 —
3142 2151 3280 2220 Quid
3331 2168 3435 2222 per
3481 2152 3645 2206 lunam
3685 2149 3755 2204 nisi

2225 2252 2418 2299 cuncta
2451 2242 2611 2298 simul
2642 2242 2931 2297 Ecclesia?
2962 2241 3091 2311 quid
3122 2256 3219 2313 per
3244 2241 3457 2307 stellas,
3492 2241 3588 2295 nisi
3617 2239 3757 2310 singu-

2225 2335 2401 2389 lorum
2427 2334 2566 2389 bene
2586 2331 2883 2387 viventium
2918 2332 3113 2386 animte
3140 2331 3534 2402 designantur?
3560 2330 3648 2398 Qui
3668 2330 3755 2384 dum

2227 2425 2371 2480 inter
2423 2438 2715 2494 pravorum
2781 2422 3062 2478 hominum
3111 2424 3554 2478 conversationes
3599 2420 3757 2491 magnis

2231 2516 2525 2572 virtutibus
2556 2516 2829 2581 eminent,
2866 2514 3021 2586 quasi
3058 2514 3112 2569 in
3142 2515 3383 2570 tenebris
3414 2515 3582 2571 noctis
3605 2512 3754 2566 lucent.

2233 2609 2385 2666 Unde
2422 2626 2521 2679 per
2548 2608 2773 2663 Paulum
2804 2624 3019 2680 quoque
3054 2603 3332 2678 discipulis
3362 2608 3589 2663 dicitur:
3617 2623 3633 2656 t
3656 2605 3758 2659 [nter

2231 2714 2367 2769 quos
2395 2698 2590 2753 lucetis
2621 2697 2761 2753 sicut
2785 2696 3068 2751 luminaria
3103 2697 3157 2751 in
3187 2693 3565 2765 mundo(Phil.
3585 2690 3753 2760 11,15)»

2234 2789 2370 2856 Quia
2405 2789 2549 2842 enim
2580 2796 2766 2842 sancta
2799 2785 3041 2842 Ecclesia
3079 2785 3221 2840 luna:
3250 2783 3603 2855 appellatione
3628 2778 3759 2848 expri-

2234 2883 2422 2947 mitur,
2450 2880 2717 2950 Propheta
2754 2888 2984 2934 testatur
3012 2879 3197 2934 dicens
3224 2898 3238 2932 :
3273 2896 3291 2929 ι
3325 2877 3574 2933 Elevatns
3597 2883 3666 2931 est
3688 2871 3756 2935 sel,

2235 2982 2291 3027 et
2322 2973 2445 3026 luna
2477 2972 2628 3027 stetit
2654 2971 2709 3025 in
2739 2970 2929 3026 ordine
2962 2985 3080 3026 suo.
3110 2989 3129 3020 ι
3163 2968 3315 3024 Luna
3345 2983 3479 3040 ergo
3507 2984 3602 3022 non
3629 2964 3759 3033 splen-

2239 3069 2365 3130 det,
2417 3075 2471 3122 et
2519 3066 2687 3121 stella:
2718 3081 2821 3120 non
2853 3073 2981 3120 sunt
3010 3063 3224 3118 mundze
3263 3063 3314 3116 in
3353 3069 3630 3131 conspectu
3661 3055 3760 3124 ejus,

2237 3161 2364 3231 quia
2388 3173 2487 3213 nec
2506 3165 2693 3213 sancta
2719 3156 2956 3212 Ecclesia
2986 3155 3184 3211 virtute
3208 3156 3428 3225 propria
3455 3162 3528 3208 tot
3552 3146 3761 3207 miraculis

2237 3250 2467 3313 emicat,
2502 3249 2617 3317 nisi.
2643 3249 2783 3302 hanc
2813 3246 3192 3319 prtevenientis
3217 3246 3410 3316 gratiae
3436 3245 3569 3299 dona
3595 3237 3759 3312 perfun-

2240 3342 2390 3407 dant,
2421 3355 2523 3395 nec
2551 3338 2885 3411 singulorum
2915 3339 3052 3392 bene
3080 3336 3379 3391 viventium
3410 3343 3607 3409 mentes
3631 3346 3654 3382 a
3677 3341 3764 3397 pec-

2241 3441 2487 3487 catorum
2544 3431 2769 3486 maculis
2816 3429 3033 3485 mundae
3078 3436 3236 3491 sunt,
3282 3428 3327 3482 si
3375 3434 3579 3483 remota
3621 3422 3765 3492 pietate
3846 3436 3847 3485 χ

2237 3521 2569 3591 judicentur,
2622 3520 2747 3589 quia
2797 3521 2938 3590 apud
2982 3518 3215 3575 districti
3260 3515 3465 3586 iudicis
3509 3511 3673 3568 oculos
3698 3519 3764 3561 sua
3846 3511 3847 3555 ἔ

2245 3625 2684 3682 unumquemque
2723 3608 3147 3678 eorruptibilitas
3195 3606 3484 3677 inquinat,
3534 3600 3627 3657 nisi
3667 3597 3767 3653 hunc
3846 3664 3847 3685 ἲ

2247 3703 2486 3772 quotidie
2515 3701 2687 3773 gratia
2715 3699 2993 3770 parcentis
3023 3706 3215 3768 tergat.
3252 3695 3548 3766 Sequitur:

2320 3794 2484 3849 Vens.
2516 3792 2568 3847 6.
2608 3791 2827 3858 Quanto.
2848 3788 3015 3859 magis
3046 3787 3199 3841 homo
3226 3785 3472 3858 putredo,
3498 3773 3769 3851 et'ﬁliushO-
3846 3836 3847 3855 χ

2250 3878 2407 3937 minis
2448 3881 2635 3935 vermis
2659 3880 2771 3933 ?—
2808 3880 2887 3932 Ae
2939 3877 2985 3931 si
3037 3885 3222 3951 aperte
3273 3874 3583 3929 diceretur:
3614 3866 3661 3922 Si
3697 3859 3767 3932 ipsi

2249 3986 2464 4043 quoque
2489 3987 2608 4026 esse
2637 3969 2754 4025 sine
2778 3966 3029 4037 contagio
3054 3981 3158 4020 non
3189 3965 3386 4030 valent,
3412 3963 3505 4034 qui
3530 3961 3656 4016 inter
3672 3965 3769 4024 pra-

2252 4063 2420 4119 sentis
2447 4061 2571 4116 vita
2605 4059 2857 4116 tenebras
2886 4056 3177 4112 virtutibus
3206 4055 3391 4111 lucent
3410 4096 3425 4121 ,
3452 4057 3638 4123 quanto
3660 4049 3768 4101 reatu

2253 4156 2479 4230 iniquita
2489 4155 2554 4209 tis
2572 4152 2819 4209 obstricti
2844 4157 2969 4206 sunt
2990 4149 3081 4221 qui
3105 4148 3278 4204 adhuc
3298 4145 3584 4203 carnaliter
3602 4128 3769 4230 vivunt?
3846 4196 3847 4207 χ

2257 4248 2313 4303 Si
2346 4222 2377 4302 5
2404 4254 2627 4318 peccato
2656 4243 2813 4307 liberi
2842 4256 2964 4298 esse
2998 4249 3272 4311 nequeunt
3302 4238 3393 4308 qui
3431 4236 3541 4307 jam
3578 4233 3624 4288 in
3653 4222 3772 4283 celer
3846 4228 3847 4309 ξ

2256 4343 2429 4399 stibus
2458 4337 2741 4395 desideriis
2760 4342 3176 4397 conversantur,
3201 4345 3320 4402 qua:
3343 4336 3660 4402 peccatorum
3678 4329 3771 4387 pan:
3846 4330 3847 4333 ‘

2258 4436 2390 4488 dera
2440 4430 2674 4485 tolerant
2717 4426 2809 4497 qui
2861 4425 3041 4479 carnis
3084 4438 3195 4478 suae
3234 4418 3589 4489 voluptatibus
3622 4402 3767 4465 dediti,
3846 4420 3847 4451 ι

2262 4527 2438 4581 adhuc
2473 4520 2772 4592 pntredini‘s
2802 4517 2994 4588 jugum
3025 4513 3283 4586 portant?
3332 4512 3469 4567 Hinc
3494 4508 3664 4563 Petrus

2267 4637 2285 4670 ι
2319 4616 2374 4672 Si
2419 4584 2600 4686 justus
2642 4612 2731 4666 vix
2779 4584 3094 4672 salvabitur,
3137 4605 3336 4675 impius
3373 4610 3428 4658 et
3465 4584 3767 4686 peccatornbi

2262 4683 2572 4779 parebunt?
2602 4701 2650 4773 (1
2709 4702 2851 4755 Petr.
2902 4715 2980 4764 tv,
3024 4695 3187 4754 18.)»
3227 4694 3395 4750 Recte
3436 4683 3768 4781 quippe‘lioma

2263 4774 2512 4869 putredo,
2537 4794 2681 4851 ﬁlius
2710 4807 2838 4847 vero
2864 4789 3101 4847 hominis
3129 4786 3314 4842 vermis
3342 4790 3576 4840 vocatur.
3612 4774 3765 4869 Primus

2263 4862 2461 4960 quippe
2487 4888 2649 4941 homo
2678 4882 2926 4955 putredo,
2971 4895 3076 4935 non
3115 4877 3338 4943 vermis,
3384 4872 3502 4944 quia
3545 4874 3595 4923 et
3630 4862 3766 4961 si
3846 4888 3847 4961 γ

2262 4948 2489 5036 mortem
2518 4948 2745 5047 putruit,
2775 4988 2879 5028 non
2909 4980 3087 5026 tamen
3118 4986 3185 5026 ex
3214 4966 3493 5041 putredine
3515 4972 3604 5030 per
3624 4948 3764 5043 natirio

2265 5082 2429 5104 Galam
2451 5046 2593 5104 nam“
2649 5065 2749 5104 nni
2775 5074 2952 5104 onlpm
2979 5061 3119 5104 ίῖΙίΙιΩ
3142 5067 3227 5104 ραι
3246 5058 3443 5104 vermis
3468 5049 3656 5104 (“Cillan
3674 5046 3760 5104 qun
