3948 5398
192 345 297 402 313

924 353 1223 411 EPITOME
1260 354 1622 416 MORALIUM
1664 359 1721 414 S.
1763 363 1972 421 GREG.
2013 368 2079 422 ΙΝ
2117 370 2254 427 JOB.
2295 405 2362 414 —
2403 376 2529 432 ΗΒ.
2576 378 2736 437 XVII.

3348 395 3455 452 διδ

194 471 270 521 Ac
299 466 343 520 si
372 478 504 535 ergo
528 473 711 535 aperte
734 470 876 525 dicat
899 484 913 522 :
950 472 1082 525 Dum
1105 487 1226 526 eum
1246 470 1439 541 juvare
1463 480 1652 525 mlcrts
1675 470 1774 525 sub
1801 476 1849 533 Α
1949 477 2109 533 Vens.
2137 479 2191 534 6.
2232 480 2424 538 Nudus
2450 497 2525 539 est
2563 489 2800 557 infernus
2830 508 3005 547 coram
3032 498 3144 562 illo,
3175 508 3223 552 et
3251 502 3454 558 nullum

159 592 166 598 ι
192 561 349 631 cujus
378 562 751 633 magnitudine
780 569 1111 635 succumbis,
1143 585 1303 626 omne
1333 568 1476 641 quod
1508 568 1773 637 impendis

193 653 449 709 solatium
470 695 486 721 ,
531 656 599 711 de
625 659 985 715 ostentatione
1013 671 1132 729 est,
1174 678 1281 717 non
1309 664 1376 718 de
1402 665 1619 734 pietate.
1669 663 1776 720 Sed

191 743 340 802 inter
360 746 479 803 haec
501 749 775 803 sciendum
800 761 902 816 est,
919 752 1044 820 quia
1066 754 1379 823 plerumque
1398 756 1560 811 etiam
1582 757 1772 821 Deum,

191 832 286 902 qui
306 831 565 888 videlicet
592 834 870 890 imbecillis
893 852 1000 891 non
1031 846 1116 892 est
1142 839 1418 894 humiliter
1442 849 1661 910 agentes
1682 841 1779 894 ad-

188 920 467 993 juvamus.
523 921 675 979 Unde
703 933 759 979 et
796 940 892 994 per
915 925 1140 982 Paulum
1169 929 1366 983 dicitur
1390 946 1403 982 :
1439 948 1458 980 ι
1487 928 1777 997 Adjutores

192 1016 340 1071 enim
374 1017 470 1071 Dei
502 1032 689 1072 sumus
716 1016 768 1088 (I
792 1016 916 1073 Cor.
943 1034 1024 1085 ιιι,
1045 1019 1121 1091 9).
1153 1039 1171 1071 ι
1206 1019 1339 1075 Nam
1368 1037 1492 1076 cum
1521 1022 1569 1076 ei
1594 1023 1774 1092 (quem

190 1104 310 1176 ipse
331 1121 434 1175 per
452 1108 718 1163 internam
739 1109 967 1178 gratiam
990 1111 1240 1179 infundit)
1264 1128 1362 1169 nos
1382 1113 1775 1168 exhortationis

188 1215 324 1256 voce
353 1203 755 1268 concurrimus,
786 1204 889 1259 hoc
913 1205 1058 1275 quod
1102 1204 1192 1259 ille
1239 1220 1335 1275 per
1376 1207 1625 1276 spiritum
1666 1207 1778 1277 agit

189 1290 545 1359 intrinsecus,
565 1308 666 1349 nos
686 1294 925 1350 exterius
947 1296 1249 1353 ministerio
1267 1298 1416 1353 vocis
1437 1298 1773 1370 adjuvanius.

188 1378 486 1451 Sequitur:
1726 1391 1738 1403 '

264 1468 429 1526 Vens.
459 1473 515 1528 '5.
557 1473 654 1528 Cui
697 1474 886 1530 dedisti
927 1478 1252 1533 consilium?
1294 1478 1517 1549 forsitan
1563 1480 1642 1533 illi
1685 1481 1776 1551 qui

185 1573 293 1613 non
319 1561 475 1615 habet
502 1564 836 1633 sapientiam.
857 1596 929 1607 —
954 1567 1092 1623 Dare
1117 1569 1283 1625 stulto
1310 1569 1616 1635 consilium,
1648 1570 1776 1626 cha-

184 1652 369 1707 ritatis
396 1662 522 1720 est;
575 1655 704 1710 dare
735 1658 1000 1727 sapienti,
1033 1661 1447 1726 ostentationis;
1487 1662 1616 1716 dare
1646 1675 1775 1716 vero

181 1738 290 1811 ipsi
308 1742 610 1811 sapientia,
626 1747 1016 1813 perversitatis.
1043 1749 1327 1819 Sequitur:
1352 1748 1420 1804 Et
1439 1751 1773 1820 prudentiam

1877 569 2248 663 operimentum
2277 584 2350 628 est
2379 577 2683 643 perditioni.
2717 610 2789 622 -
2831 582 2986 649 Quod
3015 586 3214 645 Paulus
3242 606 3460 663 quoque

1878 657 1989 710 ait:
2023 676 2042 710 ι
2074 658 2266 716 Omnia
2294 665 2440 719 enim
2483 670 2625 724 nuda
2666 680 2723 725 et
2763 683 2949 742 aperta
2981 686 3106 732 sunt
3133 657 3307 736 oculis
3339 657 3461 752 ejus

1878 747 2063 819 (Hebr.
2092 768 2167 816 tv,
2197 753 2304 824 15).
2337 775 2357 807 ι
2410 756 2611 814 Inferni
2640 778 2773 817 vero
2800 774 2855 819 et
2884 769 3201 835 perditionis
3239 747 3459 831 nomine

1877 840 2149 896 diabolum
2174 852 2228 899 et
2249 860 2440 904 omnes
2462 849 2826 909 damnationis
2849 856 2966 925 ejus
2991 859 3168 915 socios
3187 860 3454 933 designat.

1879 930 2133 999 Sequitur
2157 948 2174 989 :

1948 1026 2108 1082 Vens.
2142 1029 2195 1083 7.
2239 1029 2345 1096 Qui
2369 1035 2596 1089 extendit
2625 1038 2924 1108 aquilonem
2951 1059 3108 1111 super
3131 1062 3458 1101 vacuum.—

1875 1114 2157 1185 Aquilonis
2186 1122 2403 1177 nomine
2427 1123 2481 1178 in
2505 1140 2663 1181 sacro
2687 1128 2902 1197 eloquio
2927 1133 3181 1200 appellari
3210 1136 3461 1197 diabolus

1876 1207 2052 1273 solet,
2093 1212 2185 1280 qui
2213 1251 2229 1277 ,
2269 1223 2329 1268 ut
2362 1217 2594 1286 torporis
2623 1219 2820 1289 frigore
2857 1226 3097 1292 gentium
3126 1227 3290 1282 corda
3321 1244 3456 1284 con-

1875 1299 2193 1370 stringeret,
2226 1303 2399 1359 dixit:
2433 1324 2451 1357 ι
2485 1305 2697 1363 Sedebo
2733 1310 2785 1363 in
2818 1322 2999 1367 mente
3030 1318 3367 1380 testamenti,
3404 1318 3460 1375 in

1875 1395 2135 1455 lateribus
2161 1402 2580 1473 aquilunisUsa.
2598 1407 2834 1477 κιν,15).
2859 1428 2877 1461 ι
2912 1408 3012 1475 Qui
3041 1425 3205 1480 super
3230 1427 3459 1469 vacuum

1875 1493 2206 1559 extenditur,
2233 1498 2354 1564 quia
2382 1496 2468 1550 illa
2498 1499 2663 1553 corda
2689 1500 2945 1568 possidet,
2969 1517 3089 1571 qua:
3116 1504 3282 1557 divini
3311 1518 3465 1560 amo-

1877 1583 1951 1636 ris
1976 1583 2150 1651 gratia
2184 1600 2288 1637 non
2318 1586 2613 1654 replentur.
2654 1587 2914 1658 Sequitur
2941 1608 2954 1643 :
2988 1590 3053 1644 Et
3086 1593 3332 1661 appendit
3359 1603 3465 1647 ter-

1876 1688 1988 1725 ram
2017 1690 2173 1741 super
2199 1674 2530 1728 nihilum.—
2553 1675 2691 1743 Quid
2721 1679 2865 1732 enim
2897 1688 3059 1737 terra:
3090 1682 3327 1747 nomine,
3354 1679 3464 1738 nisi

1875 1770 2063 1818 sancta
2087 1764 2328 1820 Ecclesia
2356 1766 2711 1837 designatur?
2745 1768 2875 1835 Qua:
2901 1770 3027 1825 dum
3059 1772 3465 1840 praedicationis

182 1840 336 1889 suam
380 1839 655 1893 ostendisti
697 1840 1006 1909 plurimam.
1028 1870 1098 1883 ——
1127 1844 1318 1900 Omnis
1354 1847 1442 1901 cui
1481 1847 1769 1916 prudentia
1802 1823 1845 1883 Β
1874 1855 2040 1909 verba
2070 1855 2331 1925 suscipit,
2369 1823 2604 1912 fructum
2636 1823 2972 1930 boni~operis
3004 1823 3198 1917 reddit.
3251 1864 3325 1918 De
3354 1878 3462 1934 qua

183 1932 334 1980 recta
366 1933 482 1991 est,
515 1927 744 1998 plurima
774 1946 881 1986 non
911 1941 1023 1996 est,
1057 1934 1182 2004 quia
1203 1934 1357 2002 juxta
1385 1934 1534 1990 Pauli
1563 1951 1768 2002 vocem,

189 2031 214 2068 ι
267 2031 376 2070 non
431 2017 551 2088 plus
603 2022 805 2091 appetit
851 2038 1071 2093 sapere,
1119 2041 1281 2094 quam
1331 2037 1545 2097 oportet
1583 2043 1773 2097 sapere

184 2106 369 2177 (Rom.
396 2124 496 2174 xu,
523 2109 599 2177 3).
634 2130 653 2163 ι
709 2111 805 2167 Cui
833 2129 961 2168 vero
991 2115 1223 2184 plurima
1247 2157 1262 2182 ,
1311 2133 1418 2173 non
1460 2128 1544 2173 est
1584 2129 1727 2175 recta
1755 2160 1771 2187 ,

183 2199 310 2268 quia
341 2197 469 2251 dum
506 2199 645 2253 ultra
681 2203 898 2256 modum
941 2206 1199 2270 tenditur,
1242 2207 1295 2260 in
1327 2208 1568 2277 quolibet
1606 2210 1772 2265 latere

184 2287 359 2359 culpa:
392 2289 715 2345 declinatur.
766 2292 1113 2351 Prudentiam
1142 2314 1271 2353 vero
1299 2315 1449 2355 suam
1483 2284 1772 2370 plurimam

182 2383 478 2438 oetendunt
502 2384 594 2454 qui
629 2384 1009 2455 prudentiores
1031 2388 1198 2444 videri
1222 2405 1331 2460 pra:
1354 2391 1472 2446 aliis
1494 2402 1769 2463 appetunt.

184 2476 447 2547 Sequitur
472 2494 487 2530 :

256 2569 425 2624 Vens.
457 2569 514 2623 4.
555 2570 722 2637 Quem
748 2572 933 2627 docere
963 2573 1216 2630 voluisti?
1246 2593 1415 2631 nonne
1440 2593 1556 2630 eum
1583 2578 1672 2648 qui
1698 2577 1775 2647 fe-

184 2668 255 2715 cit
283 2664 663 2730 spiramentum
687 2665 804 2716 2-
833 2664 940 2721 Per
966 2668 1357 2736 spiramentum
1388 2672 1638 2737 vivimus,
1678 2686 1776 2743 per

184 2755 531 2824 prudentiam
562 2758 835 2827 sapientes
871 2775 1079 2817 sumus.
1130 2763 1286 2818 Prius
1315 2772 1495 2818 autem
1528 2776 1771 2819 nostrum

183 2854 269 2903 est
287 2848 494 2915 vivere,
517 2851 858 2919 postmodum
884 2866 1096 2923 sapere,
1124 2855 1250 2924 quia
1278 2864 1337 2909 ut
1362 2856 1632 2924 sapientes
1656 2870 1776 2911 esse

183 2940 487 3009 possimus,
530 2943 682 3011 prius
720 2945 899 3015 agitur
946 2953 1008 3000 ut
1051 2947 1241 3001 simus.
1294 2946 1395 3014 Qui
1441 2962 1570 3016 ergo
1608 2948 1775 3001 vitam

186 3029 372 3097 dedit,
420 3033 534 3103 ipse
586 3034 772 3103 procul
817 3035 982 3091 dubio
1027 3044 1084 3092 et
1128 3038 1471 3108 prudentiam
1525 3037 1772 3092 contulit.

183 3119 416 3178 Baldatb
442 3131 644 3189 autem,
670 3125 761 3195 qui
785 3126 1001 3181 beatum
1024 3127 1123 3182 Job
1148 3144 1248 3197 pro
1270 3127 1423 3197 culpa
1448 3127 1771 3196 llagellatnm

184 3215 439 3279 credidit,
454 3215 725 3272 occultum
750 3218 843 3272 Dei
858 3219 1145 3289 judicium,
1160 3220 1303 3289 quod
1326 3222 1571 3276 venerari
1595 3222 1777 3276 humi-

182 3306 312 3364 liter
336 3300 545 3374 debuit,
576 3310 807 3379 snperba
837 3312 987 3366 nisus
1013 3321 1094 3367 est
1126 3314 1432 3369 temeritate
1461 3324 1767 3384 penetrare.

180 3397 288 3469 Ipsi
319 3414 449 3472 ergo
475 3416 535 3457 se
566 3418 664 3472 per
688 3404 1026 3472 prudentiam
1051 3404 1306 3471 prtetulit,
1334 3402 1488 3474 cujus
1506 3403 1770 3474 judicium

180 3507 291 3549 non
323 3493 672 3566 intelligendo
695 3496 973 3568 judicavit.
1008 3494 1303 3566 Sequitur:

253 3584 423 3639 Vens.
445 3584 499 3639 5.
526 3584 662 3641 Ecce
681 3586 914 3658 gigantes
934 3597 1143 3657 gemunt
1164 3587 1259 3641 sub
1281 3588 1526 3658 aquis.—
1538 3587 1769 3660 Dignum

179 3674 383 3748 quippe
422 3686 583 3743 erat,
629 3688 688 3733 ut
730 3694 826 3750 per
858 3680 1283 3750 increpationem
1325 3681 1473 3751 prius
1502 3691 1769 3736 tumorem

178 3768 466 3838 sapientia:
491 3779 719 3826 terrena:
740 3771 1077 3838 retunderet,
1100 3781 1154 3827 et
1175 3789 1275 3843 per
1296 3774 1595 3828 doctrinam
1623 3782 1770 3844 post-

178 3863 403 3915 modum
434 3861 501 3915 ad
528 3861 686 3932 plena
717 3865 992 3936 mysteriis
1014 3865 1177 3921 verba
1207 3866 1482 3923 transiret.
1511 3865 1771 3937 Gigantes

176 3957 366 4006 autem
396 3950 479 4007 vel
517 3962 792 4023 apostatas
820 3955 1070 4026 angelos,
1108 3956 1194 4011 vel
1234 3958 1495 4026 superbos
1526 3971 1770 4027 quosque

142 4064 155 4079 ν
176 4040 433 4097 homines
462 4042 536 4097 nil
569 4044 751 4100 obstat
780 4046 1026 4118 intelligi.
1071 4036 1211 4103 Hinc
1239 4050 1382 4102 enim
1412 4065 1511 4119 per
1540 4049 1768 4120 prophe-

176 4140 296 4187 tam
328 4133 564 4188 dicitur:
601 4154 619 4187 ι
653 4134 846 4192 Mortui
878 4153 984 4192 non
1013 4140 1226 4204 vivent,
1257 4141 1503 4212 gigantes
1542 4158 1650 4197 non
1684 4156 1771 4197 re-

176 4223 560 4295 surgent(lsa.
585 4241 738 4292 sxw,
762 4226 872 4299 14).
898 4247 917 4280 ι
955 4227 1092 4284 llinc
1120 4245 1333 4285 rursum
1358 4232 1618 4301 scriptum
1647 4240 1766 4287 est:

182 4331 205 4363 ι
234 4313 331 4368 Vir
351 4313 442 4384 qui
463 4318 729 4373 erraverit
753 4332 783 4372 a
809 4318 893 4373 via
921 4318 1205 4386 doctrinae,
1237 4320 1290 4374 in
1320 4330 1462 4376 cmtu
1492 4322 1768 4392 gigantum

176 4408 611 4463 commorabitur
635 4408 817 4480 (Prov.
846 4426 957 4475 χιιι,
990 4410 1100 4483 16).
1127 4430 1144 4463 ι
1181 4411 1259 4467 Ac
1288 4411 1333 4466 si
1363 4427 1492 4483 ergo
1522 4414 1764 4467 diceret:

1871 1956 1968 2013 per
1987 1942 2205 2014 Moysen
2230 1938 2463 2001 dicitur:
2484 1965 2503 1998 ι
2527 1948 2727 2002 Audiat
2756 1957 2900 2004 terra
2926 1967 2993 2006 ex
3015 1968 3112 2007 ore
3136 1968 3255 2007 meo
3278 1953 3460 2023 (Deut.

1872 2048 2047 2098 χχχιι,
2076 2035 2147 2103 1).
2183 2054 2202 2087 ι
2257 2035 2324 2090 Et
2349 2036 2477 2107 quid
2507 2051 2604 2107 per
2629 2037 2872 2103 nihilum,
2915 2040 3016 2095 nisi
3055 2041 3287 2111 gentiles
3316 2042 3460 2098 desi-

1872 2126 2149 2194 gnantur?
2179 2126 2255 2181 De
2280 2128 2477 2197 quibus
2503 2143 2602 2197 per
2625 2130 2942 2200 prophetam
2970 2132 3199 2186 dicitur:
3220 2151 3239 2185 ι
3260 2132 3464 2190 Omnes

1873 2225 2063 2285 gentes
2090 2217 2238 2296 velut
2264 2218 2491 2272 nihilum
2522 2228 2577 2273 et
2605 2219 2767 2274 inane
2800 2229 3062 2290 reputatae
3087 2230 3215 2277 sunt
3238 2223 3288 2277 ei
3322 2221 3459 2292 (Isa.

1874 2322 1963 2371 XL,
1991 2306 2103 2375 l7).
2135 2326 2154 2357 ι
2213 2307 2354 2378 Ergo
2385 2308 2439 2362 in
2481 2308 2708 2363 nihilum
2742 2318 2887 2363 terra
2917 2312 3285 2381 suspenditur,
3317 2310 3462 2382 quod

1870 2399 2021 2468 prius
2051 2412 2277 2452 vacuum
2307 2399 2375 2453 ab
2402 2399 2654 2468 aquilone
2681 2400 2987 2466 tenebatur,
3018 2403 3146 2471 quia
3178 2403 3267 2457 illa
3298 2402 3465 2458 corda

1874 2487 2152 2559 gentilium
2189 2487 2392 2558 repleta
2433 2497 2559 2543 sunt
2598 2490 2865 2544 charitate
2915 2492 3050 2557 Dei,
3105 2509 3226 2563 qua:
3273 2509 3465 2563 pressa

1874 2579 2024 2649 prius
2050 2577 2265 2633 fuerant
2296 2587 2481 2649 tepore
2512 2579 2730 2635 diaboli.
2765 2581 2969 2636 Aliter:
2996 2583 3133 2649 Quia
3155 2582 3463 2641 Judzcorum

1874 2670 2038 2725 corda
2073 2686 2102 2723 a
2136 2670 2240 2725 fide
2268 2687 2437 2725 vacua
2476 2671 2691 2727 diabolo
2739 2681 2867 2726 sunt
2914 2674 3126 2729 subdita
3152 2715 3167 2739 ,
3218 2676 3465 2730 extendit

1875 2761 2184 2831 aquilonem
2218 2776 2381 2832 super
2410 2777 2660 2815 vacuum.
2712 2761 2849 2829 Quia
2878 2778 3010 2818 vero
3039 2763 3200 2819 nullis
3227 2765 3467 2820 existen-

1877 2855 2021 2909 tibus
2050 2854 2291 2918 meritis,
2338 2854 2482 2909 sicut
2512 2854 2718 2908 dictum
2749 2863 2834 2909 est
2858 2895 2873 2919 ,
2908 2873 2927 2905 ι
2959 2869 3058 2925 pro
3086 2856 3256 2912 nihilo
3286 2856 3468 2914 salvos

1875 2942 2043 2999 facies
2084 2944 2203 2999 illos
2234 2943 2407 3017 (Psal.
2434 2961 2551 3011 LIII,
2576 2944 2668 3016 6),
2702 2966 2721 2998 ι
2770 2960 2933 3016 super
2972 2955 3165 3017 gentes
3208 2948 3467 3004 Dominus

1874 3033 2120 3088 fundavit
2141 3034 2462 3101 Ecclesiam,
2485 3051 2605 3105 qua:
2626 3051 2724 3104 per
2746 3038 3065 3107 prophetam
3090 3037 3312 3090 nihilum
3339 3044 3467 3092 sunt

1876 3135 2106 3181 vocatte.
2131 3136 2254 3197 apte
2276 3137 2495 3183 secutus
2517 3126 2793 3196 adjunxit:
2822 3128 3079 3199 Appendit
3096 3138 3288 3183 terram
3311 3144 3469 3200 super

1876 3215 2119 3270 nihilum.
2151 3216 2409 3285 Sequitur
2434 3235 2448 3272 :

1945 3305 2109 3362 Vens.
2138 3307 2193 3363 8.
2233 3306 2337 3373 Qui
2368 3308 2495 3378 ligat
2524 3324 2688 3379 aquas
2717 3310 2769 3362 in
2800 3310 3042 3375 nubibus,
3074 3319 3129 3362 ut
3161 3326 3263 3363 non
3291 3325 3465 3364 erum—

1871 3409 1999 3469 pant
2027 3400 2227 3470 pariter
2253 3400 2517 3455 deorsum.
2547 3432 2614 3441 —
2655 3400 2794 3468 Quid
2824 3402 2927 3457 hoc
2960 3402 3078 3457 loco
3109 3418 3333 3470 aquam,
3361 3402 3467 3459 nisi

1872 3492 2159 3547 scientiam
2185 3493 2208 3546 ?
2250 3492 2380 3562 quid
2410 3493 2603 3558 nubes,
2636 3493 2740 3549 nisi
2769 3495 3156 3564 praedicatores
3186 3494 3467 3565 appellat?

1873 3581 2012 3637 Hinc
2051 3584 2312 3653 scriptum
2354 3592 2478 3639 est:
2512 3602 2531 3635 ι
2563 3584 2715 3654 Aqua
2753 3584 3023 3654 profunda
3051 3587 3220 3641 verba
3265 3601 3330 3640 es
3371 3599 3468 3641 ore

1872 3679 2015 3745 viri,
2061 3690 2119 3734 et
2166 3688 2379 3736 torrens
2423 3680 2733 3735 redundans
2778 3680 2898 3735 fons
2945 3681 3227 3748 sapientia:
3277 3675 3463 3749 (Prov.

1870 3787 2025 3835 xvm,
2052 3771 2130 3842 4).
2162 3791 2180 3824 ι
2209 3771 2350 3826 Hinc
2384 3771 2552 3827 Isaias
2588 3772 2701 3825 ait:
2736 3788 2755 3822 ι
2786 3770 2890 3837 Qui
2936 3779 3064 3824 sunt
3091 3770 3176 3824 isti
3206 3808 3222 3833 ,
3269 3767 3360 3837 qui
3408 3770 3467 3819 ut

1869 3864 2044 3919 nubes
2070 3862 2285 3917 volant?
2305 3882 2325 3913 ι
2350 3861 2486 3933 (lsa.
2511 3878 2599 3925 ιι,
2625 3860 2707 3932 8.)
2734 3861 2803 3917 Ut
2827 3876 2958 3916 vero
2991 3859 3268 3913 auditores
3298 3856 3464 3910 rudes

1870 3971 1977 4010 non
2003 3954 2354 4009 inundatione
2373 3954 2634 4019 scientiae,
2651 3954 2745 4008 sed
2769 3953 3042 4007 moderata
3062 3946 3466 4020 praedicationis

1870 4045 2221 4101 distillatione
2260 4043 2572 4109 foveantur,
2614 4044 2742 4113 ligat
2772 4043 2914 4097 Deus
2942 4057 3105 4111 aquas
3136 4039 3187 4091 in
3216 4036 3462 4101 nubibus,

1872 4149 1927 4193 ut
1978 4157 2081 4205 noﬁn
2110 4148 2385 4202 erumpant
2434 4138 2633 4207 pariter
2674 4134 2952 4199 deorsumf,
3002 4132 3129 4201 quia
3172 4124 3458 4185 doctorum

1873 4233 2311 4305 praedicationem
2350 4239 2655 4299 temperat,
2704 4236 2766 4281 ut
2812 4226 3123 4281 auditorum
3175 4221 3463 4277 inﬁrmitas

1871 4324 2140 4379 dictorum
2168 4337 2292 4377 rore
2318 4321 2522 4374 nutrita
2553 4318 2921 4374 convalescat.
2957 4315 3094 4369 Hinc
3122 4311 3322 4368 Paulus
3344 4312 3459 4366 ait:

1877 4432 1895 4465 ι
1919 4413 2035 4467 Non
2061 4412 2213 4482 potui
2236 4410 2390 4465 vobis
2414 4409 2560 4480 loqui
2588 4408 2743 4478 quasi
2770 4405 3165 4479 spiritualibus,
3189 4405 3281 4461 sed
3307 4402 3462 4473 quasi

172 4499 292 4556 Cur
336 4501 404 4556 de
446 4502 679 4558 scientia
721 4503 884 4558 homo
910 4505 1232 4573 superbiat,
1280 4498 1404 4559 cum
1452 4505 1767 4575 ignorantiae
1800 4538 1846 4594 Β
1872 4502 2206 4566 carnalibus,
2235 4508 2290 4556 et
2318 4508 2514 4556 castora
2544 4498 2595 4570 (1
2622 4496 2746 4553 Cor.
2775 4513 2857 4594 ιιι,
2886 4496 2959 4594 1.).
2992 4517 3030 4594 ι.
3064 4495 3276 4594 Ριιιιιθι·
3306 4508 3460 4594 nam-

177 4592 410 4664 abyssus
456 4601 513 4648 et
557 4594 703 4663 ipsos
732 4594 1151 4665 superbissimos
1188 4596 1504 4666 angelorum
1546 4596 1768 4667 spiritus

177 4683 438 4751 premat?
471 4680 527 4738 Si
564 4693 741 4738 autem
771 4685 1051 4757 gigantum
1078 4685 1299 4741 nomine
1328 4693 1575 4756 potentes
1606 4685 1767 4755 hujus

177 4773 363 4830 saeculi
398 4775 773 4847 designantur,
806 4776 859 4830 in
891 4776 1046 4846 aquis
1073 4786 1299 4847 possunt
1323 4778 1502 4847 populi
1530 4777 1760 4848 signari,

175 4864 387 4925 Joanne
434 4877 773 4935 attestante,
829 4868 922 4939 qui
971 4870 1149 4924 aitz't
1191 4870 1359 4940 Aqua:
1407 4877 1534 4924 sunt
1582 4868 1764 4940 populi

178 4959 363 5029 (Apoc.
390 4974 532 5023 xvii,
561 4957 673 5028 l5).
704 4978 725 5011 ›
759 4958 905 5012 Bene.
933 4968 1112 5014 autem
1144 4968 1332 5015 contra
1363 4960 1762 5042 superbientem

173 5050 380 5107 dicitur
434 5067 451 5104 :
504 5047 643 5103 Ecce
689 5051 925 5121 gigantes
988 5059 1200 5119 gemunt
1246 5050 1342 5105 sub
1390 5053 1560 5122 aquis.
1626 5049 1763 5118 Quia

166 5141 297 5178 doli
329 5154 527 5178 omnes:
559 5138 685 5178 dum
716 5140 769 5178 in
798 5140 902 5178 ιιειιι
927 5141 1037 5178 νῖισι
1068 5142 1279 5178 occonni
1311 5142 1576 5178 Ιιηιιησιηηι
1608 5140 1767 5178 nolui-

1874 4607 1979 4665 que
1999 4607 2152 4663 aquae
2169 4600 2535 4662 erumperent,
2550 4592 2597 4646 si
2620 4606 2807 4647 coram
2831 4588 3064 4644 infirmis
3088 4587 3458 4649 auditoribus,

1871 4693 2075 4755 quanta
2119 4690 2203 4737 est
2247 4681 2475 4736 scientia
2514 4696 2583 4735 ex
2613 4694 2709 4735 ore
2737 4677 3011 4748 loquentis
3040 4683 3357 4738 emanaret,
3407 4672 3458 4727 si

1869 4775 2031 4831 simul
2074 4790 2132 4830 se
2173 4773 2350 4827 omnis
2378 4772 2659 4843 plenitudo
2691 4768 3094 4840 praedicationis
3122 4764 3462 4827 effunderet,

1868 4876 1923 4921 et
1950 4865 2086 4921 nihil
2114 4865 2217 4921 sibi
2256 4865 2311 4920 in
2348 4880 2412 4921 ea
2448 4862 2858 4935 proﬁcientibus
2882 4865 3212 4916 reservaret.
3263 4852 3463 4921 Sequi-

1871 4968 1960 5013 tur
1985 4978 1999 5012 :

1944 5054 2113 5109 Vens.
2142 5054 2196 5109 9.
2240 5052 2345 5118 Qui
2386 5062 2522 5107 tenet
2569 5052 2773 5109 vultum
2802 5046 2921 5101 solii
2967 5048 3079 5109 sui,
3128 5051 3173 5095 et
3221 5033 3470 5133 expandit

1875 5162 2028 5178 ...κη
2055 5144 2190 5176 mna
2221 5141 2461 5176 ...r...t.....
2495 5159 2642 5176 ψη...
2698 5166 2772 5176 __.
2804 5136 2860 5176 In
2887 5137 3049 5174 νιιιι..
3079 5130 3213 5174 enim
3238 5130 3477 5174 conuitio
