3948 5398
527 248 636 303 ’515

1565 250 1623 305 S.
1663 249 1912 305 ODONIS
1949 245 2240 301 ABBATlS
2276 245 2770 303 CLUNIACENSIS
2810 248 2852 303 ll
3664 248 3743 306 5l6

528 364 614 419 Ad
658 363 946 419 videndum
995 378 1125 434 ergo
1171 379 1296 419 eum
1347 365 1540 420 nebula
1588 367 1932 437 aspergitur,
1987 364 2114 432 quia
2145 363 2191 422 A
2219 360 2559 415 srecularium
2609 361 2774 416 corda
2825 361 3171 418 concorditer
3222 356 3464 418 credunt.
3524 361 3644 429 Quis
3677 367 3745 425 hic

532 467 718 511 nostra
746 457 859 526 ipsa
891 457 1209 526 ignorantia:
1236 457 1571 511 obscuritate
1601 457 1919 527 caligamus.
1964 456 2119 512 Unde

531 556 682 604 recte
720 563 816 617 per
842 548 1189 603 Psalmistam
1229 550 1465 605 dicitur:
1499 569 1517 601 ι
1550 549 1733 620 Caligo
1763 552 1863 605 sub
1894 552 2118 619 pedibus

533 636 650 706 ejus
677 637 847 707 (Psal.
877 655 1018 703 xvu,
1047 640 1156 710 10).
1192 660 1211 692 s
1272 640 1429 694 Tenet
1460 654 1589 709 ergo
1620 645 1817 695 uultum
1848 640 1966 694 solii
1996 640 2079 694 sui
2101 680 2115 705 ,

534 733 660 802 quia
687 733 985 801 maiestatis
1010 748 1121 787 sua:
1147 733 1440 802 potentiam
1468 733 1789 787 mortalibus
1814 732 2114 786 abscondit.

536 822 644 878 Sed
669 824 714 878 si
739 821 856 891 ejus
881 822 1074 877 solium
1102 823 1374 892 angelicas
1395 824 1622 877 virtutes
1649 823 1967 892 accipimus,
1990 822 2119 889 ipsis

531 927 752 984 quoque
778 913 928 967 velut
954 913 1068 967 sedi
1099 922 1262 984 regiae
1292 914 1578 983 praesidet,
1614 914 1696 968 sui
1731 913 1887 968 nobis
1914 913 2117 965 vultum

532 1003 655 1060 solii
687 1012 870 1059 tenet:
909 1004 1035 1073 quia
1065 1006 1302 1073 quandiu
1336 1005 1389 1058 in
1421 1005 1524 1059 hac
1554 1005 1764 1059 rnortali
1795 1018 1963 1058 carne
1992 1003 2119 1057 sub-

536 1094 807 1159 sistimus,
839 1110 958 1163 qua:
988 1103 1039 1149 et
1070 1103 1266 1163 quanta
1314 1096 1422 1150 sint
1474 1095 1562 1149 illa
1612 1096 1925 1166 angelorum
1962 1094 2120 1147 mini-

534 1185 702 1240 steria
732 1199 839 1239 non
865 1183 1115 1239 videmus
1167 1184 1235 1238 Et
1262 1185 1506 1251 expandit
1536 1203 1691 1255 super
1718 1185 1849 1237 illud
1879 1184 2119 1238 nebulam

534 1293 710 1340 suam,
744 1276 868 1344 quia
893 1276 1081 1346 procul
1108 1276 1269 1331 dubio
1298 1285 1354 1331 et
1380 1291 1476 1330 cor
1504 1286 1747 1329 nostrum
1777 1277 1843 1329 ad
1874 1291 2122 1344 quaeren-

536 1368 663 1422 dum
695 1368 979 1432 sublevat,
1030 1377 1085 1422 et
1131 1378 1239 1422 tam
1278 1369 1488 1423 occulta
1521 1369 1892 1423 moderatione
1920 1370 2118 1437 agitur,

535 1466 597 1513 ut
635 1459 751 1528 ipsa
792 1459 1159 1529 inquisitionis
1209 1476 1321 1514 suae
1370 1461 1738 1514 immensitate
1774 1462 2116 1528 reprimatur.

536 1545 692 1602 Unde
721 1550 980 1618 scriptum
1011 1560 1093 1605 est
1118 1566 1131 1603 :
1162 1569 1181 1602 ι
1210 1550 1366 1605 Dedit
1392 1553 1617 1621 ahyssus
1641 1566 1822 1605 vocem
1853 1568 2028 1615 suam,
2053 1553 2121 1607 ab

2222 456 2487 527 superbus
2516 456 2845 520 nominatur,
2877 455 2982 510 nisi
3010 455 3100 510 ille
3119 455 3211 526 qui
3236 455 3370 512 dixit
3396 475 3410 511 :
3444 476 3463 509 t
3489 456 3745 515 Ascendatu

2220 565 2387 618 super
2422 548 2762 603 altitudinem
2795 549 3040 614 nubium,
3070 556 3128 604 et
3159 550 3350 604 similis
3397 565 3491 605 ero
3517 550 3747 608 Altissimo

2222 639 2356 705 (Isa.
2390 654 2503 702 xrv,
2532 638 2642 706 14).
2687 657 2705 689 ι
2740 638 2807 692 Et
2839 638 2905 693 de
2935 654 3044 708 quo
3066 655 3198 694 voce
3228 639 3323 695 Dei
3363 640 3589 696 dicitur:
3617 661 3632 693 t
3668 643 3746 709 Qui

2220 728 2396 784 factus
2424 739 2508 783 est
2553 737 2610 781 ut
2654 729 2861 783 nullum
2897 730 3136 795 timeret,
3168 741 3222 785 et
3256 731 3371 800 ipse
3400 742 3483 786 est
3510 749 3598 788 rex
3622 750 3752 805 super

2218 835 2410 875 omnes
2437 821 2576 875 filios
2601 822 2866 892 superbire
2889 821 3013 893 (Job
3040 839 3149 887 xu,
3198 823 3287 889 24,
3311 824 3459 890 25).»
3492 825 3751 883 Notandum

2219 926 2350 964 vero
2382 911 2524 979 quod
2578 927 2686 966 non
2753 912 2829 965 ait
2877 910 3159 977 fortitudo,
3207 913 3302 968 sed
3353 914 3622 983 prudentia
3664 917 3753 985 ejus

2219 1000 2472 1069 percussit
2521 1000 2819 1070 superbum.
2868 1030 2942 1041 —-
2969 999 3103 1055 Nam
3134 1003 3382 1071 quamvis
3414 1003 3555 1058 sicut
3593 1005 3755 1059 dictum

2220 1096 2322 1152 est,
2357 1099 2577 1159 propter
2627 1098 2875 1144 naturam
2917 1089 3215 1161 simplicem
3256 1090 3376 1158 Dei,
3428 1092 3668 1148 fortitudo
3693 1110 3757 1150 sa-

2223 1182 2423 1249 pientia
2447 1182 2539 1244 sit,
2589 1183 2848 1237 Dominus
2906 1193 3085 1238 tamen
3113 1184 3383 1239 diabolum
3431 1195 3676 1256 quantum
3706 1189 3757 1243 ad

2221 1269 2414 1326 faciem
2444 1282 2723 1342 exspectat
2768 1272 3025 1346 [spectat]
3058 1291 3164 1329 non
3200 1276 3421 1342 virtute,
3458 1277 3550 1331 sed
3591 1277 3772 1334 ratione:

2220 1363 2514 1431 superavit.
2546 1361 2664 1432 Ipse
2707 1378 2943 1433 namque
2966 1363 3215 1420 diabolus
3246 1365 3298 1419 in
3324 1364 3414 1420 illa
3438 1380 3537 1420 nos
3561 1368 3759 1435 parentis

2221 1450 2378 1520 primi
2411 1451 2591 1506 radice
2621 1452 2995 1520 supplantans,
3045 1454 3145 1509 sub
3184 1455 3500 1524 captivitate
3522 1470 3612 1510 sua
3637 1457 3759 1526 quasi

2216 1542 2360 1611 juste
2392 1543 2563 1595 tenuit
2586 1541 2883 1608 hominem,
2905 1545 2997 1613 qui
3020 1544 3191 1600 libero
3216 1545 3446 1601 arbitrio
3486 1547 3760 1602 conditusei

536 1637 823 1695 altitudine
850 1639 1095 1697 fantasia:
1126 1641 1524 1711 suaewabacuc
1552 1658 1635 1705 Ill,
1668 1643 1769 1713 ιο).
1808 1641 1945 1695 sVel
1972 1653 2122 1698 certe
2152 1708 2188 1713 _
2222 1628 2421 1697 iniusta
2462 1632 2709 1686 suadenti
2743 1632 3032 1687 concessit-
3073 1634 3180 1689 Sed
3210 1634 3339 1689 dum
3370 1634 3622 1690 audacter
3647 1651 3759 1701 eum.

531 1732 662 1800 quia
688 1732 882 1787 solium
909 1734 1025 1797 Dei,
1052 1734 1150 1802 ipsi
1180 1708 1278 1787 nos
1301 1749 1505 1795 sumus,
1531 1708 1739 1785 rultumi
1761 1732 1879 1786 solii
1904 1734 1988 1785 sui
2014 1748 2119 1788 non
2152 1708 2195 1766 Β
2226 1723 2278 1777 ill
2307 1739 2414 1793 quo
2457 1724 2591 1778 nihil
2623 1725 2725 1778 sibi
2754 1725 3121 1795 contpelebat,
3157 1727 3404 1798 appetiit,
3451 1726 3570 1794 jure
3615 1728 3759 1791 illum.

534 1822 807 1877 immerito
842 1833 1026 1877 tenere
1057 1824 1274 1886 dicitur,
1319 1824 1444 1877 dum
1493 1832 1677 1877 nostra
1722 1824 1949 1877 scientia
1993 1838 2120 1893 pro-

534 1916 686 1984 gredi
710 1916 776 1969 ad
799 1916 997 1970 altiora
1020 1917 1359 1985 prohibetur.
1390 1915 1563 1984 Super
1585 1916 1726 1983 quod
1750 1915 1942 1969 solium
1967 1929 2122 1969 smnn

534 2004 791 2059 nebulam
826 2020 980 2059 suam
1021 2004 1162 2059 Deus
1197 2020 1489 2075 aspergere
1526 2005 1744 2070 dicitur,
1778 2006 1904 2075 quia
1936 2006 2131 2060 invisi-

535 2092 664 2147 bilis
694 2108 944 2159 manens,
969 2094 1182 2149 occulta
1214 2110 1377 2164 super
1404 2111 1501 2148 nos
1526 2095 1728 2164 judicia
1757 2096 1951 2175 exerit,
1981 2105 2038 2149 ut
2066 2104 2123 2150 et

537 2182 633 2237 fiat
655 2184 707 2238 in
730 2186 994 2254 promptis
1017 2185 1158 2254 quod
1183 2186 1363 2239 videre
1384 2186 1673 2255 possimus,
1697 2195 1752 2240 et
1775 2196 1951 2240 tamen
1975 2189 2124 2257 origo

536 2272 668 2328 facti
700 2274 866 2329 lateat
892 2276 946 2329 in
974 2276 1198 2341 abditis,
1228 2284 1287 2329 ut
1313 2290 1413 2329 cur
1442 2261 1547 2328 liat'
1563 2276 1776 2330 nescire
1808 2276 2121 2331 debeamus.

539 2363 804 2439 Sequitur
832 2385 845 2421 :

609 2458 776 2514 Vens.
834 2459 921 2514 lt).
976 2459 1278 2514 Terminum
1324 2460 1668 2514 circumdedit
1707 2460 1895 2530 aquis,
1960 2476 2127 2532 usque

536 2556 662 2608 dum
707 2554 963 2622 ﬁniantur
1016 2553 1111 2607 lux
1151 2563 1199 2608 et
1236 2554 1480 2608 tenebrae.
1516 2584 1588 2593 —
1640 2554 1824 2621 Aquas
1868 2552 2126 2607 Dominus

537 2643 770 2698 termino
793 2644 1118 2706 circumdat,
1167 2645 1295 2710 quia
1327 2642 1547 2697 humani
1591 2642 1809 2711 generis
1838 2642 2124 2696 scientiam

538 2734 859 2789 moderatur
894 2742 952 2787 ut
975 2748 1261 2803 quousque
1308 2734 1717 2788 vicissitudines
1740 2733 2125 2788 alternantium

537 2835 846 2894 temporum
892 2833 1197 2890 transeant,
1230 2824 1487 2895 perfectae
1520 2826 1587 2880 ad
1624 2826 1988 2895 cognitionem
2016 2825 2125 2882 cla-

537 2916 719 2971 ritatis
740 2915 946 2970 intimae
984 2932 1090 2970 non
1119 2918 1451 2988 pertingant,
1485 2917 1530 2972 si
1556 2932 1683 2972 vero
1717 2918 1853 2972 lucis
1884 2918 2121 2985 nomine,

534 3007 710 3078 iustos
753 3010 1080 3080 accipimus,
1141 3012 1489 3067 tenebrarum
1545 3028 1677 3067 vero
1738 3015 2119 3084 appellatione.

538 3111 876 3172 peccatores.
906 3100 1057 3156 Unde
1077 3111 1132 3155 et
1155 3101 1356 3157 Paulus
1382 3104 1547 3159 dicit:
1580 3125 1598 3156 ι
1631 3105 1814 3160 Eralis
1836 3106 2125 3174 aliquando

539 3196 798 3261 tenebrae,
823 3211 966 3250 nunc
988 3207 1166 3251 autem
1186 3196 1278 3250 lux
1311 3198 1363 3251 in
1391 3198 1617 3252 Domino
1635 3199 1851 3268 (Ep/tes.
1880 3214 1931 3263 v,
1971 3199 2077 3269 lO),
2100 3218 2119 3251 s

539 3287 647 3343 hoc
693 3288 868 3357 ipsum
917 3289 1061 3357 quod
1109 3288 1344 3343 diximus
1399 3290 1590 3343 sentiri
1643 3289 1715 3342 nil
1767 3290 1968 3354 obstat,
1998 3291 2123 3359 quia

540 3378 780 3448 perfecta
804 3380 1126 3433 mternitalis
1148 3381 1374 3434 scientia
1399 3379 1528 3433 nulli
1554 3381 1827 3445 tribuitur,
1846 3396 2127 3451 quousque

474 3458 481 3463 ’
542 3483 736 3523 cursus
769 3468 1042 3538 justornm
1079 3469 1512 3539 iniustorumque
1542 3470 1781 3524 ﬁniatur.
1817 3471 2075 3540 Sequitur
2108 3490 2122 3527 :

616 3559 778 3615 Vnus.
812 3561 899 3615 Η.
933 3558 1203 3616 Columna:
1229 3562 1341 3616 cali
1388 3564 1817 3627 contremiscunt,
1853 3573 1901 3618 et
1940 3575 2126 3634 pauent

543 3651 612 3706 ad
635 3661 819 3706 nutum
854 3652 969 3720 eius
1001 3692 1016 3707 .
1045 3653 1273 3719 —Quid
1298 3653 1442 3706 aliud
1468 3654 1749 3708 columnas
1787 3654 1932 3721 caeli,
1963 3671 2126 3725 quam

539 3739 627 3794 vel
656 3750 870 3795 sanetos
904 3740 1146 3810 angelos,
1178 3742 1267 3794 vel
1318 3757 1560 3797 summos
1615 3744 1996 3811 prtedicatorcs
2026 3744 2129 3800 Ec-

542 3829 722 3885 clesia:
749 3830 985 3901 appellat
1022 3831 1044 3884 ’ἒ
1073 3845 1236 3899 super
1264 3846 1404 3900 quos
1450 3832 1503 3885 in
1533 3832 1846 3887 coelestibus
1874 3849 2126 3889 crescens

542 3923 793 3977 ttniversa
843 3924 1102 3994 spiritalis
1134 3923 1356 3978 fabricae
1386 3933 1660 3978 structura
1694 3926 1954 3991 surrexit,
1987 3926 2128 3981 sicut

542 4015 681 4071 alias
710 4015 988 4086 Scriptura
1023 4025 1256 4072 testatur
1276 4017 1462 4071 dicens
1494 4035 1506 4071 :
1546 4036 1562 4067 ι
1591 4016 1691 4083 Qui
1714 4019 1905 4073 vicerit
1934 4018 2126 4072 faciam

542 4106 694 4161 illum
734 4108 1037 4161 columnam
1069 4109 1121 4162 in
1151 4109 1349 4178 templo
1381 4109 1474 4164 Dei
1501 4109 1605 4163 mei
1635 4109 1820 4180 (Apoc.
1852 4110 2063 4180 ιιιΛΞ).
2101 4129 2119 4163 s

540 4192 838 4253 Possumus
891 4199 1053 4252 etiam
1083 4200 1363 4254 columnas
1393 4200 1513 4256 (ιωΙί
1566 4209 1623 4255 et
1674 4201 1820 4270 ipsas
1858 4201 2128 4257 Ecclesias

541 4300 652 4342 non
692 4287 1133 4343 ineonveuienter
1196 4291 1464 4359 accipere.
1522 4290 1661 4348 llinc
1696 4291 1950 4346 Salomon
1982 4292 2059 4345 ait
2107 4305 2122 4345 :

2150 3055 2198 3118 Ε

2226 1828 2383 1881 quem
2416 1814 2567 1882 quasi
2584 1814 2734 1883 juste
2760 1814 2997 1879 tenebat,
3051 1817 3250 1872 amisit.
3280 1817 3577 1872 Prudentia
3601 1818 3769 1888 itaque,

2225 1918 2331 1958 non
2360 1904 2560 1958 virtute
2588 1919 2875 1971 percussus
2905 1915 3009 1971 est,
3060 1908 3188 1978 quia
3236 1907 3364 1964 dum
3392 1910 3464 1965 ad
3494 1910 3761 1965 tentandum

2226 1993 2395 2048 Deum
2427 1994 2677 2058 solvitur,
2710 1994 2778 2049 ab
2819 1995 3038 2051 homine
3063 1997 3389 2066 possidendo
3440 1998 3701 2068 religatur,
3720 2007 3763 2052 ut

2225 2084 2352 2139 inde
2380 2100 2501 2140 eum
2526 2086 2615 2154 qui
2647 2086 2746 2140 sub
2776 2086 2895 2156 ipso
2921 2097 3057 2150 erat,
3085 2089 3368 2158 perderet;
3393 2090 3540 2144 unde
3564 2105 3672 2144 cum
3696 2088 3764 2143 illo

2224 2175 2316 2244 qui
2348 2189 2510 2245 super
2544 2175 2719 2246 ipsum
2751 2185 2854 2242 est,
2903 2181 3159 2250 congredi
3213 2181 3657 2252 przesumpsisset.
3692 2178 3763 2236 Se-

2226 2267 2411 2336 quitur
2443 2285 2459 2320 :
2779 2286 2783 2291 '

2296 2354 2459 2409 Vnus.
2512 2355 2600 2413 15.
2649 2354 2880 2428 Spiritus
2911 2359 3025 2429 ejus
3071 2362 3275 2416 ornavit
3334 2364 3515 2419 caelos.
3554 2394 3620 2406 —
3654 2364 3765 2432 Quos

2224 2445 2412 2510 caelos,
2471 2445 2573 2501 nisi
2628 2463 2723 2502 eos
2760 2448 2828 2502 de
2861 2448 3060 2518 quibus
3122 2452 3382 2520 scriptum
3434 2461 3519 2508 est
3556 2471 3570 2508 :
3610 2471 3627 2505 ι
3657 2452 3763 2509 ϐωιί

2224 2545 2487 2590 enarrant
2519 2537 2747 2607 gloriam
2776 2539 2911 2594 Dei?
2944 2540 3120 2611 (Psal.
3149 2559 3306 2609 xvnt,
3332 2543 3418 2617 2.)
3457 2565 3476 2599 s
3508 2545 3646 2613 Quos
3669 2554 3765 2600 tunc

2224 2628 2439 2681 ornavit
2467 2626 2732 2698 Spiritus,
2773 2646 2896 2685 cum
2928 2632 3154 2702 replevit
3175 2636 3317 2704 quod
3345 2624 3494 2692 Luca
3521 2636 3766 2699 referente,

2225 2718 2508 2773 didicimus
2547 2720 2639 2789 qui
2690 2722 2812 2775 ait:
2873 2740 2893 2774 ‹
2953 2722 3157 2779 Factus
3203 2733 3288 2780 est
3315 2735 3541 2796 repente
3576 2729 3637 2782 de
3660 2725 3765 2780 calo

2225 2823 2391 2863 sonus
2419 2818 2675 2878 tanquam
2722 2812 3064 2867 advenientis
3091 2814 3315 2883 spiritus
3343 2817 3689 2880 vehementis,
3728 2824 3769 2871 et

2227 2902 2455 2973 replevit
2484 2912 2653 2957 totam
2685 2903 2905 2958 domum
2940 2905 3032 2961 ubi
3063 2914 3221 2961 erant
3241 2907 3522 2975 sedentes,
3567 2917 3617 2963 et
3637 2922 3765 2978 appa-

2228 3004 2451 3049 ruerunt
2474 2995 2579 3051 illis
2610 2998 2907 3068 dispertita:
2951 2999 3149 3071 linguae
3170 3010 3431 3075 tanquam
3456 3003 3610 3073 ignis,
3638 3001 3767 3057 sedit-

2208 3105 2334 3159 .qne
2383 3106 2545 3161 supra
2594 3092 2833 3163 singulos
2887 3108 3100 3160 eorum,
3144 3102 3199 3149 et
3248 3093 3443 3164 repleti
3469 3104 3594 3150 sunt
3621 3106 3769 3150 omnes

2234 3179 2438 3251 Spiritu
2486 3191 2676 3238 sancto
2728 3192 2784 3238 et
2846 3192 3129 3255 cmperunt
3176 3184 3322 3255 loqui
3380 3187 3565 3242 variis‘
3593 3184 3769 3257 linguis,

2226 3279 2388 3340 prout
2439 3264 2677 3340 spiritus
2722 3280 2942 3327 sanctus
2987 3273 3150 3327 dabat
3211 3265 3392 3345 e'loqni
3432 3276 3540 3330 illis
3583 3275 3703 3345 (Act.
3722 3287 3769 3337 ιι,

2226 3362 2351 3427 2,5,
2378 3352 2489 3433 4).»
2518 3362 2776 3433 Sequitur
2800 3382 2814 3419 :
2844 3364 2911 3418 Et
2937 3365 3301 3421 obstetricante
3324 3384 3489 3421 manu
3511 3368 3645 3439 ejus,
3673 3365 3771 3419 eds-

2225 3463 2340 3507 ctus
2377 3464 2453 3507 est
2512 3454 2724 3509 coluber
2772 3465 3060 3511 tortuosae.
3090 3487 3161 3497 —
3211 3456 3344 3524 Quis
3406 3459 3552 3513 enim
3603 3453 3768 3512 colubri

2214 3544 2448 3611 nomine
2480 3545 2802 3619 appellatur,
2845 3547 2949 3602 nisi
2976 3548 3233 3618 antiquus
3264 3549 3444 3604 hostis
3488 3558 3543 3604 et
3574 3547 3769 3603 lubricus

2226 3647 2281 3692 et
2313 3645 2608 3702 tortuosus,
2645 3638 2739 3709 qui
2775 3638 3093 3709 decipiendo
3124 3639 3331 3695 homini
3357 3639 3570 3695 colubri
3598 3654 3681 3694 ore
3709 3635 3769 3689 lo-

2227 3736 2385 3782 cutus
2412 3729 2532 3783 est?
2554 3730 2628 3783 De
2662 3743 2770 3799 quo
2811 3744 2907 3799 per
2935 3731 3257 3800 pr0pbetam
3283 3730 3490 3785 dicitur
3517 3747 3531 3785 :
3568 3748 3587 3781 ι
3617 3724 3769 3784 Levia-

2227 3818 2355 3872 tban
2384 3830 2687 3889 serpentem
2733 3829 2942 3877 vectem
2976 3829 3279 3878 tortuosum
3309 3804 3447 3893 (Isa.
3487 3836 3648 3886 xxvn,
3669 3818 3729 3886 l).
3750 3833 3766 3866 ι

2227 3911 2486 3966 Caverna:
2533 3912 2692 3981 hujus
2738 3914 2932 3969 lubrici
2978 3916 3142 3971 corda
3187 3915 3410 3970 fuerunt
3461 3914 3769 3985 iniquorum,

2226 4016 2345 4070 qua:
2372 4003 2499 4072 quia
2545 4003 2613 4057 ad
2662 4003 2985 4073 pravitatem
3028 4006 3305 4076 propriam
3358 4006 3547 4069 traxit,
3570 4001 3705 4074 quasi
3727 3999 3769 4053 in

2225 4109 2411 4149 eorum
2473 4093 2807 4150 habitatione
2883 4097 3151 4166 requievit
3199 4115 3213 4152 :
3262 4097 3360 4153 sed
3425 4079 3770 4152 obstetricante

2227 4200 2386 4240 manu
2414 4185 2647 4250 Domini,
2671 4194 2944 4241 tortuosos
2965 4186 3189 4243 coluber
3208 4186 3275 4243 de
3300 4187 3539 4258 propriis
3565 4179 3771 4242 cavernis

2226 4276 2482 4346 expulsus
2506 4284 2610 4341 est,
2641 4277 2769 4346 quia
2803 4276 3113 4332 dum‘nobis
3133 4277 3312 4332 divina
3344 4278 3519 4349 gratia
3546 4275 3768 4334 medetur.

552 4393 572 4428 s
605 4373 880 4445 Sapientia
912 4378 1198 4432 aedificavit
1240 4381 1339 4434 sibi
1373 4382 1613 4448 domum,
1654 4392 1709 4437 et
1734 4384 1893 4437 scidit
1920 4384 2123 4438 colum-

2230 4368 2276 4421 is
2297 4369 2389 4439 qui
2414 4384 2512 4423 nos
2544 4376 2794 4423 tenuerat
2815 4370 3069 4439 antiquus
3099 4370 3292 4439 hostis,
3324 4387 3355 4426 a
3388 4371 3545 4427 nobis
3573 4367 3769 4440 eiicitur.

547 4481 644 4524 nas
672 4476 880 4536 septem
905 4466 1086 4539 (Prov.
1125 4484 1200 4535 Ix,
1234 4471 1308 4539 l).
1339 4491 1357 4522 ι
1389 4474 1468 4526 Ac
1494 4474 1537 4525 si
1563 4489 1695 4544 ergo
1720 4475 1958 4530 diceret:
1987 4475 2122 4541 Quia

544 4570 649 4611 nec
675 4556 728 4609 in
760 4557 1030 4626 plerisque
1072 4557 1170 4627 ipsi
1201 4560 1508 4629 pertingere
1536 4563 1601 4615 ad
1634 4562 1930 4618 voluntatis
1969 4564 2127 4619 celsi-

548 4645 799 4700 tudinem
825 4646 1135 4716 prtevalent,
1168 4648 1259 4717 qui
1309 4646 1548 4715 ejusdem
1582 4652 1876 4706 voluntatis
1904 4654 2125 4721 praemia

546 4735 930 4791 denuntiantes
990 4739 1190 4791 vident.
1243 4738 1349 4793 Sed
1380 4739 1507 4809 ipsae
1558 4755 1773 4810 quoque
1824 4742 2123 4796 cmlestium

544 4826 796 4890 virtutes,
828 4843 947 4897 quae
993 4829 1137 4883 hunc
1165 4830 1286 4883 sine
1314 4832 1619 4885 cessatione
1665 4832 2040 4901 conspiciunt,
2070 4832 2126 4886 in

522 4910 665 4989 'ipsa
702 4933 798 4972 sua
826 4919 1276 4989 contemplatione
1310 4922 1768 4987 contremiscunt;
1805 4922 1899 4976 sed
1923 4923 2129 4976 eisdem

548 5016 755 5063 tremor
783 5009 995 5064 timoris
1023 5024 1130 5063 non
1159 5018 1264 5075 est,
1289 5011 1382 5065 sed
1408 5012 1804 5066 admirationis.
1834 5010 2125 5080 Sequitur:

517 5112 523 5123 λ
621 5099 786 5157 Vnus.
826 5101 912 5155 12.
938 5100 1012 5156 ‘In
1043 5102 1353 5171 fortitudine
1379 5104 1521 5157 illius
1550 5114 1758 5173 repente
1786 5105 1955 5158 maria
2003 5122 2130 5158 con-

549 5201 763 5261 gregata
811 5202 954 5260 sunt,
998 5204 1045 5248 et
1077 5193 1355 5263 prudentia
1397 5194 1529 5262 ’ejus
1554 5194 1807 5262 percussit
1829 5194 2128 5264 superbum.

551 5283 776 5349 —Quid
812 5284 953 5339 aliud
1003 5287 1170 5340 maris
1205 5287 1442 5349 nomine,
1475 5302 1639 5357 quam
1689 5303 1929 5355 prtescns
1961 5304 2131 5343 saecu-

552 5368 662 5398 Ιη...
711 5373 889 5398 .I..-:.._
902 5391 921 5398 -
935 5386 946 5398 .

2229 4464 2370 4518 sicut
2418 4465 2697 4519 incarnata
2747 4462 2964 4518 Veritas
3015 4464 3150 4520 dicit
3195 4482 3210 4518 :
3275 4482 3294 4518 ι
3352 4463 3509 4519 Nunc
3560 4461 3770 4533 princeps

2229 4554 2389 4623 hujus
2442 4556 2626 4610 mundi
2679 4555 2894 4625 cjicitur
2967 4553 3114 4610 foras
3194 4553 3379 4627 (Joan.
3444 4569 3557 4618 xn,
3610 4549 3765 4620 5i).s

2234 4645 2384 4700 Unde
2428 4644 2541 4714 jam
2580 4661 2721 4700 nunc
2747 4655 2964 4700 sanctos
3008 4661 3200 4701 omnes
3226 4662 3333 4700 non
3381 4643 3609 4701 tenendo
3632 4635 3769 4709 possi-

2229 4736 2349 4800 det,
2385 4735 2477 4789 sed
2508 4734 2762 4790 tentando
2789 4736 3150 4805 persequitur.
3184 4734 3315 4789 Nam
3340 4734 3464 4805 quia
3520 4734 3572 4787 in
3607 4730 3678 4785 eis
3704 4726 3768 4780 in-

2229 4826 2496 4881 trinsecus
2523 4844 2626 4883 non
2656 4837 2868 4898 regnat,
2890 4837 3077 4884 contra
3108 4842 3204 4884 eos
3226 4828 3562 4883 extrinsecus
3579 4826 3766 4896 pugna!-

2230 4916 2485 4993 Sequitur
2517 4938 2529 4973 :
3787 4908 3797 4923 ’

2300 5009 2462 5066 Vens.
2499 5013 2585 5068 14.
2620 5010 2755 5066 Ecce
2785 5013 2896 5067 Irrue
2945 5029 3011 5068 ea:
3053 5022 3201 5082 parte
3249 5012 3392 5067 dicta
3437 5018 3561 5066 sunt
3601 5009 3767 5064 υῦαηει

2232 5100 2370 5171 ejus,
2403 5111 2451 5155 et
2490 5120 2611 5156 cum
2640 5104 2726 5156 vix
2743 5120 2958 5173 parram
2999 5104 3195 5157 stillam
3224 5118 3518 5157 sermonum
3551 5100 3657 5170 ejus
3687 5108 3765 5148 al-

2229 5195 2477 5249 dierimus
2506 5235 2520 5259 ,
2562 5195 2677 5266 quis
2705 5195 2890 5263 poterit
2928 5195 3217 5249 tonitruum
3242 5189 3612 5263 magnitudinis
3651 5183 3766 5240 illi"

2230 5285 2419 5340 intueri
2435 5287 2539 5340 7—
2552 5287 2687 5352 Quid
2703 5288 2804 5340 hoc
2828 5286 2947 5340 loco
2961 5287 3167 5341 viarum
3190 5286 3420 5347 nomine,
3447 5282 3551 5337 nisi
3566 5277 3769 5334 actiones

2232 5376 2341 5398 τι---
2371 5379 2383 5398 ε
2429 5378 2441 5398 ε
2478 5377 2768 5398 ____n__.:o
2797 5375 2871 5398 ι’--
2890 5377 2942 5398 ..1-
2994 5387 3037 5398 -.
3075 5392 3167 5398 __-_
3204 5375 3505 5398 -_-..I-.........
3547 5368 3765 5398 nnmlnm
