3948 5398
203 391 314 448 3&7

937 383 1240 440 EPITOME
1272 383 1633 440 MORALIUM
1673 383 1730 438 S.
1774 383 1981 438 GREG.
2018 383 2085 437 IN
2126 384 2267 440 JOB.
2302 417 2370 426 -ο-
2408 387 2535 440 LIB.
2573 388 2750 442 XVIII.

3356 391 3459 446 3I8

200 520 307 573 qua
339 515 436 555 nos
463 497 720 560 condidit,
759 496 861 550 alia
890 511 998 565 qua
1031 498 1279 551 redemit.
1310 498 1383 550 Ea
1409 498 1589 565 itaque
1617 538 1631 562 ,
1657 513 1777 566 qua:
1804 501 1855 559 Α
1881 497 2170 549 tonitruum
2225 499 2602 565 magnitudinis
2631 499 2744 565 ejus
2789 500 3018 553 intueri?
3064 501 3140 556 Ac
3182 501 3228 555 si
3277 513 3461 572 aperte

201 603 268 648 de
301 592 511 646 Domini
543 589 756 643 actione
793 596 997 648 narrat,
1029 589 1257 642 extremi
1288 589 1472 657 judicii
1501 605 1780 658 compara-

199 683 349 738 tione
385 681 624 749 levigaus
665 680 757 732 ait.
803 677 937 730 Ecce
965 695 1029 732 ex
1073 690 1218 747 parte
1249 680 1389 731 dicta
1417 688 1536 732 sunt
1581 681 1782 732 viarum

199 774 340 841 ejus,
370 771 511 838 quod
540 777 594 822 et
613 784 825 834 part-am
854 767 1048 821 stillam
1074 785 1367 820 sermonum
1389 773 1502 837 ejus
1530 768 1778 837 appellat,

201 861 330 928 quia
361 857 620 928 quidquid
650 857 836 920 altum,
870 857 1126 925 quidquid
1153 857 1396 912 terribile
1446 859 1496 910 in
1530 858 1630 911 hac
1674 858 1783 911 vita

201 948 362 1017 positi
436 949 502 1002 de
559 947 674 1014 ejus
736 948 1169 1000 consideratione
1229 949 1604 1016 cognoscimus
1637 985 1677 1011 ,-
1716 963 1782 1000 ex

202 1039 572 1093 immensitate
601 1047 929 1092 secretorum
961 1037 1259 1092 caelestium
1293 1078 1305 1100 ,
1336 1038 1479 1090 velut
1510 1039 1686 1092 tenuis
1715 1037 1782 1091 ad

200 1143 299 1182 nos
345 1138 498 1197 gutta
546 1130 759 1198 superni
791 1128 1014 1198 liquoris
1041 1135 1278 1184 emanat.
1325 1129 1395 1182 Et
1438 1131 1552 1200 quis
1595 1131 1780 1199 poterit

1888 585 2029 639 dicat
2063 602 2074 636 :
2119 586 2174 640 Si
2201 587 2516 640 humilitatis
2544 588 2660 656 ejus
2707 587 3019 641 admiranda
3066 605 3153 643 \‘lx
3193 589 3420 645 ferimus
3445 634 3459 656 ,

1889 691 2140 729 sonorum
2169 686 2330 745 atque
2361 677 2651 731 terribilem
2679 677 2972 745 majestatis
2997 679 3112 746 ejus
3135 682 3421 738 adventum
3443 723 3460 747 ,

1891 786 1993 837 qua
2043 771 2237 824 virtute
2278 771 2658 826 tolerabimus?
2688 772 2839 828 Iquc
2879 775 3169 828 tonitruum
3201 776 3464 830 adventus

1892 859 2033 913 illius
2067 862 2230 914 etiam
2286 863 2451 916 David
2483 863 2759 931 psalmista
2807 865 3015 918 insonat
3053 865 3343 938 [intonat],
3378 867 3462 922 di-

1889 964 2017 1003 cens
2049 968 2060 1002 :
2105 968 2120 1000 ι
2159 951 2296 1004 Deus
2322 951 2605 1006 manifeste
2631 953 2832 1020 veniet,
2857 953 2997 1011 Deus
3029 964 3230 1021 noster,
3263 965 3320 1011 et
3355 971 3462 1010 non

1887 1039 2064 1092 silebit
2085 1038 2256 1109 (Psal.
2287 1057 2432 1105 XLII,
2461 1041 2538 1112 ὅ).
2583 1060 2603 1092 ι

203 1322 3447 1366 mw

1123 1493 1426 1570 LIBER
1485 1495 1951 1571 OCTAVUS

747 1821 977 1877 CAPUT
1012 1820 1106 1875 XX
1118 1821 1204 1876 VII

257 1912 435 1966 Vsus.
471 1911 524 1966 1.
559 1912 776 1966 Addidit
809 1929 1010 1981 quoque
1034 1913 1134 1965 Job
1175 1928 1444 1966 assumens
1475 1911 1782 1980 parabolam

191 2022 363 2066 suam,
393 2014 445 2059 et
471 2005 567 2058 ait.
602 2035 671 2046 —
699 2004 814 2069 Quo
839 2004 1078 2074 profecto
1106 2020 1263 2058 versu
1289 2005 1593 2058 ostenditur
1623 2003 1783 2070 hujus

186 2098 526 2153 sanctissimi
574 2097 675 2150 viri
725 2098 864 2150 dicta
915 2112 1074 2165 quam
1127 2097 1352 2166 mystice
1398 2097 1504 2149 sint
1529 2095 1778 2163 prolata,

187 2189 313 2243 dum
339 2188 679 2259 parabola‘id
708 2197 788 2241 est
811 2187 1105 2241 similitudo
1127 2195 1398 2255 assumpta
1431 2193 1686 2239 narratur
1715 2184 1783 2238 ab

187 2282 373 2350 eoqui
411 2281 544 2334 nihil
581 2281 806 2334 inferius
828 2297 922 2348 per
951 2281 1408 2348 comparationem
1463 2279 1544 2332 vel
1593 2277 1783 2332 simili-

186 2371 440 2426 tudinem
510 2370 767 2437 loquitur.
823 2371 903 2422 Ad
961 2385 1078 2423 eam
1141 2371 1323 2438 itaque
1375 2370 1780 2423 sivi-ilitudinem

184 2469 390 2516 cuncta
440 2459 703 2513 trahenda
740 2467 900 2517 sunt.
949 2475 1054 2528 qua
1101 2459 1329 2527 ﬁgurate
1358 2458 1594 2512 Ecclesia
1645 2459 1784 2511 desi-

186 2562 390 2623 gnatur
417 2593 430 2615 ,
463 2560 519 2605 et
560 2551 612 2604 in
645 2551 760 2619 ipso
783 2550 997 2618 quidem
1046 2548 1331 2602 locutionis
1375 2549 1596 2601 exordio
1640 2548 1782 2602 dicta

186 2651 380 2712 aperte
431 2641 640 2710 prolata
693 2649 859 2704 sunt,
917 2640 1011 2694 sed
1061 2638 1320 2707 subjectis
1367 2640 1784 2695 obscuritatibus

189 2733 570 2801 implicantur.
597 2731 856 2800 Sequitur
887 2749 900 2784 :

256 2824 433 2876 Vens.
467 2822 521 2875 2.
564 2819 692 2874 Vicit
725 2821 866 2874 Deus
893 2861 906 2884 ,
935 2821 1024 2892 qui
1055 2820 1266 2874 abstulit
1286 2821 1551 2890 judicium
1576 2837 1784 2885 meum;

187 2923 232 2967 et
265 2913 639 2982 Omnipotens,
667 2913 758 2982 qui
783 2913 851 2965 ad
875 2912 1283 2965 amaritudinem
1307 2913 1528 2965 adduxit
1551 2914 1784 2966 animam

187 3022 389 3059 meam.
417 3035 486 3046 —
513 3005 719 3071 Quibus
753 3005 1007 3058 nimirum
1042 3004 1221 3058 verbis
1249 3006 1440 3058 beatus
1465 3003 1564 3058 Job
1603 3013 1657 3058 et
1684 3019 1780 3057 sua

187 3107 425 3164 narrat,
477 3109 532 3152 et
563 3097 818 3171 Ecclesize
858 3107 1096 3166 tempora
1137 3096 1328 3151 alIIicta
1379 3098 1682 3168 signiﬁcat,
1727 3098 1779 3151 in

2031 1497 2508 1575 DECIMUS.

1813 1823 1859 1882 B
1887 1835 1982 1874 eos
2027 1821 2118 1889 qui
2166 1821 2460 1890 loquuntur
2509 1825 2845 1879 mendacium
2879 1827 3052 1899 (Psal.
3081 1843 3136 1895 v,
3165 1829 3256 1902 7);
3305 1848 3326 1882 ι
3357 1827 3469 1887 hoc

1887 1924 2104 1977 quoque
2133 1911 2397 1965 mendacii
2432 1928 2600 1982 genus
2636 1913 2858 1982 perfecti
2885 1917 2984 1970 viri
3013 1933 3353 1988 summopere
3379 1919 3467 1975 fu-

1884 1999 2075 2068 giuut,
2122 2009 2182 2054 ut
2210 2016 2308 2054 nec
2348 2002 2454 2056 vita
2508 2003 2795 2072 cujuslibet
2843 2021 2941 2074 per
2965 2020 3150 2063 eorum
3197 2008 3467 2065 fallaciam

1884 2089 2224 2155 defendatur,
2260 2108 2357 2146 nec
2385 2108 2495 2147 suae
2517 2095 2710 2148 animae
2751 2104 3022 2162 noceant,
3054 2098 3180 2152 dum
3209 2107 3469 2168 praestare

1883 2182 2033 2234 carui
2066 2182 2311 2235 nituntur
2333 2184 2540 2238 alieme.
2592 2204 2610 2234 ›
2646 2184 2901 2254 Sequitur
2929 2204 2944 2241 :

1954 2269 2117 2324 Vens.
2143 2272 2192 2326 5.
2232 2273 2376 2325 Absit
2402 2291 2434 2326 a
2461 2291 2540 2326 me
2561 2285 2616 2326 ut
2633 2275 2806 2344 justas
2833 2293 2920 2330 vos
2948 2293 3059 2331 esse
3078 2277 3335 2347 judicent,
3366 2278 3463 2333 do-

1884 2376 1975 2413 nec
2011 2362 2255 2429 deficiam
2280 2379 2382 2415 non
2413 2364 2648 2417 recedam
2690 2366 2753 2418 ab
2778 2367 3075 2421 innocentia
3117 2385 3253 2422 mea.
3283 2399 3352 2409 —
3383 2368 3472 2426 Ab‘

1883 2452 2188 2506 innocentia
2218 2454 2413 2523 quippe
2446 2457 2753 2518 recederet,
2787 2458 2830 2510 si
2863 2459 3000 2512 bona
3047 2459 3112 2513 de
3143 2460 3302 2513 malis
3325 2459 3470 2515 aesti—

1884 2552 2075 2608 maret,
2108 2545 2396 2599 Salomone
2427 2557 2716 2600 attestante
2736 2550 2826 2616 qui
2860 2549 2936 2602 ait
2977 2567 2992 2604 :
3033 2567 3052 2600 ι
3086 2551 3186 2617 Qui
3205 2551 3471 2621 justiﬁcat

1884 2633 2107 2702 itnpium
2151 2645 2206 2689 et
2235 2637 2326 2704 qui
2356 2637 2943 2705 condetnnatjustum.
2985 2649 3216 2710 uterque
3261 2641 3469 2695 abomi-

1881 2726 2078 2780 nabilis
2104 2736 2187 2779 est
2211 2735 2336 2781 ante
2370 2728 2532 2782 Deum
2565 2728 2746 2799 (Prov.
2781 2745 2915 2793 xvu,
2943 2731 3053 2801 15).
3091 2750 3109 2782 ι
3153 2730 3291 2786 Sunt
3317 2746 3469 2787 nam-

1882 2832 1987 2886 que
2015 2818 2277 2881 nonnulli,
2312 2820 2402 2888 qui
2435 2820 2560 2873 dum
2593 2819 2874 2874 malefacta
2907 2822 3184 2875 hominum
3217 2822 3468 2881 laudibus

1883 2906 2134 2970 elferunt,
2165 2919 2364 2977 augent
2394 2924 2513 2977 qua:
2536 2910 2820 2978 increpare
2851 2910 3174 2966 debuerunt.
3207 2913 3343 2966 Hinc
3372 2928 3468 2982 per

1882 2996 2196 3064 prepbetam
2229 2997 2463 3050 dicitur:
2499 3017 2517 3049 ‹
2558 2996 2648 3052 Va:
2674 2998 2762 3066 qui
2791 3010 3057 3054 consuunt
3087 3000 3336 3070 pulvillos
3367 3002 3467 3058 sub

1882 3087 2030 3138 omni
2061 3084 2244 3138 cubito
2275 3101 2465 3140 manus
2485 3127 2500 3150 ,
2527 3081 2581 3140 et
2616 3087 2818 3142 faciunt
2843 3089 3129 3144 cervicalia
3158 3090 3260 3146 sub
3292 3091 3469 3163 capite

185 3187 393 3260 quibus
421 3196 608 3257 aperta
636 3186 926 3240 infidelium
955 3186 1256 3255 pervicacia
1282 3186 1562 3256 premitur,
1587 3193 1642 3240 et
1665 3202 1784 3255 per—
1809 3174 1854 3237 C
1885 3180 2149 3233 universa:
2174 3182 2351 3235 :etatis
2379 3179 2594 3250 (Ezecli.
2622 3198 2818 3247 χχχιιι,
2849 3183 2962 3253 l6).
2997 3183 3294 3254 Sequitur:

186 3277 493 3333 secutionis
521 3275 883 3331 amaritudine
905 3277 1269 3345 perturbatur.
1302 3277 1520 3331 Duobus
1549 3291 1783 3344 namque

185 3372 368 3428 modis
398 3371 637 3426 Ecclesia
666 3370 734 3424 ab
755 3369 1080 3424 adversariis
1113 3370 1306 3423 tentari
1338 3369 1509 3431 solet,
1543 3378 1600 3423 ut
1625 3369 1777 3422 vide-

187 3463 319 3517 licet
341 3461 785 3532 persecutionem
830 3471 922 3514 aut
952 3461 1128 3515 verbis
1159 3461 1394 3529 patiatur
1445 3469 1536 3514 aut
1569 3460 1778 3530 gladiis.

185 3553 343 3608 Nunc
373 3567 508 3607 vero
533 3553 598 3607 de
623 3567 682 3606 ea
715 3553 1094 3622 persecutione
1130 3552 1367 3621 loquitur
1389 3593 1404 3618 ,
1438 3554 1491 3606 in
1529 3567 1634 3621 qua
1675 3568 1782 3606 non

187 3643 410 3712 gladiis,
440 3644 533 3698 sed
563 3643 713 3696 falsis
741 3643 1131 3696 assertionibus
1154 3642 1454 3696 lacessitur.
1485 3643 1578 3697 Vir
1603 3642 1784 3711 itaque

187 3746 422 3788 sanctus
471 3741 673 3786 sancta:
703 3731 958 3785 Ecclesia:
1001 3741 1181 3801 typum
1205 3740 1462 3800 gestans,
1510 3741 1569 3785 ut
1616 3732 1782 3785 Deum

186 3839 311 3879 esse
335 3824 600 3887 fateatur,
634 3823 749 3876 ait:
789 3821 926 3874 Vivit
961 3821 1121 3874 Deus.
1157 3821 1228 3876 Ut
1250 3837 1378 3876 vero
1405 3837 1492 3876 res
1519 3822 1783 3876 humanas

189 3930 318 3970 eum
355 3928 557 3968 curare
586 3913 916 3983 perhiberet,
946 3911 1185 3966 subdidit
1215 3928 1228 3965 :
1261 3911 1366 3975 Qui
1403 3911 1615 3964 abstulit
1633 3911 1784 3980 judi—

193 4005 334 4057 cium
392 4018 564 4054 meum
593 4041 608 4066 ,
648 4011 696 4055 et
726 4003 794 4054 ad
839 4001 1244 4054 amaritudinem
1286 4001 1506 4054 adduxit
1552 4003 1782 4054 animam

188 4109 392 4147 meam.
417 4092 522 4145 Ista
550 4092 691 4145 enim
720 4106 838 4160 qua:
871 4093 1096 4160 patitttr,
1126 4105 1228 4144 non
1257 4106 1386 4144 casu
1433 4106 1492 4146 se
1535 4091 1739 4161 perpeti
1766 4132 1781 4156 ,

189 4183 286 4237 sed
326 4183 445 4236 Deo
474 4183 655 4236 omnia
702 4183 1020 4251 disponente
1047 4222 1062 4246 ,
1096 4190 1360 4248 testatur;
1407 4197 1475 4237 ne
1527 4183 1782 4262 tentatori

192 4285 292 4324 suo
323 4271 709 4325 amaritudinis
727 4286 835 4326 sua:
862 4279 1187 4341 potestatem
1210 4271 1418 4336 tribuit,
1436 4273 1528 4327 sed
1550 4272 1778 4328 auctori.

196 4359 464 4430 Sequitur
505 4376 520 4414 :

265 4449 438 4506 Vens.
470 4452 526 4516 5,
551 4453 604 4506 ι.
636 4451 774 4516 Quia
806 4451 970 4505 donec
996 4461 1225 4521 superest
1266 4452 1462 4506 halitus
1496 4451 1552 4504 in
1589 4467 1700 4516 me,
1731 4461 1781 4506 et

1955 3270 2120 3324 Vsus.
2155 3270 2208 3324 6.
2260 3271 2700 3340 Justiﬁcationem
2741 3291 2912 3328 meam
2952 3276 3075 3344 quia
3104 3277 3232 3344 ccepi
3273 3285 3466 3342 tenere,

1882 3379 1988 3416 non
2029 3361 2288 3414 deseram.
2336 3391 2408 3402 —
2448 3362 2692 3432 C(cptam
2745 3379 2977 3432 namque
3023 3365 3468 3434 justiﬁcationem

1882 3451 2182 3516 desereret,
2228 3451 2274 3506 si
2324 3451 2377 3505 in
2418 3453 2769 3520 peccantium.
2802 3453 2959 3508 laude
2999 3454 3314 3509 declinaret.
3369 3447 3469 3510 Se-

1881 3543 2110 3610 quitur:
2146 3541 2327 3613 Neque
2375 3544 2512 3596 enim
2557 3545 2883 3612 reprehendit
2931 3561 3012 3598 me
3056 3563 3147 3598 cor
3198 3562 3369 3600 meum
3408 3547 3470 3601 iis

1881 3632 2023 3684 omni
2052 3632 2154 3685 vita
2191 3649 2330 3685 mea.
2354 3661 2426 3672 —
2447 3633 2525 3685 Ac
2556 3632 2599 3685 si
2635 3642 2820 3701 aperte
2842 3633 3018 3687 dicat:
3048 3632 3153 3688 Pro
3178 3634 3332 3688 vobis
3358 3651 3466 3689 non

1883 3721 2052 3775 debeo
2087 3723 2153 3777 ad
2193 3723 2403 3791 culpam
2449 3723 2711 3790 pertrahi,
2755 3723 2847 3792 qui
2877 3739 3103 3790 peccare
3138 3724 3192 3777 in
3233 3723 3467 3794 propriis

1881 3809 2186 3864 formidavi.
2223 3811 2511 3866 Sciendum
2539 3826 2668 3865 vero
2693 3820 2776 3865 est
2813 3812 2956 3880 quod
2983 3812 3230 3880 quisquis
3265 3828 3295 3865 a
3321 3827 3464 3881 prte-

1881 3903 2052 3972 ceptis
2097 3903 2395 3958 Dominicis
2425 3904 2698 3958 discordat
2747 3919 2930 3972 opere,
2958 3907 3168 3972 quoties
3194 3919 3259 3960 ea
3292 3905 3466 3971 audit,

1881 3994 2044 4048 corde
2071 4009 2169 4048 suo
2199 3995 2608 4063 reprehenditur
2646 4001 2809 4062 atque
2849 3993 3214 4058 confunditur,
3245 3994 3371 4063 quia
3407 3993 3464 4050 id

1885 4085 2028 4154 quod
2058 4100 2164 4138 non
2205 4083 2397 4139 fecerit
2443 4093 2800 4138 memoratur.
2848 4081 2982 4136 Nam
3029 4083 3082 4136 in
3117 4099 3224 4152 quo
3248 4097 3465 4138 errasse

1881 4175 2212 4236 considerat,
2286 4173 2398 4242 ipsa
2449 4187 2508 4226 se
2556 4172 2890 4226 conscientia
2934 4171 3163 4226 latenter
3215 4180 3458 4227 accusat.

1883 4271 2035 4326 Unde
2082 4271 2246 4324 David
2290 4272 2548 4340 propheta
2586 4279 2841 4339 precatur
2870 4270 3091 4324 dicens:
3126 4287 3144 4318 ι
3174 4267 3325 4321 Tunc
3354 4278 3464 4318 non

1879 4359 2197 4423 confundar,
2261 4361 2387 4413 dum
2443 4360 2677 4428 respicio
2719 4360 2774 4413 in
2829 4359 3010 4414 omnia
3059 4357 3314 4412 mandata
3369 4362 3462 4409 tua

1884 4450 2054 4524 (Psal.
2097 4467 2280 4516 cxvm,
2318 4451 2394 4516 6).
2427 4471 2444 4504 ι
2489 4450 2737 4506 Graviter
2800 4465 3034 4519 namque
3092 4447 3464 4516 unusquisque

194 4527 416 4609 spiritus
442 4515 538 4594 Dei
562 4541 617 4593 in
641 4515 853 4593 naribus
884 4542 1032 4604 meis,
1059 4515 1176 4594 non
1206 4539 1482 4608 loquentur
1502 4538 1640 4593 labia
1665 4515 1780 4593 mea
1811 4515 1858 4574 θ
1884 4515 2248 4605 confunditur,
2283 4515 2496 4610 quando
2537 4541 2788 4595 mandata
2835 4541 2928 4595 Dei
2947 4515 3055 4594 'vel
3092 4515 3336 4608 legendo,
3376 4533 3463 4590 vel

193 4633 532 4701 iniquitatem
558 4673 573 4697 ,
621 4649 712 4685 nec
741 4632 922 4701 lingua
970 4633 1307 4686 meditabitur
1333 4623 1682 4686 mendacium.
1714 4662 1783 4673 -—-

195 4721 358 4788 Quod
390 4723 541 4791 prius
575 4723 917 4791 iniquitatem
945 4763 961 4788 ,
1013 4724 1116 4776 hoc
1141 4723 1483 4792 postmodum
1532 4733 1784 4794 repetens

197 4812 548 4866 mendacium
571 4813 724 4864 dixit.
743 4811 873 4864 Nam
903 4820 957 4864 et
981 4827 1140 4866 omne
1172 4812 1784 4882 mendaciuminiquitas

192 4908 306 4980 est,
337 4910 393 4955 et
420 4902 597 4956 omnis
625 4901 877 4970 iniquitas
901 4903 1256 4967 mendacium,
1286 4903 1411 4972 quia
1447 4903 1686 4973 profecto
1715 4904 1784 4959 ab

197 4991 454 5059 aequitate
478 4991 749 5059 discrepat
774 4992 1030 5060 quidquid
1060 5007 1088 5045 a
1119 4993 1342 5048 veritate
1364 4995 1652 5049 discordat.
1678 4995 1784 5050 Sed

199 5079 352 5135 inter
377 5081 476 5136 hoc
503 5083 644 5151 quod
687 5083 761 5134 ait
793 5083 934 5152 loqui
962 5125 976 5149 ,
1017 5085 1356 5152 postmodum
1386 5086 1623 5140 subdidit
1667 5100 1785 5140 me-

196 5171 391 5238 ditari,
419 5189 611 5242 magna
643 5174 896 5227 distantia
918 5185 1020 5230 est.
1046 5175 1435 5244 Nonnunquam
1464 5179 1604 5232 enim
1632 5177 1787 5247 pejus

182 5269 270 5313 est
311 5263 666 5316 mendacium
717 5259 984 5329 meditari,
1041 5281 1204 5334 quam
1249 5264 1414 5333 loqui.
1463 5266 1594 5320 Nam
1636 5267 1783 5335 loqui

180 5345 338 5372 σιὶΑ--ο
363 5366 409 5372 ...
426 5365 486 5372 _..

1884 4633 2151 4686 audiendo
2199 4633 2439 4702 respicit,
2481 4648 2603 4702 qua:
2655 4633 2890 4686 vivendo
2937 4631 3281 4698 contempsit.
3323 4626 3464 4683 Hinc

1881 4724 2107 4780 Joannis
2134 4740 2268 4780 voce
2315 4726 2513 4780 dicitur
2545 4744 2559 4779 :
2597 4744 2616 4776 ι
2647 4725 2704 4780 Si
2734 4741 2830 4779 cor
2851 4733 3092 4778 nostrum
3124 4738 3231 4777 non
3273 4734 3462 4788 repre-

1884 4817 2134 4871 henderit
2157 4832 2278 4881 nos,
2316 4816 2568 4870 ﬁduciam
2600 4815 2864 4869 habemus
2906 4815 2973 4868 ad
3011 4813 3181 4868 Deum
3222 4810 3273 4880 (1
3295 4809 3458 4862 Joan.

1883 4924 1970 4972 ιιι,
2014 4911 2128 4976 2i).
2161 4928 2179 4960 ι
2225 4908 2334 4962 Et:
2378 4925 2396 4958 ι
2426 4906 2695 4976 Quidquid
2737 4905 3091 4975 petierimus,
3137 4900 3464 4966 accipiemus

1887 5000 2067 5070 (Joan.
2094 5015 2215 5064 xm,
2249 5000 2358 5069 14).
2390 5017 2408 5050 ι
2435 5000 2514 5052 Ac
2543 5000 2587 5053 si
2615 4997 2849 5052 diceret:
2881 4995 2938 5050 Si
2967 4998 3021 5051 id
3050 4993 3190 5063 quod
3217 4988 3462 5058 praecipit

1886 5087 2147 5153 facimus,
2186 5089 2238 5142 id
2280 5087 2422 5158 quod
2456 5089 2689 5156 petimus
2734 5085 3061 5140 obtinemus.
3103 5079 3268 5134 Valde
3310 5091 3464 5130 nam.

1885 5193 1993 5247 que
2039 5181 2150 5233 haec
2193 5178 2336 5246 apud
2388 5177 2556 5231 Deum
2603 5185 2827 5244 utraque
2853 5175 2958 5228 sibi
3006 5169 3307 5228 necessario
3333 5181 3467 5221 con-

1887 5280 2104 5339 gruunt,
2135 5277 2194 5322 ut
2218 5278 2274 5323 et
2300 5269 2550 5325 oratione
2575 5265 2820 5338 operatio
2847 5273 2903 5316 et
2929 5260 3242 5334 Operatione
3278 5256 3466 5311 fulcia-

2239 5360 2322 5378 n’-
2368 5374 2472 5378 ._--_4
2517 5362 2529 5374 ⁸
2623 5364 2750 5378 κη--.
2793 5367 2893 5378 ’.α-Α
2927 5361 3084 5378 ικ-ι-ΙΛ
3116 5365 3142 5378 η
3175 5349 3338 5378 ΛΛΙΙΑΔ
3367 5351 3468 5378 ΩΙΙΑ
