3948 5398
504 283 610 335 δίει
1492 290 1551 347 S.
1590 289 1840 349 ODONIS
1879 285 2167 340 ABBATIS
2206 287 2705 346 CLUNIACENSIS
2744 287 2787 344 ῐῙ
3640 290 3721 344 520

505 402 626 447 cata
656 409 777 465 quae
804 413 833 452 a
872 399 1035 472 justis
1072 387 1228 457 vitari
1270 416 1526 474 possunt,
1551 412 1630 467 et
1664 411 1789 458 sunt
1822 401 2093 468 nonnulla,
2126 408 2176 466 Α
2202 402 2469 456 desideria
2517 418 2750 472 superna
2801 415 2907 456 non
2956 399 3261 471 prodeunt,
3325 414 3480 469 quam
3527 399 3725 470 profecto

506 496 630 551 qua:
655 488 815 541 etiam
862 505 892 543 a
924 491 1087 560 justis
1112 492 1271 547 vitari
1312 508 1417 548 non
1460 503 1701 562 possunt.
1736 491 1885 547 Mens
1917 492 2095 561 itaque
2199 492 2369 560 spina:
2403 492 2608 547 terreni
2655 491 2859 546 amoris
2887 500 3161 561 premunt.
3198 490 3272 544 De
3306 504 3410 560 quo
3438 500 3605 559 aperte
3629 491 3729 545 sub-

508 570 780 641 iustorum
817 580 919 634 etsi
948 580 1117 636 libera
1150 591 1232 637 est
1260 598 1288 637 a
1314 598 1570 653 perverso
1596 598 1781 653 opere,
1806 582 2097 652 aliquando
2198 582 2345 637 ditur
2389 599 2403 635 :
2444 580 2511 634 Et
2559 582 2803 635 invocare
2847 581 3131 636 Dominum
3168 582 3221 634 in
3263 582 3403 634 omni
3433 591 3653 648 tempore.
3677 611 3730 622 —

509 669 691 719 tamen
721 669 926 723 corruit
950 687 1005 725 tn
1033 688 1287 740 perversa
1325 674 1673 744 cogitatione.
1705 674 1772 728 Et
1794 676 1846 729 in
1875 683 2097 745 peccato
2200 671 2351 728 Tunc
2380 673 2580 743 quippe
2622 673 2790 727 Deum
2840 671 3123 742 hypocrita
3181 670 3413 734 invocat,
3462 685 3575 724 cum
3617 669 3731 726 hunc

510 769 641 826 ergo
677 757 911 826 labitur,
944 764 1069 832 quia
1101 764 1290 819 saltem
1332 766 1385 819 in
1428 766 1755 833 cogitatione
1796 766 2099 820 declinatur
2201 774 2543 821 terrenarum
2571 782 2751 821 rerum
2781 765 3057 820 tribulatio
3096 773 3368 835 angustat.
3399 762 3524 816 Nam
3550 780 3654 818 cum
3688 764 3732 819 in

511 852 568 897 et
600 853 780 902 tamen
829 851 973 906 unde
1020 854 1366 923 semetipsam
1414 854 1753 924 postmodum
1799 853 1976 909 ﬂendo
2014 870 2100 908 re-
2200 854 2533 931 hoc.s:eculo
2581 853 2829 908 eli‘ectum
2889 854 3129 923 qutcsitze
3179 851 3449 907 felicitatis
3491 852 3732 916 invenerit,

510 935 814 1002 prehendat
840 955 944 994 non
973 942 1157 1007 habet,
1191 944 1316 1011 quia
1345 952 1470 997 ante
1499 958 1558 999 se
1581 951 1798 1015 reparat
1821 959 1981 1013 quam
2004 956 2101 1014 per
2200 953 2479 998 auctorem
2524 943 2637 1013 qui'
2666 944 2805 998 hanc
2850 942 3021 1015 ipsam
3072 941 3382 996 felicitatem
3433 939 3608 994 tribuit
3650 955 3735 994 non

517 1039 843 1082 consensum
869 1030 1047 1085 cadat.
1082 1031 1342 1101 Sequitur
1369 1048 1385 1086 :
2199 1034 2411 1103 qtnerit.
2451 1034 2706 1105 Sequitur
2734 1052 2747 1088 :

586 1114 753 1172 Vens.
782 1120 834 1172 7.
884 1119 1028 1175 Sicut
1069 1123 1260 1191 impius
1287 1123 1528 1178 inimicus
1570 1141 1716 1178 meus
1735 1164 1750 1186 ,
1781 1132 1828 1178 et
1855 1123 2099 1178 adversa-
2272 1123 2437 1179 Vens.
2470 1126 2557 1179 11.
2601 1124 2806 1179 Docebo
2836 1143 2923 1179 vos
2952 1142 3045 1195 per
3072 1141 3286 1179 manum
3317 1123 3435 1186 Dei,
3459 1139 3569 1192 qute
3591 1119 3739 1174 Omni;

514 1204 628 1259 rius
660 1223 803 1260 meus
839 1210 992 1278 quasi
1017 1211 1247 1282 iniquus.
1274 1212 1414 1265 —ln
1444 1228 1601 1268 sacro
1644 1212 1859 1282 eloquio
1887 1214 2019 1266 sicut
2046 1221 2102 1267 et
2198 1224 2379 1285 potens
2426 1214 2634 1279 habeat,
2688 1230 2778 1267 nec
2831 1213 3169 1267 abscondam.
3198 1242 3268 1251 —
3310 1211 3400 1265 Sic
3440 1211 3621 1264 beatus
3660 1208 3739 1265 Job

512 1299 687 1367 quasi,
712 1300 1231 1373 nonaliquandopro
1253 1304 1862 1376 similitudineponitur,
1894 1306 2101 1374 sedpro
2202 1304 2443 1374 loquitur
2490 1305 2673 1359 verbis
2717 1305 2855 1369 suis,
2895 1314 2953 1359 ut
2985 1304 3185 1374 aliquid
3228 1302 3405 1373 signet
3449 1316 3511 1355 ex
3558 1301 3737 1354 nostris.

513 1386 764 1443 veritate.
799 1389 950 1445 Unde
974 1402 1057 1447 est
1088 1393 1218 1449 illud
1250 1412 1263 1448 :
1303 1414 1321 1446 ι
1352 1395 1420 1449 Ει
1442 1396 1677 1452 vidimus
1711 1397 1937 1466 gloriam
1960 1395 2097 1468 ejus,
2202 1394 2337 1469 Nam
2369 1402 2553 1449 sancta
2584 1394 2822 1448 Ecclesia
2863 1395 3062 1449 docens
3094 1393 3145 1446 in
3172 1402 3434 1461 quantum
3458 1403 3746 1461 cognoscere

513 1474 740 1546 gloriam
764 1481 916 1548 quasi
946 1481 1213 1555 Unigeuiti
1239 1500 1268 1538 a
1299 1485 1462 1539 Patre
1495 1485 1678 1556 (Joan.
1706 1502 1746 1553 ι,
1777 1487 1886 1556 14),
1916 1506 1935 1539 ι
1963 1487 2104 1541 unde
2202 1482 2439 1552 expedit,
2493 1483 2567 1536 nil
2605 1483 2854 1538 veritatis
2883 1481 3357 1548 absconditaQuia
3404 1481 3546 1534 enim
3590 1493 3747 1533 manus

513 1573 573 1620 et
599 1566 686 1622 hic
741 1570 877 1623 sicut
910 1580 963 1625 et
989 1574 1141 1643 quasi
1187 1590 1288 1644 pro
1332 1574 1689 1632 allirmatione
1732 1578 1915 1646 potius
1938 1592 2101 1647 quam
2203 1573 2297 1626 Dei
2354 1582 2590 1628 vocatur
2638 1572 2817 1636 ﬁlius,
2887 1591 2905 1624 ε
2962 1573 3140 1629 omnia
3215 1574 3414 1643 quippe
3473 1587 3563 1642 per
3607 1570 3746 1640 ipsum

514 1669 617 1725 pro
653 1658 1005 1716 similitudine
1034 1662 1235 1717 dictum
1264 1666 1496 1720 videtur.
1526 1666 1674 1720 inter
1717 1668 1940 1737 impium
1969 1683 2099 1724 vero
2204 1662 2347 1719 facta
2378 1673 2504 1719 sunt
2532 1662 2714 1735 (Joan.
2739 1681 2782 1728 ι,
2814 1663 2869 1734 5)
2900 1681 2914 1720 :
2952 1683 2972 1715 ›
3013 1680 3106 1733 per
3130 1680 3343 1717 manum
3379 1662 3477 1716 Dei
3506 1662 3681 1716 docere
3702 1674 3746 1714 se

518 1753 576 1797 et
625 1745 867 1816 iniquum
925 1749 1029 1806 hoc
1075 1752 1282 1809 distare
1334 1770 1723 1825 nonnunquam
1766 1757 1927 1823 solet,
1971 1758 2099 1827 quia
2129 1748 2177 1807 B
2206 1756 2456 1826 perhibet
2504 1771 2599 1811 eos
2630 1743 2767 1825 quos
2816 1756 2868 1809 in
2922 1754 3138 1825 propria
3186 1753 3458 1824 sapientia
3512 1764 3749 1806 remanere

515 1838 697 1893 omnis
733 1839 933 1910 impius
961 1843 1200 1913 iniquus,
1226 1861 1334 1899 non
1358 1854 1537 1901 tamen
1563 1848 1740 1902 omnis
1778 1849 1994 1918 iniquus
2021 1858 2106 1904 est
2208 1844 2389 1902 fatuos
2416 1845 2656 1901 videbat.
2696 1845 2775 1901 Ac
2823 1845 2868 1900 si
2902 1854 3092 1915 aperte
3128 1844 3307 1898 dicat:
3352 1843 3468 1914 Ego
3489 1856 3552 1895 ex
3582 1856 3658 1895 me
3676 1838 3749 1892 ali-

517 1927 736 1998 impius.
784 1931 985 2000 impius
1028 1934 1172 1988 enim
1215 1951 1316 2004 pro
1359 1935 1562 1990 inﬁdeli
1596 1939 1832 2006 ponitur,
1872 1937 1924 1991 id
1962 1947 2045 1992 est
2073 1952 2103 1991 a
2207 1937 2337 2006 quid
2378 1938 2589 2002 nescio,
2613 1937 2706 1992 sed
2738 1936 2999 2006 quidquid
3022 1952 3087 1991 ex
3110 1935 3339 1990 veritate
3362 1934 3561 1996 sentio,
3586 1932 3673 1986 hoc
3701 1930 3749 1984 de

516 2016 720 2088 pietate
764 2020 1045 2091 religionis
1079 2023 1320 2090 alienus;
1357 2024 1572 2094 iniquus
1599 2041 1729 2081 vero
1766 2026 1983 2091 dicitur,
2012 2026 2105 2096 qui
2208 2024 2454 2095 ejusdem
2484 2026 2729 2079 veritatis
2753 2025 3003 2094 largitate
3030 2021 3454 2091 comprehendo.
3495 2018 3749 2088 Sequitur:

517 2110 791 2179 pravitate
831 2114 1013 2182 operis
1043 2115 1113 2169 ab
1153 2116 1409 2185 aequitate
1438 2117 1732 2182 discordat,
1780 2118 1865 2173 vel
1902 2119 1946 2173 si
1994 2118 2107 2172 for—
2276 2112 2440 2168 Vens.
2477 2114 2563 2168 12.
2592 2113 2728 2167 Ecce
2750 2130 2835 2167 vos
2861 2128 3038 2166 omnes
3062 2111 3246 2173 nostis,
3270 2119 3315 2163 et
3337 2108 3468 2179 quid
3497 2108 3602 2162 sine
3627 2121 3753 2158 causa

519 2205 670 2254 ta‘sse
694 2200 1020 2258 Christiana:
1066 2203 1193 2259 ﬁdei
1241 2221 1435 2260 nomen
1474 2216 1673 2277 portat.
1716 2206 1915 2262 Beatus
1941 2208 2103 2280 igitur
2205 2201 3023 2272 vanaloquiminN—Scriptum
3042 2208 3125 2255 est
3158 2213 3173 2253 :
3214 2197 3463 2252 «Servus
3488 2195 3575 2265 qui
3598 2208 3748 2265 cogno-

515 2287 618 2345 Job
650 2306 781 2347 voce
809 2293 985 2363 typica
1030 2304 1231 2349 sauctte
1280 2294 1554 2361 Ecclesiae,
1586 2296 1712 2364 quia
1760 2284 1895 2353 alios
1942 2307 2105 2353 rectas
2205 2294 2283 2348 vit
2310 2292 2890 2348 voluntatemdomini
2947 2291 3029 2347 sui
3082 2299 3135 2345 et
3164 2304 3270 2344 non
3335 2287 3473 2342 fecit
3505 2286 3753 2341 secundum

520 2380 646 2436 ﬁdei
673 2385 1107 2439 contradicentes
1141 2385 1354 2451 tolerat,
1385 2387 1613 2457 impium
1654 2404 1713 2443 sc
1741 2389 1940 2444 habere
1968 2389 2105 2444 late-
2204 2386 2539 2440 voluntatem
2578 2382 2715 2452 ejus,
2744 2382 3023 2454 vapulabit
3071 2380 3280 2435 multis.
3331 2377 3441 2445 Qui
3479 2385 3647 2431 autem
3673 2388 3754 2427 non

521 2479 613 2525 tur
658 2473 958 2530 inimicum.
1010 2475 1145 2542 Quia
1189 2491 1320 2531 vero
1362 2477 1499 2532 alios
1538 2480 1637 2533 sub
1679 2488 1943 2548 prtetextu
1981 2479 2103 2535 ﬁdei
2206 2476 2461 2545 cognovit
2487 2482 2681 2529 etnon
2711 2472 2839 2526 fecit
2867 2471 3052 2542 digna,
3090 2469 3264 2539 plagis
3291 2464 3572 2536 vapulabit
3604 2461 3754 2532 paucis

520 2562 666 2617 intus
709 2565 916 2632 positos
954 2566 1007 2620 in
1058 2567 1243 2637 pravis
1280 2569 1539 2638 operibus
1590 2571 1814 2639 patitur,
1863 2571 2106 2641 iniquum
2209 2566 2360 2637 (Luc.
2390 2582 2484 2629 xit,
2510 2565 2620 2635 47).
2654 2585 2673 2618 ι
2717 2563 3035 2633 Rursusque
3079 2562 3339 2631 scriptum
3374 2566 3500 2613 est:
3539 2575 3556 2606 ‹
3588 2552 3751 2641 Scienti

524 2652 898 2708 adversarium
946 2670 1105 2710 suum
1151 2657 1449 2712 detestatur
1480 2656 1779 2731 [testatur].
1823 2659 1879 2713 Si
1928 2640 2108 2715 autem
2210 2656 2374 2726 igitur
2423 2656 2621 2710 bonum
2666 2662 2721 2709 et
2778 2668 2882 2707 non
2936 2651 3189 2715 facienti,
3238 2657 3525 2720 peccatum
3583 2652 3656 2699 est
3696 2640 3754 2696 illi

520 2744 657 2798 sicut
687 2753 743 2798 et
765 2747 920 2816 quasi
945 2756 1162 2816 oportet
1197 2758 1257 2803 ut
1287 2750 1459 2821 magis
1490 2764 1589 2819 pro
1629 2751 1990 2806 similitudine
2018 2768 2110 2822 po-
2164 2764 2169 2769 '
2214 2746 2356 2818 (Jac.
2400 2762 2477 2812 IV,
2519 2745 2632 2816 17).
2683 2764 2701 2797 ι
2745 2745 2828 2799 Ad
2881 2741 3103 2812 maioris
3140 2756 3270 2811 81⁸80
3315 2741 3492 2811 ουΙΡω
3525 2735 3756 2794 cumulum

522 2835 626 2890 sita
657 2837 978 2903 sentiamus,
1009 2849 1194 2893 sancta
1225 2840 1467 2895 Ecclesia
1492 2856 1629 2909 quos
1652 2841 1897 2896 viventes
1925 2857 2113 2897 carna-
2213 2840 2398 2895 hostes
2424 2853 2550 2892 suos
2578 2844 2761 2891 sancta
2819 2834 3060 2891 Ecclesia
3093 2833 3363 2904 perhibet,
3398 2841 3454 2888 et
3485 2832 3618 2887 scire
3658 2826 3757 2898 quid

524 2925 648 2981 liter
668 2927 809 2981 intra
838 2944 895 2984 se
918 2929 1132 2993 tolerat,
1158 2931 1909 3003 de-similitudineimpiorum
1936 2943 2110 2989 notat.
2217 2932 2369 3001 sequi
2415 2931 2668 2997 debeant,
2729 2936 2785 2983 et
2828 2927 2984 2998 sequi
3046 2925 3190 2982 nolle
3245 2924 3395 2995 quod
3452 2924 3641 2979 sciunt.
3684 2918 3759 2975 Se-

523 3014 673 3070 lnlus
699 3017 896 3088 quippe
925 3019 1179 3074 inimicus
1208 3028 1310 3084 est,
1344 3021 1436 3090 qui
1470 3021 1679 3077 ﬁdelem
1710 3037 1769 3076 se
1804 3023 1931 3077 dum
1961 3023 2106 3077 allir-
2217 3024 2445 3093 quitur:
2498 3076 2501 3077 ν
2547 3007 2550 3010 ’

526 3116 642 3161 mat
664 3109 913 3175 vocibus,
945 3111 1188 3166 moribus
1223 3122 1402 3183 negat.
1432 3112 1691 3182 Sequitur
1718 3130 1732 3167 :
2134 3099 2178 3161 Ο
2282 3115 2445 3170 Vens.
2484 3113 2570 3168 15.
2613 3112 2743 3168 Iltec
2768 3122 2842 3167 est
2869 3128 2991 3182 pars
3018 3111 3243 3165 hominis
3269 3110 3419 3181 impii
3442 3108 3582 3179 apud
3607 3106 3758 3166 Dem.

602 3198 767 3253 Vens.
802 3200 856 3255 8.
900 3198 1033 3265 Qua:
1051 3202 1188 3255 enim
1210 3218 1323 3271 spes
1346 3203 1645 3272 hypocritte,
1670 3204 1716 3256 si
1737 3221 1892 3258 avare
1915 3205 2106 3274 rapiat,
2210 3215 2259 3261 et
2286 3206 2563 3260 Iuereditas
2596 3202 2937 3258 violentorum
2964 3216 3123 3272 quam
3153 3199 3217 3253 ab
3249 3200 3602 3267 omnipotente
3625 3192 3762 3249 susti-

527 3296 576 3341 et
628 3305 729 3343 non
759 3290 938 3345 liberet
966 3291 1106 3345 Deus
1137 3293 1367 3345 animam
1413 3292 1568 3361 ejus?
1597 3323 1666 3333 -—
1697 3292 1986 3364 Hypocrita
2016 3295 2105 3364 qui
2210 3294 2617 3366 piem—Quam
2646 3292 2889 3363 prolecto
2920 3300 3129 3362 partem
3166 3289 3641 3356 haereditatemque
3660 3296 3761 3355 pro-

528 3377 720 3433 Latina
750 3381 930 3451 lingua
961 3381 1161 3435 dicitur
1199 3381 1504 3447 simulator,
1529 3382 1710 3452 justus
1744 3400 1848 3437 non
1876 3399 1996 3439 esse
2022 3400 2110 3455 ap-
2215 3385 2359 3440 tinus
2387 3384 2649 3447 insinuat,
2673 3398 2795 3438 cum
2825 3380 3100 3451 subjungit
3131 3397 3146 3432 :

426 3552 430 3557 γ
529 3468 689 3539 petit,
720 3471 814 3523 sed
860 3471 1055 3536 videri,
1096 3480 1153 3525 et
1196 3473 1398 3528 idcirco
1437 3489 1635 3528 avarus
1668 3470 1854 3544 raptor
1880 3486 1983 3541 est,
2018 3479 2106 3545 qui
2286 3473 2450 3529 Vens.
2484 3474 2570 3528 14.
2604 3470 2662 3528 Si
2686 3471 3018 3541 multiplicati
3044 3469 3237 3540 fuerint
3264 3467 3364 3537 ﬁlii
3387 3467 3526 3538 ejus,
3552 3466 3604 3518 in
3622 3461 3775 3557 gladio

529 3557 657 3612 dum
704 3558 885 3629 iniqua
924 3560 1054 3630 agit.
1102 3560 1371 3616 desiderat
1412 3563 1478 3617 de
1522 3562 1808 3617 sanctitate
1843 3566 2108 3630 venerari,
2211 3576 2383 3631 erunt,
2420 3577 2467 3620 et
2499 3576 2707 3636 nepotes
2732 3566 2847 3635 ejus
2877 3580 2981 3618 non
3003 3562 3385 3617 saturabuntur
3407 3577 3563 3632 pane.
3591 3555 3763 3610 —Non

532 3647 743 3706 laudent
776 3652 898 3707 vitae
927 3653 1069 3723 rapit
1110 3653 1341 3709 alienae:
1376 3656 1467 3725 qui
1509 3656 1633 3710 dum
1675 3656 1959 3725 praesentia
1983 3655 2113 3711 'dili-
2213 3657 2449 3712 absurde
2497 3656 2646 3725 impii
2692 3664 2955 3709 vocantur
2996 3652 3235 3708 haeretici
3268 3652 3360 3722 qui
3413 3667 3513 3722 per
3561 3660 3765 3706 errorem

531 3742 629 3811 git,
659 3742 1083 3800 l'uturaminime
1111 3756 1314 3816 sperat.
1349 3746 1647 3817 Sequitur:
2213 3746 2365 3817 pravi
2414 3745 2681 3815 dogmatis
2731 3759 2763 3799 a
2813 3742 3121 3814 cognitione
3166 3739 3413 3796 veritatis
3458 3748 3586 3794 sunt
3615 3734 3764 3790 alieni.

604 3834 768 3889 Vens.
800 3836 853 3890 9.
884 3834 1139 3906 Nunquid
1162 3836 1443 3891 clamorem
1463 3836 1577 3906 ejus
1603 3837 1781 3890 audiet
1808 3837 1966 3902 Deus,
1993 3855 2111 3892 cum
2215 3838 2360 3906 Quos
2377 3837 2621 3907 sequenti
2643 3835 2809 3901 verbo
2836 3837 2999 3891 etiam
3023 3833 3286 3888 violentos
3308 3831 3551 3902 appellat
3573 3849 3585 3885 :
3607 3827 3767 3898 quippe

529 3927 722 3980 venerit
760 3943 916 3994 super
957 3944 1076 3981 eum
1120 3929 1364 3998 angustia
1387 3929 1412 3981 ?
1432 3959 1498 3967 —
1526 3929 1825 3983 Clamorem
1872 3928 1987 3996 ejus
2018 3945 2109 3983 an‘
2216 3930 2307 4000 qui
2341 3929 2635 3998 Scripturze
2665 3926 2965 3982 sententias
2992 3936 3141 3979 recta
3183 3923 3435 3991 dogmata
3464 3920 3768 3976 continentes

532 4016 722 4083 gustize
758 4023 1001 4087 tempore
1044 4019 1305 4073 Dominus
1334 4034 1441 4074 non
1474 4018 1642 4081 audit,
1674 4018 1765 4088 qui
1803 4020 2111 4089 tranquilli-
2214 4020 2282 4073 ad
2324 4018 2654 4072 inte1lectum
2681 4030 2905 4086 pravum
2932 4012 3477 4069 conanturvioleuter
3507 4008 3765 4065 inﬂectere.

534 4108 666 4161 tatis
690 4116 929 4178 tempore
976 4110 1028 4164 in
1068 4111 1356 4180 praeceptis
1385 4111 1498 4166 suis
1540 4112 1655 4181 ipse
1697 4112 1982 4168 Dominum
2008 4110 2115 4166 cla-
2214 4106 2448 4162 Violenti
2479 4121 2609 4176 ergo
2646 4114 2792 4171 sunt,
2822 4104 2924 4159 etsi
2959 4118 3067 4157 non
3104 4100 3265 4156 rebus
3303 4101 3611 4162 hominum,
3651 4098 3768 4149 certe

539 4207 777 4253 mantem
829 4216 933 4254 non
981 4203 1152 4256 audit.
1203 4201 1477 4271 Scriptum
1527 4205 1727 4273 quippe
1761 4213 1845 4258 est
1896 4220 1909 4255 :
1963 4222 1981 4253 ι
2009 4201 2112 4269 Qui
2216 4199 2465 4256 sensibus
2495 4204 2908 4268 praeceptorum,
2954 4193 3048 4249 ﬁlii
3083 4202 3263 4248 autem
3293 4191 3633 4246 oiolentorum
3668 4188 3769 4240 sunt

533 4292 729 4346 avertit
750 4307 933 4347 aurem
964 4309 1116 4347 suam
1142 4311 1207 4350 ne
1235 4296 1418 4348 audiat
1442 4295 1635 4363 legem,
1665 4298 1840 4350 oratio
1870 4295 1985 4365 ejus
2009 4294 2114 4349 erit
2218 4305 2479 4360 sequaces
2514 4288 2917 4351 haereticorum,
2954 4285 3047 4355 qui
3088 4286 3213 4340 dum
3246 4284 3422 4339 errori
3454 4297 3639 4338 eorum
3666 4293 3769 4334 con-

535 4384 885 4438 exsecrahilis
923 4382 1105 4453 (Prov.
1139 4401 1332 4449 xxvm,
1362 4386 1439 4455 9).
1472 4405 1490 4438 ι
1536 4387 1673 4441 Hinc
1710 4388 1968 4442 Dominus
1993 4387 2110 4440 ait:
2144 4435 2191 4455 ἢ
2219 4381 2480 4445 sentiunt,
2512 4379 2666 4448 quasi
2699 4392 2763 4433 ex
2809 4391 2997 4432 eorum
3029 4375 3414 4446 praedicatione
3454 4379 3766 4444 generantur.

540 4492 559 4525 ι
590 4472 890 4528 Novissime
931 4443 1157 4528 veniunt
1184 4474 1346 4529 latore
1400 4435 1636 4545 i'irgines
1683 4478 1923 4533 dicentes
1954 4495 1968 4532 :
2012 4477 2116 4531 Do-
2144 4435 2192 4494 Β
2221 4472 2328 4527 Sed
2357 4470 2695 4541 multiplicati
2724 4470 2776 4524 in
2807 4468 2986 4539 gladio
3008 4477 3188 4530 erunt,
3212 4467 3338 4537 quia
3367 4465 3618 4537 quamvis
3639 4459 3769 4517 modo

540 4562 708 4628 mine,
736 4562 981 4630 Domine,
1031 4565 1181 4635 aperi
1225 4565 1381 4619 nobis
1409 4564 1624 4635 (Matth.
1664 4581 1790 4631 xxv,
1841 4566 1949 4638 11).
1985 4585 2004 4617 ι
2050 4565 2115 4620 Et
2221 4564 2484 4618 immensa
2506 4560 2844 4616 multitudine
2867 4560 2920 4614 in
2938 4558 3764 4629 perditalibertatesuccrescunl.

540 4654 887 4722 responditur
926 4655 1025 4710 eis.
1085 4674 1104 4707 ι
1134 4655 1332 4720 Amen,
1375 4668 1531 4709 amen
1563 4655 1683 4709 dico
1729 4656 1903 4721 vobis,
1930 4655 2114 4710 nescio
2220 4653 2433 4707 venturi
2465 4661 2642 4706 tamen
2682 4648 2881 4718 judicis
2906 4648 3175 4703 sententia
3202 4646 3491 4712 feriuntur.
3535 4643 3673 4700 Unde
3692 4651 3768 4710 per

534 4758 653 4799 vos.
684 4763 704 4796 ι
750 4742 1049 4815 Sequitur:
2109 4733 2118 4742 ’
2220 4746 2456 4818 Moysem
2487 4743 2745 4822 Dominus
2773 4742 2903 4795 dicit
2932 4759 2946 4795 :
2984 4760 3002 4792 ‹
3033 4740 3258 4796 Gladius
3284 4752 3437 4793 meus
3460 4729 3770 4822 manducabit

609 4835 776 4892 Vens.
807 4835 893 4890 10.
936 4836 1039 4890 Aut
1062 4838 1250 4908 poterit
1272 4839 1326 4892 in
1351 4838 1712 4908 Omnipotenle
1736 4836 1981 4892 delectari
2003 4837 2117 4891 2-
2221 4849 2421 4891 carnes
2448 4817 2625 4905 (Deut.
2662 4846 2832 4894 χχιιι,
2864 4829 2978 4901 12).
3010 4848 3028 4881 ι
3072 4828 3308 4899 Nepotes
3347 4826 3546 4897 quippe
3582 4817 3765 4878 haereti-

537 4924 640 4991 Qui
680 4934 1020 4982 terrenarum
1057 4941 1234 4981 rerum
1269 4943 1452 4983 amore
1481 4928 1735 4992 vincitur,
1761 4928 1815 4981 in
1848 4928 1958 4982 Deo
1991 4925 2112 4980 nul-
2220 4940 2408 4982 eorum
2435 4934 2584 4989 sunt,
2613 4921 2705 4991 qui
2739 4922 2807 4976 de
2834 4920 3134 4975 errantium
3159 4919 3386 4973 ﬁliorum
3418 4910 3766 4986 praedicatione

539 5018 754 5074 latenus
794 5019 1115 5074 delectatur.
1168 5020 1299 5074 Esse
1349 5020 1566 5088 quidem
1606 5019 1724 5073 sine
1761 5018 2116 5073 delectatione
2221 5022 2538 5077 nascuntur,
2570 5027 2708 5083 quos
2738 5025 3077 5083 nequaquam
3102 5009 3260 5080 panis
3295 5008 3485 5072 satiat,
3517 5005 3638 5075 quia
3662 5004 3763 5054 dum

541 5111 721 5165 anima
756 5127 1031 5183 nunquam
1062 5121 1258 5183 potest.
1288 5112 1422 5167 Nam
1448 5121 1542 5166 aut
1568 5111 1767 5167 inﬁmis
1794 5111 2112 5173 delectatur,
2221 5108 2276 5162 in
2306 5107 2451 5161 sacri
2493 5104 2642 5159 verbi
2686 5101 2883 5175 pabulo
2927 5102 3049 5171 plus
3101 5107 3347 5170 quierunt
3385 5097 3590 5152 sentire
3632 5099 3761 5183 quem

540 5211 634 5254 aut
662 5176 919 5267 summis;
964 5212 1019 5257 et
1057 5176 1261 5273 quanto
1300 5203 1476 5259 altiori
1509 5201 1688 5256 studio
1715 5210 1997 5257 exercetur
2044 5197 2114 5252 ad
2223 5197 2466 5266 capiunt,
2517 5209 2731 5261 semper
2770 5192 3022 5248 veritatis
3060 5189 3364 5261 cognitione
3396 5184 3657 5254 jejunant.
3689 5176 3764 5235 Se:

541 5304 768 5354 summa,
809 5300 959 5348 tanto
1000 5293 1190 5361 majori
1249 5292 1462 5365 fastidio
1506 5292 1764 5361 torpescit
1800 5292 1867 5344 ad
1898 5291 2111 5353 intima;
2223 5285 2409 5355 quitur
2449 5300 2464 5338 :

552 5393 639 5398 ___-
696 5390 706 5398 .
994 5385 1004 5398 υ
1077 5385 1088 5398 ο
1291 5384 1303 5395 ο
1429 5384 1442 5398 ι
1544 5383 1577 5398 ο-
1676 5382 1688 5398 l
1723 5381 1734 5394 Ι
1783 5379 1812 5398 ιι
1854 5395 1893 5398 .-
1971 5385 2111 5398 .-Αιρ

2298 5373 2438 5398 ιγ---
2496 5372 2559 5398 ιε
2628 5372 2731 5398 n-.:
2763 5370 2946 5398 -..t:....:
2982 5370 3169 5398 θυμέ...
3201 5386 3259 5398 -..
3291 5385 3343 5398 -.ε
3401 5365 3696 5398 ,Μυκη-ηις·
3722 5355 3762 5398 in
