3948 5398
570 250 603 276 Γ

210 286 299 344 531

216 391 539 462 intelligentia
592 400 799 446 terrena
859 390 1249 460 deprimuntur.
1309 386 1567 455 Sequitur
1616 401 1629 438 :

216 484 368 540 vidule
394 481 504 551 ejus
530 496 629 535 non
656 479 952 546 plorabant.
985 508 1056 518 —
1084 477 1229 543 Quas
1262 475 1450 529 viduas
1471 474 1589 542 ejus
1614 472 1758 525 acci-

208 573 391 644 pimus,
413 570 509 624 nisi
536 570 800 637 subjectas
824 566 939 636 ejus
963 566 1144 636 plebes
1168 573 1340 619 morte
1363 563 1505 617 illius
1526 561 1755 617 feliciter

214 662 507 720 destitutas?
541 660 673 727 Quia
701 674 842 729 saepe
886 667 946 711 ut
975 657 1232 721 diximus,
1269 656 1395 709 dum
1435 652 1759 723 praedicator

208 755 395 811 erroris
419 754 483 807 ad
508 762 707 807 reterns
739 750 1007 819 supplicia
1038 749 1268 817 rapitur,
1299 746 1553 816 subjectae
1575 743 1759 813 plebes

214 845 339 900 illius
365 843 427 897 ad
457 841 775 912 cognitionis
803 854 944 893 verze
991 838 1220 907 gratiam
1268 842 1633 890 revertuntur.
1664 830 1759 886 llis

213 934 340 989 enim
381 931 623 999 plebibus
660 943 944 999 perversos
980 927 1301 996 praedicator
1340 925 1492 994 quasi
1536 924 1759 978 maritus

212 1024 437 1095 praefuit,
490 1022 615 1091 quia
642 1021 782 1076 male
831 1022 911 1074 eis
941 1020 1258 1089 conjunctus
1303 1017 1591 1071 inhmserat
1642 1030 1762 1070 cor-

212 1122 380 1183 ruptor
404 1112 616 1166 mentis.
648 1108 996 1181 Nequaquam
1028 1122 1159 1179 ergo
1184 1107 1359 1161 vidum
1384 1107 1468 1161 vel
1491 1107 1761 1161 destituta:

206 1203 419 1274 plorant,
447 1201 573 1270 quia
622 1210 795 1256 morte
845 1199 997 1269 pravi
1047 1198 1286 1253 doctoris
1330 1198 1474 1251 viam
1517 1196 1761 1251 veritatis

209 1297 487 1363 inveniunt,
521 1311 585 1350 ex
614 1295 731 1365 ejus
770 1295 989 1349 interitu
1037 1291 1193 1363 aﬂligi
1233 1307 1389 1361 posse
1423 1292 1758 1346 videbantur.

210 1386 295 1441 Vel
335 1394 477 1441 certe
523 1399 630 1439 non
678 1383 893 1454 plorant
922 1382 1114 1444 vidum,
1166 1382 1291 1450 quia
1343 1381 1395 1435 in
1433 1396 1531 1435 suo
1577 1393 1764 1434 errore

212 1482 531 1531 remanentes
586 1474 713 1527 dum
760 1480 1005 1527 sanctum
1039 1470 1206 1524 fuisse
1248 1470 1520 1524 aestimant
1572 1468 1764 1538 prmdi-

208 1573 424 1618 catorem
469 1576 650 1627 suum,
692 1576 787 1631 spe
818 1560 949 1615 falsa
990 1573 1057 1614 ne
1094 1558 1339 1629 lugeant,
1388 1557 1758 1613 consolantur.

206 1654 443 1724 Sequitur
462 1669 479 1705 :

921 277 1219 335 EPITOME
1260 248 1622 331 MORALIUM
1658 270 1713 325 S.
1757 271 1966 326 GREG.
2006 268 2074 325 IN
2112 270 2251 327 JOB.
2290 303 2361 314 ——
2398 272 2524 327 LIB.
2570 273 2750 329 XVIII.

1684 382 1750 436 Et
1782 388 1829 444 Α
1859 381 2106 437 manibus
2135 384 2249 438 suis
2278 383 2393 453 (Ps.
2427 400 2585 449 Lxxv,
2617 386 2694 455 5).
2742 404 2760 434 ι
2820 384 2928 441 Res
2974 400 3100 443 suas
3149 401 3271 442 cum
3315 404 3430 445 mo-

3314 273 3422 331 522

1858 484 2067 529 reretur
2086 489 2272 530 secum
2301 476 2532 539 tolleret,
2563 478 2606 531 si
2658 478 2726 532 ad
2771 478 3009 546 potentis
3060 493 3248 534 vocem
3298 495 3423 535 cum

1855 566 2062 620 viveret
2092 566 2191 621 sibi
2229 567 2459 620 tulisset.
2490 565 2623 619 Nam
2653 576 2867 620 terrena
2916 566 3100 621 omnia
3151 583 3270 636 quae
3314 583 3431 623 ser-

1855 654 2034 709 vando
2082 656 2401 717 amittimus,
2454 654 2732 725 largiendo
2781 669 3081 709 servamus.
3138 655 3244 710 Sed
3299 656 3426 726 quia

1859 742 2019 796 homo
2048 757 2114 796 ex
2142 743 2319 795 anima
2351 751 2560 797 constat
2584 750 2640 796 et
2683 757 2933 811 corpore,
2975 759 3098 798 cum
3148 743 3306 800 unius
3351 744 3429 800 rei

1856 844 2079 884 somnus
2108 831 2325 895 dicitur,
2356 831 2579 885 alterius
2606 831 2790 901 vigilia
2822 832 3242 896 demonstratur,
3301 833 3427 902 quia

1858 932 1979 972 cum
2007 934 2202 987 corpus
2235 918 2592 974 obdormiscit
2621 920 2676 973 in
2704 929 2879 974 morte
2902 960 2918 985 ,
2951 929 3076 975 tunc
3106 922 3284 976 anima
3343 922 3430 977 vi-

1857 1008 1988 1077 gilat
2014 1009 2066 1062 in
2098 1023 2223 1063 vera
2252 1009 2579 1078 cognitione.
2611 1010 2677 1064 Et
2731 1011 2930 1065 dormit
2987 1026 3119 1081 ergo
3175 1012 3327 1067 dives
3375 1016 3433 1069 et

1858 1097 2042 1152 oculos
2064 1099 2257 1167 aperit,
2290 1099 2415 1167 quia
2448 1113 2570 1152 cum
2601 1114 2767 1154 carne
2791 1100 3043 1164 moritur,
3087 1101 3204 1171 ejus
3244 1102 3429 1157 anima

1858 1188 2042 1242 videre
2067 1188 2278 1257 cogitur
2307 1188 2452 1259 quod
2508 1189 2803 1257 pnevidere
2856 1192 3199 1260 contempsit.
3248 1192 3431 1261 Aperit

1857 1278 2036 1332 oculos
2056 1295 2178 1332 suos
2206 1286 2253 1330 et
2281 1278 2411 1331 nihil
2430 1279 2674 1343 inveniet,
2701 1279 2827 1347 quia
2855 1279 2962 1335 illic
3000 1281 3173 1349 aperit
3195 1281 3262 1334 ad
3303 1295 3436 1350 sup—

1860 1369 2022 1438 plicia
2050 1383 2184 1437 quos
2214 1369 2302 1422 hic
2331 1369 2396 1421 ad
2440 1370 2863 1424 misericordiam
2913 1368 3126 1425 clausos
3170 1370 3426 1426 habebat.

1859 1455 2048 1526 Aperit
2075 1460 2282 1522 oculos,
2309 1466 2358 1511 et
2385 1457 2602 1527 pietatis
2632 1456 2864 1512 fructum
2888 1474 2993 1513 non
3013 1459 3269 1526 inveniet,
3293 1473 3433 1528 quos

1857 1546 2073 1600 clausos
2099 1546 2183 1600 his
2213 1546 2384 1601 tenuit
2408 1562 2531 1601 cum
2558 1548 2783 1601 viveret.
2818 1546 3110 1616 Sequitur:

1936 1658 2097 1714 Vens.
2130 1659 2220 1713 20.
2271 1658 2628 1729 Appreliendet
2668 1676 2785 1713 eum
2826 1661 2979 1730 quasi
3028 1676 3165 1730 aqua
3230 1660 3431 1731 inopia,

271 1744 414 1798 Vens.
447 1742 533 1808 16,
556 1744 648 1798 17.
673 1744 736 1799 Si
759 1746 1135 1812 comparaverit
1156 1744 1288 1797 sicut
1308 1750 1447 1796 terra
1469 1748 1760 1811 argentum,

1869 1759 2013 1803 nocte
2041 1750 2292 1818 opprimet
2317 1766 2433 1803 eum
2471 1759 2766 1818 tempestas.
2817 1729 2891 1789 έ-
2944 1729 3231 1804 Videamus
3286 1729 3429 1805 nunc

208 1843 249 1888 et
262 1834 382 1888 sicut
398 1832 566 1886 lutum
584 1831 956 1903 prteparaverit
972 1832 1292 1885 vestimenta.
1314 1827 1762 1898 Prwparabitqui—

209 1924 342 1987 dem,
369 1922 458 1976 sed
482 1922 666 1991 justus
695 1922 941 1975 vestietur
973 1920 1098 1983 illis,
1126 1928 1174 1973 et
1211 1930 1483 1989 argentum
1516 1919 1761 1971 innocens

208 2013 486 2067 diridet.—
514 2013 812 2083 Argentum
860 2011 1082 2082 intelligi
1120 2012 1256 2065 sacri
1282 2010 1479 2079 eloquii
1530 2009 1753 2065 claritas

208 2102 355 2170 solet,
384 2103 522 2157 sicut
562 2102 698 2155 alias
726 2101 964 2157 dicitur:
1004 2119 1024 2152 ε
1059 2101 1282 2170 Eloquia
1315 2100 1524 2154 Domini
1548 2099 1760 2168 eloquia

207 2203 335 2249 casta
357 2233 373 2260 ,
399 2204 680 2264 argentum
712 2194 830 2264 igne
859 2193 1140 2261 probatum
1171 2191 1345 2263 (Psal.
1372 2207 1449 2255 XI,
1484 2191 1559 2261 7).
1602 2210 1621 2242 ι
1656 2189 1763 2245 Ho-

209 2298 312 2336 rum
336 2283 536 2338 scilicet
561 2291 866 2351 argentum,
899 2281 951 2335 id
973 2292 1057 2335 est
1076 2281 1449 2335 lnereticorum
1470 2279 1759 2348 eloquium,

209 2379 347 2426 terra:
366 2379 446 2427 est
478 2380 850 2439 comparatum
880 2371 1006 2440 quia
1057 2370 1123 2424 de
1181 2369 1458 2440 Scriptura
1500 2384 1652 2423 sacra
1705 2378 1764 2422 ut

208 2462 385 2531 aliquid
409 2463 611 2527 sciant,
639 2478 704 2517 ex
728 2462 966 2531 appetitu
1000 2470 1229 2516 terrenae
1256 2460 1433 2514 laudis
1457 2459 1760 2515 elaborant.

207 2549 293 2615 Qui
316 2553 470 2606 etiam
510 2552 658 2606 sicut
693 2550 861 2605 lutum
888 2551 1211 2605 vestimenta
1236 2558 1588 2620 praeparant,
1635 2551 1762 2617 quia

214 2636 338 2694 ﬂuxe
374 2649 427 2694 et
453 2639 863 2710 inquinabilitcr
894 2654 957 2695 ea
1011 2640 1207 2709 quibus
1235 2654 1295 2693 se
1357 2640 1491 2692 tueri
1538 2638 1723 2692 volunt
1748 2680 1762 2702 ,

211 2725 480 2799 Scriptum
526 2743 701 2783 sacra:
748 2736 1043 2782 contexunt
1069 2727 1392 2783 testimonia.
1438 2716 1777 2795 Pra'parabit'

207 2818 410 2888 quidem,
438 2820 527 2873 sed
541 2820 725 2887 justus
753 2817 1133 2873 vestieturillis.
1158 2815 1344 2871 Justus
1366 2830 1495 2886 ergo
1509 2816 1766 2870 vestietur

208 2910 277 2963 eis
300 2909 636 2963 vestimentis
685 2923 804 2977 qua:
855 2907 1177 2978 praeparavit
1221 2906 1483 2977 injustas;
1529 2907 1655 2976 quia
1684 2906 1767 2959 vir

209 3007 402 3054 sanctus
425 2998 634 3055 eisdem
665 2999 945 3054 sententiis
966 2999 1033 3052 ad
1071 2997 1352 3052 veritatem
1388 2997 1558 3051 utitur
1580 3037 1595 3062 ,
1638 2996 1759 3065 qui-

1862 1839 2095 1909 inopiam
2126 1840 2307 1894 divitis
2333 1840 2598 1905 ardentis,
2652 1839 2806 1909 cujus
2860 1847 3066 1893 tantum
3108 1838 3211 1893 fuit
3264 1840 3434 1894 abun-

1862 1932 2043 1985 dantia
2072 1930 2356 2001 epulantis.
2384 1930 2476 1985 Ait
2500 1932 2645 1986 enim
2672 1949 2685 1986 :
2715 1950 2732 1982 ‹
2780 1931 2943 1985 Pater
2997 1931 3291 1996 Abraham,
3333 1930 3434 1985 mi-

1861 2036 2039 2076 serere
2071 2022 2195 2098 mei,
2225 2033 2276 2075 et
2304 2023 2457 2077 mitte
2484 2021 2752 2076 Lazarum
2783 2032 2839 2077 ut
2872 2023 3099 2093 intingat
3127 2031 3431 2076 extremum

1861 2112 2011 2181 digiti
2042 2114 2121 2166 sui
2152 2114 2203 2167 in
2234 2128 2396 2183 aqua,
2421 2122 2476 2168 et
2509 2114 2794 2184 refrigeret
2822 2114 3058 2183 linguam
3087 2129 3285 2179 meam,
3307 2113 3433 2183 quia

1860 2201 2074 2255 crucior
2104 2202 2155 2254 in
2187 2202 2289 2254 hac
2316 2200 2529 2255 ﬂatnma
2558 2186 2708 2273 (Luc.
2743 2218 2857 2267 nx,
2899 2202 3011 2272 21).
3049 2223 3067 2254 ι
3095 2201 3210 2256 Non
3253 2211 3432 2256 autem

1863 2292 2133 2348 immerito
2162 2308 2315 2362 aquae
2340 2302 2464 2346 tunc
2491 2293 2578 2347 illa
2605 2293 2779 2362 inopia
2808 2302 3174 2363 comparatur,
3222 2296 3349 2363 quia
3381 2293 3435 2348 in

1862 2382 2078 2437 inferno
2109 2383 2337 2448 cruciat,
2372 2384 2461 2452 qui
2493 2392 2774 2451 susceptos
2824 2385 2874 2450 in
2918 2382 3197 2453 profundis
3250 2385 3439 2439 absor—

1862 2471 1995 2526 bens
2016 2473 2153 2527 solet
2180 2473 2332 2527 lacus
2366 2474 2634 2543 designari
2667 2474 2903 2527 nomine.
2958 2471 3113 2527 Unde
3159 2487 3255 2542 per
3304 2487 3437 2541 pro-

1860 2563 2075 2632 phetam
2102 2564 2321 2617 humani
2351 2564 2565 2633 generis
2599 2577 2730 2618 voce
2760 2564 2999 2616 dicitur:
3060 2579 3079 2613 ι
3120 2562 3292 2631 Lapsa
3352 2569 3438 2616 est

1864 2650 1917 2704 in
1944 2651 2120 2706 lacum
2149 2651 2256 2704 vita
2304 2666 2421 2705 mea
2467 2650 2678 2721 (Thren.
2732 2666 2811 2715 in,
2858 2649 2970 2722 55).
3005 2669 3022 2702 ι
3082 2649 3440 2719 Tempestatis

1862 2756 1993 2795 vero
2018 2742 2257 2805 nomine,
2282 2739 2474 2808 judicii
2501 2740 2768 2795 turbinem
2801 2741 3068 2811 designat,
3099 2740 3238 2808 quod
3265 2740 3431 2793 etiam

1862 2831 2152 2887 Psalmista
2182 2840 2413 2887 testatur
2436 2833 2620 2888 dicens
2648 2850 2660 2885 :
2698 2850 2716 2882 ι
2753 2832 2891 2886 Deus
2940 2839 3125 2886 noster
3157 2830 3441 2885 manifeste

1862 2924 2065 2989 veniet,
2090 2923 2233 2978 Deus
2263 2934 2447 2979 noster
2470 2932 2526 2978 et
2569 2938 2675 2978 non
2707 2923 2889 2978 silebit
2919 2922 3094 2994 (Psal.
3127 2937 3275 2987 χιιι,
3300 2921 3377 2992 5).
3414 2940 3435 2973 ι

1867 3013 1935 3068 Et
1959 3014 2084 3083 quia
2111 3014 2226 3083 ipsa
2255 3014 2472 3068 venturi
2498 3014 2677 3068 exitus
2709 3012 3018 3083 ignorantia
3043 3026 3147 3066 nox
3196 3019 3436 3074 vocatur,

207 3085 295 3142 bus
316 3102 370 3142 se
394 3103 682 3158 perversos
706 3089 934 3157 quisque
976 3088 1191 3141 doctum
1238 3088 1522 3142 ostendere
1564 3094 1753 3141 contra

1869 3065 2017 3158 nocte
2040 3065 2163 3158 eum
2190 3104 2459 3173 opprimet
2484 3065 2798 3172 tempestas,
2830 3100 2881 3155 id
2927 3108 3028 3166 est,
3080 3101 3236 3155 turbo
3272 3096 3441 3153 divini

206 3178 466 3233 veritatem
516 3186 768 3233 conatur.
816 3176 884 3230 Et
926 3187 1196 3247 argentum
1248 3177 1492 3230 innocens
1539 3175 1753 3231 dividet.

208 3268 479 3338 Argentum
509 3276 598 3323 est
621 3267 964 3322 innocentem
991 3266 1230 3320 dividere
1254 3305 1268 3330 ,
1295 3264 1503 3335 eloquia
1547 3264 1756 3319 Domini

209 3359 395 3415 minute
434 3361 779 3429 discreteque
825 3372 1094 3428 exponere
1121 3397 1138 3423 ,
1188 3366 1245 3411 et
1290 3358 1577 3426 unicuique
1617 3357 1759 3426 quod

209 3450 352 3520 digne
393 3459 661 3522 congruat
702 3458 978 3518 coaptare.
1022 3448 1155 3503 Nam
1197 3448 1467 3518 eloquium
1504 3448 1754 3513 Domini,

202 3540 342 3607 quod
375 3540 463 3595 hic
490 3547 775 3611 argentum
804 3538 887 3592 vel
908 3538 1227 3593 vestimenta
1275 3538 1375 3593 hoc
1419 3537 1545 3591 alibi
1590 3537 1758 3607 spolia

212 3630 565 3684 nominantur.
626 3627 780 3694 Quod
827 3627 990 3682 etiam
1035 3626 1319 3680 Psalmista
1391 3634 1618 3680 testatur
1666 3640 1764 3694 per

212 3719 651 3789 comparationem
679 3718 864 3773 dicens
904 3734 919 3772 :
962 3735 982 3768 ι
1017 3716 1264 3770 Lmtabor
1311 3730 1411 3785 ego
1458 3731 1619 3785 super
1654 3714 1764 3769 elo-

211 3808 456 3876 quiatua,
484 3811 629 3866 sicut
646 3810 740 3880 qui
770 3808 973 3865 invenit
992 3807 1160 3879 spolia
1180 3806 1348 3862 multa
1375 3806 1544 3867 (Psal.
1573 3820 1762 3873 cxvnl,

215 3898 345 3971 £62).
381 3919 399 3953 ι
428 3901 687 3971 Sequitur
717 3918 732 3955 :

274 3990 435 4047 Vsus.
464 3994 553 4048 18.
590 3992 902 4062 ίΕάίΙίοαυίι
923 3992 1056 4046 sicut
1091 3991 1230 4045 tinea
1266 3992 1477 4045 domum
1503 3988 1686 4055 suam}
1717 3999 1767 4044 et

212 4082 335 4135 sicut
367 4093 538 4138 custos
562 4083 683 4154 fecit
712 4082 1096 4137 umbraculum.
1127 4111 1200 4122 -—
1224 4080 1392 4135 Tinea
1423 4081 1522 4136 sibi
1549 4081 1768 4135 domum

212 4172 596 4241 corrumpendo
640 4171 906 4235 mdilicat,
960 4185 1061 4226 nec
1100 4169 1309 4225 meliori
1371 4168 1774 4238 comparatione

218 4259 487 4318 haereticus
499 4263 854 4317 demonstrari
880 4261 1071 4333 potuit,
1096 4260 1188 4329 qui
1211 4260 1388 4314 locum
1402 4275 1512 4314 suae
1537 4258 1773 4329 perﬁdiae

216 4365 315 4404 non
342 4353 441 4406 nisi
466 4353 520 4407 in
544 4351 814 4407 mentibus
826 4366 962 4421 quas
987 4349 1310 4418 corruperit,
1336 4348 1482 4413 fecit,
1496 4348 1589 4416 qui
1609 4349 1773 4401 etiam

221 4456 463 4512 sequaces
481 4459 607 4500 suos
634 4444 704 4497 ab
728 4451 930 4498 aeterno
953 4443 1075 4512 igne
1098 4454 1221 4496 esse
1240 4439 1439 4494 liberos
1465 4438 1766 4507 pollicetur.

216 4528 443 4601 Spondet
465 4535 659 4603 quippe
680 4534 760 4587 eis
788 4532 1129 4603 refrigerium
1156 4530 1359 4600 quietis
1390 4538 1605 4585 aeternae
1634 4568 1649 4594 ,
1676 4528 1770 4583 sed

221 4624 368 4679 verba
394 4624 510 4693 ejus
533 4625 856 4680 soliditatem
883 4640 989 4679 non
1019 4624 1258 4687 habent,
1288 4623 1411 4692 quia
1442 4620 1774 4692 plenitudine

221 4716 459 4770 veritatis
498 4724 702 4771 carent.
740 4715 893 4771 Unde
928 4723 985 4770 et
1030 4715 1321 4770 subditur:
1354 4715 1423 4768 Et
1443 4716 1576 4768 sicut
1600 4720 1773 4767 custos

221 4801 332 4868 fecit
379 4806 763 4861 umbraculum.
826 4804 1205 4861 Umbraculum
1258 4820 1489 4876 namque
1538 4802 1775 4859 custodis

222 4895 354 4950 nullo
375 4896 728 4954 fundamento
752 4896 1034 4961 solidatur,
1062 4898 1155 4953 sed
1180 4906 1420 4967 tempore
1447 4912 1566 4952 mox
1594 4905 1775 4951 trans-

222 4995 367 5040 eunte
391 4987 711 5051 destruitur,
741 4995 798 5040 et
836 4987 1099 5057 promissa
1126 4986 1195 5040 ab
1235 4985 1508 5041 haereticis
1564 4983 1781 5055 requies

219 5087 335 5127 eum
359 5084 599 5146 tempore
623 5076 946 5141 destruitur,
970 5092 1089 5147 quas
1109 5085 1230 5146 post
1255 5076 1396 5129 hanc
1421 5077 1587 5130 vitam
1615 5073 1786 5128 nulla-

229 5166 370 5216 tenus
409 5164 696 5221 invenitur.
742 5163 1041 5234 Sequitur:

288 5246 445 5305 Veas.
473 5255 555 5309 19.
589 5256 745 5309 Dives
767 5269 884 5306 cum
904 5254 1196 5317 dormierit,
1230 5251 1333 5306 nisi
1364 5269 1538 5308 secum
1584 5252 1778 5322 aufert.

226 5342 378 5398 atterit
400 5345 571 5398 oculos
599 5361 729 5398 suos
760 5352 806 5398 et
838 5345 968 5398 nihil
1014 5346 1257 5398 inveniet.
1284 5372 1355 5383 -—
1379 5344 1475 5398 Cui
1522 5342 1779 5396 nimirum

1848 3190 2039 3261 iudicii
2070 3206 2193 3245 eum
2228 3191 2353 3245 dum
2382 3191 2613 3261 ignorat,
2643 3190 3013 3261 apprehendit.
3049 3189 3305 3259 Sequitur
3325 3196 3372 3245 ε)

1930 3304 2100 3359 Vnus.
2137 3303 2226 3356 ‘21.
2263 3302 2420 3357 Tollit
2449 3320 2587 3382 “eum
2632 3312 2808 3358 ventus
2860 3319 3035 3356 urens.
3062 3300 3284 3368 —Quis
3337 3300 3444 3357 hoc

1858 3391 1977 3448 loco
2005 3402 2185 3446 ventus
2214 3408 2392 3459 urens,
2450 3391 2557 3447 nisi
2604 3391 2867 3463 malignus
2927 3391 3148 3459 spiritus
3196 3402 3440 3457 vocatur,

1860 3490 1950 3560 qui
1985 3488 2376 3545 desideriorum
2400 3487 2647 3542 ﬂammas
2674 3487 2726 3540 in
2753 3486 2919 3541 corde
2981 3490 3206 3550 excitat,
3260 3493 3319 3539 ut
3368 3483 3437 3539 ad

1861 3580 2221 3634 aeternitatem
2255 3578 2638 3648 suppliciorum
2684 3576 2905 3630 trahat?
2954 3576 3273 3630 Perversum
3307 3589 3438 3644 ergo

1863 3671 2158 3742 quemlibet
2182 3680 2365 3724 ventus
2418 3685 2573 3723 urens
2623 3668 2824 3722 dicitur
2872 3666 3079 3731 tollere,
3131 3666 3257 3736 quia
3313 3664 3445 3719 insi-

1865 3761 2037 3816 diator
2068 3761 2334 3830 malignus
2361 3759 2601 3828 spiritus,
2635 3759 2726 3827 qui
2755 3757 3024 3812 viventem
3052 3770 3319 3825 quemque
3345 3769 3437 3809 ac-

1866 3849 2047 3905 cendit
2068 3851 2135 3905 ad
2166 3850 2316 3911 vitia,
2350 3849 2667 3903 morientem
2698 3847 2865 3903 trahit
2892 3846 2957 3900 ad
2986 3851 3271 3900 tormenta.
3304 3839 3442 3895 Hine

1866 3943 2165 4000 Jeremias:
2206 3962 2225 3995 ι
2256 3942 2430 3998 Ollam
2453 3956 2772 3997 succensam
2806 3939 2982 4000 video,
3030 3945 3085 3991 et
3106 3935 3299 3989 faciem
3325 3932 3442 4002 ejus

1869 4053 1901 4093 a
1932 4037 2070 4092 faeie
2099 4035 2382 4105 Aquilonis
2409 4034 2542 4105 (Jer.
2573 4049 2612 4099 ι,
2643 4034 2753 4102 15).
2785 4051 2803 4084 ι
2864 4029 3162 4099 Sequitur:
3200 4024 3265 4078 Et
3306 4023 3440 4079 velut

1871 4129 2020 4182 turbo
2049 4129 2184 4197 rapit
2214 4142 2331 4179 eum
2353 4126 2416 4179 de
2444 4124 2557 4177 loco
2585 4140 2698 4178 suo.
2734 4123 2910 4178 Locus
2931 4135 3312 4192 perversorum
3363 4126 3457 4174 est.

1874 4218 2190 4287 temporalis
2220 4216 2345 4269 vitae
2377 4214 2619 4277 dilectio,
2644 4222 2699 4268 et
2724 4212 2906 4267 carnis
2958 4210 3225 4279 voluptas.
3283 4209 3447 4276 Quasi

1876 4308 2090 4362 turbine
2119 4307 2282 4378 igitur
2306 4305 2677 4374 unusquisque
2702 4303 2767 4357 de
2794 4302 2910 4357 loco
2938 4317 3036 4357 suo
3066 4302 3294 4371 rapitur,
3324 4316 3448 4356 cum

1800 4423 1849 4483 υ
1875 4414 1905 4452 a
1930 4396 2142 4452 cunctis
2171 4395 2283 4450 suis
2314 4393 2783 4457 delectationibus,
2807 4400 3053 4446 extremo
3080 4392 3302 4446 territus
3333 4390 3442 4456 die,

1874 4495 2177 4560 separatur.
2210 4485 2285 4540 De
2304 4500 2411 4555 quo
2436 4493 2681 4539 extremo
2711 4482 2796 4537 die
2825 4491 2947 4552 apte
2981 4480 3323 4552 subiungitur
3348 4497 3362 4535 :

1946 4621 2111 4678 Vitas.
2139 4619 2229 4675 22.
2263 4619 2329 4674 Et
2358 4620 2522 4673 mittet
2537 4635 2693 4690 super
2711 4634 2849 4683 eum,
2866 4626 3035 4672 etnon
3057 4614 3457 4687 parcet.—Pec-

1875 4721 2127 4788 calorem
2157 4711 2406 4781 quotiens
2446 4710 2589 4764 Deus
2641 4708 2884 4764 feriendo
2942 4705 3189 4777 corrigit,
3238 4704 3304 4758 ad
3352 4705 3457 4759 hoc

1876 4804 2146 4877 ﬂagellum
2174 4804 2361 4868 mittit,
2392 4810 2452 4856 ut
2486 4808 2688 4871 parcat.
2715 4800 2848 4855 Cum
2877 4813 3010 4854 vero
3046 4796 3163 4865 ejus
3191 4796 3355 4848 vitam
3400 4794 3458 4847 in

1880 4904 2108 4963 peccato
2131 4898 2540 4962 permanentem
2569 4889 2808 4944 feriendo
2836 4886 3143 4950 concludit,
3190 4881 3460 4951 ﬂagellum

1883 4985 2105 5051 emittit,
2137 4984 2231 5039 sed
2260 4996 2602 5051 nequaquam
2631 4977 2822 5048 parcit.
2873 4976 2979 5043 Qui
3019 4975 3163 5030 enim
3192 4969 3460 5040 ﬂagellum

1884 5072 2067 5126 emisit
2096 5078 2157 5124 ut
2182 5076 2453 5138 parceret,
2502 5068 2571 5122 ad
2618 5068 2720 5121 hoc
2774 5063 2975 5118 emittit
3026 5059 3348 5129 quandoque
3396 5069 3465 5111 ne

1884 5171 2095 5231 parcat.
2130 5160 2187 5216 In
2221 5162 2323 5214 hac
2348 5173 2584 5229 namque
2611 5157 2745 5219 vita,
2788 5153 3049 5207 Dominus
3094 5158 3249 5203 tanto
3294 5146 3467 5217 magis

1887 5253 2070 5307 studet
2102 5258 2164 5304 ut
2186 5256 2376 5318 parcat
2397 5256 2598 5316 quanto
2627 5241 2799 5311 magis
2821 5236 3187 5309 exspectando
3210 5234 3463 5305 ﬂagellat.

1890 5339 2151 5398 Sequitur
2177 5355 2193 5394 :
2224 5339 2301 5393 De
2343 5354 2502 5392 manu
2526 5337 2638 5398 ejus
2681 5330 2885 5398 fugiens
2922 5330 3105 5398 fugiet.
3137 5356 3208 5367 --
3247 5326 3340 5381 Ille
3381 5332 3466 5380 et-
