3948 5398
568 345 691 403 595

731 426 758 441 Δ

557 468 713 537 fugit,
742 462 832 533 qui
862 462 987 518 dum
1015 463 1167 533 pravi
1188 461 1463 517 interitum
1498 459 1780 528 conspicit,
1804 458 1920 511 vias
1946 457 2120 524 pravi-

559 556 687 609 tatis
709 552 982 621 relinquit.
1020 551 1167 605 Unde
1197 552 1372 604 adhuc
1398 549 1644 604 subditur
1669 562 1685 600 :

629 646 791 700 Vsus.
817 641 908 695 25.
944 639 1164 709 Stringit
1198 640 1335 711 (57),
1376 641 1589 708 stringet
1615 653 1771 707 super
1793 653 1908 691 eum
1944 651 2128 689 manus

553 754 697 794 suas.
727 760 798 774 -
823 735 1012 790 Manus
1033 736 1231 803 quippe
1258 734 1523 801 stringere
1550 742 1632 786 est
1659 732 1782 784 vitze
1809 744 1920 784 sua:
1963 740 2130 795 opera

554 828 875 884 rectitudine
902 825 1244 879 continuare.
1276 823 1425 876 Unde
1453 824 1612 875 etiam
1626 820 1822 874 Paulus
1835 820 1909 870 ait
1933 832 1947 870 :
1987 834 2004 869 ι
2026 816 2131 870 Re-

556 919 750 972 missas
779 932 991 981 manus,
1023 925 1078 968 et
1113 913 1371 967 dissoluta
1398 925 1567 982 genua
1595 910 1784 979 erigite
1809 906 1994 977 (Hebr.
2027 921 2127 969 xu,

556 1008 666 1077 η).
707 1026 727 1059 ι
771 1007 906 1059 Dum
936 1006 1118 1072 itaque
1163 1002 1395 1057 alienum
1444 1000 1717 1055 interitum
1766 997 2122 1065 conspiciunt,

456 1095 460 1100 ’
555 1106 881 1159 revocantur
905 1096 971 1149 ad
1003 1111 1122 1157 cur,
1151 1102 1210 1147 nt
1241 1093 1538 1162 recogiteut
1561 1098 1805 1151 suum,et
1833 1089 1973 1141 unde
1992 1088 2129 1141 alius

552 1186 620 1241 ad
647 1194 915 1240 tormenta
942 1185 1173 1248 ducitur,
1199 1199 1229 1236 a
1254 1191 1522 1236 tormento
1545 1180 1680 1234 alius
1706 1179 1826 1232 inde
1848 1177 2124 1231 liberatur.

552 1274 772 1344 Stringit
795 1291 925 1345 ergo
952 1290 1108 1342 super
1126 1290 1241 1328 eum
1263 1288 1451 1326 manus
1474 1288 1616 1334 suas,
1639 1270 1763 1339 quia
1793 1268 2051 1335 conspicit
2073 1267 2125 1320 in

550 1364 728 1420 aliena
763 1378 918 1434 paena
947 1366 1088 1434 quod
1122 1366 1325 1425 timeat,
1349 1372 1404 1417 et
1433 1363 1559 1416 dum
1602 1361 2001 1427 delinquentcm
2045 1360 2124 1413 sic

551 1467 865 1522 percussum
928 1454 1188 1522 respicit,
1242 1452 1503 1506 dissoluta
1555 1467 1719 1519 opera
1771 1466 1864 1503 sua
1905 1450 2127 1517 jnstitiac

546 1543 732 1612 vigore
759 1543 1097 1613 constringit.
1146 1542 1281 1596 Hinc
1315 1543 1577 1610 scriptum
1617 1550 1699 1594 est
1733 1554 1746 1592 :
1782 1558 1800 1589 ι
1837 1538 2127 1593 Laetabitur

540 1631 719 1702 justus
744 1650 866 1688 cum
895 1635 1090 1688 viderit
1111 1635 1395 1688 vindictam
1427 1632 1598 1704 (Psal.
1620 1632 1878 1695 cvm“).
1909 1649 1926 1681 ι
1961 1639 2013 1684 et
2043 1643 2128 1683 rev

546 1718 712 1789 liqua.
731 1721 1014 1791 Sequitur:
1035 1723 1102 1777 Et
1118 1723 1343 1777 sibilabit
1372 1739 1525 1791 super
1547 1722 1711 1779 illum,
1729 1724 1930 1774 intuens
1953 1718 2122 1773 locum

543 1810 774 1879 ejus.—
805 1812 942 1878 Quid
989 1812 1043 1866 in
1087 1812 1266 1875 sibilo,
1318 1812 1421 1864 nisi
1475 1810 1702 1863 intentio
1752 1808 2123 1864 admirationis

544 1902 901 1971 exprimitur?
946 1902 1004 1957 Si
1033 1917 1161 1957 vero
1187 1903 1238 1955 in
1261 1901 1419 1955 sibilo
1446 1899 1675 1954 fortasse
1708 1898 1810 1952 alia
1854 1897 2123 1967 signiﬁca-

545 1989 621 2043 tio
640 1986 934 2059 Quaeritur,
978 1992 1242 2044 moriente
1279 1999 1561 2059 peccatore
1607 1988 1660 2043 hi
1709 1988 1800 2058 qui
1846 1976 2121 2041 interitum

542 2076 974 2147 ejus-aspiciunt,
1006 2094 1068 2134 os
1090 2080 1141 2132 in
1166 2079 1322 2133 sibilo
1353 2080 1654 2149 stringunt,
1677 2078 1801 2132 dum
1825 2078 1890 2131 ad
1915 2093 1978 2132 ea
2002 2091 2123 2147 quae

547 2170 1170 2236 contempserantverba
1200 2169 1464 2238 spiritalia
1493 2178 1897 2233 convertuntur,
1930 2178 1987 2221 ut
2009 2169 2121 2237 jam

543 2259 769 2315 credere
797 2269 852 2316 et
877 2262 1170 2329 praedicare
1197 2262 1481 2329 incipiant,
1509 2276 1627 2330 qua:
1649 2261 1800 2329 prius
1847 2260 1972 2313 dum
2013 2259 2118 2314 ini-

541 2361 706 2417 quum
734 2350 927 2408 ﬂorere
951 2362 1238 2408 cernerent
1273 2368 1379 2408 non
1418 2353 1731 2407 credebant.
1780 2351 1917 2405 Hinc
1969 2348 2121 2406 Salo.

545 2455 675 2495 mon
706 2442 781 2495 ait
811 2460 825 2496 :
860 2460 881 2494 ι
908 2442 1163 2499 Mulctato
1196 2444 1499 2514 pestilenta,
1523 2443 1820 2512 sapientior
1849 2444 1956 2497 erit
1998 2457 2122 2510 par-

538 2530 695 2585 vulus
718 2529 902 2603 (Prov.
930 2549 1041 2593 ut.
1075 2535 1185 2605 ll).
1224 2553 1244 2587 ι
1279 2533 1374 2589 Vir
1399 2535 1562 2605 igitur
1589 2543 1807 2588 sanctus
1837 2542 2121 2602 postquam

535 2630 813 2691 potentum
843 2637 1030 2691 pinnas
1054 2624 1145 2692 qui
1183 2624 1514 2679 extolluntur
1538 2623 1590 2677 in
1618 2623 1817 2678 saeculo
1843 2620 2117 2675 suﬂicien-

534 2717 622 2767 ter
649 2712 899 2782 explevit,
934 2730 1148 2771 rursum
1179 2717 1244 2770 ad
1270 2717 1644 2771 haereticorum
1669 2713 2009 2783 superbiam,
2027 2711 2119 2781 qui

537 2800 938 2856 extollunturin
961 2803 1172 2873 eloquio
1197 2806 1356 2859 verba
1373 2802 1657 2857 convertit.
1684 2800 1818 2857 Nam
1845 2801 2115 2871 sequitur:

1076 2892 1302 2949 CAPUT
1340 2892 1571 2948 XXVIII.

608 2980 767 3035 Vsus.
795 2980 846 3034 l.
864 2978 1033 3036 Habet
1047 2993 1317 3052 argentum
1333 2998 1579 3038 venarum
1600 2997 1815 3036 suarum
1836 2981 2116 3052 principia,

1564 347 1619 404 s.
1662 335 1908 404 obesus
1940 338 2239 401 sanans
2267 347 2756 408 CLUNIACENSIS
2794 353 2836 408 ll

3646 361 3731 419 ιιι

2158 462 2205 520 Α
2235 456 2572 513 aﬂlictioncm
2604 464 2807 527 carnis,
2829 463 2912 518 vel
2937 464 3099 520 etiam
3128 480 3226 535 per
3267 468 3569 538 martyrium
3588 473 3735 538 vultis,

2230 549 2323 601 sed
2355 550 2528 604 locum
2555 568 2662 620 quo
2686 554 2928 609 debeatis
2962 554 3181 610 conﬂari
3204 557 3440 612 nescitis.
3473 558 3736 628 Sequitur:

2301 639 2462 692 Vens.
2492 639 2541 691 2.
2569 639 2791 695 Ferrum
2822 644 2886 695 de
2913 653 3052 696 terra
3080 644 3300 697 tollitur.
3322 674 3392 686 —-
3411 644 3586 700 Solent
3608 647 3739 702 bare-

2229 729 2317 783 tici
2347 730 2413 782 de
2425 729 2646 796 justitize
2666 747 2774 785 sua:
2794 742 2980 786 contra
3004 748 3100 787 nos
3111 716 3349 787 elatione
3369 735 3597 805 gloriari,
3611 744 3739 806 atque

2228 833 2389 889 opera
2420 834 2516 872 sua
2542 822 2916 874 ostentationis
2944 822 3213 877 inﬂatione
3229 822 3445 890 jactari,
3464 838 3645 893 nosque
3664 826 3739 879 ini-

2226 925 2363 979 quos
2397 920 2455 964 ut
2484 912 2740 975 diximus,
2767 924 2857 966 aut
2881 928 3021 977 esse,
3061 924 3155 967 aut
3205 915 3371 971 fuisse
3408 916 3734 969 criminantur.

2226 997 2330 1053 Per
2344 1000 2691 1054 lmmillimam
2716 1017 2842 1072 ergo
2862 1001 3252 1057 confessionem
3271 1013 3324 1057 et
3338 1020 3576 1058 veracem
3596 1005 3741 1058 defen~

2227 1089 2430 1143 sionem
2457 1098 2642 1143 contra
2680 1106 2774 1146 eos
2803 1107 2888 1145 νιι·
2911 1104 3129 1147 sanctus
3151 1093 3385 1163 loquitur
3405 1094 3580 1148 dicens
3608 1110 3619 1147 :
3644 1092 3741 1147 Fer-

2227 1196 2342 1232 rum
2366 1179 2430 1232 de
2450 1189 2587 1232 terra
2610 1179 2832 1236 tollitur.
2856 1182 2932 1235 Ac
2950 1182 2994 1235 si
3014 1192 3199 1251 aperte
3220 1184 3359 1238 dicat
3384 1198 3397 1235 :
3421 1176 3744 1252 Fortestgitur

2224 1269 2312 1339 qui
2386 1270 2709 1324 acutissimis
2766 1271 3065 1340 linguarqu
3134 1272 3327 1342 gladiis
3399 1272 3452 1324 in
3512 1271 3607 1324 hac
3649 1273 3740 1326 acie

2226 1359 2569 1416 defendendae
2606 1360 2725 1414 ﬁdei
2777 1360 2978 1415 ferrum
3026 1362 3204 1425 ﬁunt,
3237 1362 3516 1431 aliquando
3551 1371 3669 1415 terra
3703 1377 3744 1416 ιιι

2226 1450 2423 1505 inﬁmis
2465 1452 2764 1505 actionibus
2794 1451 3026 1505 fuerunt.
3071 1452 3320 1508 Peeeanti
3350 1454 3541 1520 quippe
3582 1452 3744 1505 homini

2224 1543 2422 1594 dictum
2438 1550 2553 1595 cst:
2582 1560 2600 1592 ι
2626 1541 2789 1594 Terra
2807 1556 2885 1604 es,
2905 1543 3022 1596 etin
3041 1552 3236 1597 terram
3254 1540 3517 1611 ibis(Gen.
3542 1541 3741 1612 ttt,20).-

2226 1630 2330 1686 Sed
2359 1632 2425 1685 de
2455 1641 2596 1686 terra
2621 1632 2821 1686 ferrum
2851 1632 3074 1697 tollitur,
3102 1647 3225 1688 cum
3253 1632 3407 1688 fortis
3433 1645 3746 1701 propugnator

2224 1721 2476 1776 Ecclesite
2517 1737 2547 1775 a
2588 1732 2729 1775 terra
2753 1762 2768 1787 ,
2799 1738 2956 1791 quam
2986 1724 3133 1792 prius
3158 1723 3366 1784 tenuit,
3409 1724 3610 1778 actione
3632 1737 3747 1791 sepa-

2154 1787 2196 1845 Β
2224 1822 2393 1865 ratur.
2423 1810 2539 1864 Non
2567 1825 2695 1880 ergo
2741 1787 2899 1868 debet
2941 1787 3000 1867 in
3034 1828 3099 1867 eo
3128 1813 3327 1881 despici
3358 1814 3608 1881 quidquid
3645 1787 3745 1876 fuit,

2222 1902 2311 1971 qui
2336 1902 2448 1971 jam
2491 1903 2701 1971 accepit
2743 1917 2865 1957 esse
2910 1903 3049 1971 quod
3098 1919 3204 1958 nou
3243 1903 3360 1957 fuit.
3399 1902 3671 1972 Sequitur:
3697 1902 3747 1956 Et

2221 1991 2355 2063 lapis
2377 1995 2577 2046 solutus
2602 1975 2773 2046 calore
2813 1993 2868 2046 in
2901 2009 2972 2047 ws
3009 1995 3242 2047 vertitur.
3274 2024 3343 2034 —
3367 1995 3516 2047 Tunc
3542 1993 3659 2062 lapis
3680 2009 3747 2046 ca-

2220 2080 2335 2135 lore
2360 2082 2588 2144 solntus,
2621 2097 2740 2136 cum
2763 2097 2860 2138 cor
2880 2083 3072 2137 durum
3110 2092 3272 2153 atque
3311 2100 3340 2137 a
3390 2084 3552 2140 divini
3586 2084 3745 2138 amoris

2222 2171 2343 2242 igne
2372 2171 2618 2242 frigidum
2645 2212 2660 2236 ,
2691 2174 2879 2228 eodem
2912 2173 3075 2228 divini
3107 2175 3305 2230 amoris
3330 2174 3499 2246 [igne]
3534 2175 3743 2245 tangitur,

2217 2272 2273 2318 et
2295 2264 2346 2316 in
2369 2261 2579 2317 fervore
2600 2263 2820 2330 spiritus
2844 2264 3101 2331 liquatur,
3125 2274 3182 2318 nt
3201 2265 3266 2318 ad
3284 2275 3592 2333 sequentem
3611 2265 3740 2319 vitam

2221 2352 2606 2406 desideriorum
2642 2360 2775 2407 testu
2817 2352 3046 2416 ardeat,
3078 2367 3237 2421 quam
3269 2353 3423 2419 prius
3448 2353 3655 2407 audiens
3684 2353 3745 2405 in-

2219 2442 2488 2497 sensibilis
2503 2443 2772 2507 manebat,
2792 2457 2860 2496 ex
2881 2458 2987 2511 quo
3005 2444 3198 2497 ardore
3218 2444 3426 2498 scilicet
3451 2455 3505 2499 et
3523 2442 3746 2498 emollitur

2221 2534 2287 2589 ad
2334 2548 2593 2598 amorem,
2627 2543 2684 2588 et
2710 2547 2965 2601 operatur
3011 2534 3079 2588 ad
3125 2537 3516 2604 Operatiouem,
3552 2545 3605 2590 ut
3638 2535 3744 2589 sicut

2218 2623 2369 2694 prius
2413 2625 2581 2678 durus
2612 2623 2787 2677 fuerat
2818 2624 2869 2677 in
2917 2638 3101 2678 amore
3129 2626 3332 2691 saeculi,
3364 2627 3439 2680 ita
3489 2641 3545 2681 se
3591 2625 3744 2678 fortem

2219 2714 2556 2784 postmodum
2593 2721 2845 2767 exerceat
2887 2714 2941 2767 in
2986 2714 3168 2769 amere
3215 2714 3338 2779 Dei;
3389 2723 3447 2770 et
3477 2716 3609 2784 quod
3650 2724 3746 2767 ante

2217 2802 2407 2855 audire
2454 2802 2749 2866 reuuehat,
2793 2809 2850 2856 et
2889 2804 3113 2857 credere
3139 2807 3196 2856 et
3222 2801 3518 2871 praedicare
3544 2802 3743 2871 incipiat.

2221 2889 2478 2958 Sequitur
2501 2903 2517 2943 :

2286 2980 2448 3034 Vsus.
2478 2978 2531 3031 '5.
2567 2976 2785 3044 Tempus
2810 2978 2981 3046 posuit
3025 2978 3245 3033 tenebris
3271 3018 3286 3044 ,
3328 2987 3376 3032 et
3433 2979 3744 3032 universorum

531 3078 579 3123 et
607 3085 738 3124 auro
766 3070 912 3125 locus
939 3081 1012 3124 est
1035 3073 1090 3125 in
1116 3088 1217 3141 quo
1252 3073 1531 3141 conﬂatur.
1560 3100 1632 3111 —
1656 3072 1712 3125 In
1740 3080 1966 3140 argento
2007 3071 2119 3125 elo-
2146 3116 2193 3181 ϐ
2221 3070 2376 3139 ﬁnem
2394 3072 2500 3139 ipse
2521 3067 2834 3121 considerat.
2857 3067 3171 3136 --Tempus
3195 3068 3365 3136 posuit
3395 3071 3641 3128 tenebris,
3664 3068 3743 3120 ini-

538 3159 714 3181 ---2--.“
768 3160 815 3181 2..
855 3176 977 3181 A-___
1011 3162 1125 3181 -.ῃμ
1165 3160 1245 3181 ..-1
1279 3161 1548 3181 ....8.η.2μΔ
1596 3160 1805 3181 ,1-μει--
1850 3154 2111 3181 .I-_:_-_-_:
2230 3165 2337 3181 ,A,,--
2391 3161 2632 3181 -214"--.
2688 3160 2899 3181 ...ι-κλμ...
2957 3163 3094 3181 --.ηιτι
3144 3157 3306 3181 ε..ε,-..ι
3354 3172 3473 3181 ..ι-η..
3514 3158 3609 3181 -l.--:
3641 3164 3725 3181 ιι...

532 3159 743 3229 quium,
767 3160 819 3215 in
851 3176 983 3215 auro
1011 3162 1131 3216 vita:
1165 3160 1250 3216 vel
1275 3161 1553 3230 sapientia:
1589 3160 1809 3215 claritas
1844 3159 2112 3230 designari

530 3246 685 3300 solet.
711 3247 776 3300 Et
805 3247 930 3317 quia
963 3249 1198 3304 lueretici
1226 3248 1306 3303 sic
1331 3249 1396 3303 de
1435 3248 1637 3317 eloquii
1681 3247 1766 3301 sui
1810 3248 1986 3300 nitore
2025 3261 2115 3300 su-

531 3337 812 3405 perbiunt,
846 3347 905 3391 ut
958 3338 1101 3392 nulla
1159 3354 1435 3392 sacrorum
1487 3339 1744 3395 librorum
1793 3337 2116 3395 auctoritate

533 3426 873 3483 solidentur:
905 3429 996 3498 qui
1022 3428 1143 3482 libri
1174 3429 1240 3483 ad
1268 3428 1589 3498 loquendum
1620 3430 1777 3482 nobis
1793 3428 1943 3499 quasi
1971 3443 2114 3497 qua:-

533 3519 655 3573 dam
714 3521 921 3590 argenti
970 3536 1119 3574 venae
1163 3530 1307 3584 sunt,
1357 3521 1483 3589 quia
1538 3520 1603 3575 de
1653 3521 1782 3591 ipsis
1830 3520 2114 3575 locutionis

535 3622 733 3666 nostra:
763 3613 1023 3682 originem
1049 3612 1332 3677 trahimus,
1358 3628 1452 3667 eos
1476 3612 1540 3666 ad
1567 3628 1736 3668 sacrae
1775 3614 2113 3667 auctoritatis

530 3703 755 3773 paginas
788 3711 1027 3767 revocat,
1059 3713 1117 3756 ut
1155 3703 1199 3757 si
1231 3718 1358 3757 vere
1405 3703 1548 3772 loqui
1608 3703 1938 3768 desiderant,
1987 3702 2111 3756 inde

528 3808 744 3849 sumere
764 3793 994 3848 debeant
1022 3794 1149 3863 quid
1177 3793 1485 3863 loquantur,
1512 3801 1566 3847 et
1588 3794 1664 3846 ait
1687 3812 1699 3846 :
1725 3792 1895 3846 Habet
1925 3809 2112 3863 argen-

529 3894 641 3939 tum
663 3901 908 3939 venarum
928 3901 1145 3939 suarum
1171 3885 1446 3954 principia.
1490 3885 1566 3939 Ac
1608 3884 1653 3938 si
1709 3894 1894 3952 aperte
1924 3884 2105 3937 dicat:

530 3973 632 4041 Qui
661 3977 726 4029 ad
758 3990 898 4030 vera:
923 3976 1324 4045 praedicationis
1368 3975 1530 4030 verba
1573 3989 1632 4029 se
1677 3982 1968 4044 praeparat,
2016 3988 2111 4028 ue-

529 4080 681 4120 cesse
706 4081 826 4120 esse
862 4075 919 4120 ut
964 4081 1248 4120 causarum
1296 4065 1535 4135 origines
1592 4080 1622 4118 a
1677 4064 1846 4118 sacris
1898 4063 2108 4132 paginis

529 4166 728 4209 sumat.
755 4154 893 4210 Vera
921 4157 1185 4227 siquidem
1217 4153 1451 4209 ﬁdeliqu
1481 4153 1765 4223 sapientia,
1788 4154 1873 4207 cui
1900 4154 2110 4206 univer-

529 4246 660 4301 salis
707 4246 946 4302 Ecclesia
996 4248 1145 4303 locus
1191 4257 1293 4313 est,
1342 4247 1742 4301 tribulationem
1789 4246 1941 4300 vobis
1984 4262 2107 4316 per-

531 4338 880 4405 sequentibus
913 4338 1135 4407 patitur,
1161 4338 1256 4392 sed
1287 4353 1315 4391 a
1352 4338 1560 4392 cunctis
1600 4346 1946 4407 peccatorum
1991 4352 2107 4390 sor-

532 4424 691 4479 dibus
758 4427 1146 4496 persecutionis
1193 4436 1389 4481 vestrre
1436 4427 1557 4497 igne
1615 4436 1894 4496 purgatur.
1950 4426 2102 4481 Unde
2129 4452 2180 4511 Β

529 4515 790 4583 scriptum
825 4525 910 4571 est
942 4533 956 4570 :
991 4534 1009 4567 ι
1045 4515 1099 4570 In
1131 4517 1252 4586 igne
1275 4519 1534 4586 probatur
1570 4532 1759 4571 aurum
1809 4526 1863 4572 et
1910 4533 2099 4589 argen-

532 4613 670 4670 tum,
701 4609 945 4662 homines
972 4622 1101 4662 vero
1126 4608 1479 4675 receptabiles
1507 4608 1559 4661 in
1589 4608 1802 4661 camino
1845 4609 2098 4662 humilia-

530 4697 695 4753 tionis
731 4697 919 4766 (Eccli.
960 4712 1020 4758 ιι,
1051 4697 1127 4766 5).
1157 4715 1176 4747 ι
1207 4696 1324 4763 Quo
1343 4697 1395 4750 in
1423 4696 1540 4751 loco
1565 4698 1666 4752 hoc
1691 4712 1902 4766 quoque
1927 4707 2102 4767 potest

530 4789 915 4842 convenienter
944 4787 1189 4855 intelligi,
1220 4796 1278 4840 ut
1307 4788 1373 4841 de
1397 4802 1491 4841 sua
1522 4786 1683 4841 stulta
1707 4787 1941 4841 lueretici
1980 4801 2102 4854 pas-

533 4877 686 4931 sione
711 4874 990 4932 videantur
1010 4879 1299 4947 increpari.
1322 4876 1455 4932 Nam
1478 4892 1617 4947 saepe
1640 4893 1737 4946 pro
1757 4875 1880 4931 Jesu
1900 4876 2099 4931 Christi

533 4970 742 5024 domini
765 4986 828 5023 ac
860 4970 1231 5039 Redemptoris
1261 4969 1428 5025 nostri
1450 4969 1665 5024 nomine
1694 4968 1857 5023 multa
1888 4967 2101 5037 patiun-

535 5067 641 5124 tur,
672 5073 895 5129 seseque
919 5061 1121 5115 eisdem
1149 5060 1484 5129 passionibus
1514 5059 1633 5131 ejus
1680 5057 1793 5112 ﬁeri
1839 5067 2101 5128 martyres

534 5157 754 5215 sperant
782 5166 796 5201 :
825 5150 1022 5218 quibus
1054 5149 1224 5204 sancti
1251 5150 1354 5203 viri
1378 5163 1511 5203 voce
1542 5162 1683 5202 nunc
1705 5146 2100 5201 dicitur:Auro

535 5233 677 5288 locus
705 5246 802 5300 est,
818 5239 883 5293 'in
904 5254 1011 5309 quo
1032 5238 1313 5308 conﬂatur.
1338 5236 1471 5291 Nam
1492 5235 1648 5303 juxta
1678 5238 1781 5290 hoc
1808 5237 1949 5305 quod
1982 5237 2096 5303 jam

2219 3165 2341 3234 quis
2391 3161 2637 3215 videlicet
2688 3160 2925 3223 modum,
2954 3163 3096 3226 quod
3142 3157 3306 3225 iniqui
3353 3172 3476 3211 csse
3509 3158 3742 3216 desistant,

2215 3254 2357 3308 unde
2411 3253 2611 3306 eisdem
2660 3265 2757 3320 per
2798 3250 3113 3320 Apostolum
3166 3249 3359 3306 dicitur
3383 3267 3401 3303 :
3440 3269 3457 3301 ι
3488 3251 3648 3304 Eratis
3667 3248 3743 3302 ali-

2213 3343 2426 3412 quando
2455 3344 2710 3405 teuebme,
2740 3357 2884 3396 nunc
2906 3353 3083 3395 autem
3110 3343 3194 3395 lux
3218 3348 3271 3395 in
3292 3344 3522 3397 Domino
3548 3340 3685 3411 (Eph.
3703 3353 3743 3403 ι,

2214 3435 2321 3504 I0).
2361 3453 2380 3486 ι
2411 3432 2562 3487 Sicut
2613 3432 2735 3485 aliis
2783 3446 2998 3500 quoque
3044 3430 3320 3500 discipulis
3371 3433 3543 3486 isdem
3597 3432 3746 3484 doctor

2211 3525 2459 3596 egregius
2488 3523 2659 3577 dixit:
2695 3541 2713 3573 ι
2749 3520 2864 3577 Nox
2902 3524 3195 3590 praecessit,
3233 3522 3348 3577 dies
3376 3533 3554 3577 autem
3589 3534 3744 3589 appro—

2211 3618 2509 3689 pinquavit.
2546 3615 2876 3685 Abjiciamus
2920 3630 3048 3685 ergo
3093 3629 3255 3683 opera
3307 3617 3674 3675 tenebrarum,
3703 3619 3742 3665 et

2212 3709 2495 3761 induatuus
2525 3721 2621 3760 nos
2644 3723 2792 3760 arma
2815 3705 2966 3767 lucis,
2990 3707 3128 3759 sicut
3152 3708 3204 3760 iu
3235 3707 3320 3760 die
3345 3708 3570 3762 honeste
3587 3704 3741 3759 ambu-

2207 3799 2380 3854 lemus
2416 3798 2853 3868 (Rom.xur,12).
2882 3817 2902 3849 ι
2943 3796 3319 3853 Uuiversorum
3344 3802 3561 3854 nomine
3580 3798 3742 3852 electas

2207 3897 2264 3943 et
2297 3890 2554 3956 reprobos
2580 3887 2745 3941 voluit
2778 3888 3178 3956 comprehendi.
3211 3887 3345 3942 Nam
3393 3888 3532 3942 bona
3574 3886 3742 3940 faciens

2208 3987 2262 4031 et
2288 3978 2544 4031 ordinans
2590 3977 2731 4030 Deus
2755 4016 2771 4041 ,
2803 3977 2940 4029 mala
2988 3992 3118 4031 vero
3159 3992 3264 4031 non
3309 3976 3513 4031 faciens
3541 4016 3556 4042 ,
3584 3973 3665 4031 sed
3687 3971 3739 4025 ab

2208 4067 2405 4135 iniquis
2437 4067 2574 4121 facta
2601 4081 2669 4120 ne
2698 4067 2997 4121 inordinate
3033 4068 3305 4131 eveniant,
3330 4068 3444 4136 ipse
3467 4067 3737 4135 disponens,

2205 4159 2510 4212 considerat
2553 4158 2926 4211 universorum
2980 4156 3162 4221 ﬁnem,
3205 4168 3259 4213 et
3288 4160 3553 4225 patienter
3582 4154 3738 4209 tolerat

2204 4250 2385 4304 omnia
2412 4289 2427 4315 ,
2460 4257 2620 4317 atque
2666 4247 3230 4303 intuetur‘elcctorum
3280 4248 3560 4301 terminum
3585 4285 3597 4309 ,
3622 4239 3736 4311 quod

2203 4352 2271 4392 ex
2301 4336 2442 4390 malo
2471 4344 2744 4395 mutentur
2780 4335 2845 4390 ad
2872 4336 3090 4389 bonum.
3123 4335 3367 4388 lntuetur
3399 4335 3558 4390 etiam
3584 4344 3738 4399 repro-

2203 4427 2393 4482 borum
2433 4425 2614 4489 ﬁnem,
2645 4423 2785 4493 quod
2819 4439 2851 4478 e
2885 4424 3025 4477 malo
3050 4437 3213 4494 Opere
3237 4423 3455 4493 dignum
3491 4420 3737 4477 trahantur

2204 4516 2273 4570 ad
2300 4513 2673 4584 suppplicium.
2707 4510 2959 4580 Sequitur
2983 4528 2996 4564 :

2276 4604 2437 4659 Vens.
2468 4603 2521 4655 4.
2546 4601 2791 4671 Lapidem
2813 4616 3014 4671 quoque
3032 4599 3271 4670 caliginis
3282 4609 3329 4654 et
3344 4600 3573 4653 umbraut
3586 4592 3735 4650 mortis

2203 4695 2385 4749 diuidit
2431 4704 2631 4747 torrens
2674 4709 2705 4746 a
2732 4692 2920 4762 papula
2966 4692 3554 4762 peregriname.-—-Quid
3580 4688 3735 4744 durius

2204 4784 2296 4839 illa
2324 4783 2545 4853 perﬁdia
2572 4781 2876 4836 Judatorum
2897 4782 2921 4836 Ἰ
2946 4783 3074 4851 quid
3096 4782 3352 4852 populus,
3373 4783 3464 4851 qui
3494 4787 3733 4833 auctorem

2204 4875 2329 4929 vita:
2356 4874 2538 4928 videre
2557 4889 2652 4943 per
2693 4872 2852 4927 ﬁnem
2894 4873 3086 4935 noluit,
3140 4888 3299 4942 quem
3336 4889 3431 4943 per
3455 4872 3732 4942 prophetam

2204 4964 2473 5035 praedixit,
2498 4963 2602 5016 nisi
2629 4962 2763 5032 lapis
2788 4962 3031 5031 caliginis
3053 4961 3188 5016 fuit?
3214 4962 3338 5031 quia
3368 4970 3421 5016 et
3448 4958 3733 5015 crudelitate

2202 5053 2371 5109 durus
2394 5052 2496 5107 fuit
2519 5092 2534 5119 ,
2558 5062 2613 5107 et
2634 5052 2943 5107 iutidelitate
2971 5052 3275 5107 nebulosus.
3303 5051 3402 5118 Qui
3430 5051 3533 5104 alio
3551 5054 3733 5117 quoque

2203 5145 2480 5206 vocabulo,
2516 5144 2701 5198 umbra
2741 5144 2930 5197 mortis
2959 5143 3173 5197 dicitur.
3208 5140 3407 5196 Umbra
3432 5139 3620 5208 quippe
3649 5133 3730 5187 alis

2203 5235 2544 5305 exprimitur,
2578 5232 2755 5301 qualia
2783 5231 2897 5299 ejus
2941 5232 3017 5286 rei
3062 5233 3130 5287 de
3152 5247 3257 5300 qua
3306 5230 3534 5284 trahitur
3561 5223 3728 5280 fuerint

2206 5328 2240 5338 ι.
2479 5335 2486 5338 ,
2575 5324 2612 5338 Α
2657 5325 2668 5337 ι
2795 5334 2804 5338 .
3048 5324 3080 5338 ,ο
3265 5323 3275 5334 ι
3428 5321 3489 5337 ’γ’
3532 5314 3726 5338 νΙΕ-Ι.-Ι..ρ
