3948 5398
154 334 259 395 διε

146 533 351 609 iudicis
375 525 473 605 per
502 533 748 586 ultimum
773 547 1001 586 examen
1021 532 1327 603 egrediens,
1352 541 1515 601 atque
1538 530 1741 586 electos

154 637 212 689 et
236 626 503 696 reprobos
532 623 779 679 dividens
803 663 818 688 ,
849 623 988 693 ignis
1019 623 1289 677 vocatur?
1316 621 1471 678 Unde
1498 637 1596 691 per
1626 634 1744 691 pro-

156 720 379 792 phetam
408 715 608 771 dicitur
634 731 647 768 :
681 734 701 765 ι
735 713 955 770 Flavius
986 715 1176 784 igneus
1204 714 1445 784 rapidus,
1476 713 1568 782 qui
1591 727 1746 782 egre-

159 810 413 865 diebatur
441 821 472 860 a
506 803 642 859 faeie
683 801 800 870 ejus
834 803 998 873 (Dan.
1034 819 1107 857 vn
1131 843 1147 869 ,
1179 804 1289 872 ill).
1321 822 1342 855 ι
1376 803 1512 869 Quis
1561 811 1746 857 autem

159 900 215 955 in
253 900 357 955 hoc
378 898 582 953 mundo
602 894 978 966 peregrinatur
1007 894 1256 964 populus,
1281 894 1384 949 nisi
1409 893 1503 962 qui
1526 892 1593 946 ad
1631 906 1749 945 sor-

157 998 270 1047 tem
299 990 597 1045 electorum
635 1000 861 1041 currens
886 1024 903 1051 ,
926 986 1128 1040 habere
1170 1000 1228 1040 se
1255 984 1487 1054 patriam
1521 982 1672 1038 novit
1692 982 1750 1038 in

154 1082 512 1139 caelestibus?
546 1082 616 1135 Et
658 1087 810 1133 tanto
835 1071 1008 1149 magis
1047 1077 1158 1133 illic
1185 1086 1371 1148 sperat
1408 1077 1654 1131 invenire
1689 1089 1752 1131 se

154 1172 402 1244 propria,
436 1177 641 1240 quanto
677 1168 767 1223 hic
810 1176 1006 1222 cuncta
1051 1181 1173 1236 qua:
1216 1174 1549 1234 praetereunt
1575 1180 1693 1220 esse
1718 1179 1752 1220 a

156 1275 219 1316 se
251 1261 479 1328 deputat
508 1258 701 1313 aliena.
755 1255 895 1312 Hinc
934 1255 1135 1311 Paulus
1186 1255 1305 1310 ait:
1336 1272 1358 1308 ι
1392 1256 1528 1310 Dum
1565 1268 1755 1310 sumus

156 1349 215 1405 in
246 1351 350 1406 hoc
378 1364 630 1419 corpore,
662 1348 1073 1420 peregrinamur
1103 1361 1135 1401 a
1177 1346 1404 1401 Domino
1437 1345 1519 1417 (II
1545 1344 1670 1401 Cor.
1701 1361 1753 1414 v,

155 1439 241 1511 6).
275 1458 295 1494 ι
341 1440 531 1497 Potest
558 1439 790 1495 fortasse
834 1438 889 1494 in
939 1438 1194 1494 torrentis
1237 1438 1454 1495 nomine
1494 1437 1608 1507 ipsa
1640 1436 1760 1492 irri-

157 1530 313 1602 gatio
364 1538 568 1584 saneta:
593 1528 998 1599 praedicationis
1044 1528 1299 1600 intelligi,
1340 1529 1488 1600 juxta
1531 1527 1585 1583 id
1614 1525 1759 1596 quod

160 1639 264 1696 per
284 1624 633 1679 Salomonem
690 1622 939 1677 dicitur:
981 1639 1002 1674 ί
1045 1620 1273 1677 Oculum
1326 1621 1418 1691 qui
1462 1620 1761 1676 subsannat

158 1723 417 1785 patrem,
453 1721 511 1767 et
562 1711 791 1781 despicit
840 1722 1055 1781 partum
1101 1711 1294 1766 matris
1340 1724 1471 1774 suae,
1502 1709 1761 1765 effodiant

886 327 1190 386 EPITOME
1229 324 1596 384 IORALIUM
1634 325 1699 383 S.
1732 325 1943 383 GBEG.
1985 324 2063 381 IN.
2092 326 2235 383 JOB.
2277 358 2344 367 —
2380 326 2507 385 LIB.
2550 326 2682 384 Vlll.

154 459 286 502 vero
314 442 575 500 torrentis
598 440 834 507 nomine,
864 440 970 497 nisi
994 440 1082 496 ille
1102 456 1133 495 a
1157 450 1447 511 conspectu
1480 439 1746 496 tremendi
1772 445 1823 504 Α
1849 438 2163 511 adjungitur

3325 328 3431 386 526

2224 456 2238 494 :
2311 437 2382 494 Et
2452 440 2614 510 glebae
2669 441 2815 496 illius
2870 456 3082 498 aurum.
3150 444 3288 511 Quid
3337 461 3437 515 per

1844 530 2068 599 glebas,
2119 529 2228 584 nisi
2278 529 2625 586 collectiones
2684 532 3029 602 singulorum
3075 535 3329 591 ordinum
3371 550 3436 591 ac

1845 619 2224 677 multitudines
2257 621 2648 690 designantur?
2682 623 2861 679 Gleha:
2900 636 3082 680 autem
3113 641 3178 680 ex
3211 628 3438 685 humore

1845 720 1902 769 et
1952 713 2178 783 pulvere
2225 716 2689 785 constringuntur.
2741 716 2942 771 Omnes
2986 734 3117 788 ergo
3166 720 3258 790 qui
3314 735 3440 777 rore

1848 803 2035 873 gratiae
2089 802 2254 858 infusi
2302 819 2370 858 ex
2426 806 2619 859 mortis
2670 805 2854 861 debito
2895 806 3168 877 pulverem
3217 825 3277 865 se
3318 824 3440 866 esse

1849 896 2033 950 veraci
2065 896 2376 966 cognitione
2422 896 2659 952 confessi
2709 906 2873 962 sunt,
2901 898 3026 952 dum
3075 901 3201 955 vitae
3240 902 3442 958 virtute

1850 986 2235 1051 clarescerent,
2266 986 2422 1055 quasi
2467 1001 2647 1041 aurea:
2697 987 2752 1041 in
2790 987 2879 1041 illa
2926 988 3093 1058 gleba:
3131 990 3439 1059 jacuerunt.

1852 1074 2050 1131 Glebas
2090 1076 2206 1131 haec
2246 1085 2388 1130 terra
2445 1075 2634 1131 habuit
2684 1076 2740 1130 in
2786 1078 3105 1147 prephetis,
3155 1079 3340 1149 glebas
3388 1079 3444 1135 in

1853 1166 2165 1221 doctoribus
2191 1205 2209 1232 ,
2239 1164 2424 1236 glebas
2451 1165 2507 1220 in
2530 1165 2785 1221 Patribus
2828 1166 3099 1236 antiquis,
3128 1170 3222 1237 qui
3249 1183 3444 1240 magna

1855 1272 1915 1312 se
1945 1255 2215 1311 infusione
2263 1255 2453 1326 gratiae
2481 1255 2535 1310 in
2572 1255 2930 1325 professionis
2954 1266 3008 1312 et
3036 1259 3218 1327 operis
3246 1258 3443 1314 unani—

1856 1346 2048 1400 mitate
2078 1354 2387 1400 tenuerunt.
2418 1345 2676 1415 Sequitur
2703 1365 2717 1401 :

1931 1435 2097 1491 Vsus.
2131 1436 2183 1490 7.
2213 1434 2469 1491 Semitam
2501 1435 2767 1506 ignorabit
2799 1436 2935 1501 avis,
2965 1452 3072 1501 nec
3107 1437 3329 1493 intuitus
3372 1448 3450 1494 est

1859 1543 1977 1583 eam
2002 1525 2185 1580 oculus
2221 1527 2466 1581 vulturis.
2492 1553 2564 1566 -~
2589 1526 2722 1594 Quis
2767 1528 2868 1583 hoc
2911 1528 3033 1584 loco
3075 1530 3190 1585 avis
3234 1530 3452 1587 nomine

1861 1619 1969 1675 nisi
1999 1618 2087 1673 ille
2115 1618 2386 1690 signatur,
2428 1618 2519 1688 qui
2552 1634 2750 1689 corpus
2780 1635 3037 1675 carneum
3074 1622 3216 1690 quod
3244 1637 3454 1677 assum-

1864 1710 1992 1779 psit,
2023 1708 2366 1765 ascendendo
2390 1709 2459 1763 ad
2487 1710 2694 1764 aethera
2724 1709 2984 1764 libravit?
3013 1710 3115 1777 Qui
3145 1721 3270 1783 apte
3312 1726 3452 1782 quo-

160 1804 315 1858 illum
347 1802 499 1859 corvi
538 1803 604 1858 de
655 1802 983 1857 torrentibus
1023 1799 1210 1873 (Prov.
1243 1817 1353 1856 xxx
1382 1841 1398 1866 ,
1428 1802 1537 1873 17).
1570 1820 1589 1854 ι
1630 1800 1766 1855 San—
1789 1790 1839 1850 B
1866 1814 1972 1869 que
2008 1800 2174 1855 etiam
2202 1798 2432 1854 vulturis
2458 1798 2816 1868 appellatione
2837 1799 3188 1869 exprimitur,
3220 1800 3313 1871 qui
3336 1815 3452 1856 ma-

148 1904 380 1969 ctornm
410 1894 612 1964 quippe
638 1893 951 1964 praedicatio
995 1892 1293 1948 obduratas
1340 1902 1551 1948 mentes
1580 1907 1770 1962 repro-

160 1987 362 2042 borum
392 1985 621 2050 deserit,
657 1991 713 2039 et
740 1983 806 2038 ad
828 1984 917 2054 pia
946 1984 1233 2039 humilium
1265 1998 1325 2039 se
1345 1984 1509 2039 corda
1534 1999 1766 2039 conver-

164 2076 258 2130 tit.
303 2074 567 2145 Sequitur
613 2091 630 2128 :
677 2064 759 2127 Et
784 2089 871 2129 eos
913 2090 1045 2145 quos
1088 2074 1279 2128 oblitus
1311 2083 1386 2128 est
1427 2091 1516 2144 pes
1572 2076 1767 2144 egentis

144 2166 421 2230 nominis,
453 2174 500 2219 et
528 2163 965 2231 iuvios.—Quis
1000 2163 1105 2219 hoc
1149 2163 1270 2218 loco
1318 2163 1459 2219 alius
1506 2165 1769 2232 accipitur

163 2269 339 2323 egens
364 2244 571 2321 homo,
600 2252 705 2309 nisi
754 2253 842 2308 ille
885 2253 951 2308 de
988 2268 1097 2323 quo
1144 2268 1242 2322 per
1269 2252 1493 2307 Paulum
1525 2253 1764 2307 dicitur:

171 2367 193 2400 ι
226 2347 333 2415 Qui
356 2356 579 2418 propter
613 2361 711 2401 nos
741 2360 942 2417 egenus
968 2345 1145 2399 factus
1169 2352 1253 2400 est
1271 2345 1397 2399 dum
1425 2354 1569 2398 esset
1587 2342 1769 2397 dives?

168 2437 263 2510 (ΙΙ
305 2436 432 2492 Cor.
465 2453 561 2493 \‘lll
587 2476 603 2501 ,
637 2435 715 2509 6.)
755 2454 774 2486 δ
806 2434 976 2503 Cujus
1000 2434 1250 2490 videlicet
1289 2434 1498 2505 egentis
1535 2432 1771 2488 hominis

170 2528 344 2600 pedes
373 2528 546 2584 sancti
579 2528 966 2597 praedicatores
994 2524 1234 2591 fuerunt,
1263 2540 1360 2595 per
1396 2539 1623 2594 quorum
1650 2537 1773 2594 pro-

171 2621 357 2677 fectus
395 2620 738 2691 praesentiam
765 2619 1125 2691 gentilitatem
1153 2618 1479 2683 circumens,
1509 2617 1771 2671 mundum

169 2710 580 2783 perambulavit
622 2710 1026 2765 universorum.
1071 2706 1179 2761 Sed
1223 2721 1412 2761 eorum
1441 2705 1533 2775 qui
1582 2704 1772 2760 umbra

176 2805 377 2860 mortis
425 2813 481 2858 et
528 2801 667 2874 lapis
705 2798 954 2872 caliginis
1002 2800 1365 2863 exstiterunt,
1417 2812 1505 2866 pes
1547 2795 1772 2850 hominis

176 2898 379 2970 egentis
402 2896 591 2951 oblitus
613 2896 851 2964 cst,quia
882 2895 934 2948 in
962 2893 1078 2962 ipso
1107 2891 1261 2948 initio
1290 2889 1565 2944 nascentis
1594 2888 1777 2943 Eccle-

181 2989 278 3043 sia:
304 2988 439 3042 dum
481 2984 656 3041 sancti
706 2984 935 3053 apostoli
989 2982 1251 3037 caelorum
1303 2995 1526 3051 regnum
1576 2977 1775 3033 Judaeze

183 3080 483 3150 praedicare
512 3075 829 3140 voluissent,
853 3076 1100 3130 videntes
1117 3073 1261 3144 quod
1298 3072 1354 3126 in
1389 3073 1469 3127 eis
1492 3070 1623 3125 nihil
1659 3086 1777 3125 om-

183 3171 312 3226 nino
347 3168 701 3240 prolicerent,
732 3167 802 3222 ad
838 3166 1240 3238 praedicandum
1273 3164 1523 3234 gentibus
1547 3160 1777 3218 deﬂuxe-

186 3268 355 3325 runt,
404 3259 550 3313 sicut
598 3257 731 3327 ipsis
775 3256 831 3310 in
876 3256 991 3310 suis
1044 3255 1271 3311 Actibus
1305 3255 1527 3310 dicunt:
1564 3272 1584 3306 ι
1617 3252 1780 3308 Vobis

186 3348 477 3420 oportebat
503 3347 740 3417 primum
771 3344 918 3414 loqui
954 3345 1181 3400 verbum
1219 3343 1350 3408 Dei,
1388 3343 1483 3397 sed
1511 3343 1781 3411 quomodo

178 3441 453 3513 repellitis
486 3439 637 3504 illud,
660 3446 717 3493 et
738 3437 996 3508 indignos.
1009 3451 1105 3492 vos
1125 3435 1382 3504 judicatis
1399 3445 1614 3490 aeternae
1633 3435 1780 3500 vitae,

186 3548 316 3589 ecce
365 3529 736 3587 convertimur
763 3529 832 3583 ad
876 3534 1066 3597 gentes
1102 3526 1241 3599 (Act.
1286 3542 1406 3592 xui,
1432 3526 1544 3596 46).
1578 3543 1599 3577 ι
1635 3524 1782 3591 Quos

188 3632 341 3680 recte
370 3635 587 3692 quoque
622 3628 681 3675 et
724 3618 900 3674 invios
928 3626 1106 3682 vocat,
1148 3617 1275 3687 quia
1311 3617 1437 3671 dum
1465 3615 1784 3670 infidelitate

187 3730 285 3772 sua
310 3714 565 3771 obdurati
605 3722 750 3780 sunt,
783 3711 965 3768 verbis
998 3712 1123 3766 vita:
1151 3710 1218 3765 ad
1255 3725 1353 3767 cor
1376 3709 1520 3765 viam
1539 3709 1783 3779 praebere

189 3806 504 3864 noluerunt.
534 3805 827 3876 Sequitur:

264 3898 435 3955 Vsus.
467 3899 524 3955 5.
558 3898 721 3954 Terra
754 3898 819 3953 de
846 3914 952 3968 qua
989 3896 1259 3951 oriebatur
1282 3897 1435 3966 panis
1458 3896 1514 3950 in
1551 3894 1665 3950 loco
1686 3910 1782 3951 suo

190 3995 312 4064 igne
333 3991 583 4049 subversa
611 3988 986 4044 est.-Panem
1005 3986 1193 4042 Iudaea
1215 3989 1347 4041 dare
1384 3995 1781 4050 consueverat,

190 4096 315 4152 qua:
338 4080 477 4150 legis
496 4081 658 4135 verba
684 4078 1015 4148 proferebat,
1032 4079 1127 4132 sed
1152 4079 1267 4133 haec
1288 4085 1433 4132 terra
1462 4079 1516 4133 in
1540 4078 1659 4134 loco
1685 4094 1786 4136 suo

192 4174 319 4246 igne
347 4175 611 4230 subversa
647 4183 768 4237 est,
799 4172 929 4242 quia
969 4170 1203 4225 ﬁdelium
1248 4171 1398 4241 signa
1425 4172 1783 4240 conspiciens,

193 4265 416 4321 invidia:
460 4279 521 4319 se
569 4263 718 4318 fasce
763 4261 1150 4318 concremavit.
1198 4261 1334 4328 Quia
1382 4263 1527 4316 enim
1572 4277 1789 4331 semper

192 4354 402 4410 invidia
438 4354 505 4408 de
553 4352 806 4423 superbia
846 4351 998 4407 nasci
1051 4351 1210 4416 solet,
1245 4353 1298 4404 in
1354 4351 1472 4404 loco
1524 4366 1622 4405 suo
1665 4351 1788 4420 igne

190 4446 380 4518 periit,
411 4459 533 4515 quae
556 4444 758 4500 idcirco
786 4444 922 4498 arsit
945 4442 1169 4509 invidia,
1193 4442 1320 4512 quia
1342 4441 1648 4511 superbiam
1680 4456 1787 4496 non

193 4536 476 4607 relinquit.
520 4535 779 4605 Sequitur
809 4555 823 4590 :

271 4629 439 4683 Vens.
462 4626 515 4681 6.
550 4626 723 4682 Locus
752 4627 984 4698 sapphiri
1008 4627 1209 4698 lapides
1230 4626 1368 4697 ejus,
1391 4634 1436 4680 et
1462 4625 1623 4697 glebae
1643 4623 1789 4680 illius

195 4737 413 4776 aurum.
436 4749 510 4761 -
545 4719 687 4788 Quid
713 4720 858 4775 enim
892 4722 994 4775 hoc
1036 4719 1154 4775 loco
1179 4736 1277 4790 per
1302 4719 1507 4789 lapides
1536 4719 1636 4772 nisi
1664 4734 1792 4773 san-

194 4823 414 4875 ctorum
449 4827 513 4868 ac
543 4811 764 4868 fortium
804 4819 1014 4867 mentes
1045 4809 1378 4881 accipimus?
1414 4809 1471 4863 ln
1507 4808 1790 4879 Scriptura

185 4898 403 4960 ‘etenim
428 4917 583 4958 sacra
625 4900 916 4972 aliquando
964 4900 1171 4972 lapides
1215 4901 1268 4955 in
1314 4899 1473 4962 malo,
1502 4899 1791 4968 aliquando

198 5009 331 5049 vero
359 4992 414 5049 in
440 4992 583 5048 bono
600 4992 771 5062 accipi
798 4990 992 5047 solent.
1020 4991 1157 5046 Hinc
1173 4991 1408 5047 Joannes
1428 4990 1651 5064 [Lucas]
1681 4991 1786 5045 ait:

204 5103 227 5136 ι
262 5084 471 5140 Potens
495 5094 582 5140 est
623 5083 768 5138 Deus
796 5082 864 5137 de
884 5081 1155 5152 lapidibus
1193 5083 1315 5138 istis
1356 5086 1620 5138 suscitare
1656 5081 1793 5137 filios

1819 4489 1866 4549 D

1868 1905 2003 1945 nens
2037 1890 2093 1945 in
2141 1889 2425 1945 altitudine
2476 1890 2774 1945 divinitatis
2821 1905 2961 1955 sure,
3015 1891 3170 1959 quasi
3221 1891 3456 1961 quodam

1866 1984 2049 2038 volatu
2074 1978 2314 2048 sublimi,
2337 1983 2570 2038 cadaver
2590 1981 2935 2036 mortalitatis
2953 1992 3151 2037 nostra:
3173 1983 3459 2055 conspexit

1868 2073 1924 2129 in
1952 2074 2174 2140 inlimis,
2202 2082 2259 2130 et
2285 2089 2406 2129 sese
2454 2075 2520 2129 de
2548 2074 2864 2129 coelestibus
2912 2074 2980 2129 ad
3034 2075 3141 2129 ima
3185 2076 3456 2133 submisit.

1867 2163 2015 2219 Fieri
2040 2165 2237 2234 quippe
2261 2174 2480 2234 propter
2507 2180 2604 2219 nos
2631 2164 2793 2219 homo
2818 2164 3072 2233 dignatus
3094 2173 3199 2231 est,
3223 2173 3295 2230 et,
3330 2165 3461 2224 dum

1869 2265 2145 2309 mortuum
2176 2254 2373 2308 animal
2406 2255 2582 2324 petiit,
2616 2264 2844 2309 mortem
2874 2255 3015 2324 apud
3046 2271 3162 2320 nos,
3196 2257 3286 2326 qui
3319 2257 3462 2329 apud

1871 2359 1930 2399 se
1953 2353 2073 2399 erat
2098 2343 2440 2406 immortalis,
2466 2344 2686 2398 invenit.
2713 2345 2819 2399 Sed
2842 2345 3004 2415 hujus
3024 2345 3256 2402 vulturis
3274 2347 3463 2404 oculus

1871 2432 1973 2489 fuit
1998 2434 2224 2488 intentio
2254 2442 2453 2488 nostra:
2487 2433 2926 2498 resurrectionis,
2964 2435 3091 2503 quia
3126 2436 3241 2505 ipse
3268 2437 3335 2492 ad
3367 2437 3466 2491 tri-

1872 2526 2036 2580 duum
2068 2534 2316 2580 mortuus
2358 2527 2427 2579 ab
2470 2534 2675 2580 aeterna
2722 2534 2898 2580 morte
2945 2540 3045 2580 nos
3072 2525 3339 2581 liberavit.
3371 2526 3466 2585 Ille

1870 2633 2003 2687 ergo
2030 2617 2269 2688 perﬁdus
2296 2615 2497 2673 Judaea:
2536 2616 2766 2689 populus
2793 2617 3076 2672 mortalem
3121 2618 3296 2684 vidit,
3328 2619 3423 2675 sed
3445 2657 3465 2685 ,

1873 2709 2016 2779 quod
2042 2716 2215 2765 morte
2234 2724 2333 2763 sua
2359 2718 2601 2764 nostram
2628 2716 2862 2763 mortem
2888 2708 3216 2774 destrueret,
3241 2709 3468 2765 minime

1873 2801 2121 2856 attendit.
2166 2800 2459 2871 Conspexit
2497 2799 2714 2871 quidem
2768 2799 3035 2855 vulturem
3063 2840 3077 2866 ,
3129 2802 3224 2857 sed
3280 2799 3470 2858 oculos

1875 2890 2103 2946 vulturis
2131 2906 2236 2946 non
2265 2891 2517 2961 aspexit,
2549 2890 2642 2959 qui
2672 2890 2799 2944 dum
2838 2891 3161 2946 humilitatis
3188 2891 3306 2961 ejus
3348 2892 3466 2950 vias

1875 2983 2072 3053 quibus
2112 2999 2211 3038 nos
2255 2983 2322 3037 ad
2358 2983 2468 3037 alta
2512 2983 2811 3039 Sublevavit
2836 3023 2851 3047 ,
2881 2983 3228 3039 considerare
3257 2985 3428 3040 noluit
3452 3024 3469 3051 ,

1879 3076 2128 3130 semitam
2158 3074 2272 3129 avis
2308 3074 2592 3145 ignoravit.
2620 3072 2803 3143 Neque
2836 3075 2979 3129 enim
3002 3089 3235 3145 pensare
3265 3077 3473 3132 studuit

1883 3163 2027 3234 quod
2044 3163 2160 3232 ejus
2179 3163 2459 3218 humilitas
2482 3178 2586 3219 non
2611 3162 2813 3217 levaret
2837 3164 2902 3218 ad
2920 3165 3181 3231 coelestia,
3207 3174 3262 3222 et
3282 3168 3475 3237 mortis

1883 3254 1999 3324 ejus
2028 3255 2257 3309 intentio
2287 3254 2611 3309 reformaret
2639 3254 2706 3308 ad
2736 3254 2923 3308 vitam.
2957 3254 3250 3325 Sequitur:

1953 3343 2119 3400 Vnus.
2147 3345 2200 3399 8.
2248 3344 2375 3398 Non
2405 3345 2738 3398 calcaverunt
2774 3360 2887 3398 eam
2915 3345 3017 3414 ﬁlii
3046 3346 3351 3403 institorum
3381 3365 3475 3406 nec

1879 3435 2215 3506 pertransivit
2235 3451 2328 3505 per
2350 3451 2465 3488 eam
2490 3433 2677 3488 leaena.
2693 3435 2832 3489 —ln
2861 3436 3074 3492 cunctis
3098 3436 3307 3493 Latinis
3328 3439 3473 3507 codi-

1881 3526 2035 3583 cibus
2066 3527 2344 3582 institores
2390 3527 2596 3597 positos
2642 3528 2977 3596 reperimus,
3024 3530 3078 3583 in
3109 3529 3311 3586 Graecis
3340 3547 3472 3589 vero

1881 3620 2251 3689 negotiatores
2311 3619 2634 3672 invenimus.
2692 3617 2794 3685 Qui
2840 3620 2943 3673 hoc
2997 3619 3117 3675 loco
3156 3621 3474 3687 institores,

1881 3710 1988 3765 nisi
2011 3709 2287 3780 prophetae
2318 3710 2492 3764 sancti
2519 3710 2697 3764 vocati
2729 3718 2877 3774 sunt,
2904 3711 2993 3779 qui
3026 3710 3323 3781 Synagogae
3352 3728 3474 3768 ino-

1884 3816 1974 3856 res
2021 3800 2089 3854 ad
2138 3799 2298 3854 fidem
2354 3799 2625 3854 instruere
2685 3801 3059 3871 prophetantlo
3111 3805 3479 3859 curaverunt?

1886 3891 2127 3959 Quorum
2166 3890 2424 3945 nimirum
2456 3891 2549 3946 lilii
2591 3892 2767 3947 sancti
2803 3892 3035 3962 apostoli
3068 3904 3474 3964 nuncupantur,

1887 3983 1978 4053 qui
2018 3989 2078 4035 ut
2101 3982 2266 4035 Deum
2300 3981 2573 4036 hominem
2602 3982 2904 4045 crederent,
2931 3985 2999 4037 ad
3035 3983 3280 4038 eamdem
3310 3982 3473 4038 fidem

1887 4088 1952 4129 ex
2001 4088 2189 4127 eorum
2253 4082 2378 4126 sunt
2431 4072 2814 4142 praedicatione
2860 4073 3127 4142 generati.
3189 4073 3479 4130 Calcarent

1887 4165 2085 4235 quippe
2108 4163 2413 4218 institorum
2440 4162 2553 4228 lilii,
2572 4163 2615 4216 si
2638 4162 3023 4232 prtedicatorcs
3044 4164 3213 4218 sancti
3231 4163 3475 4234 ejusdem

1891 4255 2189 4326 Synagogzn
2232 4254 2363 4307 vitia
2393 4253 2541 4308 calce
2587 4254 2805 4308 virtutis
2841 4264 3171 4323 premerent.
3206 4256 3262 4310 Si
3295 4266 3478 4311 autem

1891 4348 2170 4402 institores
2192 4347 2407 4401 eosdem
2433 4356 2637 4401 sanctae
2657 4346 2909 4401 Ecclesiae
2935 4347 3318 4417 praedicatores
3339 4348 3484 4403 acci-

1890 4439 2089 4508 pimus,
2143 4437 2452 4492 institorum
2503 4436 2642 4491 lilios
2695 4445 2942 4507 pastores
2988 4446 3045 4491 et
3090 4438 3360 4502 doctores,
3389 4436 3482 4505 qui

1892 4527 2255 4599 apostolorum
2286 4527 2430 4581 viam
2465 4529 2637 4583 secuti
2682 4537 2849 4594 sunt,
2881 4527 2954 4599 nil
3004 4528 3189 4583 obstat
3228 4527 3481 4599 intelligi.

1890 4622 1992 4690 Qui
2023 4620 2361 4693 Synagogam
2392 4620 2613 4675 minime
2652 4619 3034 4684 calcaverunt,
3067 4635 3193 4691 quia
3230 4619 3356 4674 dum
3385 4614 3481 4673 eo-

1890 4730 2010 4772 rum
2042 4713 2249 4776 Patres,
2278 4714 2328 4767 id
2359 4722 2459 4774 est,
2490 4711 2719 4782 apostoli
2763 4711 2831 4765 ab
2861 4709 2948 4765 illa
2981 4710 3179 4781 repulsi
3211 4719 3354 4771 sunt,
3383 4708 3483 4778 ipsi

1891 4819 2109 4875 quoque
2158 4804 2225 4858 ab
2275 4801 2391 4873 ejus
2441 4803 2723 4857 vocatione
2764 4810 3131 4856 cessaverunt.
3177 4797 3284 4852 Per
3319 4810 3482 4866 quam

1892 4893 2142 4949 videlicet
2178 4890 2518 4963 Synagogam
2570 4891 2737 4945 leaena
2796 4904 2903 4967 non
2950 4886 3311 4958 pertransiit,
3359 4882 3489 4952 quia

1895 4994 2083 5042 sancta
2120 4984 2363 5040 Ecclesia
2410 4981 2719 5039 collectioni
2769 4980 3008 5052 gentium
3046 4977 3226 5034 dedita
3281 4987 3489 5040 nequa-

1896 5094 2058 5148 quam
2087 5091 2146 5133 se
2170 5077 2236 5131 ad
2264 5074 2413 5130 illum
2441 5071 2641 5130 Judaue
2663 5070 2917 5142 populum
2948 5070 3150 5124 diutius
3177 5061 3488 5129 occupavit.
