3948 5398
453 272 561 335 327

1465 262 1521 323 S.
1564 261 1812 323 ODONIS
1849 256 2136 315 ABBATIS
2173 257 2666 319 CLUNIACENSIS
2704 262 2744 318 ll
3614 269 3711 328 πε

459 403 580 444 cem
604 384 864 450 extendit,
891 384 1015 454 quia
1048 384 1114 437 ad
1168 382 1423 437 duritiam
1464 383 1702 453 gentium
1755 396 1865 435 sua:
1914 379 2039 432 bra-
2074 384 2116 438 Α
2145 377 2289 431 dium
2345 379 2716 434 subveutionis
2771 395 2876 435 non
2932 380 3157 447 invenit,
3207 381 3366 437 fateri
3407 382 3565 446 solet,
3597 384 3713 455 quia

460 477 641 532 chium
668 471 1062 545 priedicationis
1097 471 1262 526 misit.
1305 470 1458 526 Unde
1499 478 1553 526 et
1595 469 1798 524 eisdem
1855 469 2045 522 beatus

460 566 564 623 Job
588 564 856 636 passionis
880 579 991 618 sua:
1030 562 1313 617 historiam
1352 561 1645 631 praesciens
1684 559 1932 629 gentibus
1964 557 2045 611 in-

462 657 844 714 notescendam
874 655 1005 709 dicit
1038 668 1053 707 :
1100 671 1118 703 σ
1158 652 1480 706 Scribantur
1524 652 1639 704 haec
1689 648 1827 720 style
1868 649 2045 701 ferreo

464 748 521 803 in
547 746 749 817 plumbi
774 745 994 809 lamina,
1016 743 1101 797 vel
1130 754 1277 797 certe
1323 741 1639 810 sculpantur
1670 739 1723 793 in
1751 738 1899 793 silice
1923 736 2045 807 (Job

464 856 580 903 xix,
606 838 721 906 21).
757 855 777 889 ι
811 835 948 902 Quid
981 848 1108 889 vero
1140 833 1241 887 hoc
1284 832 1403 886 loco
1457 837 1687 892 montes,
1738 828 1841 882 nisi
1888 826 2047 896 hujus

463 929 642 985 saeculi
675 937 922 995 potentes
953 924 1268 992 accipimus,
1295 921 1383 990 qui
1413 935 1511 989 pro
1542 929 1756 972 terrena
1789 919 2046 971 substan-

463 1018 539 1072 tia
594 1017 760 1071 altum
819 1013 1072 1069 tument?
1138 1014 1212 1066 De
1279 1011 1476 1080 quibus
1545 1007 1829 1061 Psalmista
1893 1005 1970 1058 ait
2030 1023 2042 1057 :

469 1126 490 1160 ε
533 1107 714 1176 Tange
753 1114 981 1168 montes,
1009 1111 1064 1158 et
1093 1101 1428 1171 l‘umigabnnt
1479 1097 1652 1168 (Psal.
1683 1112 1871 1161 CXLIII,
1904 1095 1980 1165 5).
2022 1115 2040 1147 ι

467 1194 573 1251 Sed
605 1203 817 1251 montes
843 1209 872 1246 a
905 1192 1176 1247 radicibus
1203 1196 1329 1244 sunt
1356 1186 1694 1255 eversi,quia
1723 1185 2047 1255 pranlicautc

466 1293 653 1340 sancta
703 1284 944 1338 Ecclesia
994 1281 1189 1336 summi
1245 1277 1403 1346 hujus
1459 1277 1641 1332 sasculi
1695 1284 1943 1345 potentes
1993 1275 2047 1327 in

469 1375 704 1430 adoratu
765 1372 1150 1443 omnipotentis
1202 1369 1297 1425 Dei
1360 1370 1430 1424 ab
1478 1368 1667 1423 intima
1726 1366 2049 1437 cogitatione

462 1468 797 1523 ceciderunt.
833 1466 1090 1534 Sequitur
1113 1479 1130 1518 :

540 1560 706 1615 Vsus.
742 1558 828 1613 10.
861 1556 930 1611 1η
951 1558 1109 1627 petris
1137 1557 1273 1611 rivos
1295 1556 1596 1619 e1cidit,—
1627 1554 1679 1609 id
1702 1562 1803 1620 est,
1829 1553 1879 1607 in
1902 1553 2050 1606 duris

470 1645 754 1717 gentilium
808 1644 1062 1699 cordibus
1123 1641 1317 1697 ﬂuvios
1362 1641 1763 1711 praedicationis
1819 1638 2047 1709 aperuit,

2149 466 2276 535 quid
2323 467 2484 521 faciat
2529 470 2716 523 nescit.
2762 467 2932 537 Hujus
2976 483 3104 540 ergo
3156 472 3436 540 sapientiae
3492 473 3714 542 pretium

2149 555 2359 610 nescire
2384 565 2494 620 est,
2525 557 2741 626 dignum
2770 558 2948 627 operis
2974 559 3222 613 meritum
3252 575 3361 628 qno
3408 558 3556 612 illam
3604 574 3718 629 per-

2149 643 2312 714 cipiat
2334 659 2437 698 uou
2464 644 2726 699 invenire.
2752 646 2833 699 Ad
2858 647 2960 701 hoc
2986 663 3220 717 namque
3251 648 3484 717 pretium
3513 648 3716 713 damus,

2149 742 2209 786 ut
2237 733 2355 801 ejus
2383 734 2500 788 vice
2526 749 2636 787 rem
2667 749 2829 803 quam
2861 737 3162 805 appetimus
3209 738 3491 806 possidere
3534 738 3721 793 debea-

2150 839 2291 879 mus.
2315 824 2453 891 Quid
2484 835 2662 881 autem
2693 842 2798 881 non
2826 828 3068 883 dedimus
3087 870 3101 894 ,
3127 839 3187 883 ut
3214 830 3351 885 hanc
3381 831 3719 899 sapientiam,

2149 928 2269 982 quas
2326 915 2575 969 Christus
2621 925 2723 980 est,
2777 918 3056 987 percipere
3112 919 3489 974 mererentur?
3543 919 3725 975 Gratia

2149 1003 2347 1071 quippe
2370 1004 2630 1073 redempti
2663 1020 2868 1060 sumus.
2903 1007 3039 1061 Hinc
3088 1007 3285 1064 Paulus
3328 1010 3405 1063 ait
3452 1023 3469 1062 :
3530 1029 3550 1061 ι
3598 1011 3724 1066 Cum

2151 1095 2327 1147 adhuc
2352 1103 2667 1162 peccatores
2697 1111 2939 1151 essemus
2965 1100 3259 1153 secundum
3291 1108 3530 1169 tempus,
3576 1100 3728 1155 Chri-

2150 1198 2265 1243 stus
2304 1202 2401 1256 pro
2431 1188 2611 1257 impiis
2659 1198 2903 1244 mortuus
2947 1198 3030 1244 est
3078 1189 3254 1260 (Rom.
3296 1207 3350 1257 ν,
3389 1193 3538 1263 8,9).
3583 1212 3602 1245 ›
3635 1193 3728 1249 Se-

2149 1276 2335 1345 quitur
2361 1294 2373 1329 :
2410 1276 2521 1330 [Vec
2544 1279 2831 1332 invenietur
2853 1279 2905 1333 in
2930 1289 3070 1332 terra
3093 1282 3323 1334 suaviter
3360 1281 3728 1337 viventium.—

2150 1367 2290 1433 Quid
2318 1369 2418 1420 hoc
2445 1366 2563 1421 loco
2615 1370 2861 1437 signatur
2913 1372 3089 1424 terrze’
3123 1371 3361 1435 nomine,
3397 1372 3500 1427 nisi
3556 1374 3729 1427 anima

2150 1459 2424 1513 humana?
2456 1459 2523 1513 de
2558 1473 2663 1528 qua
2694 1459 2979 1514 Psalmista
3008 1460 3083 1514 ait
3110 1476 3124 1513 :
3160 1478 3181 1512 ι
3209 1461 3400 1515 Anima
3431 1477 3550 1515 mea
3597 1463 3731 1518 sicut

2153 1557 2321 1613 terra,
2348 1549 2464 1604 sine
2490 1564 2630 1617 aqua
2661 1549 2754 1603 tibi
2799 1547 2974 1617 (Psal.
2998 1566 3161 1614 cun,
3195 1550 3271 1622 6).
3319 1571 3337 1603 ι
3380 1551 3506 1605 Haec
3554 1561 3732 1607 autern

2152 1638 2414 1707 sapientia
2466 1638 2694 1693 inveniri
2741 1640 2795 1691 in
2839 1648 2979 1693 terra
3030 1644 3260 1696 suaviter
3304 1644 3583 1696 viventium
3629 1658 3730 1697 non

467 1737 608 1792 sicut
640 1750 739 1806 per
769 1735 1088 1805 prophetam
1128 1747 1345 1803 quoque
1402 1734 1469 1788 de
1520 1729 1794 1801 irriganda
1855 1728 2053 1784 dicitur
2082 1720 2130 1779 B
2161 1728 2322 1789 valet,
2359 1729 2487 1798 quia
2519 1729 2765 1799 quisquis
2793 1731 2969 1786 adhuc
3006 1731 3162 1799 hujus
3206 1733 3330 1787 vita:
3372 1732 3736 1803 voluptatibus

468 1828 723 1884 ariditate
746 1826 1050 1898 gentilium.
1084 1825 1269 1879 Posuit
1300 1827 1562 1878 desertum
1590 1824 1645 1876 in
1666 1831 1855 1892 stagna
1884 1838 2058 1891 aqua-

470 1934 612 1982 rum,
643 1928 689 1971 et
717 1927 909 1971 terram
931 1916 1043 1969 sine
1070 1931 1207 1985 aqua
1237 1915 1290 1966 in
1317 1914 1487 1968 exitus
1529 1927 1806 1982 aquarum.
1859 1909 2053 1979 Sequi-

378 2034 385 2045 ι
470 2015 601 2062 tur:
632 2003 702 2059 Et
731 2021 882 2059 omne
902 2005 1186 2074 pretiosum
1208 2004 1332 2058 vidit
1355 2004 1537 2058 oculus
1576 2002 1710 2071 ejus.
1743 2032 1815 2041 —
1862 1999 2052 2055 Scien-

471 2096 601 2151 dum
630 2109 976 2165 magnopere,
1005 2095 1129 2163 quia
1180 2103 1331 2150 tanto
1374 2109 1712 2163 unaquaque
1755 2093 1935 2147 anima
1999 2090 2058 2145 lit

477 2187 771 2258 pretiosior
797 2194 922 2241 ante
953 2186 1137 2240 oculos
1179 2187 1295 2250 Dei,
1323 2196 1527 2255 quanto
1553 2201 1651 2255 pro
1690 2198 1877 2239 amore
1920 2182 2058 2237 veri-

474 2279 605 2335 tatis
630 2280 939 2349 despectior
964 2278 1129 2332 fuerit
1154 2288 1280 2332 ante
1305 2277 1492 2331 oculos
1514 2290 1657 2331 suos.
1689 2276 1746 2330 lu
1779 2274 2057 2343 Scriptura

483 2378 671 2425 sancta
728 2369 911 2424 videre
962 2367 1058 2423 Dei
1100 2366 1392 2437 aliquando
1427 2382 1527 2436 pro
1565 2356 1766 2437 eligere
1819 2365 2056 2435 ponitur.

473 2458 622 2515 Vidit
652 2461 970 2530 pretiosum,
998 2474 1121 2515 cum
1153 2459 1446 2513 humanam
1477 2458 1713 2511 animam
1749 2458 1817 2511 de
1859 2470 1919 2511 se
1967 2455 2061 2509 ab-

470 2550 618 2621 jecta
660 2551 959 2619 sapientem
1012 2548 1201 2619 gratiae
1246 2563 1356 2602 sua:
1396 2546 1754 2601 illustratione
1799 2545 2058 2613 respexit,

476 2643 544 2697 de
600 2658 710 2711 qua
766 2640 1019 2694 videlicet
1068 2638 1250 2692 anima
1302 2652 1399 2706 per
1454 2637 1775 2706 prophetam
1817 2634 2057 2689 dicitur:

476 2728 539 2784 Si
568 2727 886 2798 separaveris
936 2728 1221 2796 pretiosum
1257 2742 1288 2779 a
1322 2724 1430 2790 vili,
1461 2725 1612 2795 quasi
1638 2739 1694 2778 os
1745 2739 1918 2777 meum
1958 2718 2067 2777 eris‘

481 2821 618 2892 (δεῖ.
643 2835 734 2883 xv,
763 2818 873 2889 19).
893 2817 1152 2887 Sequitur
1187 2835 1202 2871 :

556 2909 721 2966 Vens.
738 2909 825 2962 11.
843 2905 1122 2977 Profunda
1144 2924 1347 2979 quoque
1372 2907 1649 2977 ﬂuviorum
1678 2914 1942 2981 scrutatus
1964 2914 2060 2970 est,

477 3009 528 3056 et
560 2998 866 3053 abscondita
893 3000 951 3052 in
998 2997 1168 3052 lucem
1210 2998 1482 3069 produxit.
1532 3027 1603 3039 --
1648 2996 1787 3063 Quid
1830 3010 2064 3064 namque

2157 1819 2415 1888 pascitur,
2438 1823 2505 1875 ab
2543 1830 2757 1876 aeternae
2796 1823 3074 1891 sapientia:
3114 1823 3388 1879 intellectu
3435 1833 3734 1893 separatur.

2157 1907 2291 1962 Nam
2323 1909 2369 1962 si
2399 1925 2527 1964 vere
2555 1919 2785 1979 saperet,
2810 1913 3063 1982 expulsus
3091 1913 3158 1967 ab
3185 1914 3414 1969 internis
3443 1916 3655 1986 gaudiis
3676 1917 3738 1971 de

2156 2016 2219 2057 ea
2249 2002 2432 2071 inqua
2461 2003 2657 2057 cecidit
2683 2004 2861 2057 exsilii
2904 2005 2987 2059 sui
3030 2006 3272 2061 eiecitate
3322 2006 3553 2077 lugeret.
3608 2007 3741 2064 Hinc

2159 2106 2394 2159 namque
2439 2107 2536 2161 per
2585 2092 2930 2148 Salomonem
2990 2095 3189 2150 dicitur
3234 2110 3250 2149 :
3311 2114 3331 2147 ‹
3386 2097 3490 2164 Qui
3521 2099 3741 2168 apponit

2159 2183 2443 2237 scientiam
2488 2184 2710 2252 apponit
2757 2184 2994 2240 dolorem
3046 2186 3254 2257 (Eccle.
3291 2203 3340 2254 t,
3403 2189 3527 2261 18).
3568 2208 3587 2241 ι
3637 2189 3741 2245 Se-

2161 2274 2347 2340 quitur
2376 2290 2389 2325 :

2238 2361 2397 2418 Vens.
2424 2365 2509 2419 14.
2548 2365 2780 2436 Abyssus
2819 2368 2946 2421 dicit
2969 2385 2988 2423 :
3012 2367 3136 2423 Non
3162 2379 3234 2423 est
3260 2387 3483 2426 mecum.
3508 2402 3579 2412 —
3606 2371 3743 2440 Quid

2160 2451 2262 2507 hoc
2282 2452 2400 2507 loco
2425 2454 2673 2525 abyssum
2703 2457 2807 2510 nisi
2834 2458 2996 2512 corda
3021 2458 3298 2514 hominum
3329 2463 3521 2516 vocat?
3546 2480 3664 2533 quas
3685 2473 3744 2519 et

2160 2560 2258 2614 per
2294 2546 2499 2613 lapsum
2524 2545 2706 2611 ﬂuida,
2739 2555 2793 2602 et
2816 2563 2914 2617 per
2943 2549 3313 2619 duplicitalem
3353 2561 3483 2606 sunt
3514 2554 3742 2625 caligine

2163 2636 2467 2690 tenebrosa.
2522 2636 2652 2704 Qua:
2707 2638 2962 2692 nimirum
3032 2641 3255 2710 abyssus
3318 2657 3427 2695 non
3499 2657 3623 2697 esse
3688 2643 3744 2697 in

2162 2741 2222 2783 se
2271 2728 2412 2782 hanc
2459 2730 2780 2798 sapientiam
2833 2729 3135 2800 prolitetur,
3180 2731 3305 2800 quia
3360 2733 3548 2802 iniqua
3593 2749 3744 2789 mens

2164 2818 2289 2873 dum
2352 2831 2473 2873 esse
2541 2819 2758 2887 sapiens
2833 2820 3130 2874 carnaliter
3196 2821 3442 2890 appetit,
3527 2823 3745 2876 stultam

2165 2918 2273 2965 tam
2304 2924 2363 2963 se
2390 2910 2458 2964 ad
2504 2909 2766 2978 spiritalia
2796 2910 3050 2964 ostendit.
3083 2909 3326 2979 Namque
3362 2918 3506 2965 teste
3541 2912 3706 2966 Paulo
3729 2954 3745 2976 ,

2170 3016 2190 3050 ι
2235 2998 2515 3069 Sapientia
2546 2998 2725 3067 ,hnjus
2772 3000 2957 3053 numdi
3005 2999 3229 3054 stultitia
3264 3008 3348 3055 est
3390 3003 3537 3072 apud
3586 3003 3747 3056 Deum

478 3090 568 3146 hic
602 3089 747 3144 aliud
790 3088 1032 3155 ﬂumina,
1078 3089 1183 3144 nisi
1212 3064 1580 3158 antiquorum
1632 3088 1858 3143 Patrum
1916 3087 2062 3142 dicta
2091 3064 2135 3125 Ο
2167 3089 2217 3158 (Ι
2265 3064 2390 3145 cor.
2446 3064 2689 3160 mplﬂ).
2748 3109 2767 3141 ι
2822 3090 2997 3145 Tanto
3032 3092 3276 3161 quisquis
3325 3064 3473 3148 intus
3520 3095 3748 3163 amplius

480 3180 899 3252 nuncupantur!
927 3180 1034 3251 Sed
1058 3181 1253 3235 borum
1284 3179 1564 3235 ﬂuminum
1592 3177 1777 3235 Iudaea
1828 3180 2064 3249 speciem

479 3272 678 3335 tenuit,
700 3271 832 3328 dum
855 3270 1054 3326 litterae
1077 3269 1423 3340 superﬁciem
1468 3278 1682 3334 tenens,
1715 3285 1903 3325 eorum
1945 3284 2067 3339 pro~

481 3358 646 3414 funda
676 3359 934 3425 nescivit;
977 3374 1074 3415 nos
1125 3373 1255 3413 vero
1303 3359 1556 3414 veniente
1608 3358 1837 3412 Domino
1879 3358 1932 3413 in
1987 3358 2067 3412 eis

481 3452 694 3508 interna
720 3452 986 3523 spiritalia
1011 3453 1327 3522 quaerimus,
1360 3467 1549 3507 eorum
1577 3451 1844 3522 profunda
1896 3453 2063 3507 rima-

483 3557 626 3596 mur.
657 3541 812 3609 Quod
843 3542 959 3612 ipse
985 3541 1245 3597 Dominus
1273 3541 1456 3598 facere
1475 3542 1694 3607 dicitur,
1718 3543 1845 3612 quia
1887 3542 1939 3596 id
1967 3558 2067 3598 nos

489 3646 653 3702 agere
681 3633 797 3703 ipso
822 3632 1058 3688 donante
1087 3632 1460 3702 przevalemus.
1505 3632 1609 3688 Per
1656 3648 1758 3689 nos
1804 3649 1934 3703 ergo
1975 3634 2067 3703 qui

481 3730 589 3777 non
617 3722 855 3778 litteram
887 3740 1007 3793 quae
1032 3724 1253 3789 occidit,
1286 3724 1380 3779 sed
1410 3724 1660 3793 spiritum
1689 3724 1784 3795 qui
1826 3724 2069 3780 viviﬁcat

482 3809 571 3883 (II
595 3808 718 3865 Cor.
747 3827 829 3874 Ill,
862 3813 914 3881 6)
953 3814 1250 3883 sequimur,
1279 3813 1546 3884 profunda
1572 3812 1854 3868 ﬂuviorum
1882 3813 2067 3869 Domi-

483 3915 586 3954 nus
610 3908 903 3965 scrutatur,
936 3910 991 3955 et
1010 3903 1329 3957 abscondita
1361 3903 1413 3957 in
1444 3902 1621 3958 lucem
1652 3904 2065 3974 producit,quia

489 3988 631 4042 dicta
663 3987 818 4056 legis,
851 4004 970 4057 quas
1024 3989 1258 4060 caligosa
1300 3990 1462 4045 nimis
1508 3992 1737 4046 historia
1787 3995 2065 4060 obscurat,

487 4093 630 4131 nunc
650 4080 915 4147 expositio
941 4080 1201 4148 spiritalis
1225 4081 1511 4137 illuminat.
1545 4083 1699 4138 Unde
1736 4093 1792 4138 et
1838 4084 2065 4155 loquens

487 4167 540 4221 in
570 4169 840 4235 parabolis
867 4184 962 4239 per
989 4171 1332 4242 Evangelium
1372 4173 1588 4228 Veritas
1611 4175 1890 4244 discipulis
1930 4192 2067 4246 prte-

490 4255 644 4325 cipit,
683 4257 907 4312 dicens:
952 4276 971 4311 ‹
1005 4260 1155 4327 Quod
1186 4262 1306 4316 dico
1340 4262 1492 4317 vobis
1521 4263 1575 4318 in
1617 4264 1856 4321 tenebris
1904 4266 2067 4321 dicite

488 4345 543 4400 in
592 4345 815 4414 lumine,
846 4358 901 4404 et
935 4352 1078 4418 quod
1104 4351 1157 4404 in
1189 4367 1323 4406 aure
1349 4352 1548 4408 auditis
1590 4353 1877 4422 praedicata
1907 4368 2069 4426 super

488 4443 629 4491 tecta
670 4436 884 4505 (Matth.
914 4455 970 4504 ι,
998 4440 1114 4509 27).
1162 4459 1183 4491 ι
1218 4440 1513 4511 Sequitur:

561 4527 723 4587 Vsus.
754 4528 839 4592 l2,
880 4530 967 4584 15.
998 4528 1272 4598 Sapientia
1301 4547 1416 4585 vero
1445 4533 1533 4587 ubi
1570 4535 1847 4600 invenitur,
1869 4544 1918 4589 et
1948 4536 2065 4607 quis

486 4626 561 4672 est
593 4615 737 4672 locus
768 4617 1165 4688 intelligentiae?
1202 4618 1384 4675 Nescit
1411 4623 1565 4677 homo
1606 4624 1829 4694 pretium
1857 4625 2066 4694 ejus.—

486 4703 789 4775 Viritaqne
818 4708 1038 4763 sanetus
1073 4724 1235 4779 quam
1284 4711 1603 4780 sapientiam
1649 4715 2062 4784 contemplatur,

488 4796 591 4851 nisi
614 4810 736 4850 eam
763 4798 830 4852 de
867 4813 970 4867 qua
997 4798 1193 4854 Paulus
1221 4800 1496 4870 apostolus
1522 4802 1651 4857 dicit
1675 4821 1688 4856 :
1719 4822 1737 4854 ε
1788 4803 2066 4860 Christum

488 4886 584 4942 Dei
610 4886 887 4952 virtutem,
916 4897 969 4943 et
999 4887 1093 4942 Dei
1116 4889 1470 4959 sapientiam?
1501 4890 1553 4963 (1
1583 4890 1707 4946 Cor.
1735 4909 1777 4959 ι,
1802 4894 1915 4964 24.)
1946 4912 1965 4946 ι
1996 4896 2073 4950 De

489 4994 595 5042 qua
628 4994 726 5042 per
757 4977 1102 5037 Salomonem
1132 4981 1334 5036 dicitur
1369 5001 1383 5036 :
1420 5000 1439 5033 ‹
1462 4980 1739 5042 Sapientia
1784 4984 2073 5040 mdiﬂcavit

2166 3181 2362 3235 stultus
2407 3181 2485 3246 lit,
2519 3189 2723 3250 quanto
2744 3166 2988 3234 conatur
3015 3182 3252 3235 exterius
3298 3182 3522 3250 sapiens
3556 3183 3744 3237 videri.

2168 3272 2424 3342 Sequitur
2465 3287 2479 3325 :
2533 3270 2598 3323 Et
2636 3287 2780 3324 mare
2814 3271 3044 3339 loquitur
3076 3289 3096 3328 :
3134 3270 3256 3325 Non
3298 3282 3372 3326 est
3424 3290 3656 3327 mecum.
3685 3302 3747 3314 —

2166 3363 2306 3432 Quid
2337 3362 2482 3417 enim
2516 3361 2683 3415 maris
2725 3361 2942 3414 nomine
2984 3360 3087 3415 nisi
3111 3362 3455 3416 saecularium
3484 3364 3746 3419 mentium

2167 3467 2353 3507 amara
2399 3451 2714 3519 inquietudo
2761 3449 3034 3520 signatur;
3068 3465 3187 3519 qua:
3212 3451 3341 3505 dum
3392 3467 3455 3507 se
3502 3454 3746 3509 vicissim

2167 3543 2465 3598 inimicitiis
2511 3542 2809 3610 impetunt,
2866 3540 3019 3607 quasi
3070 3540 3426 3597 adversantes
3478 3558 3541 3598 se
3599 3545 3749 3599 unda:

2167 3632 2457 3686 collidunt?
2486 3631 2651 3686 Recte
2678 3630 2822 3684 enim
2848 3644 2997 3684 mare
3022 3631 3129 3685 vita
3158 3632 3501 3687 saecularium
3529 3634 3745 3701 dicitur,

2167 3721 2293 3791 quia
2325 3721 2449 3775 dum
2495 3720 2809 3791 procellosis
2838 3721 3108 3775 actionum
3148 3722 3382 3778 motibus
3422 3726 3746 3790 concitatur,

2167 3813 2236 3866 ab
2263 3812 2488 3865 interna:
2516 3811 2797 3881 sapientiae
2826 3812 3008 3882 quiete
3030 3819 3193 3881 atque
3223 3814 3529 3870 stabilitate
3550 3817 3751 3888 disjun—

2168 3904 2329 3975 gitur.
2354 3901 2470 3968 Quo
2495 3908 2685 3955 contra
2713 3900 2852 3956 bene
2874 3917 2969 3972 per
2998 3904 3317 3972 prophetam
3341 3905 3580 3961 dicitur:
3611 3925 3630 3957 s
3653 3907 3753 3961 Stt-

2167 4014 2264 4068 per
2283 4012 2442 4067 quem
2470 3995 2760 4065 requiescit
2787 3995 3022 4065 Spiritus
3049 4013 3217 4065 meus,
3247 3998 3351 4054 nisi
3384 4014 3551 4071 super
3579 4001 3750 4057 humi-

2167 4089 2272 4144 lem
2324 4086 2665 4155 et.quietum
2716 4097 2771 4141 et
2833 4095 3152 4144 trementem
3219 4104 3503 4146 sermones
3553 4092 3751 4147 meos?

2168 4178 2300 4251 (lsa.
2325 4174 2564 4247 va1,2.)
2603 4194 2623 4227 ι
2648 4175 2943 4245 Sequitur:

2235 4266 2398 4322 Vens.
2434 4267 2523 4321 15.
2563 4263 2686 4320 Non
2729 4266 2943 4320 dabitur
2971 4284 3161 4321 aurum
3190 4268 3433 4324 obrizum
3466 4288 3566 4341 pro
3586 4289 3750 4327 ea.—

2184 4356 2337 4424 Qnod
2362 4371 2595 4426 namque
2616 4371 2714 4426 per
2733 4372 2922 4411 aurum
2948 4358 3215 4425 obrizum,
3237 4360 3340 4415 nisi
3375 4364 3553 4417 sancti
3577 4365 3749 4436 angeli

2171 4447 2543 4519 designantur,
2573 4448 2666 4517 qui
2702 4456 2848 4502 recte
2869 4457 2925 4502 et
2952 4465 3142 4503 aurum
3178 4461 3480 4519 vocantur,
3510 4463 3565 4509 et
3607 4456 3749 4509 obri-

2172 4539 2335 4592 zum?
2361 4538 2588 4602 Aurum,
2617 4541 2745 4607 quia
2794 4538 2999 4609 fulgent
3032 4539 3276 4596 claritate
3297 4541 3559 4612 justitiaa;
3607 4548 3751 4602 obri-

2172 4641 2315 4691 zum,
2359 4626 2485 4694 quia
2534 4625 2738 4680 nullum
2787 4627 3093 4683 habuerunt
3140 4645 3378 4701 unquam
3440 4638 3746 4707 contagium

2173 4716 2362 4787 culpae.
2409 4716 2664 4774 Homines
2713 4734 2842 4775 vero
2881 4721 3306 4792 justi,quandiu
3338 4727 3392 4782 in
3439 4729 3544 4784 hac
3588 4746 3751 4788 carne

2173 4806 2507 4875 corruptibili
2548 4809 2852 4863 mortaliter
2892 4809 3109 4876 vivunt,
3150 4828 3339 4868 aurum
3387 4818 3591 4889 quippe
3631 4835 3748 4875 esse

2168 4906 2430 4967 possunt,
2479 4898 2722 4955 obrizum
2770 4901 2991 4957 omnino
3019 4916 3139 4957 esse
3172 4918 3277 4958 non
3324 4917 3573 4974 possunt,
3623 4910 3747 4978 quia

2175 5008 2194 5040 ι
2220 4988 2426 5042 Cornus
2444 4992 2584 5042 quod
2609 4990 2974 5042 corrumpitur
2994 5004 3252 5042 προνωπῆ
3279 4998 3517 5042 animam
3566 5010 3618 5042 ιη
3640 5011 3746 5042 ιρι-ι.

3886 1778 3892 1833 Ι
