3948 5398
184 339 293 399 319
921 349 1218 408 ΕΡΙΤΟΜΕ
1253 352 1510 412 ΜοιιΑιι
1522 354 1614 415 UM
1655 360 1710 415 S.

1824 364 1956 418 lEC.
2002 366 2067 420 IN
2101 369 2236 425 JOll.
2280 403 2347 411 —-
2386 373 2510 428 LIB.
2552 376 2691 430 XIX.

182 453 393 523 pientis
429 453 604 512 nullus
633 456 942 528 angelorum
969 463 1273 534 redemptor
1295 466 1516 523 humani
1541 471 1755 540 generis
1782 476 1829 532 Α
1859 473 2127 542 cietatem,
2181 494 2409 547 quorum
2457 485 2620 539 corda
2660 486 2760 540 sibi
2810 487 3035 545 imicem
3085 503 3139 547 ct
3180 497 3429 556 claritate

179 543 486 601 mittendus
512 545 648 612 fuit,
681 563 748 604 ne
782 552 903 619 quis
931 567 1079 622 spem
1121 555 1172 609 in
1198 557 1311 619 his,
1342 574 1478 628 quos
1506 559 1558 614 in
1609 561 1757 632 adju-
1857 563 2080 634 fulgent,
2131 543 2463 638 et_puritate
2497 573 2875 631 transluceat?
2920 593 3078 648 quam
3109 580 3344 642 Joannes
3374 591 3424 644 in

175 634 388 688 torium
415 637 690 693 hominum
719 642 913 710 szepius
932 646 1243 713 apparuisse
1269 648 1574 715 didicimus,
1601 667 1756 723 ange-
1854 649 2172 724 Apocalypsi
2222 670 2576 727 conspexerat
2636 677 2756 718 cum
2823 667 3039 724 dicebat
3075 691 3087 725 :
3139 693 3158 723 c
3197 675 3262 729 Et
3308 688 3428 734 erat

172 722 246 777 ηδ
270 736 524 794 poneret,
577 729 777 784 dictum
829 742 910 786 εει
945 751 958 786 ε
999 734 1121 788 Non
1155 737 1365 790 άαωιω-
1402 739 1634 794 οὺνξιωη
1659 722 1753 811 pro
1854 722 2123 830 structura
2150 745 2285 798 muri
2321 748 2436 817 ejus
2478 764 2540 803 ex
2571 750 2746 821 lapide
2767 755 3000 825 jaspide,
3044 760 3157 830 ipsa
3181 779 3309 820 vero
3347 770 3427 822 ci-

167 828 262 868 ea.
325 815 622 885 Sequitur:
669 819 782 873 Nec
831 824 1152 890 appendetur
1191 837 1460 896 argentum
1502 829 1556 883 in
1611 847 1753 885 cam-
1851 825 1990 882 vitas
2019 845 2084 883 ex
2137 847 2269 926 auro
2319 840 2548 926 mundo,
2604 841 2766 898 simili
2806 845 2946 902 vitro
2998 853 3200 908 mundo
3239 854 3421 926 (Apoc.

3326 390 3432 446 3'10

171 907 470 960 mutatione
493 907 624 976 ejus.
649 937 717 948 -
748 909 883 976 Quia
925 913 1068 967 enim
1115 927 1336 984 argento
1364 934 1504 989 saepe
1539 920 1750 990 eloquia

168 994 363 1051 divina
414 999 712 1069 signantur,
758 1013 986 1072 possunt
1028 1008 1238 1077 argenti
1291 1013 1548 1066 vocabulo
1589 1015 1748 1069 etiam

165 1085 419 1164 ejusdem
471 1089 665 1158 eloquii
713 1093 1007 1162 scriptores
1055 1095 1318 1166 intelligi,
1365 1115 1592 1168 quorum
1639 1103 1745 1158 vita

161 1176 320 1232 inter
369 1179 552 1234 turbas
593 1181 868 1236 hominum
925 1186 1252 1255 resplenduit
1299 1189 1415 1245 luce
1464 1193 1744 1250 virtutum.

162 1263 281 1318 Sed
324 1266 448 1335 quia
480 1266 560 1321 lex
605 1278 826 1338 peccata
864 1271 1109 1338 judicare
1151 1278 1344 1344 potuit,
1377 1294 1480 1334 non
1509 1282 1744 1348 auferre,

159 1369 276 1407 non
334 1357 620 1425 quisquam
688 1369 929 1414 veterum
986 1360 1248 1429 Patrum,
1302 1383 1404 1421 non
1473 1369 1746 1442 legislator

157 1440 382 1514 Moyses
404 1445 621 1501 humani
643 1450 860 1520 generis
889 1452 1196 1523 redemptor
1218 1459 1446 1514 exstitit.
1461 1440 1743 1532 Argentum

149 1548 289 1603 ergo
312 1536 366 1587 in
388 1539 790 1593 commutatione
810 1539 967 1606 hujus
989 1543 1266 1612 sapientia:
1287 1564 1388 1602 non
1410 1552 1738 1621 appenditur,

153 1622 293 1689 quia
323 1623 548 1692 quilibet
572 1626 744 1680 sancti
768 1643 889 1682 esse
917 1639 1226 1698 potuerunt,
1258 1633 1311 1687 in
1340 1642 1743 1707 comparatione

149 1712 427 1781 unigeniti
453 1713 578 1770 Filii
625 1716 824 1774 nullius
868 1720 1051 1775 meriti
1104 1720 1272 1778 fuisse
1304 1737 1581 1796 pensatur.
1634 1731 1737 1790 Se-

147 1799 387 1868 quitur:

230 1888 400 1944 Vsns.
429 1889 516 1945 16.
563 1889 688 1948 Νοη
718 1896 1014 1965 conferetur
1056 1901 1231 1956 tinctis
1256 1902 1428 1961 Indiae
1453 1908 1732 1968 coloribus.

143 2005 227 2018 -—
260 1979 403 2046 Quid
441 1982 590 2036 enim
639 1998 740 2053 per
786 1985 1014 2053 Indiam,
1058 2005 1177 2060 quae
1226 1993 1436 2064 nigrum
1475 2000 1733 2069 p0pulum

145 2067 344 2134 mittit,
374 2069 477 2124 nisi
501 2070 590 2126 hic
629 2074 860 2130 mundus
897 2078 1182 2148 accipitur,
1206 2081 1258 2136 in
1290 2099 1397 2153 quo
1427 2087 1534 2141 vita
1552 2067 1734 2146 “homi-

141 2171 282 2211 num
312 2173 410 2228 per
453 2161 667 2232 culpam
715 2165 946 2222 obscura
977 2175 1310 2241 generatur?
1337 2175 1512 2233 Tincti
1552 2191 1732 2238 autem

134 2248 363 2304 colores
414 2261 542 2308 sunt
584 2253 766 2322 ludite,
817 2259 974 2329 hujus
1027 2265 1210 2320 mundi
1266 2269 1568 2338 sapientes,
1638 2275 1730 2344 qui

137 2340 403 2407 quamvis
433 2356 530 2412 per
578 2343 946 2404 inﬁdelitatem
988 2359 1043 2405 et
1081 2353 1396 2426 plerumque
1442 2375 1538 2428 per
1565 2340 1731 2418 actio-

141 2443 272 2483 uem
305 2429 434 2486 fcedi
466 2442 612 2500 sunt,
643 2445 769 2492 ante
799 2439 1064 2498 humanos
1108 2455 1285 2502 tamen
1332 2452 1515 2508 oculos
1543 2469 1728 2524 super-

138 2519 324 2575 ductzc
373 2522 673 2581 honestatis
718 2528 901 2586 colore
962 2532 1259 2592 fuscantur.
1304 2539 1411 2596 Sed
1457 2519 1726 2602 comterna

134 2609 240 2665 Dei
273 2613 541 2682 sapientia
579 2616 762 2673 tinctis
791 2619 955 2677 ludite
984 2625 1254 2684 coloribus
1285 2647 1388 2684 non
1425 2634 1723 2704 confertur,

136 2702 268 2770 quia
307 2703 556 2774 quisquis
581 2707 722 2764 hanc
751 2713 1018 2768 veraciter
1054 2716 1331 2787 intelligit,
1353 2721 1421 2775 ab
1449 2723 1531 2779 his
1552 2728 1727 2783 omni-

135 2793 243 2849 bus
294 2810 434 2864 quos
483 2802 715 2857 mundus
763 2807 1036 2876 sapientes
1087 2811 1288 2878 coluit,
1339 2829 1501 2884 quam
1564 2817 1726 2892 longe

135 2886 307 2941 distet
357 2892 622 2958 agnoscit.
681 2893 938 2965 Sequitur
979 2914 992 2951 :
1038 2899 1150 2955 Nec
1202 2903 1366 2975 lapidi
1429 2886 1722 2967 θανάοηὶξο

127 2978 514 3044 pretiosissima
565 2982 643 3036 vel
703 2989 966 3056 sapphiro.
1003 3020 1074 3030 -—
1135 2992 1463 3054 Sardonicus
1522 3002 1722 3074 quippe

133 3071 300 3119 terra:
342 3069 521 3122 rubrae
570 3071 975 3131 similitudinem
1029 3088 1204 3146 tenet,
1257 3069 1557 3156 sapphirus‘
1590 3069 1720 3148 vero

133 3170 353 3212 aeream
393 3159 558 3215 habet
587 3165 842 3233 speciem.
875 3168 1108 3225 Possunt
1156 3189 1284 3246 ergo
1315 3177 1365 3230 in
1393 3177 1716 3248 Sardonico,
1745 3171 1788 3233 C

128 3263 231 3318 per
275 3258 481 3308 terram
529 3257 752 3313 rubram
807 3261 1083 3329 homines,
1140 3268 1191 3322 in
1240 3273 1491 3341 sapphiro
1537 3284 1716 3332 autem

123 3355 228 3410 per
269 3357 492 3398 aeream
531 3347 794 3405 visionem
849 3357 1023 3425 angeli
1072 3358 1362 3431 designari.
1415 3363 1548 3419 Nam
1591 3381 1715 3422 cum

94 3438 97 3439 '
128 3439 296 3488 terrae
325 3436 504 3491 rubrae
533 3441 769 3504 speciem
815 3443 950 3512 lapis
993 3445 1326 3507 Sardonicus
1365 3453 1580 3524 habeat,
1609 3472 1714 3513 non

126 3524 412 3581 immerito
429 3529 702 3586 hominem
727 3534 1156 3609 significat,quia
1184 3549 1239 3596 et
1266 3543 1458 3611 Adam,
1487 3547 1578 3616 qui
1604 3549 1714 3618 pri-

125 3632 250 3672 mus
279 3628 368 3673 est
395 3622 650 3678 conditus
673 3662 689 3689 ,
720 3625 914 3683 Latino
957 3645 1206 3687 sermone
1256 3643 1396 3690 terra
1430 3639 1586 3692 rubra
1620 3655 1715 3696 no-

125 3707 391 3762 minatur.
421 3710 564 3776 Quid
593 3722 676 3768 est
727 3730 856 3785 ergo
897 3720 1040 3788 quod
1071 3723 1301 3790 dicitur,
1334 3728 1458 3795 quia
1488 3730 1603 3786 haec
1628 3745 1715 3786 sa-

121 3796 333 3864 pientia
361 3798 528 3868 lapidi
562 3800 858 3861 Sardonico
891 3809 976 3862 vel
999 3813 1257 3882 sapphiro
1283 3830 1387 3872 non
1413 3819 1710 3887 confertur,

122 3884 231 3938 nisi
278 3888 421 3954 quod
466 3888 511 3942 is
554 3891 645 3960 qui
686 3903 771 3948 est
800 3913 818 3946 ς
867 3898 962 3952 Dei
1011 3901 1179 3956 virtus
1223 3906 1278 3958 et
1309 3906 1404 3961 Dei
1453 3884 1713 3980 sapientia

122 3973 177 4040 (ι
209 3972 338 4030 Cor.
370 3994 407 4044 ι,
436 3979 554 4052 24),
585 3999 604 4032 s
641 3987 908 4042 mediator
935 3991 1141 4047 scilicet
1177 4013 1197 4046 ‹
1224 3998 1316 4052 Dei
1347 4007 1404 4056 et
1434 3972 1710 4059 hominum

119 4063 292 4118 homo
319 4065 569 4125 Christus
597 4070 754 4129 Jesus
784 4076 837 4142 (Ι
871 4076 1004 4132 Tim.
1034 4097 1095 4148 ιι,
1126 4083 1203 4156 5),
1240 4103 1260 4137 ι
1315 4097 1460 4143 tanta
1505 4095 1712 4164 magni-

120 4152 313 4209 tudine
336 4158 572 4212 excellat
599 4163 779 4218 omnia
800 4205 816 4231 ,
847 4176 905 4220 ut
933 4169 982 4224 ei
1014 4186 1112 4225 nec
1139 4152 1191 4226 in
1231 4184 1377 4232 terra
1407 4181 1566 4248 primi
1614 4185 1710 4239 ho-

117 4243 317 4311 mines,
347 4264 447 4304 nec
494 4250 551 4307 iu
599 4254 737 4309 ccelo
779 4260 954 4330 angeli
1011 4243 1428 4336 comparentur?
1459 4271 1608 4329 Unde
1654 4284 1711 4331 et

114 4351 220 4403 per
255 4336 601 4398 Psalmistam
628 4346 865 4404 dicitur:
903 4370 921 4402 ι
955 4351 1088 4420 Quis
1128 4359 1180 4412 iu
1213 4363 1444 4417 nubibus
1471 4367 1708 4434 aequabi-

114 4434 210 4479 tur
230 4428 593 4503 Domino,.aut
612 4437 734 4506 quis
758 4439 948 4497 similis
969 4445 1074 4500 erit
1093 4447 1202 4502 Deo
1230 4449 1370 4506 inter
1394 4428 1697 4514 filios-Dei‘b

112 4516 296 4584 (Psal.
352 4538 619 4592 Lxxxvm,
673 4529 748 4600 7.)
803 4532 1034 4590 Possunt
1071 4549 1249 4595 autem
1297 4557 1393 4611 per
1447 4545 1704 4604 Sardoni-

107 4622 240 4660 cum
267 4608 501 4680 lapidem
526 4614 718 4672 Patres
749 4619 1080 4680 Testamenti
1108 4608 1336 4695 Veteris,
1363 4647 1461 4701 per
1486 4637 1702 4707 sapphi-

107 4715 236 4754 rum
264 4717 391 4759 vero
419 4709 804 4776 praedicatores
826 4717 1054 4784 exprimi
1089 4719 1419 4780 Testamenti
1447 4728 1599 4784 Novi.
1620 4732 1699 4788 Ac

105 4789 152 4843 si
185 4800 442 4860 patenter
482 4797 725 4856 insinuat
753 4805 938 4862 dicens
968 4825 982 4862 ε
1012 4809 1077 4864 Et
1102 4815 1192 4882 qui
1233 4817 1394 4874 homo
1426 4820 1570 4877 inter
1595 4824 1695 4880 ho-

103 4880 288 4936 mines
312 4886 574 4953 cernitur,
607 4906 710 4946 nec
758 4893 811 4948 in
862 4899 1096 4968 antiquis
1119 4880 1444 4977 quisquam,
1492 4926 1593 4969 nec
1639 4913 1692 4969 in

101 4975 267 5028 novis
301 4974 554 5035 Patribus
580 4992 844 5052 aequatur,
876 4990 998 5057 quia
1021 5005 1087 5047 ex
1115 4974 1314 5054 deitate
1364 4974 1526 5059 habet
1548 5005 1692 5075 quod

101 5065 158 5119 in
209 5068 554 5130 humanitate
598 5090 925 5148 quemquam
968 5085 1200 5146 similem
1231 5107 1338 5148 non
1380 5065 1694 5154 liabet.-Se-

1851 931 1962 979 xxr,
1994 919 2100 988 18).
2140 941 2158 972 ι
2195 922 2479 994 Sequitur:

1919 1008 2081 1063 Vens.
2137 1013 2221 1068 l8.
2269 1015 2381 1069 Nec
2419 1023 2876 1078 commutabuntur
2910 1045 3004 1097 pro
3032 1047 3093 1085 ca
3128 1049 3252 1088 vasa
3278 1038 3423 1100 auri,

1845 1099 2048 1153 excelsa
2086 1112 2133 1154 et
2175 1094 2474 1161 eminentia.
2507 1139 2572 1150 -
2624 1113 2910 1172 Excelsum
2941 1122 3138 1192 quippe
3180 1140 3273 1180 vas
3301 1129 3420 1182 auri

1847 1189 2025 1246 Helias
2047 1196 2268 1259 exstitit,
2305 1200 2572 1255 excelsum
2599 1219 2692 1259 vas
2714 1209 2829 1262 auri
2859 1209 3176 1277 Hieremias,
3207 1218 3421 1273 excelsa

1844 1289 2004 1349 atque
2046 1285 2335 1342 eminentia
2386 1292 2502 1344 auri
2554 1308 2676 1350 vasa
2718 1299 2928 1367 priores
2954 1301 3144 1360 Patres
3181 1306 3417 1362 fuerunt.

1843 1367 1948 1424 Sed
1975 1372 2087 1428 haec
2116 1375 2207 1430 Dei
2252 1380 2535 1448 sapientia,
2569 1394 2621 1438 ut
2654 1403 2682 1440 a
2719 1392 2921 1446 carnali
2980 1410 3077 1450 nos
3123 1411 3416 1453 conversa-

1843 1460 1987 1516 tione
2018 1465 2317 1532 redimeret,
2349 1478 2594 1544 apparuit
2621 1478 2672 1533 in
2703 1495 2884 1549 carne,
2932 1495 2986 1540 et
3013 1489 3103 1556 qui
3135 1489 3280 1545 illam
3315 1508 3412 1547 vc-

1840 1551 2041 1607 raciter
2084 1569 2188 1610 non
2221 1563 2460 1629 agnovit,
2495 1567 2845 1627 mediatorem
2898 1575 2990 1630 Dei
3041 1590 3094 1632 et
3136 1579 3411 1637 hominum

1839 1637 2114 1696 Christum
2159 1643 2342 1702 Jesum
2380 1665 2500 1707 esse
2544 1670 2706 1712 unum
2751 1674 2817 1715 ex
2862 1666 3138 1734 prophetis
3180 1672 3412 1738 putavit.

1839 1725 2076 1786 Ecclesia
2122 1749 2252 1790 vero
2293 1753 2392 1807 pro
2414 1741 2514 1798 hac
2561 1748 2821 1816 sapientia
2871 1768 2997 1809 vasa
3045 1758 3162 1811 auri
3197 1761 3414 1816 excelsa

1769 1811 1812 1870 Β
1839 1826 1894 1873 et
1919 1821 2211 1879 eminentia
2248 1843 2351 1883 non
2406 1811 2773 1905 commutavit,
2816 1844 2941 1912 quia
2990 1845 3263 1902 Christum
3315 1851 3413 1905 Dei

1835 1908 2029 1967 Filium
2059 1929 2164 1970 non
2191 1932 2356 1974 unum
2393 1937 2513 1979 esse
2540 1908 2945 2001 prophetarum,
2977 1940 3069 1992 sed
3100 1955 3262 1995 unum
3287 1957 3409 2012 pro-

1831 2000 2119 2067 phetarum
2144 2005 2430 2066 Dominum
2460 2017 2706 2072 credidit.
2733 2000 3022 2093 Sequitur:
3050 2028 3160 2082 Nec
3188 2000 3413 2088 caninae-

1833 2092 2180 2149 morabuntur
2202 2105 2591 2170 comparatione
2633 2111 2767 2180 ejus.
2815 2092 2885 2154 9-
2908 2114 3110 2173 Omnes
3146 2121 3290 2176 enim
3321 2138 3410 2176 su-

1830 2191 2011 2246 pernae
2037 2188 2228 2253 patrite
2256 2191 2411 2248 electi
2438 2199 2608 2252 sant-ti
2636 2203 2850 2271 quidem
2885 2216 2939 2262 et
2971 2206 3106 2278 justi
3139 2222 3286 2278 sunt,
3315 2217 3411 2270 sed

1831 2270 2242 2341 participatione
2283 2283 2583 2349 sapientia,
2632 2270 2739 2346 non
2791 2270 3211 2365 comparatione.
3269 2305 3409 2371 Quid

1827 2360 1970 2415 enim
2001 2374 2127 2419 sunt
2169 2367 2413 2428 homines
2454 2376 2563 2432 Deo
2605 2389 2942 2452 comparati?
2979 2391 3180 2448 Lumen
3226 2407 3404 2452 autem

1827 2452 2121 2522 sapientia,
2159 2458 2338 2518 lumen
2382 2477 2438 2520 et
2469 2472 2609 2525 servi
2659 2477 2934 2544 sapientia:
2985 2487 3165 2540 vocari
3210 2489 3403 2544 solent.

1829 2534 1935 2590 Sed
1961 2539 2047 2594 illa
2075 2541 2253 2601 lumen
2295 2549 2620 2620 illuminaus,
2669 2534 2754 2613 isti
2803 2534 3399 2642 lutnettiillumina'tuin,‘

1826 2629 1966 2686 sicut
1987 2637 2246 2705 scriptum
2267 2653 2389 2697 est:
2427 2663 2447 2698 ‹
2492 2647 2624 2704 Erat
2663 2651 2754 2707 lux
2805 2671 2928 2711 vera
2975 2676 3094 2730 qua:
3139 2666 3405 2727 illuminat

1824 2735 2040 2779 omnem
2118 2729 2390 2788 hominem
2456 2740 2760 2798 venientem
2819 2749 2871 2801 in
2943 2752 3088 2810 hunc
3143 2760 3400 2816 mundum

1825 2812 2007 2884 (Joan.
2053 2832 2092 2885 ι,
2141 2819 2217 2892 9).
2256 2841 2276 2876 ι
2318 2825 2443 2884 Istis
2493 2841 2672 2888 autem
2732 2844 3104 2900 tantummodo

1827 2921 1848 2955 ι
1894 2903 2002 2963 Vos
2031 2911 2164 2967 estis
2191 2915 2280 2971 lux
2325 2923 2509 2978 mundi
2560 2926 2775 2997 (Matth.
2804 2948 2858 2998 v,
2888 2936 2997 3007 11).
3040 2957 3059 2992 ι
3102 2903 3398 3014 Sequitur;

1824 2995 2076 3055 Trahitur
2101 3008 2358 3076 sapientia
2387 3014 2450 3068 dc
2475 2995 2708 3075 occultis.
2738 3053 2809 3064 ——
2836 2995 2912 3081 De
2941 2995 3403 3108 occultis

1821 3089 1894 3144 tia
1928 3094 2178 3163 trahitur,
2208 3103 2334 3170 quia
2376 3119 2497 3163 cum
2529 3111 2598 3166 sit
2638 3113 2940 3187 invisibilis,
2971 3140 3075 3180 non
3118 3127 3219 3184 nisi
3266 3132 3403 3188 invi-

1821 3179 2050 3237 sibiliter
2095 3187 2384 3259 invenitur,
2421 3211 2542 3266 quae
2587 3212 2730 3258 recte
2754 3179 2967 3278 quoque
3015 3217 3151 3270 trahi
3179 3219 3398 3287 dicitur,

1817 3271 1940 3339 quia
1971 3275 2112 3330 sicut
2156 3277 2340 3336 flatum
2392 3287 2652 3346 trahimus
2684 3303 2740 3348 ut
2769 3312 2965 3369 corpus
3012 3305 3175 3371 vivat,
3224 3311 3301 3365 sic
3331 3313 3400 3366 ab

1816 3361 2018 3420 intimis
2047 3370 2322 3438 sapientia
2351 3376 2574 3446 spiritus
2614 3385 2847 3455 ducitur,
2867 3361 2949 3448 'ut
2991 3396 3058 3451 ad
3089 3399 3254 3455 vitam
3284 3405 3402 3458 ani-

1815 3469 1901 3509 ma
1930 3457 2208 3516 subsistat.
2229 3463 2380 3523 Unde
2401 3469 2685 3530 Psalmista
2710 3479 2787 3534 ait
2809 3499 2823 3535 ς
2855 3483 2956 3540 uOs
2982 3501 3158 3544 meum
3185 3498 3394 3562 aperui,

1815 3551 1870 3598 et
1899 3550 2094 3604 attraxi
2145 3554 2393 3622 spiritum
2425 3560 2595 3632 (Psal.
2644 3581 2830 3638 cxvm,
2865 3576 3008 3648 151).
3041 3598 3060 3632 ι
3101 3550 3393 3653 Sequitur;

1890 3637 2050 3697 Vens.
2068 3644 2153 3702 19.
2186 3647 2306 3703 Non
2336 3653 2699 3726 adtrquabitur
2717 3664 2765 3716 ei
2789 3637 3058 3736 topasium
3079 3637 3389 3747 xEt/iiOpitr.

1811 3760 1881 3769 -—-
1917 3732 2054 3798 Quid
2085 3735 2365 3811 x’Ethiopia
2394 3747 2496 3802 nisi
2544 3732 2863 3818 praesentem
2894 3763 3152 3818 mundum
3189 3732 3393 3838 accipi-

1815 3825 1967 3879 mus?
2011 3828 2210 3886 coloris
2257 3835 2536 3904 nigredine
2564 3842 2811 3915 designat
2847 3862 3184 3918 peccatorem
3213 3860 3390 3928 pollu-

1815 3919 1926 3967 tum
1957 3914 2199 3976 foeditate
2232 3926 2570 3987 meritorum.
2601 3914 2906 4005 Aliquando
2943 3959 3070 4000 vero
3098 3914 3393 4023 Etliiopite

1811 4006 2027 4063 nomine
2084 4012 2387 4080 specialiter
2423 4023 2692 4090 gentilitas
2718 4028 2984 4101 designari
3015 4037 3171 4104 solet,
3208 4006 3392 4101 infide-

1809 4094 1975 4153 litatis
1997 4100 2146 4169 prius
2185 4106 2335 4178 nigra
2382 4115 2641 4181 peccatis,
2668 4132 2829 4187 quam
2884 4126 3133 4184 veniente
3159 4131 3386 4192 Domino

1810 4185 2060 4246 Habacuc
2085 4198 2343 4266 propheta
2391 4202 2522 4259 vidit
2553 4185 2744 4279 timore
2784 4217 3153 4286 perterritam,
3187 4232 3242 4278 et
3267 4227 3344 4282 ait
3369 4226 3389 4281 ε’

1813 4297 1831 4328 ι
1864 4279 2230 4340 Tabernacula
2257 4289 2570 4363 ASthiopum
2604 4279 2998 4374 expavescent;
3041 4279 3388 4374 tabisrnacula

1810 4375 1968 4425 terrae
2009 4371 2219 4430 Madian
2264 4378 2491 4446 (Habac.
2520 4402 2602 4453 ιιι,
2632 4388 2710 4461 7.)
2742 4410 2760 4443 ι
2797 4371 3067 4463 Topazion
3100 4417 3228 4460 vero
3264 4371 3388 4474 pre:

1810 4459 1976 4517 tiosus
2003 4464 2137 4534 lapis
2165 4479 2267 4535 est,
2301 4480 2355 4526 et
2378 4475 2502 4543 quia
2531 4459 2718 4538 Crteca
2746 4459 2923 4557 lingua
2945 4505 3050 4560 pan
3080 4511 3232 4552 omne
3260 4459 3389 4557 dici~

1809 4559 1912 4621 tur,
1941 4569 2040 4624 pro
2064 4573 2130 4613 eo
2177 4563 2318 4631 quod
2365 4568 2512 4624 omni
2555 4572 2736 4631 calore
2783 4559 3103 4649 resplendet,
3137 4593 3387 4658 topazion

1805 4649 1960 4714 quasi
1986 4651 2306 4722 thonpazion
2351 4671 2593 4718 vocatur.
2635 4667 2774 4724 Dum
2819 4688 2946 4731 vero
2976 4677 3030 4733 in
3064 4649 3230 4737 Deum
3261 4701 3387 4742 con-

1801 4751 1957 4795 versa
1983 4745 2254 4812 gentilitas
2284 4753 2534 4820 credidit,
2567 4771 2633 4812 ex
2659 4775 2722 4815 ea
2769 4765 2924 4820 multi
2967 4779 3094 4826 sunt
3139 4771 3211 4828 ita
3243 4777 3386 4833 dono

1801 4824 2033 4897 Spiritus
2075 4832 2403 4908 locupletati,
2453 4852 2513 4899 ut
2552 4850 2706 4916 quasi
2755 4854 2937 4912 multis
2976 4861 3266 4928 coloribus,
3307 4867 3386 4922 sic

1799 4922 1983 4980 multis
2013 4926 2066 4981 in
2092 4927 2216 4983 altis
2257 4931 2553 4993 virtutibus
2580 4937 2814 5000 luceant.
2844 4947 2921 5003 Ac
2961 4951 3005 5006 si
3035 4967 3164 5023 ergo
3195 4955 3275 5010 eis
3305 4958 3386 5012 di-

1802 5023 2018 5071 ceretur
2053 5033 2068 5071 :
2111 5018 2300 5077 Nullus
2342 5039 2658 5086 sanctorum
2713 5037 3046 5105 quibuslibet
3094 5018 3387 5103 virtutibus

1799 5099 1988 5170 plenus
2033 5109 2252 5178 existat,
2298 5119 2481 5174 tamen
2533 5099 2810 5190 nigredine
2857 5131 3040 5184 mundi
3104 5128 3388 5201 collectus,

1798 5199 2000 5262 :equari
2046 5214 2153 5254 non
2205 5211 2383 5271 potest
2428 5212 2479 5266 ei
2526 5212 2592 5266 de
2627 5228 2734 5282 quo
2771 5218 2970 5273 dictum
3000 5230 3129 5274 est:
3167 5237 3185 5269 ι
3231 5199 3394 5289 Quod

1803 5297 2059 5332 nascatur
2109 5305 2170 5332 ιη
2239 5301 2291 5332 In
2361 5310 2610 5332 suam...“
2698 5308 2979 5332 ..-ημειη-
3056 5306 3225 5332 ινδιξ..-
3292 5311 3391 5332 τι..
