3948 5398
521 350 620 411 551

517 442 719 507 nicntis
739 443 944 495 tenznt.
962 426 1136 489 Tincti
1164 426 1309 485 enim
1334 439 1438 480 non
1461 427 1664 482 essent,
1688 418 1732 473 si
1760 413 2101 471 sanctitatem
2136 417 2177 472 Α

520 518 838 594 naturaliter
887 523 1241 585 habuissent;
1291 516 1385 573 sed
1438 508 1809 568 mundissima:
1855 504 2102 558 tincturae

519 636 664 689 sunt,
691 621 817 693 quia
845 614 1124 673 humiliter
1151 607 1461 665 custodiunt
1505 598 1935 672 supernitentem
1961 595 2015 647 in
2045 605 2103 646 se

521 684 777 772 virtutum
847 707 1079 780 gratiam
1145 713 1309 772 quam
1360 699 1705 764 acceperunt.
1762 684 2103 742 Pensandum

520 772 973 880 magnopere'est,
1006 794 1151 869 quod
1197 809 1229 849 a
1255 797 1445 847 sancto
1491 785 1611 841 viro
1642 779 1937 851 requiritur
1965 772 2107 829 unde

521 873 785 971 sapientia
812 891 1020 947 veniat.
1057 887 1140 942 Ab
1168 899 1234 940 eo
1257 879 1458 937 etenim
1500 874 1647 932 venit
1675 888 1704 927 a
1730 885 1837 941 quo
1858 875 1975 924 orta
1999 873 2103 920 est.

522 958 630 1048 sed
652 988 779 1059 quia
809 985 879 1040 ab
928 978 1182 1037 invisibili
1245 983 1301 1030 et
1335 978 1605 1029 coaeterno
1636 966 1797 1021 Patre
1844 958 2105 1023 nascitur,

523 1080 637 1152 ejus
660 1049 750 1134 via
778 1073 989 1136 occulta
1025 1077 1129 1126 est.
1154 1066 1307 1123 Unde
1327 1072 1383 1118 et
1417 1074 1514 1132 per
1535 1055 1850 1130 prophetam
1874 1049 2106 1106 dicitur:

512 1134 566 1226 σι’
582 1164 999 1227 Generationem
1029 1159 1170 1214 illius
1188 1155 1311 1227 quis
1329 1146 1638 1207 enarrabit?
1662 1164 1683 1198 ι
1710 1143 1847 1213 (Isa.
1874 1155 1998 1204 LIII,
2029 1134 2108 1208 8.)

525 1262 702 1319 Locus
743 1270 870 1313 vero
928 1248 1295 1321 intelligentia:
1343 1242 1460 1313 ejus
1512 1247 1597 1296 est
1650 1236 1885 1292 humana
1932 1242 2110 1295 mens,

527 1368 689 1428 quam
706 1351 823 1407 haec
843 1346 943 1404 Dei
962 1342 1249 1416 sapientia,
1271 1339 1397 1393 dum
1421 1329 1665 1404 replevit,
1690 1333 1936 1382 sanctam
1959 1320 2112 1377 facit.

528 1416 666 1518 Quia
691 1458 822 1515 ergo
854 1449 910 1498 et
938 1434 1227 1495 invisibilis
1250 1439 1335 1488 est
1362 1430 1429 1487 de
1462 1440 1571 1499 quo
1598 1420 1817 1494 prodiit,
1847 1425 1904 1474 et
1934 1416 2114 1472 incer-

517 1507 645 1596 tim
674 1507 831 1592 nobis
875 1538 960 1588 est
989 1530 1043 1584 in
1073 1525 1228 1597 cujus
1266 1526 1450 1578 mente
1487 1514 1757 1572 intellecta
1785 1507 2112 1579 requiescat,

517 1637 678 1686 .recte
699 1640 843 1682 nunc
869 1622 1102 1678 dicitur:

601 1717 769 1773 Vens.
806 1713 898 1771 20.
930 1709 1079 1766 Unde
1121 1722 1242 1777 ergo
1281 1698 1536 1773 sapientia
1567 1695 1755 1759 ueniet,
1790 1690 1868 1748 uel
1894 1688 2011 1762 quis
2038 1693 2113 1777 est

1489 327 1546 384 ε.
1587 323 1842 384 onoxxs
1877 313 2168 377 ABBATIS
2204 280 2701 370 ειεειιῐεεκειε
2737 306 2781 364 ιι

2208 403 2499 459 viventium
2544 399 2717 455 oculis
2762 403 2906 452 esset
2955 390 3189 457 occulta,
3224 389 3366 446 hanc
3401 383 3593 459 procul
3627 384 3781 441 dubio

2205 505 2511 554 sanctorum
2553 505 2713 546 nemo
2770 487 3014 543 vidisset.
3067 482 3176 540 Sed
3221 491 3278 538 et
3325 479 3452 534 huic
3503 475 3782 532 sententia:

2203 585 2465 641 Joannem
2497 581 2656 637 audio
2679 578 3121 638 concordantem,
3146 572 3237 644 qui
3271 571 3349 625 ait
3382 588 3395 624 ε
3434 586 3453 620 ι
3478 569 3653 623 Deum
3691 581 3783 622 ne-

2206 689 2294 731 mo
2336 674 2471 731 vidit
2526 684 2762 740 unquam
2801 667 2981 738 (Joan.
3010 680 3051 730 ι,
3091 664 3200 733 18).
3236 679 3257 714 ι
3300 659 3409 715 Sed
3445 657 3603 727 juxta
3648 656 3787 710 beati

2203 764 2305 821 Job
2333 761 2656 819 sententiam
2709 755 3140 827 sapientia,quat
3183 750 3327 807 Deus
3352 758 3457 813 est,
3488 745 3792 801 abscondita

2205 856 2285 913 est
2305 856 2370 910 ab
2401 852 2565 909 oculis
2589 851 2822 906 omnium
2847 847 3167 903 viventium:
3208 842 3334 914 quia
3368 842 3421 896 in
3444 841 3551 894 hac
3581 836 3789 892 mortali

2205 960 2374 1005 carae
2402 941 2825 1000 consistentibus
2869 946 2925 993 et
2978 935 3150 992 videri
3197 932 3373 1005 potuit
3398 946 3498 1003 per
3533 927 3792 1001 quasdam

2208 1034 2648 1102 circumscriptas
2684 1030 2969 1101 imagines,
3013 1034 3069 1083 et
3104 1024 3276 1080 videri
3322 1038 3429 1078 non
3481 1026 3667 1091 potest
3702 1032 3795 1089 per

2210 1126 2738 1197 incircumscriptum
2788 1122 2973 1177 lumen
3027 1118 3367 1175 aeternitatis.
3435 1114 3537 1169 Sin
3574 1124 3728 1168 vero
3767 1123 3798 1163 ι

2210 1218 2530 1294 quibusdam
2555 1222 2733 1288 potest
2748 1212 2803 1269 in
2844 1213 2947 1267 hac
2969 1206 3310 1281 corruptibili
3351 1217 3518 1260 carne
3572 1197 3799 1257 viventi-

2209 1289 2330 1377 bus,
2387 1310 2483 1368 sed
2534 1317 2718 1364 tamen
2764 1302 3127 1361 inaestimabili
3184 1298 3386 1355 virtute
3430 1289 3803 1351 crescentibus

2213 1405 2445 1478 quodam
2483 1397 2904 1472 contemptionis
2940 1395 3193 1452 acumine
3220 1400 3423 1447 mtcrna
3452 1386 3552 1442 Dei
3581 1383 3802 1440 claritas

2213 1472 2406 1553 videri.
2440 1493 2557 1550 Hoc
2598 1505 2814 1562 quoque
2856 1503 2887 1543 a
2917 1488 3077 1543 beato
3123 1482 3226 1540 Job
3255 1479 3525 1562 sententia
3568 1490 3680 1530 non
3711 1472 3805 1527 ab-

2215 1590 2423 1652 horret,
2450 1584 2543 1656 qui
2571 1560 2677 1638 ait:
2706 1560 3029 1635 Abscondita
3073 1584 3147 1630 est
3174 1572 3239 1627 ab
3282 1560 3449 1627 oculis
3479 1566 3721 1622 omnium
3740 1562 3808 1617 ni-

2218 1680 2465 1736 ventium.
2505 1675 2677 1745 Quam
2724 1671 2968 1744 quisquis
2998 1666 3359 1739 sapientiam,
3383 1676 3507 1734 quae
3534 1660 3681 1714 Deus
3708 1663 3808 1719 est,

617 1749 769 1773 vnn-vc
810 1749 898 1771 av.
930 1749 1078 1766 νκυυν
1121 1749 1164 1763 ν·
1213 1749 1239 1760 ν
1282 1749 1340 1759 ν..
1380 1749 1534 1756 ,νηηη
1573 1749 1657 1753 --η
1743 1749 1755 1759 1
1906 1749 1920 1762 '

518 1810 680 1866 locus
707 1801 1062 1875 intelligentia
1088 1749 1329 1853 ?-:Sed
1344 1749 1451 1849 hoc
1471 1788 1625 1843 valde
1652 1786 1849 1840 mirum
1872 1788 1955 1837 est
1976 1775 2122 1849 quod
2148 1759 2198 1823 Β
2227 1769 2402 1834 videt,
2430 1767 2559 1822 huic
2581 1766 2705 1820 vita:
2721 1762 2964 1818 funditus
2988 1758 3237 1821 moritur,
3268 1769 3336 1810 ne
3349 1751 3463 1823 jam
3485 1749 3606 1817 ejus
3631 1759 3811 1802 amore

2233 1872 2241 1875 —
2391 1870 2403 1875 -
2529 1858 2574 1875 ιγ
2615 1857 2713 1875 ΙΙΑ-
2758 1855 2943 1875 _-_2__.-
2986 1866 3099 1875 ΛΑ..-
3133 1848 3272 1875 --ξᾸιιΙ
3321 1845 3411 1875 ιιιιῖ
3461 1841 3647 1875 οιητηιι
3692 1851 3809 1875 (δ’ἴ-

518 1899 784 1973 ν.ι)ι“οιίιιιιε
811 1892 1146 1952 subinfertur
1166 1905 1186 1942 ,:

602 1991 770 2047 Vsus.
802 1988 893 2043 21.
925 1980 1245 2039 Abscondita
1280 1985 1355 2032 est
1387 1974 1452 2029 ab
1493 1969 1657 2027 oculis
1683 1965 1916 2023 omnium
1944 1962 2118 2017 viven-

511 2086 688 2139 .,tium.
718 2110 790 2121 —
810 2072 1092 2147 Sapientia
1115 2069 1332 2141 quippe,
1358 2079 1481 2136 quas
1502 2062 1647 2117 Deus
1678 2065 1782 2123 εει,
1806 2054 1851 2110 si
1877 2051 2118 2108 omnium

2222 1870 2497 1920 teneatur.
2528 1857 2717 1915 Nullus
2751 1855 2947 1925 quippe
2983 1866 3102 1907 eam
3133 1848 3297 1913 videt,
3320 1845 3414 1915 qui
3461 1841 3649 1896 adhuc
3692 1851 3809 1891 car-

2218 1954 2415 2011 naliter
2444 1949 2599 2005 vivit.
2634 1945 2772 2002 Hinc
2799 1942 2969 2014 Moysi
2992 1940 3266 2004 diciturzg
3301 1934 3419 1989 Non
3440 1931 3590 1987 enim
3612 1925 3812 1981 videbit

2221 2058 2309 2101 me
2334 2043 2521 2105 homo,
2548 2046 2605 2095 et
2628 2037 2771 2091 vivet
2795 2030 2991 2107 (Exod.
3018 2043 3211 2091 xxxnt,
3232 2023 3348 2095 20).
3391 2041 3411 2074 ι

547 2224 3806 2313 ______________..__——-—-—_____________.—__—

1532 2413 1832 2493 Lmen
1888 2385 2235 2489 NONUS
2295 2391 2776 2475 DECIMUS.

2014 2607 2340 2629 Μ

614 2780 778 2835 Vens.
807 2774 899 2829 21.
936 2769 1185 2824 Volucres
1229 2775 1432 2835 quoque
1465 2755 1579 2811 ειειὶ
1609 2754 1755 2808 lutet.
1775 2780 1847 2793 ——
1890 2749 1949 2803 lu
1978 2745 2129 2803 Scri-

531 2882 705 2944 gptura
734 2879 893 2924 sacra
917 2860 1168 2917 volucres
1210 2850 1500 2923 aliquando
1537 2846 1590 2901 in
1628 2843 1790 2905 malo,
1835 2836 2127 2910 aliquando

536 2929 678 3018 vero
714 2960 767 3013 in
815 2957 957 3011 bono
999 2951 1156 3007 datur
1186 2941 1435 3012 intelligi.
1477 2939 1583 2993 Per
1637 2933 1884 2989 volucres
1932 2929 2129 2999 quippe

547 3059 936 3116 nonnunquam
962 3045 1262 3112 potestates
1289 3032 1451 3096 aeria:
1483 3027 1838 3097 designantur
1860 3022 2126 3076 bonorum
2156 3048 2203 3112 Ο

548 3143 744 3201 studiis
773 3138 1033 3195 adversae.
1069 3132 1142 3187 At
1192 3136 1379 3184 contra
1427 3123 1481 3178 in
1539 3122 1680 3176 bono
1723 3116 1973 3171 volucres
2001 3109 2131 3182 poni

456 3380 457 3385 η
552 3325 696 3400 quod
723 3327 1004 3390 acceptum
1030 3316 1191 3370 homo
1219 3308 1382 3364 mittit
1413 3306 1467 3360 in
1497 3304 1712 3358 hortum
1737 3304 1984 3360 suum,et
2012 3308 2135 3349 cre-

548 3382 650 3483 3n,
684 3424 739 3470 et
768 3412 970 3467 factum
996 3405 1152 3463 estin
1187 3401 1382 3456 arbore
1407 3408 1625 3466 magna,
1656 3402 1711 3447 et
1741 3389 1986 3444 volucres
2010 3382 2136 3440 caeli

450 3500 455 3505 ί
553 3473 940 3576 reqtiieverunt
967 3497 1020 3551 in
1046 3492 1213 3548 ramis
1242 3484 1528 3558 ejus(Luc.
1559 3498 1682 3548 xm,
1714 3478 1825 3552 l9).
1858 3495 1876 3530 ι
1898 3474 2010 3530 [loc
2040 3473 2139 3544 igi-

555 3566 651 3653 tur
665 3596 719 3651 in
743 3593 861 3649 loco
880 3594 1164 3660 postquam
1187 3581 1252 3635 de
1277 3576 1539 3649 sapientia
1560 3573 1762 3628 dictum
1789 3576 1898 3625 est:
1918 3566 2144 3620 Abscon-

555 3692 668 3747 dita
697 3695 771 3742 est
802 3684 866 3739 ab
883 3653 1058 3736 oculis
1085 3674 1316 3732 omnium
1339 3666 1639 3731 viventium,
1671 3669 1821 3717 recte
1864 3653 2142 3729 subiungi—

555 3791 648 3838 tur
675 3795 691 3834 :
727 3776 973 3833 Volucres
997 3769 1110 3827 caeli
1133 3782 1335 3841 quoque
1364 3759 1650 3830 latet,quia
1674 3757 1726 3811 in
1756 3756 1861 3810 hac
1877 3746 2148 3819 corrupti-

544 3872 652 3928 .bili
707 3883 871 3924 carne
919 3839 1199 3921 ccustituti
1257 3865 1467 3912 natura:
1517 3850 1636 3919 ejus
1681 3844 1978 3916 potentiam
2042 3839 2146 3909 ipsi

561 3976 776 4036 quoque
805 3958 1032 4014 vivendo
1056 3968 1160 4008 non
1189 3951 1491 4019 penetrant,
1522 3940 1615 4010 qui
1633 3937 1744 4005 jam
1767 3949 1863 4004 per
1890 3930 2147 3986 meritum

562 4020 765 4111 saucia:
807 4040 1281 4115 contemplationis
1325 4034 1554 4097 volant,
1600 4028 1691 4083 ubi
1740 4034 1869 4096 apte
1918 4020 2147 4092 subjun-

567 4144 742 4215 gitur:

637 4233 805 4289 Vens.
832 4228 922 4285 22.
956 4223 1191 4281 Perditio
1221 4229 1268 4274 et
1312 4229 1452 4271 mors
1479 4211 1725 4266 dixerunt
1751 4221 1771 4259 :
1797 4202 2027 4257 Auribus
2056 4214 2153 4253 no-

564 4328 690 4385 stris
732 4321 1027 4379 audivimus
1056 4318 1253 4386 famam
1292 4311 1427 4381 ejus.
1461 4302 1690 4373 --Quid
1735 4293 2054 4371 perditionis
2097 4297 2153 4344 et

2228 2738 2448 2814 pientiae
2496 2736 2639 2792 sicut
2691 2733 2811 2804 ipsa
2860 2726 3139 2799 Sapientia
3202 2729 3515 2786 attestante,
3584 2716 3821 2775 dicitur:

2238 2809 2258 2886 ὲ
2292 2832 2404 2904 Ego
2429 2829 2483 2885 in
2518 2818 2701 2890 Patre,
2725 2833 2781 2879 et
2805 2821 2970 2878 Pater
2992 2820 3046 2875 in
3079 2832 3167 2873 me
3192 2816 3510 2888 (Joan.nv,
3542 2810 3636 2877 i0,
3668 2809 3781 2878 il).
3804 2826 3820 2859 ι

2230 2923 2400 2979 Aliter
2424 2935 2556 2991 ergo
2583 2916 2845 2988 sapientia
2871 2914 3036 2969 habet
3063 2910 3231 2976 viam,
3253 2916 3416 2978 atque
3437 2905 3603 2960 aliter
3630 2904 3825 2958 locum.

2232 3010 2389 3067 Viam
2418 3024 2515 3080 per
2562 3004 2920 3063 humanitatis
2971 3001 3280 3063 transitum,
3341 2997 3521 3053 locum
3558 3008 3700 3050 vero
3737 3006 3828 3062 per

2231 3110 2434 3159 statum
2465 3098 2780 3155 divinitatis.
2804 3096 2883 3151 Ac
2907 3094 2952 3151 si
3000 3101 3185 3165 aperte
3222 3091 3539 3146 diceretur:
3570 3086 3830 3141 Humana

2223 3191 2543 3265 cogitationi
2583 3187 2798 3245 occulta
2837 3193 2983 3251 sunt,
3010 3184 3096 3239 vel
3138 3181 3356 3253 quando
3383 3194 3482 3251 per
3506 3191 3740 3234 carnem
3766 3172 3826 3228 ad

2232 3285 2482 3341 homines
2510 3280 2787 3353 Sapientia
2811 3277 3015 3341 veniat,
3035 3275 3120 3331 vel
3144 3273 3412 3345 quomodo
3441 3270 3591 3342 apud
3616 3268 3829 3323 Patrem

2236 3373 2520 3431 invisibilis
2582 3371 2747 3428 etiam
2799 3384 2923 3425 cum
2980 3366 3111 3422 foris
3173 3360 3489 3435 apparuerit
3551 3359 3829 3430 persistat.

2236 3466 2495 3536 Quamvis
2521 3466 2627 3521 hoc
2663 3461 2888 3533 intelligi
2933 3468 2989 3515 et
3015 3458 3173 3514 aliter
3200 3464 3397 3528 potest.
3428 3452 3574 3509 Nam
3604 3452 3699 3507 via
3724 3451 3833 3521 ejus

2237 3570 2345 3611 non
2370 3552 2815 3611 inconvenieuter
2856 3548 3121 3618 accipitur
3148 3547 3250 3602 hoc
3285 3546 3464 3617 ipsum
3507 3542 3663 3613 quod
3693 3540 3836 3596 venit

2240 3645 2310 3701 ad
2336 3658 2451 3710 cor,
2489 3656 2717 3713 seseque
2762 3641 2919 3696 nobis
2976 3639 3304 3695 intrinsecus
3343 3634 3604 3691 infundit.
3661 3632 3834 3689 Locus

2240 3750 2372 3791 vero
2395 3733 2511 3805 ejus
2539 3733 2601 3789 fit
2628 3747 2745 3798 cor,
2776 3732 2842 3788 ad
2875 3731 3019 3802 quod
3058 3731 3283 3786 veniens
3300 3734 3609 3799 permanet.
3634 3726 3718 3781 De
3742 3726 3835 3780 hac

2243 3842 2457 3899 quoque
2475 3827 2561 3882 via
2590 3825 2732 3881 illius
2758 3826 2983 3880 dicitur:
3008 3842 3026 3877 ι
3048 3824 3163 3879 Vox
3184 3822 3470 3879 clamantis
3491 3822 3548 3876 in
3579 3820 3830 3891 deserto:

2244 3919 2441 3974 Parate
2461 3918 2607 3972 viam
2646 3915 2857 3971 Domini
2902 3915 3085 3985 (Jonn.
3120 3930 3162 3981 ι,
3193 3913 3307 3985 25).
3334 3932 3353 3966 ›
3401 3910 3470 3966 Ει
3503 3912 3639 3983 quia
3662 3910 3834 3966 homi-

2249 4008 2409 4064 nibus
2437 4008 2704 4063 incertum
2743 4014 2829 4060 est
2879 4003 2969 4059 vel
3016 4003 3069 4058 in
3098 4004 3255 4074 cujus
3311 4002 3477 4057 corde
3513 4000 3726 4065 veniat,
3755 3997 3837 4054 vel

2248 4099 2303 4154 in
2335 4112 2444 4169 quo
2484 4104 2769 4168 postquam
2823 4094 3051 4159 venerit,
3095 4092 3463 4164 permanendo
3501 4091 3836 4161 requiescat,

2250 4196 2397 4243 recte
2420 4201 2565 4241 nunc
2591 4184 2823 4241 dicitur:
2871 4183 3012 4239 Deus
3039 4182 3283 4254 intelligit
3309 4183 3447 4237 viam
3484 4173 3631 4250 eius,
3662 4191 3715 4236 et
3740 4181 3840 4250 ipse

2252 4278 2388 4333 novit
2412 4276 2582 4332 locum
2631 4275 2798 4330 illius.
2832 4273 2970 4342 Quia
3030 4274 3196 4330 solius
3245 4273 3442 4328 divinae
3478 4271 3714 4328 visionis
3766 4277 3842 4326 est

570 4363 690 4385 ...ιο
732 4363 1027 4379 ..............-
1056 4363 1252 4386 ,ηψπ
1296 4363 1359 4381 τ
1560 4363 1597 4373 _
1736 4363 1751 4371 _

570 4416 760 4473 mortis
798 4411 1036 4474 nomine,
1099 4405 1202 4460 nisi
1249 4400 1468 4471 maligni
1511 4395 1732 4467 spiritus
1780 4388 2129 4459 designantur

2254 4381 2499 4435 cernere,
2519 4367 2603 4423 vel
2630 4368 2826 4436 quibus
2847 4363 3022 4421 modis
3047 4364 3352 4420 intellectus
3373 4363 3660 4433 sapientiae
3680 4374 3839 4430 quem

2512 4458 2547 4474 ..
2668 4473 2671 4474 ν
3407 4467 3513 4474 _-_
3572 4452 3817 4474 ,,-,,..,.

568 4508 658 4578 qui
711 4506 1022 4560 inventores
1082 4494 1276 4550 mortis
1320 4502 1375 4547 et
1420 4484 1739 4563 perditionis
1790 4472 2152 4535 exstiterunt?

570 4567 765 4653 \‘lidcre
811 4591 1009 4662 quippe
1055 4584 1292 4655 perfecte
1323 4588 1642 4633 coazteruam
1690 4572 1785 4627 Dei
1811 4567 2152 4639 sapientiam,

566 4689 677 4742 hoc
705 4659 949 4751 estquod
980 4674 1199 4729 habere.
1240 4669 1365 4723 Ideo
1401 4665 1567 4735 iniqui
1623 4661 1844 4732 spiritus
1879 4659 2018 4712 hanc
2063 4668 2154 4709 sa-

572 4776 832 4851 pientiam
881 4786 985 4826 non
1030 4766 1236 4826 vident,
1274 4761 1399 4831 quia
1454 4755 1652 4828 repulsi
1703 4768 1800 4824 per
1845 4745 2155 4819 superbiam

568 4837 914 4938 nequaquam
940 4875 1058 4917 eam
1089 4856 1290 4911 habere
1313 4844 1621 4922 potuerunt.
1648 4845 1728 4899 Ad
1758 4843 1931 4897 lucem
1958 4837 2155 4937 quippe

573 4924 693 5028 ejus
723 4956 1034 5011 clauserunt
1069 4944 1258 5001 oculos
1288 4939 1486 5003 cordis,
1522 4933 1819 5006 superfusis
1842 4929 1960 5000 ejus
1991 4924 2157 4981 radiis

576 5016 955 5120 r'cpugnantes.
999 5038 1220 5092 Famam
1257 5047 1387 5102 ergo
1436 5026 1713 5098 sapientiae
1758 5019 2007 5089 malignis
2053 5016 2161 5086 spi-

577 5115 775 5198 ritibus
830 5133 1044 5191 audisse
1088 5137 1200 5192 est,
1243 5127 1340 5182 sed
1397 5121 1643 5178 eamdem
1682 5115 2002 5187 sapientiam
2052 5124 2158 5165 non

2252 4458 2551 4532 perceperit
2600 4455 2895 4513 mortiferis
2942 4453 3360 4526 cogitationibus
3407 4467 3516 4508 non
3568 4452 3839 4506 admittat.

2254 4549 2512 4619 Sequitur
2532 4566 2544 4600 :

2325 4642 2489 4694 Vens.
2515 4640 2609 4693 24.
2635 4636 2757 4707 Ipse
2775 4638 2912 4690 enim
2934 4636 3066 4705 fines
3089 4635 3270 4689 mundi
3293 4635 3551 4698 intuetur,
3575 4643 3626 4687 et
3646 4632 3840 4691 omnia,

2253 4747 2370 4801 quae
2412 4730 2505 4784 sub
2567 4727 2693 4783 caelo
2748 4738 2892 4790 sunt,
2938 4725 3165 4796 respicit.
3193 4754 3266 4766 —
3306 4722 3606 4794 Respicere
3652 4722 3841 4791 quippe

2256 4821 2350 4878 Dei
2378 4832 2462 4879 est
2485 4837 2547 4876 ea
2579 4835 2700 4890 qua:
2740 4819 2940 4872 amissa
2971 4833 3035 4871 ac
3065 4817 3273 4887 perdita
3304 4814 3521 4870 fuerant
3573 4814 3643 4868 ad
3692 4827 3839 4867 suam

2256 4914 2485 4986 gratiam
2517 4910 2834 4967 reformare.
2878 4908 3031 4964 Unde
3067 4909 3327 4977 scriptum
3371 4913 3494 4961 est:
3536 4924 3556 4957 ι
3597 4906 3713 4960 Rex
3758 4903 3839 4971 qni

2257 5007 2407 5061 sedet
2435 5004 2488 5058 in
2521 5002 2656 5058 solio
2697 4999 2886 5070 judicii
2918 5000 3025 5065 sui,
3061 4999 3287 5067 dissipat
3339 5011 3504 5051 omne
3559 4997 3765 5051 malum
3793 4993 3839 5046 in

2260 5095 2453 5162 intuitu
2484 5108 2584 5148 suo
2612 5088 2795 5161 (Prov.
2828 5104 2923 5154 xx,
2955 5088 3032 5160 8).
3066 5106 3082 5139 ι
3119 5085 3409 5155 Sequitur:
