3948 5398
119 347 226 404 333

747 350 1052 415 ΕΡΙΤΟΜΕ
1096 359 1461 422 MORALIUM
1514 365 1572 422 S.
1625 367 1669 425 G

1779 373 1834 428 Β.
1873 373 1940 429 IN
1987 374 2127 433 JOB.
2153 410 2223 420 ——
2249 381 2377 439 LIB.
2408 385 2550 443 XIX.

3285 403 3391 462 δδι

118 476 287 532 perna
316 462 584 534 sapientia
608 464 775 536 replet
801 468 1031 538 animas,
1054 487 1149 530 eas
1174 479 1492 535 maturitate
1520 479 1706 537 induta
1733 487 1783 548 Α
1811 488 2009 560 quippe
2055 492 2199 549 illam
2227 511 2516 570 praeparat,
2548 508 2792 579 quisquis
2832 511 2976 567 mam
3006 516 3143 572 bene
3165 518 3394 579 ,i'endo

119 568 310 579 “Mm
349 555 536 579 ηιμ
587 572 685 579 ,η
720 558 803 579 ρ..-
1053 573 1093 579 ,κ
1284 569 1318 579 .-
1359 571 1370 579 .
1586 573 1705 579 -----

118 568 313 625 graves
349 555 560 622 reddet,
586 572 691 613 non
720 558 809 613 illa
837 564 1103 633 gravitate
1130 581 1234 636 qua
1268 569 1467 627 dicitur
1492 589 1505 626 :
1544 591 1564 624 ε
1586 573 1709 630 Filii

118 643 426 711 hominum,
452 661 730 725 usquequo
777 651 928 720 gravi
972 654 1173 710 corde?
1219 655 1390 729 (Psal.
1434 676 1517 724 tv,
1563 664 1642 733 5.)
1684 684 1702 718 ι

113 734 271 790 Aliud
306 724 665 807 namqueest
708 757 927 812 gravem
958 759 1079 801 esse
1105 764 1201 819 per
1223 753 1529 822 consilium,
1562 757 1708 815 aliud

111 841 210 896 per
235 837 559 897 peccatum;
601 831 744 886 aliud
791 850 1012 903 gravem
1045 853 1165 895 esse
1198 856 1296 910 per
1324 850 1703 916 constantiam,

111 917 258 973 aliud
286 933 390 989 per
409 921 641 990 culpam.
672 922 767 978 Vel
786 935 935 980 certe
964 929 1139 983 ventis
1166 931 1377 1000 pondus
1400 934 1577 993 facere
1600 947 1701 1008 est,

110 1024 432 1066 concessam
485 1012 575 1067 hic
617 1013 806 1070 electis
850 1016 922 1071 de
956 1018 1251 1078 virtutibus
1306 1024 1533 1096 gloriam
1586 1043 1705 1100 per-

109 1101 271 1156 mista
334 1101 655 1161 inﬁrmitate
707 1115 1028 1178 temperare.
1073 1109 1371 1184 Sequitur:
1422 1114 1493 1173 Et
1535 1138 1702 1192 aquas

107 1193 359 1263 apparuit
404 1211 673 1252 mensura.
697 1225 769 1237 —-
809 1198 980 1269 Aquae
1007 1200 1061 1257 in
1092 1200 1376 1277 Scriptura
1406 1224 1564 1267 sacra
1602 1212 1702 1269 ali-

106 1284 329 1355 quando
378 1293 628 1341 sanctum
679 1284 944 1359 Spiritum
995 1292 1342 1365 signiﬁcant,
1399 1307 1462 1355 ut
1518 1302 1695 1361 illud:

110 1389 134 1425 ι
163 1373 268 1442 Qui
311 1376 491 1433 credit
526 1377 584 1433 in
612 1394 725 1447 me,
772 1381 917 1438 sicut
961 1384 1092 1441 dicit
1124 1385 1428 1461 Scriptura,
1471 1391 1697 1454 ﬂumina

105 1465 172 1519 de
214 1475 410 1554 ventre
454 1465 575 1554 ejus
618 1468 788 1527 ﬂuent
832 1487 989 1544 aquae
1011 1475 1147 1531 vivae
1173 1477 1358 1548 (Joan.
1388 1496 1487 1548 vn,
1516 1484 1629 1554 38).
1669 1504 1691 1541 ι

103 1546 409 1617 Aliquando
453 1552 741 1610 scientiam
791 1571 1041 1628 pravam,
1070 1546 1362 1634 aliquando
1408 1546 1692 1627 scientiam

101 1651 340 1704 sacram,
382 1639 535 1695 velut
568 1658 582 1696 :
621 1660 641 1695 ι
676 1642 830 1715 Aqua
877 1650 1158 1719 sapientiae
1193 1653 1447 1713 salutaris
1488 1659 1695 1728 potavit

100 1741 193 1783 eos
239 1726 433 1799 (Eccli.
482 1744 577 1797 xv,
604 1730 682 1802 ὅ).
720 1753 740 1787 ι
773 1732 1029 1805 Pravam,
1068 1748 1130 1796 ut
1168 1740 1300 1798 illud
1344 1726 1689 1805 Salomonis:

102 1835 125 1868 ι
156 1817 328 1888 Aqua:
354 1818 573 1877 furtivae
603 1822 873 1883 dulcidres
897 1838 1025 1884 sunt
1051 1828 1238 1902 (Prov.
1277 1850 1357 1903 Ix,
1383 1838 1490 1910 l7).
1527 1859 1547 1893 ι
1576 1840 1693 1897 Ali-

98 1910 316 1977 quando
367 1910 792 1981 tribulationem,
833 1925 894 1972 ut
936 1918 1101 1976 illud:
1148 1942 1168 1975 ι
1205 1923 1425 1983 Salvum
1455 1943 1542 1984 me
1580 1929 1685 1999 fac,

94 2000 260 2067 Deus,
290 2002 546 2073 quoniam
578 2006 923 2064 intraverunt
956 2026 1110 2082 aquae
1129 2015 1197 2070 ad
1226 2018 1464 2077 animam
1507 2037 1686 2079 meam

95 2088 270 2162 (Psal.
327 2109 520 2161 Lm",
558 2095 637 2168 ἢ).
676 2116 695 2152 ι
744 2098 1046 2171 Aliquando
1091 2103 1388 2165 deﬂuentes
1436 2113 1684 2183 populos,

94 2190 153 2236 ut
178 2181 310 2237 ilud
336 2183 688 2258 Apocalypsis
717 2205 730 2243 :
760 2208 778 2240 ι
798 2191 965 2261 Aquae
984 2209 1115 2250 vero
1138 2205 1267 2251 sunt
1286 2200 1467 2269 populi
1495 2181 1682 2274 (Apoc.

92 2287 204 2327 xvu
231 2313 247 2338 ,
289 2272 402 2328 15‘.
443 2294 463 2329 ι
508 2276 814 2349 Aliquando
862 2292 1072 2340 mentes
1120 2284 1280 2343 ﬁdem
1338 2272 1683 2360 sequentium

90 2362 363 2433 designari
423 2365 620 2434 solent,
676 2369 815 2425 sicut
862 2374 1122 2442 propheta
1165 2378 1280 2432 ait:
1340 2379 1538 2436 «Beati
1588 2383 1681 2454 qui

87 2454 372 2509 seminatis
423 2471 587 2527 super
629 2474 820 2516 omnes
865 2476 1035 2532 aquas
1086 2464 1239 2536 (Isa.
1288 2484 1461 2533 snit,
1505 2470 1622 2543 20).
1654 2492 1674 2527 ι

80 2541 200 2599 Hoc
227 2544 399 2613 igitur
430 2546 485 2601 in
532 2547 651 2604 loco
695 2551 825 2621 quid
863 2568 1128 2623 aquarum
1165 2557 1403 2624 nomine,
1436 2559 1539 2615 nisi
1568 2541 1680 2617 ele-

84 2643 301 2692 ctorum
325 2639 489 2694 corda
518 2641 820 2712 signantur,
844 2659 964 2715 quae
990 2661 1089 2718 per
1106 2648 1438 2706 intellectum
1463 2654 1676 2723 sapien-

82 2726 173 2782 tiae
201 2727 447 2783 auditum
472 2728 585 2798 jam
631 2747 881 2803 supernae
904 2737 1051 2792 vocis
1076 2742 1438 2812 acceperunt?
1463 2742 1539 2798 De
1561 2743 1677 2813 qui-

81 2813 183 2871 bus
226 2824 376 2872 recte
413 2817 651 2874 dicitur:
686 2820 753 2875 Et
792 2836 958 2893 aquas
983 2828 1229 2897 appendit
1254 2846 1520 2897 mensura,
1547 2833 1673 2902 quia

78 2904 254 2961 sancti
304 2906 430 2976 ipsi,
468 2909 561 2978 qui
604 2911 922 2969 sublevante
973 2913 1181 2986 Spiritu
1212 2919 1278 2974 ad
1322 2934 1535 2977 summa
1582 2939 1673 2979 ra-

74 2995 322 3063 piuntur,
372 2999 612 3067 quandiu
664 3002 719 3056 in
765 3004 866 3060 hac
896 3005 1006 3061 vita
1054 3020 1198 3075 sunt,
1247 3025 1317 3065 ne
1361 3013 1539 3084 aliqua
1564 3016 1672 3071 ela-

72 3083 226 3139 tione
264 3087 585 3157 superbiant
639 3090 958 3159 quibusdam
1030 3099 1419 3157 tentationibus
1453 3083 1467 3084 ί
1494 3107 1669 3175 repri-

1814 579 1870 635 in
1922 582 2066 638 viam
2110 585 2296 654 judicii
2328 594 2613 663 prapitiam
2644 612 2818 669 parat.
2853 603 2919 657 Et
2943 607 3235 663 notandum
3269 626 3391 683 quae

1811 669 1877 725 de
1902 686 1966 727 ea
1995 685 2227 744 quatuor
2273 682 2414 739 dicta
2464 687 2591 742 sint.
2640 690 2733 745 Ait
2776 695 2942 760 enim,
2972 698 3122 765 vidit,
3172 669 3390 760 enartra-

1809 762 1896 828 vit,
1948 774 2285 840 praeparavit,
2333 786 2387 832 et
2429 779 2772 854 investigavft.
2819 786 2961 847 Vidit
2984 808 3235 864 namque,
3259 799 3388 868 quia

1807 856 2019 923 species
2049 871 2177 925 est;
2228 871 2522 936 enarravit,
2552 874 2681 943 quia
2729 879 2992 948 verbum;
3042 887 3409 955 praeparavit,

1806 943 1930 1011 quia
1983 950 2311 1019 remedium;
2364 955 2726 1030 investigavit,
2771 967 2895 1037 quia
2935 943 3225 1027 occultum.
3283 973 3386 1031 Se-

1804 1034 1990 1104 quitur
2019 1054 2032 1092 :

1874 1126 2041 1184 Vsus.
2085 1130 2173 1187 28.
2230 1133 2301 1189 Et
2333 1136 2466 1193 dixit
2515 1142 2716 1199 homini
2746 1160 2766 1199 :
2804 1147 2941 1203 Ecce
2981 1152 3138 1207 timor
3172 1153 3386 1211 Domini

1802 1218 1915 1288 ipsa
1943 1231 2019 1275 est
2046 1224 2331 1294 sapientia,
2357 1239 2404 1284 et
2435 1234 2668 1290 recedere
2697 1254 2730 1291 α
2760 1240 2899 1294 malo
2930 1242 3293 1315 intelligentia.
3315 1276 3386 1288 —-

1798 1305 1879 1363 Ac
1897 1309 1943 1364 si
1962 1322 2148 1382 aperte
2169 1315 2565 1379 dicereturaAd
2590 1332 2755 1382 temet
2771 1329 2967 1398 ipsum,
2991 1305 3175 1400 homo,
3203 1351 3386 1392 rever-

1800 1401 1937 1464 tere,
1966 1401 2145 1458 cordis
2188 1406 2262 1460 tui
2295 1419 2507 1466 secreta
2553 1425 2856 1483 perscruta.
2889 1417 2947 1473 Si
2993 1421 3161 1476 Deum
3194 1421 3386 1480 timere

1799 1484 2176 1559 deprehendis,
2227 1496 2471 1565 profecto
2522 1512 2740 1561 constat
2786 1508 2914 1578 quia
2963 1509 3067 1566 hac
3120 1512 3385 1583 sapientia

1796 1576 1989 1649 plenus
2036 1598 2137 1652 es;
2175 1601 2336 1656 quam
2390 1590 2436 1646 si
2486 1594 2660 1651 adhuc
2712 1576 3041 1670 cognoscere
3095 1618 3201 1658 non
3226 1612 3383 1675 potes

1796 1670 1929 1739 quid
1974 1672 2046 1728 sit
2074 1675 2127 1730 in
2160 1691 2241 1744 se,
2265 1677 2382 1749 jam
2408 1687 2690 1755 cognoscis
2716 1689 2933 1745 interim
2964 1693 3092 1762 quid
3121 1694 3193 1748 sit
3221 1670 3275 1750 in
3306 1703 3377 1751 te.

1795 1756 1934 1815 Hinc
1982 1764 2243 1835 scriptum
2271 1778 2398 1824 est:
2439 1789 2458 1823 ι
2493 1772 2709 1830 lnitium
2762 1756 3043 1848 sapientiae
3071 1783 3235 1838 timor
3272 1784 3380 1839 Do-

1716 1852 1766 1913 B
1792 1850 1925 1906 mini
1956 1852 2129 1924 (Psal.
2155 1872 2244 1922 cx,
2284 1859 2389 1929 li).
2420 1879 2438 1913 ι
2472 1861 2577 1919 Sed
2606 1867 2732 1936 quia
2758 1866 2847 1924 ille
2872 1872 3141 1927 veraciter
3167 1874 3272 1929 vim
3300 1874 3379 1930 di-

1790 1938 1903 1994 vini
1928 1941 2139 2000 timoris
2162 1945 2436 2021 intelligit,
2453 1953 2544 2023 qui
2565 1967 2623 2009 se
2644 1970 2677 2009 a
2698 1958 2908 2014 cunctis
2920 1961 3103 2029 pravis
3124 1963 3378 2032 operibus

1788 2031 2046 2097 custodit,
2092 2045 2240 2092 recte
2263 2039 2511 2097 subditur
2536 2059 2549 2097 :
2578 2043 2649 2099 Et
2673 2046 2910 2104 recedere
2939 2067 2972 2105 a
2998 2052 3137 2107 malo
3164 2031 3379 2109 intelli-

1787 2122 1984 2190 gentia.
2018 2121 2279 2197 Sequitur
2305 2146 2318 2183 :

2351 2219 2582 2277 CAPUT
2610 2223 2805 2281 XXIX.

1857 2298 2024 2357 Vsus.
2059 2303 2111 2357 i.
2148 2304 2367 2362 Addidit
2387 2327 2591 2384 quoque
2633 2316 2734 2371 Job
2758 2335 3030 2376 assumens
3065 2325 3374 2393 parabolam

1782 2407 1957 2448 suam.
2004 2396 2233 2465 —Quia
2269 2401 2413 2456 enim
2463 2407 2719 2474 parabola
2771 2411 3071 2469 similitudo
3118 2418 3371 2473 nomina-

1783 2488 1888 2546 tur,
1935 2496 2120 2555 aperte
2167 2499 2377 2547 constat
2406 2496 2548 2563 quod
2595 2513 2693 2568 per
2721 2500 3051 2559 exteriorum
3081 2507 3371 2564 verborum

1782 2571 2010 2628 formam
2058 2581 2316 2648 mysteria
2360 2582 2626 2654 loquitur,
2674 2590 2766 2660 qui
2789 2593 2854 2647 ad
2905 2594 3233 2667 loquendum
3272 2616 3371 2670 pa-

1780 2663 2025 2721 rabolatn
2073 2674 2432 2743 assumpsisse
2471 2690 2828 2738 memoratur.
2874 2683 3007 2741 Cum
3036 2691 3236 2746 etenim
3269 2707 3368 2748 sua

1777 2763 1985 2818 narrat,
2018 2771 2247 2830 quaeque
2295 2773 2420 2818 sunt
2471 2779 2674 2825 sanctae
2721 2770 2977 2829 Ecclesiae
3017 2787 3240 2834 ventura
3271 2782 3369 2839 de-

1776 2846 2020 2911 nuntiat,
2089 2859 2145 2906 et
2197 2866 2297 2922 per
2360 2855 2463 2912 hoc
2522 2862 2665 2929 quod
2714 2862 2803 2920 ille
2859 2868 3094 2936 patitur,
3152 2872 3361 2931 indicat

1773 2935 1888 3006 ipse
1913 2939 2040 3033 quid
2070 2940 2160 2997 illa
2186 2946 2444 3014 patiatur.
2489 2950 2596 3007 Sed
2631 2953 2790 3012 electi
2830 2935 3020 3017 omnes
3047 2963 3138 3033 qui
3170 2965 3223 3019 in
3250 2967 3357 3022 line

1771 3026 1955 3082 mundi
1984 3033 2317 3103 temporibus
2339 3037 2661 3098 Antichristi
2688 3044 2892 3104 fuerint
2923 3053 2976 3107 in
3015 3026 3103 3110 illa
3136 3056 3363 3112 tribula-

1773 3117 1919 3173 tione
1937 3123 2335 3192 comprehensi,
2370 3132 2794 3194 reminiscuntur
2824 3141 3016 3198 horum
3051 3154 3356 3218 temporum

2064 3183 2077 3192 ⁸
2325 3183 2334 3192 ⁷
2416 3183 2785 3194 ⁷⁷“”“”“”“”““““““⁸“⁸
2824 3183 3016 3198 "VIUIII
3052 3183 3154 3201 ιυιη
3197 3183 3354 3204 υιυιιι

73 3183 322 3242 mnntur,
384 3184 445 3231 ut
490 3192 836 3251 nequaquam
895 3193 1102 3241 tantum
1147 3188 1410 3259 proﬁcere
1455 3194 1670 3251 valeant
1698 3207 1741 3268 C
1776 3204 1828 3260 in
1861 3208 2058 3277 quibus
2090 3230 2232 3269 nunc
2263 3212 2503 3276 Ecclesia
2550 3223 2673 3281 fidei
2716 3244 2903 3299 pacem
2955 3244 3121 3305 tenet,
3161 3183 3217 3294 ἕ(
3259 3254 3354 3295 su-

73 3275 338 3305 mlanlnm
418 3268 601 3305 vnlnnl
688 3271 795 3305 ΕΔΑ
853 3288 922 3305 ..Δ
1004 3278 1332 3305 Α..ιΑΙΙ....ι.-..
1389 3286 1565 3305 ---..--ι
1590 3287 1627 3305 es
1864 3298 1877 3305 -
1976 3300 1989 3305 -

70 3275 339 3333 quantum
418 3268 624 3326 volunt.
688 3271 795 3328 Sed
853 3288 922 3329 ne
1003 3278 1332 3335 extollantur
1387 3286 1660 3356 superbia,

68 3356 140 3411 sit
170 3357 227 3411 in
254 3358 337 3414 eis
365 3358 603 3430 ipsarum
631 3363 880 3432 quaedam
929 3381 1181 3424 mensura
1226 3372 1508 3430 virtutum.
1558 3376 1660 3433 Se-

65 3447 258 3515 quitur
280 3466 295 3502 :

136 3554 308 3636 Vens.
356 3558 451 3624 26,
494 3561 585 3615 27.
635 3560 861 3628 Quando
896 3567 1116 3637 ponebat
1150 3568 1338 3639 pluviis
1376 3572 1560 3647 legem,
1608 3588 1657 3633 et

61 3647 203 3700 viam
228 3634 476 3717 procellis
506 3655 832 3711 sonantibus.
859 3634 1004 3713 Tunc
1037 3634 1162 3714 vidit
1185 3661 1334 3718 illam
1362 3676 1409 3721 et
1426 3634 1657 3725 enarra-

58 3739 158 3804 vit,
190 3750 237 3794 et
262 3745 616 3813 praeparavit,
639 3756 688 3801 et
711 3749 1056 3823 investigavit.
1089 3782 1153 3796 -
1189 3754 1378 3814 Solent
1415 3776 1512 3832 per
1539 3762 1657 3832 plu-

58 3831 181 3887 vias
218 3834 636 3903 praedicandum
665 3839 807 3897 dicta
845 3844 1067 3915 signari.
1103 3845 1258 3904 Unde
1293 3864 1392 3919 per
1420 3831 1653 3925 Movsen

56 3922 306 3977 dicitur:
341 3944 362 3977 ι
400 3925 759 3998 Exspectetur
791 3932 933 3988 sicut
956 3934 1140 4006 pluvia
1167 3937 1439 4008 eloquium
1473 3922 1653 3999 meum

55 4012 244 4082 (Deut.
296 4031 489 4083 nm,
538 4019 619 4089 2).
654 4039 675 4074 ι
732 4020 972 4089 Quorum
1016 4026 1269 4086 videlicet
1319 4032 1481 4087 verba
1525 4049 1650 4090 cum

52 4103 256 4161 blande
283 4108 630 4177 persuadent,
662 4111 859 4182 pluviae
887 4124 1044 4182 sunt;
1079 4131 1202 4173 cum
1229 4134 1361 4176 vero
1392 4123 1650 4180 terribilia

52 4194 121 4250 de
153 4207 393 4253 venturo
416 4199 623 4269 judicio
651 4203 919 4273 intonant,
952 4210 1223 4279 procellae.
1254 4213 1322 4267 Et
1350 4217 1648 4272 notandum

51 4285 198 4353 quod
221 4286 424 4357 pluviis
450 4288 532 4344 lex
558 4292 776 4362 ponitur
794 4334 810 4359 ,
840 4303 899 4350 ut
934 4296 1019 4351 via
1044 4300 1298 4368 procellis
1325 4303 1647 4361 sonantibus

49 4377 356 4447 aperiatur.
404 4378 515 4435 Lex
542 4384 739 4454 quippe
774 4392 859 4440 est
904 4385 1034 4457 ipsis
1076 4390 1520 4459 praedicatoribus
1548 4410 1644 4464 po-

46 4466 177 4531 sita,
223 4476 290 4523 ut
317 4469 551 4526 vivendo
602 4471 859 4543 impleant
902 4478 1046 4546 quod
1098 4479 1366 4551 loquendo
1411 4485 1643 4540 suadere

44 4555 335 4614 festinant.
363 4556 503 4616 Nam
529 4560 779 4634 loquendi
802 4568 1100 4626 auctoritas
1125 4572 1394 4642 perditur,
1422 4576 1642 4645 quando
1670 4557 1723 4618 Ῑ)
1749 4555 2009 4647 pristinae,

42 4664 147 4705 vox
196 4665 374 4721 opere
423 4667 532 4708 non
584 4654 887 4726 adjuvatur.
944 4657 1099 4714 Viam
1155 4671 1336 4719 autem
1397 4666 1640 4735 procellis

36 4741 360 4795 sonantibus
408 4741 608 4812 posuit,
635 4758 758 4798 cum
808 4748 1252 4816 praedicatoribus
1299 4756 1502 4809 sanctis
1528 4756 1642 4810 suis

35 4834 102 4886 ad
131 4835 306 4890 corda
355 4835 637 4892 hominum
690 4846 895 4895 terrore
927 4844 1141 4897 venturi
1177 4842 1366 4912 judicii
1394 4848 1638 4917 perculsa

35 4925 250 4980 aditum
288 4921 435 4981 fecit.
470 4926 682 4982 Usitata
711 4930 907 5000 quippe
932 4932 1073 4987 sacri
1110 4933 1310 5005 eloquii
1342 4937 1635 5007 locutione,

34 5017 222 5073 videre
258 5017 359 5073 Dei
388 5018 590 5074 dicitur
617 5020 803 5077 videre
833 5038 932 5078 nos
958 5022 1162 5092 facere,
1188 5029 1325 5084 sicut
1344 5030 1491 5100 justo
1513 5033 1633 5088 viro

30 5101 307 5160 Dominus
340 5106 513 5161 dicit:
564 5126 585 5159 ‹
621 5105 777 5163 Nunc
822 5114 1047 5180 cognovi
1074 5116 1215 5184 quod
1244 5118 1433 5176 timeas
1462 5121 1631 5176 Deum

28 5196 186 5267 (Gen.
218 5214 369 5265 χχιι,
400 5198 511 5271 12).
548 5219 568 5253 ι
597 5199 669 5254 Ει
689 5200 943 5259 Israelita:
968 5216 1405 5275 praemonentur:
1435 5230 1452 5263 ο
1484 5213 1629 5268 Ten—

25 5296 101 5344 tat
134 5306 245 5347 vos
297 5290 558 5347 Dominus
605 5291 754 5345 Deus
802 5303 998 5361 vester,
1040 5306 1098 5351 ut
1133 5298 1273 5353 sciat
1317 5303 1361 5357 si
1409 5303 1632 5374 diligitis

248 5382 285 5398 ,ι
365 5393 377 5398 _
596 5381 630 5398 η

1766 3298 1928 3365 perba
1976 3300 2352 3363 haereticorum
2398 3312 2536 3367 colla
2572 3298 2900 3389 comprimit,
2935 3340 3041 3380 non
3071 3337 3355 3398 potentatu

1763 3388 2033 3459 culminis,
2075 3397 2169 3451 sed
2193 3396 2323 3472 jugo
2354 3404 2603 3473 rationis,
2642 3388 2709 3464 et,
2728 3427 2827 3483 per
2863 3430 3050 3473 vocem
3072 3388 3217 3478 beati
3242 3421 3345 3481 Job

1762 3476 1894 3534 dicit
1919 3499 1931 3535 :

1833 3566 1996 3630 Vsus.
2032 3577 2084 3631 2.
2124 3566 2258 3645 Quis
2286 3585 2439 3638 ‘mihi
2483 3588 2681 3645 tribuat
2716 3603 2775 3647 ut
2818 3597 2918 3651 sim
2948 3599 3109 3669 juxta
3149 3621 3349 3662 menses

1757 3663 2143 3729 pristinos?—
2180 3670 2317 3738 Quia
2363 3677 2507 3732 enim
2548 3689 2784 3738 statutus
2829 3701 3090 3747 numerus
3135 3693 3346 3752 dierum

1759 3764 2022 3810 vocantur
2053 3775 2286 3827 menses,
2318 3765 2447 3834 quid
2477 3771 2698 3826 nomine
2739 3774 2920 3845 signat
2951 3782 3215 3838 mensium
3241 3786 3345 3842 nisi

1754 3845 2100 3905 collectiones
2143 3854 2485 3912 animarum?
2525 3860 2651 3917 Dies
2696 3865 2895 3938 quippe
2928 3869 3054 3924 dum
3087 3873 3343 3945 colligun-

1757 3943 1865 4000 tur,
1900 3937 1952 3992 in
1978 3942 2258 3999 mensibus
2287 3946 2703 4007 subtrahuntur.
2743 3937 2879 4023 Quia
2906 3968 2963 4015 et
2988 3960 3041 4016 in
3070 3962 3173 4019 hoc
3201 3937 3341 4022 tem-

1752 4040 1885 4096 pore
1923 4041 2110 4089 sancta
2137 4034 2380 4095 Ecclesia
2412 4042 2538 4098 dum
2569 4046 2818 4104 veritatis
2844 4050 2961 4107 luce
2989 4055 3340 4125 resplenden-

1750 4118 1821 4173 tis
1847 4121 2058 4179 animas
2088 4126 2311 4199 colligit,
2358 4130 2412 4186 in
2460 4133 2667 4192 intimis
2699 4140 2998 4199 abscondit.
3032 4118 3336 4219 Aliquando

1747 4213 1908 4266 etiam
1938 4216 2139 4273 mensis
2161 4236 2259 4289 pro
2280 4222 2616 4291 perfectione
2638 4230 2881 4298 ponitur,
2904 4235 3046 4293 sicut
3066 4213 3335 4312 propheta

1746 4301 1851 4355 ait:
1873 4302 2018 4360 «Erit
2046 4309 2245 4363 mensis
2267 4327 2332 4365 ex
2356 4328 2541 4371 mense
2563 4316 2698 4389 (Isa.
2718 4313 2999 4395 LXVI,25),
3023 4347 3042 4380 ι
3067 4301 3338 4399 periectio

1748 4392 1998 4450 videlicet
2032 4396 2113 4451 eis
2138 4397 2192 4452 in
2222 4404 2485 4472 requiem,
2524 4409 2721 4479 quibus
2752 4429 2897 4471 nunc
2931 4392 3194 4487 perfectio
3221 4424 3337 4483 fue-

1747 4483 1817 4537 rit
1854 4484 1909 4539 in
1951 4490 2284 4557 operatione.
2346 4494 2755 4558 Reminiscatur
2802 4483 2949 4580 ergo
2986 4514 3336 4580 perfectionis

2070 4585 2291 4642 reducat
2335 4590 2403 4646 ad
2456 4586 2777 4651 memoriam
2827 4610 3030 4669 quanta
3070 4608 3337 4676 praedica-

1748 4672 1910 4729 tionis
1959 4690 2069 4731 suae
2107 4678 2347 4737 collectis
2393 4686 2678 4743 animabus
2720 4696 3035 4762 reportabat
3070 4672 3236 4763 lucra,
3277 4711 3336 4758 et

1745 4776 2028 4838 angustata
2054 4770 2488 4833 tribulationibus
2514 4778 2656 4834 dicat
2684 4797 2697 4834 :
2726 4780 2858 4848 Quis
2886 4786 3018 4841 mihi
3047 4790 3241 4844 tribuat
3272 4800 3332 4845 ut

1741 4856 1841 4910 sim
1858 4858 2016 4927 juxta
2040 4876 2240 4917 menses
2267 4866 2515 4935 pristinos
2539 4871 2563 4922 ?
2588 4869 2885 4940 Sequitur:

1816 4945 1979 5003 Vnus.
2009 4950 2063 5004 3.
2108 4950 2413 5008 Secundum
2446 4960 2557 5013 dies
2595 4961 2782 5030 quibus
2827 4964 2972 5022 Dens
3009 4967 3332 5023 custodiebat

1740 5054 1862 5102 me,
1914 5042 2128 5112 quando
2177 5044 2482 5116 splendebat
2529 5050 2742 5107 lucerna
2798 5055 2915 5124 ejus
2976 5075 3130 5129 super
3175 5069 3332 5128 caput

1740 5143 1935 5196 meum,
1978 5144 2025 5185 et
2064 5132 2135 5185 ad
2161 5132 2336 5188 lumen
2377 5136 2497 5207 ejus
2546 5141 2885 5200 ambulabam
2910 5149 2967 5202 in
2991 5148 3233 5202 tenebris.
3261 5177 3333 5188 -

1740 5219 1891 5278 Tunc
1931 5226 2129 5296 quippe
2157 5227 2307 5283 videt
2330 5245 2395 5283 ex
2419 5248 2481 5289 se
2517 5239 2899 5306 persecutione
2931 5250 3153 5313 cogente
3177 5238 3331 5293 inﬁr-

1736 5326 1948 5370 morum
1996 5318 2257 5374 tumultus
2300 5323 2517 5392 cadere,
2563 5342 2700 5398 quos
2738 5331 2884 5386 nunc
2911 5341 3162 5388 utmater
3189 5330 3333 5385 intra
