3948 5398
553 303 665 361 535

1519 281 1578 337 S.
1615 273 1866 337 ODONIS
1897 267 2191 328 ABBATIS
2226 259 2728 322 CLUNIACENSIS
2775 257 2819 315 ιι
3671 258 3743 313 πί,

552 411 841 472 Psalmista
864 404 974 461 alt:
1008 421 1028 458 ι
1054 400 1297 458 Lucerna
1319 396 1545 469 pedibus
1570 390 1944 449 meis‘verbum
1969 394 2142 450 tuum,
2183 388 2221 448 4
2249 388 2354 435 tur.
2379 377 2478 446 Qui
2516 375 2761 448 profecto
2792 382 2918 429 tunc
2947 369 3015 427 ad
3045 367 3356 440 obsequium
3383 368 3526 440 pueri
3557 369 3745 434 deerant.

554 505 783 563 Domine
825 498 1206 572 (Psal.cxvm,
1236 491 1382 563 l05).
1413 511 1431 544 ι
1468 488 1605 557 Quia
1634 493 1818 540 autem
1847 475 2145 551 principale

555 606 801 654 nostrum
830 633 846 659 ,
895 588 1253 663 appellatione
1310 581 1505 653 capitis
1552 592 1708 634 mens
1753 580 1999 634 vocatur,
2049 581 2146 638 per

554 687 897 747 Psalmistam
955 664 1192 736 dicitu'r:
1229 695 1249 728 ι
1291 669 1645 744 lmpiuguasti
1702 668 1758 723 in
1814 665 1936 720 oleo
1985 667 2148 729 caput

556 794 738 836 meum
783 774 957 848 (Psal.
999 787 1135 836 χχιι,
1164 769 1241 841 5).
1272 786 1291 820 ι
1333 768 1411 822 Ae
1441 765 1487 820 si
1541 769 1726 834 aperte
1753 759 1933 815 dicat:
1963 753 2149 810 Chario

535 863 685 926 'tatis
710 866 1036 941 pinguedine
1071 861 1291 933 replesti
1335 866 1574 914 mentem
1608 867 1806 909 meam.
1838 848 1990 904 Nunc
2017 859 2149 916 ergo

555 962 781 1017 lucerna
811 972 976 1028 super
1004 961 1167 1025 caput
1204 949 1460 1006 Ecclesiae
1503 944 1773 1016 splendet,
1813 938 1940 1008 quia
1988 950 2149 990 sacra

556 1054 769 1124 eloquia
805 1027 1056 1106 tenebras
1091 1044 1288 1101 mentis
1316 1048 1516 1096 nostra:
1556 1034 1838 1096 irradiant,
1875 1028 2014 1084 utin
2047 1027 2151 1081 hoc

557 1143 856 1214 caliginoso
885 1139 1008 1193 vita:
1027 1133 1307 1207 praesentis
1337 1131 1456 1186 loco
1486 1127 1611 1182 dum
1635 1124 1920 1178 verborum
1945 1117 2038 1171 Dei
2064 1115 2149 1168 lu-

559 1253 679 1293 cem
729 1231 1078 1306 percipimus,
1118 1242 1238 1297 qu:e
1274 1225 1384 1280 sint
1412 1220 1618 1292 agenda
1649 1215 1952 1270 videamus.
1995 1206 2150 1262 Nunc

559 1327 632 1383 ad
656 1325 836 1380 lumen
874 1322 929 1376 in
958 1317 1194 1375 tenebris
1216 1312 1479 1375 ambulat,
1508 1307 1768 1379 quoniam
1809 1309 1996 1358 sancta
2025 1295 2150 1352 uni-

559 1405 789 1472 versalis
811 1409 1072 1473 Ecclesia,
1121 1405 1224 1462 etsi
1269 1404 1474 1460 alienas
1519 1395 1762 1454 occultas
1791 1389 2151 1462 cogitationes

560 1523 671 1564 non
709 1510 978 1578 penetrat,
1016 1499 1140 1570 quia
1184 1494 1340 1566 quasi
1387 1492 1581 1546 faciem
1633 1501 1741 1541 non
1787 1479 2069 1553 cognoscit
2095 1477 2151 1531 in

560 1609 742 1662 nocte,
755 1596 906 1668 ponit
922 1603 1100 1648 tamen
1123 1602 1341 1660 gressus
1359 1583 1486 1640 boni
1507 1578 1709 1650 operis,
1727 1574 1936 1630 directa
1950 1568 2155 1624 lumine

563 1702 812 1760 supernae
842 1681 1150 1740 locutionis.
1186 1677 1485 1747 Sequitur:

633 1749 886 1833 hit-2115.4.
919 1772 1070 1827 Sicut
1112 1767 1210 1837 ﬁlii
1263 1767 1320 1819 in
1367 1760 1550 1815 diebus
1595 1749 1959 1811 adolescentia:
2005 1760 2154 1810 meae,

561 1869 774 1942 quando
818 1873 1016 1921 secreto
1074 1860 1218 1914 Deus
1263 1864 1375 1910 erat
1423 1853 1478 1906 in
1522 1842 1859 1903 tabernaculo
1907 1855 2042 1894 ineo.
2085 1865 2158 1876 —

566 1965 724 2020 Sicut
768 1956 1196 2027 uniuscujusque
1244 1945 1500 2009 hominis,
1541 1942 1621 1996 sic
1649 1946 1851 1994 sancta:
1896 1928 2157 1988 Ecclesia:

566 2068 702 2114 aetas
756 2049 1103 2108 describitur.
1151 2040 1383 2098 Parvula
1427 2045 1556 2090 tunc
1597 2031 1795 2102 quippe
1842 2032 1984 2089 erat,
2034 2035 2158 2077 cum

574 2143 862 2200 nativitate
907 2150 1097 2194 recens
1140 2131 1365 2187 verbum
1397 2125 1520 2180 vitae
1549 2119 1846 2191 praedicare
1871 2129 1978 2169 non
2010 2119 2160 2182 pote-

571 2243 677 2292 rat.
701 2232 839 2288 Hine
857 2228 1003 2286 enim
1025 2226 1091 2281 de
1118 2223 1203 2278 illa
1229 2219 1459 2276 dicitur:
1483 2233 1500 2265 ι
1526 2213 1695 2269 Soror
1727 2215 1915 2264 nostra
1937 2200 2159 2274 parvula

570 2333 674 2390 est,
705 2330 762 2378 et
786 2321 952 2375 ubera
983 2331 1093 2372 non
1117 2312 1280 2368 habet
1302 2306 1477 2390 (Cant.
1505 2317 1623 2366 vttt,
1648 2299 1724 2370 8).
1762 2316 1778 2349 ι
1807 2293 2000 2350 Adulta
2033 2305 2160 2346 vero

575 2413 819 2471 Ecclesia
848 2405 1294 2476 dicitur—quando
1313 2376 1416 2452 Dei
1444 2376 1619 2449 'verbo
1650 2387 1921 2458 copulata,
1972 2389 2161 2438 sancto

575 2507 781 2579 repleta
798 2500 1004 2573 Spiritu
1027 2471 1122 2570 per
1138 2486 1539 2566 praedicationis
1567 2479 1909 2554 mysterium,
1945 2475 1997 2528 in
2030 2471 2164 2526 lilio-

564 2563 699 2655 .ruht
731 2563 1089 2664 conceptione
1122 2563 1325 2642 fetatur
1367 2594 1505 2652 quos
1541 2569 1882 2631 exhortando
1909 2563 2162 2637 parturit,

572 2653 943 2748 convertenda
967 2681 1132 2751 parit.
1165 2677 1243 2730 De
1275 2673 1390 2739 ejus
1420 2671 1523 2724 hac
1550 2674 1711 2722 aetate
1754 2658 1983 2717 Domino
2027 2653 2164 2709 dici-

580 2744 710 2836 tur:
758 2795 782 2829 ι
806 2744 1234 2830 Adolescettlulae
1281 2764 1592 2818 dilexerunt
1629 2764 1683 2809 te
1724 2751 1904 2823 (Cant.
1951 2763 1990 2812 ι,
2029 2744 2106 2816 '5).
2141 2760 2159 2794 ι

577 2871 737 2927 Tunc
781 2881 913 2938 ergo
935 2879 1059 2921 cum
1090 2863 1141 2916 in
1171 2859 1361 2914 diebus
1399 2853 1506 2908 illis
1540 2846 1811 2909 Ecclesia,
1843 2840 1999 2912 quasi
2033 2851 2166 2908 quo-

575 2965 700 3020 dam
735 2931 886 3016 seuio
922 2955 1225 3017 debilitata,
1268 2963 1365 3019 per
1410 2939 1852 3016 praedicationem
1898 2931 2038 2987 lilios
2072 2942 2169 2998 pa-

575 3068 698 3110 rere
730 3065 838 3106 non
878 3047 1040 3112 valet,
1094 3039 1463 3097 reminiscitur
1512 3027 1856 3087 fecunditatis
1909 3023 2164 3090 antiqum.

2246 474 2461 545 quando
2519 469 2670 542 pravi
2723 467 2814 539 qui
2867 466 3066 536 reperti
3126 462 3327 521 fuerint
3384 461 3622 532 spiritalia
3665 465 3748 533 ejus

2246 564 2502 621 mandata
2538 564 2911 623 contemnunt.
2948 554 3203 625 Sequitur
3237 572 3250 607 :

2318 655 2484 711 Vens.
2511 653 2565 707 6.
2601 651 2826 718 Quando
2866 648 3106 702 lavabam
3141 645 3294 715 pedes
3335 659 3473 698 meos
3510 642 3750 713 butyro.—

2249 747 2386 815 Quia
2412 745 2682 802 Christum
2717 751 2773 796 et
2815 737 2936 811 ejus
2966 736 3262 792 Ecclesiam
3294 749 3452 789 unam
3485 748 3590 788 esse
3614 749 3751 802 pereo.

2247 853 2373 894 nam
2395 836 2586 892 crebro
2607 832 2718 903 jam
2747 830 3012 895 diximus;
3053 827 3202 882 illum
3234 825 3481 880 videlicet
3512 822 3646 892 hujus
3667 839 3752 879 cor-

2247 929 2396 1000 poris
2421 935 2600 997 caput,
2639 926 2778 978 hanc
2806 931 2987 977 autem
3021 919 3164 974 illius
3188 917 3377 988 capitis
3404 930 3605 985 corpus.
3629 914 3754 969 Aliter

2251 1021 2368 1074 haec
2396 1019 2557 1072 verba
2583 1014 2738 1085 juxta
2779 1026 2966 1066 vocem
3011 1008 3204 1078 capitis
3248 1006 3438 1077 accipi,
3478 1014 3622 1073 atque
3647 1004 3756 1059 aliter

2243 1107 2397 1178 juxta
2438 1121 2628 1162 vocem
2658 1104 2900 1174 corporis
2930 1102 3149 1158 debent.
3187 1099 3332 1166 Quos
3359 1111 3483 1165 ergo
3515 1097 3653 1166 pedes
3688 1096 3758 1149 Do-

2251 1201 2405 1266 mini,
2445 1198 2551 1254 nisi
2582 1204 2802 1253 sanctos
2828 1194 3210 1265 praedicatores
3236 1188 3558 1259 accipimus?
3593 1185 3654 1241 De
3680 1187 3758 1254 qui-

2251 1292 2353 1348 bus
2377 1290 2508 1344 dicit
2531 1306 2544 1342 :
2566 1306 2582 1338 ι
2620 1288 2682 1342 Et
2716 1283 3056 1359 iuamhttlabo
3088 1282 3140 1336 itt
3169 1281 3249 1336 eis
3279 1278 3366 1350 (ΙΙ
3397 1277 3517 1332 Cor.
3544 1293 3611 1338 γι,
3645 1277 3754 1344 16).»

2251 1379 2456 1452 Bulyro
2511 1379 2675 1449 igitur
2727 1376 2891 1446 pedes
2939 1373 3208 1437 lavantur,
3273 1369 3400 1439 quia
3456 1367 3760 1436 praedicatores

2254 1468 2426 1525 sancti
2459 1468 2726 1523 bonorum
2773 1479 2996 1534 operum
3048 1459 3375 1532 pinguedine
3425 1457 3683 1527 replentur.
3718 1454 3760 1511 Ut

2254 1561 2424 1625 enim,
2469 1566 2531 1613 ut
2554 1571 2717 1628 supra
2761 1553 2876 1624 jam
2923 1552 3180 1618 diximus,
3223 1550 3314 1604 vix
3367 1548 3479 1618 ipsa
3523 1545 3760 1616 praedicatio

2255 1651 2376 1706 sine
2410 1647 2590 1718 aliquo
2631 1645 2894 1700 transitur
2942 1642 3200 1698 admisso.
3255 1639 3396 1694 Hinc
3444 1637 3598 1693 Jacob
3639 1635 3758 1690 dicit:

2187 1746 2233 1807 Β
2268 1758 2286 1792 ι
2323 1739 2381 1793 ιιι
2428 1736 2612 1792 multis
2671 1733 2993 1789 offendimus
3037 1744 3225 1786 omnes
3277 1727 3422 1800 (Jac.
3453 1742 3531 1791 ιιι,
3559 1725 3624 1795 2).
3654 1742 3669 1776 ι
3696 1723 3759 1777 Pe-

2258 1836 2356 1892 des
2399 1847 2528 1904 ergo
2581 1831 2831 1885 lavantur
2886 1827 3115 1896 butyro,
3165 1821 3292 1891 quia
3347 1816 3645 1889 pinguedine
3681 1815 3761 1868 iiOlli

2261 1881 2354 1892 -ιυ
2403 1881 2522 1904 ν-υν
2905 1881 2908 1882 ν
2983 1881 3004 1896 .
3101 1881 3112 1890 ,
3183 1881 3201 1891 -
3347 1881 3364 1889 -
3443 1881 3469 1888 ,

2257 1929 2438 2001 operis
2487 1923 2808 1987 infunditur,
2857 1926 3020 1988 atque
3057 1915 3351 1970 mundatur
3380 1911 3618 1967 collectus
3646 1905 3763 1978 pultis

2258 1996 2326 2075 de
2353 2015 2526 2090 gloria
2555 2007 2974 2086 praedicationis.
3007 2003 3099 2062 Vel
3139 2013 3286 2058 certe
3322 2003 3515 2072 butyro
3550 1998 3682 2068 pedes
3713 1996 3763 2048 la-

2259 2085 2480 2174 vantur,
2520 2085 2650 2160 dum
2698 2100 2900 2158 sanctis
2945 2091 3395 2169 przedicatoribus
3429 2089 3594 2145 debita
3626 2085 3679 2139 ab
3701 2098 3763 2136 au-

2260 2198 2532 2258 dieutibus
2563 2193 2830 2266 stipendia
2860 2189 3232 2250 conferuntur,
3274 2194 3332 2239 et
3381 2195 3515 2253 quos
3543 2175 3764 2248 latigatin-

2255 2291 2478 2362 junctus
2532 2263 2930 2358 praedicationis
2975 2279 3148 2344 labor,
3202 2273 3448 2330 exhibita
3490 2285 3518 2324 a
3561 2263 3767 2336 discipulis

2261 2356 2549 2454 pinguedo
2574 2376 2700 2432 boni
2747 2373 2929 2443 operis
2976 2369 3139 2426 fovet.
3170 2365 3288 2421 Non
3324 2363 3470 2435 quod
3501 2361 3608 2416 ideo
3632 2356 3766 2429 pradi-

2265 2485 2388 2532 cent
2422 2481 2482 2528 ut
2517 2470 2755 2534 alantur,
2806 2465 2901 2522 sed
2939 2463 3061 2519 ideo
3089 2460 3304 2514 alantur
3337 2467 3398 2512 ut
3430 2453 3705 2526 prmdicent,
3735 2446 3768 2500 id

2264 2577 2369 2635 est,
2408 2577 2467 2621 ιιι
2501 2563 2796 2636 praedicare
2839 2557 3156 2614 subsistant.
3195 2551 3252 2608 Si
3287 2557 3474 2606 autem
3513 2545 3682 2602 sentire
3703 2541 3767 2594 ista

2266 2674 2334 2716 ex
2373 2671 2502 2712 voce
2545 2655 2712 2710 solius
2757 2648 2998 2721 corporis
3044 2644 3324 2709 debemus,
3380 2640 3620 2695 nimirum
3661 2631 3770 2704 pedes

2269 2748 2522 2806 Ecclesiae
2549 2753 2673 2801 sunt
2695 2741 3012 2797 inferiorum
3039 2726 3273 2806 operum
3303 2732 3556 2795 ministri,
3584 2726 3660 2798 qui
3688 2724 3770 2776 dum

2270 2843 2336 2898 ad
2364 2855 2494 2896 usus
2524 2834 2862 2893 necessarios
2899 2846 2963 2886 ea
3010 2844 3129 2899 qua:
3157 2834 3282 2882 sunt
3307 2825 3547 2881 exterius
3571 2821 3769 2873 exercent.

2269 2951 2368 3006 per
2392 2943 2694 2988 extremum
2730 2923 3088 2982 ministerium
3124 2920 3271 2975 velut
3296 2919 3464 2989 pedes
3498 2924 3639 2970 terra:
3661 2909 3771 2964 inhe-

2274 3035 2412 3080 rent.
2449 3021 2554 3078 Sed
2585 3020 2781 3075 debent
2807 3017 2862 3071 hi
2891 3015 2981 3086 qui
3013 3020 3273 3083 praesunt,
3313 3010 3408 3078 qui
3447 3006 3675 3062 doctrina:
3704 3009 3775 3053 ειη·
3846 3006 3847 3066 i

577 3145 716 3215 Quid
740 3145 848 3199 hoc
866 3141 986 3196 loco
1009 3131 1442 3194 tabernaculum,
1471 3141 1577 3180 non
1602 3118 1991 3177 habitationem
2023 3127 2169 3166 men-
2198 3113 2242 3175 (ζ
2277 3117 2368 3170 dio
2402 3111 2705 3183 invigilant,
2752 3106 2938 3164 501cm
2973 3119 3104 3159 cum
3139 3110 3526 3170 occupatorum
3567 3093 3698 3152 corda
3724 3101 3776 3142 τε.
3846 3101 3847 3104 η

2350 3211 2360 3215 “
2595 3206 2606 3215 ·
2893 3214 2896 3215 ν
2951 3214 2986 3215 π
3137 3194 3232 3215 ε--ε
3275 3208 3331 3215 --Α
3348 3191 3513 3215 κιρ-..ιρι
3537 3184 3762 3215 “uenam:

578 3201 653 3294 liis
674 3231 1002 3305 accipimus?
1049 3227 1176 3298 quia
1208 3239 1306 3296 per
1332 3234 1493 3276 omne
1533 3215 1677 3286 quod
1723 3207 2011 3282 cogitando
2056 3201 2168 3273 agi-

572 3343 724 3392 nus,
771 3326 827 3382 in
871 3321 1099 3379 consilio
1136 3314 1306 3372 nostri
1337 3311 1518 3368 cordis
1550 3307 1881 3362 habitamus.
1913 3296 2170 3366 Quisquis

583 3431 765 3477 autem
793 3416 1041 3472 mandata
1068 3412 1166 3466 Dei
1196 3408 1393 3463 tacitus
1421 3401 1654 3473 cogitat,
1683 3403 1895 3452 secreto
1926 3392 2066 3445 Deus
2097 3386 2170 3440 illi

584 3515 642 3572 in
687 3507 1034 3568 tabernaculo
1077 3514 1180 3561 est.
1231 3497 1633 3556 llabitationem
1659 3489 1860 3544 etenim
1885 3483 2068 3540 cordis
2087 3480 2171 3536 sui

585 3615 715 3662 ante
746 3604 843 3659 Dei
884 3614 1004 3657 esse
1035 3596 1222 3654 oculos
1256 3593 1469 3647 viderat
1496 3587 1590 3658 qui
1617 3583 1833 3640 dicebat
1859 3596 1874 3633 ε
1909 3596 1927 3630 ι
1956 3576 2023 3631 Ει
2055 3588 2170 3628 me-

586 3696 780 3755 ditatio
823 3692 1004 3748 cordis
1053 3688 1157 3743 mei
1213 3685 1268 3739 in
1314 3687 1606 3749 conspectu
1633 3683 1724 3730 tuo
1751 3683 1966 3740 semper
1997 3663 2171 3737 (Psal.

588 3805 745 3854 xvrtt,
777 3785 888 3848 15).
915 3804 934 3836 ι
980 3782 1180 3836 Sancta
1218 3778 1398 3845 itaque
1445 3767 1688 3825 Ecclesia
1721 3765 1775 3818 in
1807 3759 2018 3832 magnis
2048 3767 2176 3811 tunc

589 3873 1029 3940 tribulationibus
1075 3865 1434 3937 deprehensa,
1464 3874 1586 3913 cum
1620 3855 1818 3910 multos
1843 3867 1873 3904 a
1898 3849 2009 3903 Deo
2043 3860 2173 3900 con-

589 3974 750 4044 spicit
791 3981 964 4040 prava
1004 3959 1335 4032 cogitatione
1375 3951 1690 4012 discedere,
1732 3945 1884 3998 videt
1933 3938 2176 4009 profecto

594 4065 790 4122 mentis
823 4072 1012 4117 eorum
1043 4049 1410 4110 habitaculum
1444 4041 1754 4100 discedente
1795 4036 1906 4090 Deo
1949 4044 2175 4086 vacuum

592 4168 897 4218 remanere,
938 4160 993 4204 et
1031 4147 1154 4218 jure
1183 4142 1493 4213 deplorans,
1523 4133 1698 4188 dicit:
1733 4127 1944 4194 Quanto
1981 4131 2176 4177 secreto

593 4251 738 4308 Deus
768 4254 878 4301 erat
905 4245 958 4298 in
985 4234 1322 4295 tabernaculo
1342 4247 1476 4286 meo.
1501 4226 1710 4294 Quibus
1732 4220 1913 4277 verbis
1940 4232 2046 4272 non
2079 4216 2179 4270 im-

596 4340 795 4399 merito
845 4335 1013 4391 etiam
1065 4324 1336 4384 simulatio
1387 4317 1663 4390 religionis
1712 4311 2009 4385 plangitur,
2051 4306 2179 4379 quia

599 4428 840 4489 nonnulli
881 4425 1049 4480 etiam
1093 4432 1235 4473 nunc
1273 4410 1569 4471 Christiani
1605 4423 1725 4463 esse
1755 4421 1861 4460 non
1891 4406 2176 4473 appetunt,

2273 3211 2512 3280 quirere,
2559 3206 2748 3272 eisque
2785 3214 2907 3256 eam
2936 3213 3101 3268 quam
3137 3194 3236 3266 ipsi
3275 3191 3517 3248 vacando
3537 3184 3776 3260 percipiunt.
3846 3215 3847 3266 ξ

2280 3251 2512 3280 ιι....ν.ν,
2563 3251 2746 3272 -.-Ἰν
2792 3251 2905 3256 ---ρ
2945 3251 2971 3268 τ
3156 3251 3174 3266 ,
3537 3251 3554 3260 ,
3664 3251 3674 3252 ,

2280 3303 2474 3358 crebro
2532 3295 2916 3353 admonitionis
2969 3304 3102 3347 voce
3155 3286 3483 3344 inlusionem
3525 3271 3779 3352 pinguediuis
3846 3251 3847 3290 ἦ

2275 3393 2607 3448 ministrare.
2657 3387 2724 3441 Et
2776 3384 2940 3456 pedes
2992 3382 3187 3452 butyro
3235 3378 3445 3442 lavant,
3493 3373 3610 3443 quia
3652 3374 3779 3422 eorum

2273 3483 2585 3539 vulneribus
2619 3477 2952 3550 pmnitentim
2977 3478 3250 3543 unguenta
3287 3467 3691 3525 subministrant.
3711 3455 3780 3509 lic-

2275 3575 2594 3630 miniscatur
2634 3570 2799 3642 igitur
2830 3566 3072 3623 Ecclesia
3102 3573 3230 3618 tunc
3252 3563 3597 3617 vehementer
3631 3550 3780 3609 adlidi,

2276 3667 2545 3738 quomodo
2571 3666 2723 3736 pacis
2749 3677 2860 3718 sure
2887 3671 3128 3731 tempore
3159 3674 3256 3728 per
3277 3651 3604 3712 exorationis
3627 3644 3782 3702 verbum

2277 3758 2520 3813 membra
2552 3755 2606 3808 in
2648 3767 2705 3808 se
2733 3754 2897 3806 etiam
2943 3758 3186 3804 extrema
3232 3744 3548 3807 mundabat,
3591 3735 3781 3794 ctdical:

2280 3848 2506 3914 Quando
2535 3843 2773 3898 lavabam
2801 3843 2954 3911 pedes
2985 3855 3124 3892 meos
3165 3839 3372 3907 butyro.
3417 3831 3566 3901 Quod
3601 3829 3655 3883 de
3683 3825 3784 3878 beato

2278 3938 2378 3994 Job
2428 3932 2820 3990 admirabiliter
2845 3931 2973 3985 libet
3004 3927 3223 3991 intueri,
3253 3925 3344 3995 qui
3377 3924 3517 3978 inter
3543 3930 3613 3975 tot
3635 3912 3786 3971 affectus

2281 4030 2586 4100 pignorum,
2635 4023 2778 4076 inter
2825 4029 2904 4075 tot
2929 4019 3107 4074 studia
3149 4015 3558 4076 sacrificiorum,
3607 3999 3787 4072 subjectis

2282 4121 2395 4178 suis
2426 4115 2722 4189 quamlibet
2747 4113 3009 4170 extremis
3034 4112 3170 4166 bona
3200 4099 3479 4180 sequentis
3507 4109 3619 4160 vita.
3658 4093 3788 4170 pradi-

2283 4213 2462 4277 cabat,
2498 4218 2558 4264 ut
2581 4221 2676 4263 eos
2703 4205 2769 4262 de
2789 4204 3096 4261 caelestibus
3120 4201 3386 4257 imbueret
3423 4199 3513 4271 qui
3543 4195 3632 4251 sibi
3653 4189 3704 4245 ad
3723 4196 3788 4240 ler-

2285 4318 2416 4358 rena
2442 4315 2608 4370 opera
2631 4295 2985 4353 deservirent.
3011 4293 3266 4363 Sequitur
3290 4310 3303 4347 :
3329 4290 3400 4345 Et
3433 4301 3574 4362 petra
3595 4283 3698 4338 mihi
3713 4279 3790 4347 {uno

2288 4392 2440 4446 debat
2473 4389 2608 4444 rivos
2642 4386 2763 4441 olei.
2802 4416 2873 4425 —
2906 4383 3040 4452 Quia
3073 4392 3240 4454 petrae
3263 4383 3482 4437 nomine
3511 4376 3718 4434 Christus
3735 4379 3789 4419 ac-

600 4460 840 4489 υυΙΙΙΙυιΙΙ
881 4460 1049 4480 υιιιιηι
1093 4460 1235 4473 ..υ-ιν
1278 4460 1569 4471 ν-μ---σ--ν---
1613 4460 1718 4463 -_-_

600 4527 696 4584 sed
722 4520 914 4578 videri.
944 4516 1040 4572 llis
1066 4510 1318 4568 videlicet
1351 4508 1492 4562 Deus
1527 4502 1580 4556 in
1611 4499 1825 4572 publico
1851 4505 1958 4560 est,
1996 4508 2103 4548 non
2131 4492 2185 4546 in
2211 4473 2260 4533 1)
2288 4483 2506 4553 cipitur,
2533 4477 2857 4550 praedicator
2881 4472 3128 4546 egregius
3155 4470 3355 4527 fatetur
3382 4470 3600 4524 dicens:
3634 4481 3650 4512 ι
3681 4460 3786 4514 Petra

2365 4582 2373 4584 Α
2603 4578 2614 4584 -
2659 4567 2784 4584 nl..-
2822 4575 2905 4584 .---
2962 4563 3011 4584 ll
3042 4563 3146 4584 ﬂ-..
3197 4578 3227 4584 _
3298 4560 3344 4584 ιι
3404 4579 3418 4584 -
3458 4558 3581 4584 Ληιη
3616 4547 3786 4584 νῖΑηΙίιφΙ

603 4625 835 4678 secreto.
874 4611 982 4666 Sed
1020 4613 1210 4663 sancta
1253 4597 1497 4658 Ecclesia
1546 4595 1714 4650 Deum
1750 4592 1806 4647 in
1839 4596 2051 4644 secreto
2092 4585 2188 4638 ha-

2054 4689 2190 4744 quos
2288 4671 2443 4731 petra
2489 4673 2633 4712 nunc
2682 4657 2968 4711 adversum
3025 4660 3228 4707 sancta:
3275 4647 3526 4704 Ecclesia:
3567 4641 3656 4698 olei
3698 4636 3790 4690 rivos

605 4715 734 4770 bere
764 4705 1057 4766 desiderat,
1087 4696 1212 4768 quia
1239 4691 1360 4748 illos
1385 4703 1512 4744 vere
1553 4684 1738 4740 fideles
1773 4678 2015 4748 respicit,

607 4804 675 4859 ad
698 4801 864 4855 vitam
889 4792 1015 4851 ﬁdei
1043 4787 1205 4848 corde
1226 4785 1385 4857 pleno
1411 4791 1732 4853 permanere
1761 4770 2060 4842 cognoscit.
2095 4767 2190 4820 Se-

608 4895 796 4967 quitur
817 4908 834 4946 :

687 4983 848 5040 Vens.
878 4979 935 5034 5.
971 4971 1196 5042 Quando
1253 4977 1365 5024 erat
1425 4961 1766 5030 Omnipotens
1813 4968 2037 5016 mecum,
2068 4948 2195 5004 etin

612 5075 836 5134 circuitu
874 5087 986 5126 meo
1032 5064 1181 5138 pueri
1223 5062 1345 5116 mei.
1377 5086 1449 5098 -—
1483 5052 1641 5109 Pueri
1671 5048 1876 5105 scilicet
1913 5051 2194 5106 vocantur,

1485 5144 1632 5166 --.ε....
1644 5150 1654 5166 ι
1692 5139 1844 5166 ΙῖηιΙη
1865 5151 1961 5166 nun
1975 5132 2200 5166 nonnlao-

2288 4547 2469 4627 autem
2502 4547 2622 4624 erat
2657 4567 2909 4622 Christus
2959 4563 3011 4636 (Ι
3040 4563 3164 4618 Cor.
3196 4578 3265 4628 Χ,
3289 4560 3366 4632 ά).
3403 4579 3423 4613 ι
3458 4558 3582 4626 Quae
3616 4547 3790 4606 videlicet

2293 4753 2488 4817 fundit,
2536 4750 2662 4820 quia
2701 4750 2754 4803 in
2804 4762 2870 4802 ea
2911 4746 3136 4815 loquens
3174 4742 3430 4798 Dominus
3462 4731 3789 4808 praedicantem:

2293 4841 2776 4899 unctionisintimze
2801 4846 3039 4893 emanat.
3067 4837 3142 4891 De
3161 4835 3264 4889 hac
3283 4841 3432 4904 petra
3452 4828 3552 4885 olei
3579 4811 3790 4879 rivusexiil

2298 4934 2434 4988 liber
2460 4929 2715 4993 Mattluei,
2738 4929 2875 4982 liber
2900 4926 3088 4990 Marci,
3118 4924 3254 4978 liber
3278 4924 3458 4987 Lucae,
3483 4904 3787 4972 liberloanuis.

2298 5025 2358 5080 ln
2383 5023 2612 5078 diversis
2642 5020 2824 5075 mundi
2857 5018 3014 5086 hujus
3043 5015 3286 5087 partibus
3310 5021 3438 5083 quot
3464 5004 3790 5081 praedicame

2303 5115 2492 5166 edidit.
2526 5122 2603 5166 tot
2645 5111 2804 5166 Petra
2832 5110 2949 5163 haec
2981 5124 3075 5166 per
3099 5121 3194 5161 ora
3235 5101 3587 5166 apostolorum
3625 5087 3790 5148 omnium
