  <div class='ocr_page' id='page_1' title='image "/cluster/home/n/w/nwhite01/storage/ocr_20150623/133/hvd.32044010035673/172.png"; bbox 0 0 3948 5398; ppageno 0'>
   <div class='ocr_carea' id='block_1_1' title="bbox 109 310 206 366">
    <p class='ocr_par' dir='ltr' id='par_1_1' title="bbox 109 310 206 366">
     <span class='ocr_line' id='line_1_1' title="bbox 109 310 206 366; baseline -0.031 0"><span class='ocrx_word' id='word_1_1' title='bbox 109 310 206 366; x_wconf 76' lang='lat'><strong>537</strong></span> 
     </span>
    </p>
   </div>
   <div class='ocr_carea' id='block_1_2' title="bbox 818 311 2601 397">
    <p class='ocr_par' dir='ltr' id='par_1_2' title="bbox 818 311 2601 397">
     <span class='ocr_line' id='line_1_2' title="bbox 818 311 2601 397; baseline 0.001 -25"><span class='ocrx_word' id='word_1_2' title='bbox 818 311 1120 374; x_wconf 74' lang='lat' dir='ltr'><strong>EPITOME</strong></span> <span class='ocrx_word' id='word_1_3' title='bbox 1155 312 1521 374; x_wconf 80' lang='lat' dir='ltr'><strong>MORALIUM</strong></span> <span class='ocrx_word' id='word_1_4' title='bbox 1559 313 1617 372; x_wconf 90' lang='lat' dir='ltr'><strong>S.</strong></span> <span class='ocrx_word' id='word_1_5' title='bbox 1658 312 1868 374; x_wconf 76' lang='lat' dir='ltr'><strong>GREG.</strong></span> <span class='ocrx_word' id='word_1_6' title='bbox 1909 315 1976 374; x_wconf 75' lang='lat' dir='ltr'><strong>IN</strong></span> <span class='ocrx_word' id='word_1_7' title='bbox 2010 315 2148 397; x_wconf 64' lang='grc' dir='ltr'><strong>που.</strong></span> <span class='ocrx_word' id='word_1_8' title='bbox 2187 348 2253 361; x_wconf 90' lang='grc'><strong>--</strong></span> <span class='ocrx_word' id='word_1_9' title='bbox 2291 315 2419 377; x_wconf 75' lang='lat' dir='ltr'><strong>LIB.</strong></span> <span class='ocrx_word' id='word_1_10' title='bbox 2458 316 2601 375; x_wconf 75' lang='lat' dir='ltr'><strong>XIX.</strong></span> 
     </span>
    </p>
   </div>
   <div class='ocr_carea' id='block_1_3' title="bbox 3262 318 3366 378">
    <p class='ocr_par' dir='ltr' id='par_1_3' title="bbox 3262 318 3366 378">
     <span class='ocr_line' id='line_1_3' title="bbox 3262 318 3366 378; baseline 0.038 -4"><span class='ocrx_word' id='word_1_11' title='bbox 3262 318 3366 378; x_wconf 67' lang='lat'><strong>338</strong></span> 
     </span>
    </p>
   </div>
   <div class='ocr_carea' id='block_1_4' title="bbox 105 424 3375 502">
    <p class='ocr_par' dir='ltr' id='par_1_4' title="bbox 105 424 3375 502">
     <span class='ocr_line' id='line_1_4' title="bbox 105 424 3375 502; baseline 0.003 -25"><span class='ocrx_word' id='word_1_12' title='bbox 105 424 217 488; x_wconf 83' lang='lat' dir='ltr'><strong>fuit,</strong></span> <span class='ocrx_word' id='word_1_13' title='bbox 244 433 302 479; x_wconf 91' lang='lat' dir='ltr'><strong>ut</strong></span> <span class='ocrx_word' id='word_1_14' title='bbox 328 426 573 481; x_wconf 84' lang='lat' dir='ltr'><strong>seniores</strong></span> <span class='ocrx_word' id='word_1_15' title='bbox 605 425 656 481; x_wconf 90' lang='lat' dir='ltr'><strong>in</strong></span> <span class='ocrx_word' id='word_1_16' title='bbox 682 433 835 497; x_wconf 91' lang='lat' dir='ltr'><strong>porta</strong></span> <span class='ocrx_word' id='word_1_17' title='bbox 864 429 1225 485; x_wconf 89' lang='lat' dir='ltr'><strong>consisterent</strong></span> <span class='ocrx_word' id='word_1_18' title='bbox 1244 471 1259 495; x_wconf 94' lang='lat'><strong>,</strong></span> <span class='ocrx_word' id='word_1_19' title='bbox 1286 438 1339 486; x_wconf 90' lang='lat' dir='ltr'><strong>et</strong></span> <span class='ocrx_word' id='word_1_20' title='bbox 1368 443 1561 486; x_wconf 84' lang='lat' dir='ltr'><strong>causas</strong></span> <span class='ocrx_word' id='word_1_21' title='bbox 1600 430 1682 485; x_wconf 91' lang='lat' dir='ltr'><strong>iu-</strong></span> <span class='ocrx_word' id='word_1_22' title='bbox 1712 434 1758 492; x_wconf 83' lang='grc' dir='ltr'><strong>Α</strong></span> <span class='ocrx_word' id='word_1_23' title='bbox 1790 428 2042 488; x_wconf 74' lang='lat' dir='ltr'><strong>Ecclesiae</strong></span> <span class='ocrx_word' id='word_1_24' title='bbox 2073 431 2386 496; x_wconf 87' lang='lat' dir='ltr'><strong>referamus,</strong></span> <span class='ocrx_word' id='word_1_25' title='bbox 2423 431 2509 486; x_wconf 91' lang='lat' dir='ltr'><strong>ille</strong></span> <span class='ocrx_word' id='word_1_26' title='bbox 2529 431 2644 500; x_wconf 87' lang='lat' dir='ltr'><strong>ejus</strong></span> <span class='ocrx_word' id='word_1_27' title='bbox 2673 429 2834 487; x_wconf 88' lang='lat' dir='ltr'><strong>verba</strong></span> <span class='ocrx_word' id='word_1_28' title='bbox 2865 429 3158 498; x_wconf 75' lang='lat' dir='ltr'><strong>beatiﬁcat,</strong></span> <span class='ocrx_word' id='word_1_29' title='bbox 3183 433 3274 502; x_wconf 91' lang='lat' dir='ltr'><strong>qui</strong></span> <span class='ocrx_word' id='word_1_30' title='bbox 3302 448 3375 489; x_wconf 84' lang='lat' dir='ltr'><strong>ea</strong></span> 
     </span>
    </p>
   </div>
   <div class='ocr_carea' id='block_1_5' title="bbox 107 517 3369 593">
    <p class='ocr_par' dir='ltr' id='par_1_5' title="bbox 107 517 3369 593">
     <span class='ocr_line' id='line_1_5' title="bbox 107 517 3369 593; baseline 0.002 -26"><span class='ocrx_word' id='word_1_31' title='bbox 107 517 422 572; x_wconf 89' lang='lat' dir='ltr'><strong>troeuntium</strong></span> <span class='ocrx_word' id='word_1_32' title='bbox 445 517 769 587; x_wconf 90' lang='lat' dir='ltr'><strong>judicarent.</strong></span> <span class='ocrx_word' id='word_1_33' title='bbox 811 518 964 586; x_wconf 85' lang='lat' dir='ltr'><strong>Quod</strong></span> <span class='ocrx_word' id='word_1_34' title='bbox 995 520 1211 575; x_wconf 88' lang='lat' dir='ltr'><strong>beatum</strong></span> <span class='ocrx_word' id='word_1_35' title='bbox 1255 519 1356 577; x_wconf 88' lang='lat' dir='ltr'><strong>Job</strong></span> <span class='ocrx_word' id='word_1_36' title='bbox 1381 523 1556 593; x_wconf 84' lang='lat' dir='ltr'><strong>egisse</strong></span> <span class='ocrx_word' id='word_1_37' title='bbox 1581 537 1681 592; x_wconf 91' lang='lat' dir='ltr'><strong>pro</strong></span> <span class='ocrx_word' id='word_1_38' title='bbox 1779 536 1901 590; x_wconf 68' lang='lat' dir='ltr'><strong>quae</strong></span> <span class='ocrx_word' id='word_1_39' title='bbox 1927 522 2179 587; x_wconf 87' lang='lat' dir='ltr'><strong>audierit,</strong></span> <span class='ocrx_word' id='word_1_40' title='bbox 2219 537 2384 591; x_wconf 85' lang='lat' dir='ltr'><strong>opere</strong></span> <span class='ocrx_word' id='word_1_41' title='bbox 2422 529 2785 577; x_wconf 90' lang='lat' dir='ltr'><strong>consummat.</strong></span> <span class='ocrx_word' id='word_1_42' title='bbox 2813 520 2905 576; x_wconf 90' lang='lat' dir='ltr'><strong>llle</strong></span> <span class='ocrx_word' id='word_1_43' title='bbox 2929 521 2977 577; x_wconf 91' lang='lat' dir='ltr'><strong>ei</strong></span> <span class='ocrx_word' id='word_1_44' title='bbox 3003 521 3369 576; x_wconf 87' lang='lat' dir='ltr'><strong>testimonium</strong></span> 
     </span>
    </p>
   </div>
   <div class='ocr_carea' id='block_1_6' title="bbox 106 606 1686 683">
    <p class='ocr_par' dir='ltr' id='par_1_6' title="bbox 106 606 1686 683">
     <span class='ocr_line' id='line_1_6' title="bbox 106 606 1686 683; baseline 0.004 -23"><span class='ocrx_word' id='word_1_45' title='bbox 106 606 244 660; x_wconf 91' lang='lat' dir='ltr'><strong>cultu</strong></span> <span class='ocrx_word' id='word_1_46' title='bbox 265 608 493 678; x_wconf 76' lang='lat' dir='ltr'><strong>justitia:</strong></span> <span class='ocrx_word' id='word_1_47' title='bbox 519 620 724 664; x_wconf 87' lang='lat' dir='ltr'><strong>certum</strong></span> <span class='ocrx_word' id='word_1_48' title='bbox 751 620 1015 667; x_wconf 89' lang='lat' dir='ltr'><strong>tenemus.</strong></span> <span class='ocrx_word' id='word_1_49' title='bbox 1042 611 1149 666; x_wconf 85' lang='lat' dir='ltr'><strong>Sed</strong></span> <span class='ocrx_word' id='word_1_50' title='bbox 1179 613 1306 681; x_wconf 90' lang='lat' dir='ltr'><strong>quid</strong></span> <span class='ocrx_word' id='word_1_51' title='bbox 1331 628 1427 683; x_wconf 89' lang='lat' dir='ltr'><strong>per</strong></span> <span class='ocrx_word' id='word_1_52' title='bbox 1452 612 1686 667; x_wconf 75' lang='lat' dir='ltr'><strong>civitatis</strong></span> 
     </span>
    </p>
   </div>
   <div class='ocr_carea' id='block_1_7' title="bbox 107 701 1686 772">
    <p class='ocr_par' dir='ltr' id='par_1_7' title="bbox 107 701 1686 772">
     <span class='ocr_line' id='line_1_7' title="bbox 107 701 1686 772; baseline 0.003 -21"><span class='ocrx_word' id='word_1_53' title='bbox 107 709 330 767; x_wconf 86' lang='lat' dir='ltr'><strong>portam,</strong></span> <span class='ocrx_word' id='word_1_54' title='bbox 381 701 485 754; x_wconf 88' lang='lat' dir='ltr'><strong>nisi</strong></span> <span class='ocrx_word' id='word_1_55' title='bbox 541 702 679 755; x_wconf 89' lang='lat' dir='ltr'><strong>bona</strong></span> <span class='ocrx_word' id='word_1_56' title='bbox 733 717 959 772; x_wconf 69' lang='lat' dir='ltr'><strong>qureque</strong></span> <span class='ocrx_word' id='word_1_57' title='bbox 1012 702 1153 756; x_wconf 90' lang='lat' dir='ltr'><strong>actio</strong></span> <span class='ocrx_word' id='word_1_58' title='bbox 1201 703 1536 772; x_wconf 81' lang='lat' dir='ltr'><strong>designatur,</strong></span> <span class='ocrx_word' id='word_1_59' title='bbox 1589 719 1686 772; x_wconf 90' lang='lat' dir='ltr'><strong>per</strong></span> 
     </span>
    </p>
   </div>
   <div class='ocr_carea' id='block_1_8' title="bbox 107 794 1688 866">
    <p class='ocr_par' dir='ltr' id='par_1_8' title="bbox 107 794 1688 866">
     <span class='ocr_line' id='line_1_8' title="bbox 107 794 1688 866; baseline 0.004 -23"><span class='ocrx_word' id='word_1_60' title='bbox 107 807 257 859; x_wconf 88' lang='lat' dir='ltr'><strong>quam</strong></span> <span class='ocrx_word' id='word_1_61' title='bbox 280 794 459 847; x_wconf 92' lang='lat' dir='ltr'><strong>anima</strong></span> <span class='ocrx_word' id='word_1_62' title='bbox 489 795 555 848; x_wconf 89' lang='lat' dir='ltr'><strong>ad</strong></span> <span class='ocrx_word' id='word_1_63' title='bbox 575 803 896 849; x_wconf 87' lang='lat' dir='ltr'><strong>conventum</strong></span> <span class='ocrx_word' id='word_1_64' title='bbox 922 795 1069 866; x_wconf 92' lang='lat' dir='ltr'><strong>regni</strong></span> <span class='ocrx_word' id='word_1_65' title='bbox 1095 795 1330 851; x_wconf 75' lang='lat' dir='ltr'><strong>ctelestis</strong></span> <span class='ocrx_word' id='word_1_66' title='bbox 1358 795 1688 865; x_wconf 77' lang='lat' dir='ltr'><strong>ingreditur?</strong></span> 
     </span>
    </p>
   </div>
   <div class='ocr_carea' id='block_1_9' title="bbox 108 881 1689 959">
    <p class='ocr_par' dir='ltr' id='par_1_9' title="bbox 108 881 1689 959">
     <span class='ocr_line' id='line_1_9' title="bbox 108 881 1689 959; baseline 0.005 -23"><span class='ocrx_word' id='word_1_67' title='bbox 108 881 253 938; x_wconf 85' lang='lat' dir='ltr'><strong>Unde</strong></span> <span class='ocrx_word' id='word_1_68' title='bbox 282 885 552 956; x_wconf 81' lang='lat' dir='ltr'><strong>Pmpheta</strong></span> <span class='ocrx_word' id='word_1_69' title='bbox 576 887 652 941; x_wconf 89' lang='lat' dir='ltr'><strong>ait</strong></span> <span class='ocrx_word' id='word_1_70' title='bbox 687 906 700 941; x_wconf 90' lang='lat'>:</span> <span class='ocrx_word' id='word_1_71' title='bbox 733 907 751 939; x_wconf 73' lang='grc' dir='ltr'><strong><em>ι</em></strong></span> <span class='ocrx_word' id='word_1_72' title='bbox 789 887 888 954; x_wconf 88' lang='lat' dir='ltr'><strong>Qui</strong></span> <span class='ocrx_word' id='word_1_73' title='bbox 913 890 1123 946; x_wconf 88' lang='lat' dir='ltr'><strong>exaltas</strong></span> <span class='ocrx_word' id='word_1_74' title='bbox 1147 905 1234 946; x_wconf 91' lang='lat' dir='ltr'><strong>me</strong></span> <span class='ocrx_word' id='word_1_75' title='bbox 1264 889 1328 944; x_wconf 87' lang='lat' dir='ltr'><strong>de</strong></span> <span class='ocrx_word' id='word_1_76' title='bbox 1348 891 1518 959; x_wconf 86' lang='lat' dir='ltr'><strong>portis</strong></span> <span class='ocrx_word' id='word_1_77' title='bbox 1543 905 1689 945; x_wconf 84' lang='lat' dir='ltr'><strong>mor-</strong></span> 
     </span>
    </p>
   </div>
   <div class='ocr_carea' id='block_1_10' title="bbox 107 973 1690 1050">
    <p class='ocr_par' dir='ltr' id='par_1_10' title="bbox 107 973 1690 1050">
     <span class='ocr_line' id='line_1_10' title="bbox 107 973 1690 1050; baseline 0.007 -25"><span class='ocrx_word' id='word_1_78' title='bbox 107 973 192 1037; x_wconf 88' lang='lat' dir='ltr'><strong>tis,</strong></span> <span class='ocrx_word' id='word_1_79' title='bbox 221 985 278 1028; x_wconf 91' lang='lat' dir='ltr'><strong>ut</strong></span> <span class='ocrx_word' id='word_1_80' title='bbox 300 978 617 1034; x_wconf 88' lang='lat' dir='ltr'><strong>aununtiem</strong></span> <span class='ocrx_word' id='word_1_81' title='bbox 660 993 850 1034; x_wconf 91' lang='lat' dir='ltr'><strong>omnes</strong></span> <span class='ocrx_word' id='word_1_82' title='bbox 900 979 1086 1034; x_wconf 90' lang='lat' dir='ltr'><strong>laudes</strong></span> <span class='ocrx_word' id='word_1_83' title='bbox 1132 977 1250 1036; x_wconf 84' lang='lat' dir='ltr'><strong>tuas</strong></span> <span class='ocrx_word' id='word_1_84' title='bbox 1285 981 1338 1037; x_wconf 92' lang='lat' dir='ltr'><strong>in</strong></span> <span class='ocrx_word' id='word_1_85' title='bbox 1369 981 1539 1050; x_wconf 91' lang='lat' dir='ltr'><strong>portis</strong></span> <span class='ocrx_word' id='word_1_86' title='bbox 1568 981 1690 1036; x_wconf 65' lang='lat' dir='ltr'><strong>filiae</strong></span> 
     </span>
    </p>
   </div>
   <div class='ocr_carea' id='block_1_11' title="bbox 110 1063 1689 1138">
    <p class='ocr_par' dir='ltr' id='par_1_11' title="bbox 110 1063 1689 1138">
     <span class='ocr_line' id='line_1_11' title="bbox 110 1063 1689 1138; baseline 0.006 -23"><span class='ocrx_word' id='word_1_87' title='bbox 110 1063 231 1117; x_wconf 84' lang='lat' dir='ltr'><strong>Sion</strong></span> <span class='ocrx_word' id='word_1_88' title='bbox 262 1063 438 1134; x_wconf 86' lang='lat' dir='ltr'><strong>(Psal.</strong></span> <span class='ocrx_word' id='word_1_89' title='bbox 463 1082 540 1131; x_wconf 66' lang='grc' dir='ltr'><strong>ιχ,</strong></span> <span class='ocrx_word' id='word_1_90' title='bbox 575 1067 682 1136; x_wconf 80' lang='grc'><strong>15).</strong></span> <span class='ocrx_word' id='word_1_91' title='bbox 727 1087 746 1122; x_wconf 73' lang='grc' dir='ltr'>ι</span> <span class='ocrx_word' id='word_1_92' title='bbox 773 1067 912 1136; x_wconf 83' lang='lat' dir='ltr'><strong>Quid</strong></span> <span class='ocrx_word' id='word_1_93' title='bbox 938 1084 1068 1124; x_wconf 89' lang='lat' dir='ltr'><strong>vero</strong></span> <span class='ocrx_word' id='word_1_94' title='bbox 1091 1085 1188 1138; x_wconf 91' lang='lat' dir='ltr'><strong>per</strong></span> <span class='ocrx_word' id='word_1_95' title='bbox 1213 1070 1549 1137; x_wconf 82' lang='lat' dir='ltr'><strong>cathedram,</strong></span> <span class='ocrx_word' id='word_1_96' title='bbox 1584 1070 1689 1126; x_wconf 87' lang='lat' dir='ltr'><strong>nisi</strong></span> 
     </span>
    </p>
   </div>
   <div class='ocr_carea' id='block_1_12' title="bbox 109 1157 1689 1230">
    <p class='ocr_par' dir='ltr' id='par_1_12' title="bbox 109 1157 1689 1230">
     <span class='ocr_line' id='line_1_12' title="bbox 109 1157 1689 1230; baseline 0.006 -21"><span class='ocrx_word' id='word_1_97' title='bbox 109 1157 397 1225; x_wconf 78' lang='lat' dir='ltr'><strong>magisterii</strong></span> <span class='ocrx_word' id='word_1_98' title='bbox 430 1160 726 1215; x_wconf 82' lang='lat' dir='ltr'><strong>auctoritas</strong></span> <span class='ocrx_word' id='word_1_99' title='bbox 757 1161 1106 1230; x_wconf 83' lang='lat' dir='ltr'><strong>designatur?</strong></span> <span class='ocrx_word' id='word_1_100' title='bbox 1130 1160 1319 1217; x_wconf 69' lang='lat' dir='ltr'><strong>Graeca</strong></span> <span class='ocrx_word' id='word_1_101' title='bbox 1344 1172 1528 1217; x_wconf 89' lang='lat' dir='ltr'><strong>autem</strong></span> <span class='ocrx_word' id='word_1_102' title='bbox 1556 1177 1689 1219; x_wconf 87' lang='lat' dir='ltr'><strong>voce</strong></span> 
     </span>
    </p>
   </div>
   <div class='ocr_carea' id='block_1_13' title="bbox 107 1247 1692 1324">
    <p class='ocr_par' dir='ltr' id='par_1_13' title="bbox 107 1247 1692 1324">
     <span class='ocr_line' id='line_1_13' title="bbox 107 1247 1692 1324; baseline 0.004 -24"><span class='ocrx_word' id='word_1_103' title='bbox 107 1247 277 1316; x_wconf 90' lang='lat' dir='ltr'><strong>platea</strong></span> <span class='ocrx_word' id='word_1_104' title='bbox 316 1264 414 1320; x_wconf 90' lang='lat' dir='ltr'><strong>pro</strong></span> <span class='ocrx_word' id='word_1_105' title='bbox 453 1249 734 1306; x_wconf 85' lang='lat' dir='ltr'><strong>latitudine</strong></span> <span class='ocrx_word' id='word_1_106' title='bbox 765 1252 981 1307; x_wconf 90' lang='lat' dir='ltr'><strong>dicitur.</strong></span> <span class='ocrx_word' id='word_1_107' title='bbox 1025 1251 1179 1307; x_wconf 86' lang='lat' dir='ltr'><strong>Nunc</strong></span> <span class='ocrx_word' id='word_1_108' title='bbox 1199 1266 1326 1324; x_wconf 87' lang='lat' dir='ltr'><strong>ergo</strong></span> <span class='ocrx_word' id='word_1_109' title='bbox 1357 1251 1595 1307; x_wconf 88' lang='lat' dir='ltr'><strong>Ecclesia</strong></span> <span class='ocrx_word' id='word_1_110' title='bbox 1624 1251 1692 1307; x_wconf 88' lang='lat' dir='ltr'><strong>ad</strong></span> 
     </span>
    </p>
   </div>
   <div class='ocr_carea' id='block_1_14' title="bbox 106 1338 1694 1411">
    <p class='ocr_par' dir='ltr' id='par_1_14' title="bbox 106 1338 1694 1411">
     <span class='ocr_line' id='line_1_14' title="bbox 106 1338 1694 1411; baseline 0.005 -21"><span class='ocrx_word' id='word_1_111' title='bbox 106 1338 334 1394; x_wconf 80' lang='lat' dir='ltr'><strong>civitatis</strong></span> <span class='ocrx_word' id='word_1_112' title='bbox 374 1348 587 1408; x_wconf 89' lang='lat' dir='ltr'><strong>portam</strong></span> <span class='ocrx_word' id='word_1_113' title='bbox 637 1341 901 1410; x_wconf 86' lang='lat' dir='ltr'><strong>procedit,</strong></span> <span class='ocrx_word' id='word_1_114' title='bbox 949 1342 1074 1411; x_wconf 89' lang='lat' dir='ltr'><strong>quia</strong></span> <span class='ocrx_word' id='word_1_115' title='bbox 1109 1351 1169 1396; x_wconf 93' lang='lat' dir='ltr'><strong>ut</strong></span> <span class='ocrx_word' id='word_1_116' title='bbox 1207 1342 1412 1397; x_wconf 87' lang='lat' dir='ltr'><strong>aditum</strong></span> <span class='ocrx_word' id='word_1_117' title='bbox 1453 1341 1694 1398; x_wconf 64' lang='lat' dir='ltr'><strong>caelestis</strong></span> 
     </span>
    </p>
   </div>
   <div class='ocr_carea' id='block_1_15' title="bbox 107 1430 1693 1504">
    <p class='ocr_par' dir='ltr' id='par_1_15' title="bbox 107 1430 1693 1504">
     <span class='ocr_line' id='line_1_15' title="bbox 107 1430 1693 1504; baseline 0.004 -20"><span class='ocrx_word' id='word_1_118' title='bbox 107 1430 255 1500; x_wconf 85' lang='lat' dir='ltr'><strong>regni</strong></span> <span class='ocrx_word' id='word_1_119' title='bbox 284 1433 569 1504; x_wconf 89' lang='lat' dir='ltr'><strong>percipiat,</strong></span> <span class='ocrx_word' id='word_1_120' title='bbox 597 1433 652 1488; x_wconf 90' lang='lat' dir='ltr'><strong>in</strong></span> <span class='ocrx_word' id='word_1_121' title='bbox 679 1434 879 1488; x_wconf 87' lang='lat' dir='ltr'><strong>sanctis</strong></span> <span class='ocrx_word' id='word_1_122' title='bbox 913 1433 1215 1490; x_wconf 91' lang='lat' dir='ltr'><strong>actionibus</strong></span> <span class='ocrx_word' id='word_1_123' title='bbox 1242 1443 1481 1490; x_wconf 81' lang='lat' dir='ltr'><strong>exercet.</strong></span> <span class='ocrx_word' id='word_1_124' title='bbox 1511 1433 1608 1491; x_wconf 90' lang='lat' dir='ltr'><strong>Cui</strong></span> <span class='ocrx_word' id='word_1_125' title='bbox 1640 1435 1693 1490; x_wconf 92' lang='lat' dir='ltr'><strong>in</strong></span> 
     </span>
    </p>
   </div>
   <div class='ocr_carea' id='block_1_16' title="bbox 105 1519 1697 1596">
    <p class='ocr_par' dir='ltr' id='par_1_16' title="bbox 105 1519 1697 1596">
     <span class='ocr_line' id='line_1_16' title="bbox 105 1519 1697 1596; baseline 0.004 -23"><span class='ocrx_word' id='word_1_126' title='bbox 105 1519 278 1588; x_wconf 85' lang='lat' dir='ltr'><strong>platea</strong></span> <span class='ocrx_word' id='word_1_127' title='bbox 309 1530 539 1592; x_wconf 87' lang='lat' dir='ltr'><strong>paratur</strong></span> <span class='ocrx_word' id='word_1_128' title='bbox 570 1523 824 1578; x_wconf 87' lang='lat' dir='ltr'><strong>cathedra</strong></span> <span class='ocrx_word' id='word_1_129' title='bbox 844 1565 858 1589; x_wconf 93' lang='lat'><strong>,</strong></span> <span class='ocrx_word' id='word_1_130' title='bbox 887 1525 1014 1593; x_wconf 88' lang='lat' dir='ltr'><strong>quia</strong></span> <span class='ocrx_word' id='word_1_131' title='bbox 1041 1524 1096 1580; x_wconf 88' lang='lat' dir='ltr'><strong>in</strong></span> <span class='ocrx_word' id='word_1_132' title='bbox 1131 1540 1340 1596; x_wconf 73' lang='lat' dir='ltr'><strong>magna:</strong></span> <span class='ocrx_word' id='word_1_133' title='bbox 1357 1525 1697 1580; x_wconf 85' lang='lat' dir='ltr'><strong>auctoritatis</strong></span> 
     </span>
    </p>
   </div>
   <div class='ocr_carea' id='block_1_17' title="bbox 107 1612 1694 1688">
    <p class='ocr_par' dir='ltr' id='par_1_17' title="bbox 107 1612 1694 1688">
     <span class='ocr_line' id='line_1_17' title="bbox 107 1612 1694 1688; baseline 0.003 -21"><span class='ocrx_word' id='word_1_134' title='bbox 107 1612 386 1671; x_wconf 86' lang='lat' dir='ltr'><strong>latitudine</strong></span> <span class='ocrx_word' id='word_1_135' title='bbox 407 1616 491 1671; x_wconf 91' lang='lat' dir='ltr'><strong>sui</strong></span> <span class='ocrx_word' id='word_1_136' title='bbox 515 1616 809 1688; x_wconf 85' lang='lat' dir='ltr'><strong>magisterii</strong></span> <span class='ocrx_word' id='word_1_137' title='bbox 836 1615 1054 1672; x_wconf 84' lang='lat' dir='ltr'><strong>exhibet</strong></span> <span class='ocrx_word' id='word_1_138' title='bbox 1083 1616 1408 1672; x_wconf 90' lang='lat' dir='ltr'><strong>libertatem.</strong></span> <span class='ocrx_word' id='word_1_139' title='bbox 1427 1617 1528 1685; x_wconf 85' lang='lat' dir='ltr'><strong>Qui</strong></span> <span class='ocrx_word' id='word_1_140' title='bbox 1550 1617 1694 1674; x_wconf 90' lang='lat' dir='ltr'><strong>enim</strong></span> 
     </span>
    </p>
   </div>
   <div class='ocr_carea' id='block_1_18' title="bbox 108 1710 1695 1784">
    <p class='ocr_par' dir='ltr' id='par_1_18' title="bbox 108 1710 1695 1784">
     <span class='ocr_line' id='line_1_18' title="bbox 108 1710 1695 1784; baseline 0.003 -21"><span class='ocrx_word' id='word_1_141' title='bbox 108 1718 251 1763; x_wconf 83' lang='lat' dir='ltr'><strong>recta</strong></span> <span class='ocrx_word' id='word_1_142' title='bbox 300 1725 421 1779; x_wconf 75' lang='lat' dir='ltr'><strong>qua:</strong></span> <span class='ocrx_word' id='word_1_143' title='bbox 462 1711 630 1764; x_wconf 89' lang='lat' dir='ltr'><strong>sentit</strong></span> <span class='ocrx_word' id='word_1_144' title='bbox 669 1710 882 1780; x_wconf 90' lang='lat' dir='ltr'><strong>publica</strong></span> <span class='ocrx_word' id='word_1_145' title='bbox 934 1725 1066 1766; x_wconf 92' lang='lat' dir='ltr'><strong>voce</strong></span> <span class='ocrx_word' id='word_1_146' title='bbox 1117 1711 1395 1780; x_wconf 57' lang='lat' dir='ltr'><strong>praedicat,</strong></span> <span class='ocrx_word' id='word_1_147' title='bbox 1438 1714 1594 1784; x_wconf 91' lang='lat' dir='ltr'><strong>quasi</strong></span> <span class='ocrx_word' id='word_1_148' title='bbox 1640 1714 1695 1769; x_wconf 91' lang='lat' dir='ltr'><strong>in</strong></span> 
     </span>
    </p>
   </div>
   <div class='ocr_carea' id='block_1_19' title="bbox 107 1799 1198 1870">
    <p class='ocr_par' dir='ltr' id='par_1_19' title="bbox 107 1799 1198 1870">
     <span class='ocr_line' id='line_1_19' title="bbox 107 1799 1198 1870; baseline 0.005 -19"><span class='ocrx_word' id='word_1_149' title='bbox 107 1799 279 1868; x_wconf 84' lang='lat' dir='ltr'><strong>platea</strong></span> <span class='ocrx_word' id='word_1_150' title='bbox 309 1801 362 1855; x_wconf 92' lang='lat' dir='ltr'><strong>in</strong></span> <span class='ocrx_word' id='word_1_151' title='bbox 393 1801 654 1857; x_wconf 89' lang='lat' dir='ltr'><strong>cathedra</strong></span> <span class='ocrx_word' id='word_1_152' title='bbox 685 1802 852 1857; x_wconf 90' lang='lat' dir='ltr'><strong>sedet.</strong></span> <span class='ocrx_word' id='word_1_153' title='bbox 897 1801 1154 1870; x_wconf 87' lang='lat' dir='ltr'><strong>Sequitur</strong></span> <span class='ocrx_word' id='word_1_154' title='bbox 1184 1819 1198 1857; x_wconf 88' lang='lat'><strong>:</strong></span> 
     </span>
    </p>
   </div>
   <div class='ocr_carea' id='block_1_20' title="bbox 176 1888 1699 1962">
    <p class='ocr_par' dir='ltr' id='par_1_20' title="bbox 176 1888 1699 1962">
     <span class='ocr_line' id='line_1_20' title="bbox 176 1888 1699 1962; baseline 0.005 -20"><span class='ocrx_word' id='word_1_155' title='bbox 176 1888 342 1945; x_wconf 69' lang='lat' dir='ltr'><strong>Vnus.</strong></span> <span class='ocrx_word' id='word_1_156' title='bbox 382 1892 435 1947; x_wconf 91' lang='lat'><strong>8.</strong></span> <span class='ocrx_word' id='word_1_157' title='bbox 486 1890 738 1946; x_wconf 84' lang='lat' dir='ltr'><strong>Videbunt</strong></span> <span class='ocrx_word' id='word_1_158' title='bbox 762 1909 841 1945; x_wconf 92' lang='lat' dir='ltr'><strong>me</strong></span> <span class='ocrx_word' id='word_1_159' title='bbox 848 1893 1063 1962; x_wconf 81' lang='lat' dir='ltr'><strong>juvenes</strong></span> <span class='ocrx_word' id='word_1_160' title='bbox 1088 1902 1134 1947; x_wconf 88' lang='lat' dir='ltr'><strong>et</strong></span> <span class='ocrx_word' id='word_1_161' title='bbox 1157 1893 1629 1962; x_wconf 82' lang='lat' dir='ltr'><strong>abscondebantur,</strong></span> <span class='ocrx_word' id='word_1_162' title='bbox 1651 1902 1699 1950; x_wconf 84' lang='lat' dir='ltr'><strong>et</strong></span> 
     </span>
    </p>
   </div>
   <div class='ocr_carea' id='block_1_21' title="bbox 106 1983 1696 2053">
    <p class='ocr_par' dir='ltr' id='par_1_21' title="bbox 106 1983 1696 2053">
     <span class='ocr_line' id='line_1_21' title="bbox 106 1983 1696 2053; baseline 0.004 -19"><span class='ocrx_word' id='word_1_163' title='bbox 106 1997 249 2035; x_wconf 82' lang='lat' dir='ltr'><strong>senes</strong></span> <span class='ocrx_word' id='word_1_164' title='bbox 267 1992 598 2053; x_wconf 74' lang='lat' dir='ltr'><strong>assurgentes</strong></span> <span class='ocrx_word' id='word_1_165' title='bbox 620 1983 850 2037; x_wconf 79' lang='lat' dir='ltr'><strong>stabant.</strong></span> <span class='ocrx_word' id='word_1_166' title='bbox 889 2014 961 2024; x_wconf 92' lang='lat'><strong><em>—</em></strong></span> <span class='ocrx_word' id='word_1_167' title='bbox 999 1983 1055 2038; x_wconf 88' lang='lat' dir='ltr'><strong>Si</strong></span> <span class='ocrx_word' id='word_1_168' title='bbox 1084 1984 1325 2039; x_wconf 70' lang='lat' dir='ltr'><strong>historia:</strong></span> <span class='ocrx_word' id='word_1_169' title='bbox 1347 1985 1696 2050; x_wconf 89' lang='lat' dir='ltr'><strong>intendimus,</strong></span> 
     </span>
    </p>
   </div>
   <div class='ocr_carea' id='block_1_22' title="bbox 105 2071 1702 2144">
    <p class='ocr_par' dir='ltr' id='par_1_22' title="bbox 105 2071 1702 2144">
     <span class='ocr_line' id='line_1_22' title="bbox 105 2071 1702 2144; baseline 0.002 -18"><span class='ocrx_word' id='word_1_170' title='bbox 105 2087 225 2140; x_wconf 78' lang='lat' dir='ltr'><strong>qua:</strong></span> <span class='ocrx_word' id='word_1_171' title='bbox 251 2071 390 2126; x_wconf 87' lang='lat' dir='ltr'><strong>dixit</strong></span> <span class='ocrx_word' id='word_1_172' title='bbox 415 2072 723 2137; x_wconf 90' lang='lat' dir='ltr'><strong>credimus;</strong></span> <span class='ocrx_word' id='word_1_173' title='bbox 746 2072 790 2127; x_wconf 91' lang='lat' dir='ltr'><strong>si</strong></span> <span class='ocrx_word' id='word_1_174' title='bbox 817 2071 1106 2140; x_wconf 66' lang='lat' dir='ltr'><strong>allegorice,</strong></span> <span class='ocrx_word' id='word_1_175' title='bbox 1138 2088 1257 2143; x_wconf 72' lang='lat' dir='ltr'><strong>qua:</strong></span> <span class='ocrx_word' id='word_1_176' title='bbox 1279 2073 1531 2144; x_wconf 68' lang='lat' dir='ltr'><strong>prtedixit</strong></span> <span class='ocrx_word' id='word_1_177' title='bbox 1554 2075 1702 2130; x_wconf 85' lang='lat' dir='ltr'><strong>vide-</strong></span> 
     </span>
    </p>
   </div>
   <div class='ocr_carea' id='block_1_23' title="bbox 104 2162 1702 2237">
    <p class='ocr_par' dir='ltr' id='par_1_23' title="bbox 104 2162 1702 2237">
     <span class='ocr_line' id='line_1_23' title="bbox 104 2162 1702 2237; baseline 0.004 -19"><span class='ocrx_word' id='word_1_178' title='bbox 104 2179 245 2218; x_wconf 85' lang='lat' dir='ltr'><strong>mus.</strong></span> <span class='ocrx_word' id='word_1_179' title='bbox 279 2162 514 2219; x_wconf 73' lang='lat' dir='ltr'><strong>Iuvenes</strong></span> <span class='ocrx_word' id='word_1_180' title='bbox 543 2179 779 2234; x_wconf 89' lang='lat' dir='ltr'><strong>namque</strong></span> <span class='ocrx_word' id='word_1_181' title='bbox 806 2165 912 2220; x_wconf 90' lang='lat' dir='ltr'><strong>dici</strong></span> <span class='ocrx_word' id='word_1_182' title='bbox 953 2165 1147 2231; x_wconf 87' lang='lat' dir='ltr'><strong>solent,</strong></span> <span class='ocrx_word' id='word_1_183' title='bbox 1175 2167 1302 2237; x_wconf 88' lang='lat' dir='ltr'><strong>quia</strong></span> <span class='ocrx_word' id='word_1_184' title='bbox 1334 2167 1464 2222; x_wconf 90' lang='lat' dir='ltr'><strong>nulli</strong></span> <span class='ocrx_word' id='word_1_185' title='bbox 1489 2169 1702 2225; x_wconf 88' lang='lat' dir='ltr'><strong>consilii</strong></span> 
     </span>
    </p>
   </div>
   <div class='ocr_carea' id='block_1_24' title="bbox 106 2255 1700 2332">
    <p class='ocr_par' dir='ltr' id='par_1_24' title="bbox 106 2255 1700 2332">
     <span class='ocr_line' id='line_1_24' title="bbox 106 2255 1700 2332; baseline 0.007 -25"><span class='ocrx_word' id='word_1_186' title='bbox 106 2255 378 2324; x_wconf 87' lang='lat' dir='ltr'><strong>gravitate</strong></span> <span class='ocrx_word' id='word_1_187' title='bbox 399 2255 806 2326; x_wconf 86' lang='lat' dir='ltr'><strong>deprimuntur;</strong></span> <span class='ocrx_word' id='word_1_188' title='bbox 834 2270 992 2314; x_wconf 90' lang='lat' dir='ltr'><strong>senes</strong></span> <span class='ocrx_word' id='word_1_189' title='bbox 1018 2273 1148 2315; x_wconf 90' lang='lat' dir='ltr'><strong>vero</strong></span> <span class='ocrx_word' id='word_1_190' title='bbox 1178 2275 1283 2314; x_wconf 93' lang='lat' dir='ltr'><strong>non</strong></span> <span class='ocrx_word' id='word_1_191' title='bbox 1299 2276 1394 2316; x_wconf 91' lang='lat' dir='ltr'><strong>eos</strong></span> <span class='ocrx_word' id='word_1_192' title='bbox 1417 2260 1700 2332; x_wconf 91' lang='lat' dir='ltr'><strong>Scriptura</strong></span> 
     </span>
    </p>
   </div>
   <div class='ocr_carea' id='block_1_25' title="bbox 106 2349 1702 2424">
    <p class='ocr_par' dir='ltr' id='par_1_25' title="bbox 106 2349 1702 2424">
     <span class='ocr_line' id='line_1_25' title="bbox 106 2349 1702 2424; baseline 0.008 -25"><span class='ocrx_word' id='word_1_193' title='bbox 106 2360 306 2402; x_wconf 87' lang='lat' dir='ltr'><strong>vocare</strong></span> <span class='ocrx_word' id='word_1_194' title='bbox 334 2349 638 2414; x_wconf 83' lang='lat' dir='ltr'><strong>consuevit,</strong></span> <span class='ocrx_word' id='word_1_195' title='bbox 665 2349 755 2418; x_wconf 89' lang='lat' dir='ltr'><strong>qui</strong></span> <span class='ocrx_word' id='word_1_196' title='bbox 784 2349 898 2406; x_wconf 86' lang='lat' dir='ltr'><strong>sola</strong></span> <span class='ocrx_word' id='word_1_197' title='bbox 927 2353 1233 2421; x_wconf 89' lang='lat' dir='ltr'><strong>quantitate</strong></span> <span class='ocrx_word' id='word_1_198' title='bbox 1256 2362 1584 2424; x_wconf 88' lang='lat' dir='ltr'><strong>temporum,</strong></span> <span class='ocrx_word' id='word_1_199' title='bbox 1607 2356 1702 2410; x_wconf 90' lang='lat' dir='ltr'><strong>sed</strong></span> 
     </span>
    </p>
   </div>
   <div class='ocr_carea' id='block_1_26' title="bbox 107 2439 1700 2515">
    <p class='ocr_par' dir='ltr' id='par_1_26' title="bbox 107 2439 1700 2515">
     <span class='ocr_line' id='line_1_26' title="bbox 107 2439 1700 2515; baseline 0.006 -24"><span class='ocrx_word' id='word_1_200' title='bbox 107 2452 322 2492; x_wconf 85' lang='lat' dir='ltr'><strong>morum</strong></span> <span class='ocrx_word' id='word_1_201' title='bbox 365 2439 752 2508; x_wconf 76' lang='lat' dir='ltr'><strong>graudzevitate</strong></span> <span class='ocrx_word' id='word_1_202' title='bbox 779 2443 976 2497; x_wconf 90' lang='lat' dir='ltr'><strong>maturi</strong></span> <span class='ocrx_word' id='word_1_203' title='bbox 1017 2451 1163 2498; x_wconf 89' lang='lat' dir='ltr'><strong>sunt.</strong></span> <span class='ocrx_word' id='word_1_204' title='bbox 1202 2443 1358 2500; x_wconf 91' lang='lat' dir='ltr'><strong>Unde</strong></span> <span class='ocrx_word' id='word_1_205' title='bbox 1384 2460 1482 2514; x_wconf 89' lang='lat' dir='ltr'><strong>per</strong></span> <span class='ocrx_word' id='word_1_206' title='bbox 1508 2461 1700 2515; x_wconf 82' lang='lat' dir='ltr'><strong>quem-</strong></span> 
     </span>
    </p>
   </div>
   <div class='ocr_carea' id='block_1_27' title="bbox 107 2528 1702 2607">
    <p class='ocr_par' dir='ltr' id='par_1_27' title="bbox 107 2528 1702 2607">
     <span class='ocr_line' id='line_1_27' title="bbox 107 2528 1702 2607; baseline 0.008 -25"><span class='ocrx_word' id='word_1_207' title='bbox 107 2528 232 2584; x_wconf 88' lang='lat' dir='ltr'><strong>dam</strong></span> <span class='ocrx_word' id='word_1_208' title='bbox 263 2531 564 2601; x_wconf 90' lang='lat' dir='ltr'><strong>sapientem</strong></span> <span class='ocrx_word' id='word_1_209' title='bbox 600 2533 799 2590; x_wconf 90' lang='lat' dir='ltr'><strong>dicitur</strong></span> <span class='ocrx_word' id='word_1_210' title='bbox 828 2553 842 2590; x_wconf 90' lang='lat'><strong>:</strong></span> <span class='ocrx_word' id='word_1_211' title='bbox 881 2553 901 2588; x_wconf 69' lang='grc' dir='ltr'><strong>α</strong></span> <span class='ocrx_word' id='word_1_212' title='bbox 941 2535 1211 2593; x_wconf 90' lang='lat' dir='ltr'><strong>Senectus</strong></span> <span class='ocrx_word' id='word_1_213' title='bbox 1233 2537 1565 2594; x_wconf 87' lang='lat' dir='ltr'><strong>venerabilis</strong></span> <span class='ocrx_word' id='word_1_214' title='bbox 1595 2548 1702 2607; x_wconf 91' lang='lat' dir='ltr'><strong>est,</strong></span> 
     </span>
    </p>
   </div>
   <div class='ocr_carea' id='block_1_28' title="bbox 105 2622 1700 2699">
    <p class='ocr_par' dir='ltr' id='par_1_28' title="bbox 105 2622 1700 2699">
     <span class='ocr_line' id='line_1_28' title="bbox 105 2622 1700 2699; baseline 0.006 -24"><span class='ocrx_word' id='word_1_215' title='bbox 105 2636 218 2676; x_wconf 84' lang='lat' dir='ltr'><strong>non</strong></span> <span class='ocrx_word' id='word_1_216' title='bbox 269 2622 544 2688; x_wconf 86' lang='lat' dir='ltr'><strong>diuturna,</strong></span> <span class='ocrx_word' id='word_1_217' title='bbox 595 2641 769 2698; x_wconf 85' lang='lat' dir='ltr'><strong>neque</strong></span> <span class='ocrx_word' id='word_1_218' title='bbox 798 2639 1024 2680; x_wconf 88' lang='lat' dir='ltr'><strong>numero</strong></span> <span class='ocrx_word' id='word_1_219' title='bbox 1062 2639 1328 2681; x_wconf 88' lang='lat' dir='ltr'><strong>annorum</strong></span> <span class='ocrx_word' id='word_1_220' title='bbox 1371 2639 1700 2699; x_wconf 86' lang='lat' dir='ltr'><strong>computata.</strong></span> 
     </span>
    </p>
   </div>
   <div class='ocr_carea' id='block_1_29' title="bbox 107 2709 1706 2783">
    <p class='ocr_par' dir='ltr' id='par_1_29' title="bbox 107 2709 1706 2783">
     <span class='ocr_line' id='line_1_29' title="bbox 107 2709 1706 2783; baseline 0.006 -18"><span class='ocrx_word' id='word_1_221' title='bbox 107 2709 246 2765; x_wconf 87' lang='lat' dir='ltr'><strong>Cani</strong></span> <span class='ocrx_word' id='word_1_222' title='bbox 279 2720 409 2766; x_wconf 91' lang='lat' dir='ltr'><strong>sunt</strong></span> <span class='ocrx_word' id='word_1_223' title='bbox 445 2722 626 2768; x_wconf 89' lang='lat' dir='ltr'><strong>autem</strong></span> <span class='ocrx_word' id='word_1_224' title='bbox 654 2730 846 2771; x_wconf 86' lang='lat' dir='ltr'><strong>sensus</strong></span> <span class='ocrx_word' id='word_1_225' title='bbox 876 2717 1132 2783; x_wconf 88' lang='lat' dir='ltr'><strong>hominis,</strong></span> <span class='ocrx_word' id='word_1_226' title='bbox 1162 2725 1218 2772; x_wconf 92' lang='lat' dir='ltr'><strong>et</strong></span> <span class='ocrx_word' id='word_1_227' title='bbox 1246 2724 1382 2773; x_wconf 73' lang='lat' dir='ltr'><strong>aetas</strong></span> <span class='ocrx_word' id='word_1_228' title='bbox 1409 2719 1706 2774; x_wconf 85' lang='lat' dir='ltr'><strong>senectutis</strong></span> 
     </span>
    </p>
   </div>
   <div class='ocr_carea' id='block_1_30' title="bbox 105 2800 1703 2881">
    <p class='ocr_par' dir='ltr' id='par_1_30' title="bbox 105 2800 1703 2881">
     <span class='ocr_line' id='line_1_30' title="bbox 105 2800 1703 2881; baseline 0.007 -29"><span class='ocrx_word' id='word_1_229' title='bbox 105 2800 223 2854; x_wconf 77' lang='lat' dir='ltr'><strong>vita</strong></span> <span class='ocrx_word' id='word_1_230' title='bbox 247 2800 600 2860; x_wconf 85' lang='lat' dir='ltr'><strong>immaculata</strong></span> <span class='ocrx_word' id='word_1_231' title='bbox 625 2805 780 2878; x_wconf 88' lang='lat' dir='ltr'><strong>(Sap.</strong></span> <span class='ocrx_word' id='word_1_232' title='bbox 813 2823 886 2874; x_wconf 84' lang='lat' dir='ltr'><strong>tv,</strong></span> <span class='ocrx_word' id='word_1_233' title='bbox 913 2808 1052 2880; x_wconf 88' lang='lat'><strong>8-9).</strong></span> <span class='ocrx_word' id='word_1_234' title='bbox 1092 2829 1111 2862; x_wconf 72' lang='grc' dir='ltr'><strong><em>ι</em></strong></span> <span class='ocrx_word' id='word_1_235' title='bbox 1149 2808 1406 2864; x_wconf 88' lang='lat' dir='ltr'><strong>Sanctam</strong></span> <span class='ocrx_word' id='word_1_236' title='bbox 1434 2825 1565 2881; x_wconf 89' lang='lat' dir='ltr'><strong>ergo</strong></span> <span class='ocrx_word' id='word_1_237' title='bbox 1600 2809 1703 2864; x_wconf 86' lang='lat' dir='ltr'><strong>Ec-</strong></span> 
     </span>
    </p>
   </div>
   <div class='ocr_carea' id='block_1_31' title="bbox 106 2889 1706 2967">
    <p class='ocr_par' dir='ltr' id='par_1_31' title="bbox 106 2889 1706 2967">
     <span class='ocr_line' id='line_1_31' title="bbox 106 2889 1706 2967; baseline 0.008 -23"><span class='ocrx_word' id='word_1_238' title='bbox 106 2889 337 2946; x_wconf 86' lang='lat' dir='ltr'><strong>clesiam</strong></span> <span class='ocrx_word' id='word_1_239' title='bbox 357 2894 542 2949; x_wconf 88' lang='lat' dir='ltr'><strong>vident</strong></span> <span class='ocrx_word' id='word_1_240' title='bbox 568 2911 712 2952; x_wconf 92' lang='lat' dir='ltr'><strong>nunc</strong></span> <span class='ocrx_word' id='word_1_241' title='bbox 747 2895 978 2967; x_wconf 89' lang='lat' dir='ltr'><strong>juvenes</strong></span> <span class='ocrx_word' id='word_1_242' title='bbox 1015 2909 1071 2955; x_wconf 91' lang='lat' dir='ltr'><strong>et</strong></span> <span class='ocrx_word' id='word_1_243' title='bbox 1097 2901 1523 2967; x_wconf 88' lang='lat' dir='ltr'><strong>absconduutur,</strong></span> <span class='ocrx_word' id='word_1_244' title='bbox 1551 2915 1706 2957; x_wconf 90' lang='lat' dir='ltr'><strong>senes</strong></span> 
     </span>
    </p>
   </div>
   <div class='ocr_carea' id='block_1_32' title="bbox 103 2983 1707 3064">
    <p class='ocr_par' dir='ltr' id='par_1_32' title="bbox 103 2983 1707 3064">
     <span class='ocr_line' id='line_1_32' title="bbox 103 2983 1707 3064; baseline 0.007 -31"><span class='ocrx_word' id='word_1_245' title='bbox 103 2996 244 3036; x_wconf 80' lang='lat' dir='ltr'><strong>vero</strong></span> <span class='ocrx_word' id='word_1_246' title='bbox 294 2983 345 3037; x_wconf 89' lang='lat' dir='ltr'><strong>ei</strong></span> <span class='ocrx_word' id='word_1_247' title='bbox 398 2996 747 3056; x_wconf 83' lang='lat' dir='ltr'><strong>assurgentes</strong></span> <span class='ocrx_word' id='word_1_248' title='bbox 792 2990 1089 3057; x_wconf 86' lang='lat' dir='ltr'><strong>assistunt,</strong></span> <span class='ocrx_word' id='word_1_249' title='bbox 1138 2993 1263 3061; x_wconf 89' lang='lat' dir='ltr'><strong>quia</strong></span> <span class='ocrx_word' id='word_1_250' title='bbox 1313 2992 1552 3064; x_wconf 87' lang='lat' dir='ltr'><strong>vigorem</strong></span> <span class='ocrx_word' id='word_1_251' title='bbox 1592 2993 1707 3061; x_wconf 87' lang='lat' dir='ltr'><strong>ejus</strong></span> 
     </span>
    </p>
   </div>
   <div class='ocr_carea' id='block_1_33' title="bbox 105 3075 1706 3154">
    <p class='ocr_par' dir='ltr' id='par_1_33' title="bbox 105 3075 1706 3154">
     <span class='ocr_line' id='line_1_33' title="bbox 105 3075 1706 3154; baseline 0.007 -28"><span class='ocrx_word' id='word_1_252' title='bbox 105 3082 284 3141; x_wconf 86' lang='lat' dir='ltr'><strong>atque</strong></span> <span class='ocrx_word' id='word_1_253' title='bbox 323 3075 704 3134; x_wconf 88' lang='lat' dir='ltr'><strong>rectitudinem</strong></span> <span class='ocrx_word' id='word_1_254' title='bbox 736 3080 1011 3136; x_wconf 87' lang='lat' dir='ltr'><strong>immaturi</strong></span> <span class='ocrx_word' id='word_1_255' title='bbox 1060 3081 1378 3149; x_wconf 81' lang='lat' dir='ltr'><strong>formidant,</strong></span> <span class='ocrx_word' id='word_1_256' title='bbox 1432 3083 1706 3154; x_wconf 68' lang='lat' dir='ltr'><strong>grandaevi</strong></span> 
     </span>
    </p>
   </div>
   <div class='ocr_carea' id='block_1_34' title="bbox 1782 611 3369 684">
    <p class='ocr_par' dir='ltr' id='par_1_34' title="bbox 1782 611 3369 684">
     <span class='ocr_line' id='line_1_34' title="bbox 1782 611 3369 684; baseline 0.001 -19"><span class='ocrx_word' id='word_1_257' title='bbox 1782 611 1976 674; x_wconf 86' lang='lat' dir='ltr'><strong>reddit,</strong></span> <span class='ocrx_word' id='word_1_258' title='bbox 2001 611 2092 681; x_wconf 88' lang='lat' dir='ltr'><strong>qui</strong></span> <span class='ocrx_word' id='word_1_259' title='bbox 2123 612 2382 683; x_wconf 81' lang='lat' dir='ltr'><strong>exemplis</strong></span> <span class='ocrx_word' id='word_1_260' title='bbox 2410 613 2534 667; x_wconf 74' lang='lat' dir='ltr'><strong>vita:</strong></span> <span class='ocrx_word' id='word_1_261' title='bbox 2564 611 2706 668; x_wconf 86' lang='lat' dir='ltr'><strong>illius</strong></span> <span class='ocrx_word' id='word_1_262' title='bbox 2732 613 2871 667; x_wconf 90' lang='lat' dir='ltr'><strong>bene</strong></span> <span class='ocrx_word' id='word_1_263' title='bbox 2894 611 3120 668; x_wconf 88' lang='lat' dir='ltr'><strong>vivendo</strong></span> <span class='ocrx_word' id='word_1_264' title='bbox 3144 626 3369 684; x_wconf 88' lang='lat' dir='ltr'><strong>respon-</strong></span> 
     </span>
    </p>
   </div>
   <div class='ocr_carea' id='block_1_35' title="bbox 1784 701 2232 772">
    <p class='ocr_par' dir='ltr' id='par_1_35' title="bbox 1784 701 2232 772">
     <span class='ocr_line' id='line_1_35' title="bbox 1784 701 2232 772; baseline -0.002 -14"><span class='ocrx_word' id='word_1_265' title='bbox 1784 703 1894 758; x_wconf 89' lang='lat' dir='ltr'><strong>det.</strong></span> <span class='ocrx_word' id='word_1_266' title='bbox 1933 701 2191 772; x_wconf 87' lang='lat' dir='ltr'><strong>Sequitur</strong></span> <span class='ocrx_word' id='word_1_267' title='bbox 2220 721 2232 757; x_wconf 92' lang='lat'>:</span> 
     </span>
    </p>
   </div>
   <div class='ocr_carea' id='block_1_36' title="bbox 1859 795 3376 868">
    <p class='ocr_par' dir='ltr' id='par_1_36' title="bbox 1859 795 3376 868">
     <span class='ocr_line' id='line_1_36' title="bbox 1859 795 3376 868; baseline 0 -18"><span class='ocrx_word' id='word_1_268' title='bbox 1859 796 2021 851; x_wconf 72' lang='lat' dir='ltr'><strong>Vsus.</strong></span> <span class='ocrx_word' id='word_1_269' title='bbox 2065 796 2150 861; x_wconf 73' lang='grc'><strong>12,</strong></span> <span class='ocrx_word' id='word_1_270' title='bbox 2194 796 2278 850; x_wconf 79' lang='grc'><strong>15.</strong></span> <span class='ocrx_word' id='word_1_271' title='bbox 2322 795 2403 850; x_wconf 86' lang='lat' dir='ltr'><strong>Eo</strong></span> <span class='ocrx_word' id='word_1_272' title='bbox 2426 798 2567 868; x_wconf 84' lang='lat' dir='ltr'><strong>quod</strong></span> <span class='ocrx_word' id='word_1_273' title='bbox 2595 796 2895 852; x_wconf 79' lang='lat' dir='ltr'><strong>liberassem</strong></span> <span class='ocrx_word' id='word_1_274' title='bbox 2931 813 3210 868; x_wconf 85' lang='lat' dir='ltr'><strong>pauperem</strong></span> <span class='ocrx_word' id='word_1_275' title='bbox 3238 797 3376 852; x_wconf 57' lang='lat' dir='ltr'><strong>nocio</strong></span> 
     </span>
    </p>
   </div>
   <div class='ocr_carea' id='block_1_37' title="bbox 1788 884 3378 958">
    <p class='ocr_par' dir='ltr' id='par_1_37' title="bbox 1788 884 3378 958">
     <span class='ocr_line' id='line_1_37' title="bbox 1788 884 3378 958; baseline 0.002 -20"><span class='ocrx_word' id='word_1_276' title='bbox 1788 884 2064 955; x_wconf 79' lang='lat' dir='ltr'><strong>feruntem,</strong></span> <span class='ocrx_word' id='word_1_277' title='bbox 2103 896 2148 939; x_wconf 88' lang='lat' dir='ltr'><strong>et</strong></span> <span class='ocrx_word' id='word_1_278' title='bbox 2193 886 2450 956; x_wconf 77' lang='lat' dir='ltr'><strong>pupillum</strong></span> <span class='ocrx_word' id='word_1_279' title='bbox 2486 889 2571 940; x_wconf 87' lang='lat' dir='ltr'><strong>cui</strong></span> <span class='ocrx_word' id='word_1_280' title='bbox 2602 904 2706 942; x_wconf 87' lang='lat' dir='ltr'><strong>non</strong></span> <span class='ocrx_word' id='word_1_281' title='bbox 2729 898 2848 958; x_wconf 75' lang='lat' dir='ltr'><strong>erat</strong></span> <span class='ocrx_word' id='word_1_282' title='bbox 2885 887 3122 956; x_wconf 85' lang='lat' dir='ltr'><strong>adjutor.</strong></span> <span class='ocrx_word' id='word_1_283' title='bbox 3153 887 3378 942; x_wconf 81' lang='lat' dir='ltr'><strong>Benedi-</strong></span> 
     </span>
    </p>
   </div>
   <div class='ocr_carea' id='block_1_38' title="bbox 1789 977 3376 1045">
    <p class='ocr_par' dir='ltr' id='par_1_38' title="bbox 1789 977 3376 1045">
     <span class='ocr_line' id='line_1_38' title="bbox 1789 977 3376 1045; baseline 0.004 -17"><span class='ocrx_word' id='word_1_284' title='bbox 1789 977 1890 1029; x_wconf 88' lang='lat' dir='ltr'><strong>ctio</strong></span> <span class='ocrx_word' id='word_1_285' title='bbox 1914 977 2136 1045; x_wconf 86' lang='lat' dir='ltr'><strong>perituri</strong></span> <span class='ocrx_word' id='word_1_286' title='bbox 2168 994 2326 1045; x_wconf 86' lang='lat' dir='ltr'><strong>super</strong></span> <span class='ocrx_word' id='word_1_287' title='bbox 2345 995 2427 1033; x_wconf 87' lang='lat' dir='ltr'><strong>me</strong></span> <span class='ocrx_word' id='word_1_288' title='bbox 2453 979 2706 1044; x_wconf 82' lang='lat' dir='ltr'><strong>veniebat,</strong></span> <span class='ocrx_word' id='word_1_289' title='bbox 2737 990 2786 1035; x_wconf 89' lang='lat' dir='ltr'><strong>et</strong></span> <span class='ocrx_word' id='word_1_290' title='bbox 2814 997 2905 1034; x_wconf 87' lang='lat' dir='ltr'><strong>cor</strong></span> <span class='ocrx_word' id='word_1_291' title='bbox 2935 981 3104 1035; x_wconf 75' lang='lat' dir='ltr'><strong>vidua:</strong></span> <span class='ocrx_word' id='word_1_292' title='bbox 3135 979 3376 1035; x_wconf 86' lang='lat' dir='ltr'><strong>consola-</strong></span> 
     </span>
    </p>
   </div>
   <div class='ocr_carea' id='block_1_39' title="bbox 1789 1069 3383 1143">
    <p class='ocr_par' dir='ltr' id='par_1_39' title="bbox 1789 1069 3383 1143">
     <span class='ocr_line' id='line_1_39' title="bbox 1789 1069 3383 1143; baseline 0.004 -21"><span class='ocrx_word' id='word_1_293' title='bbox 1789 1078 1873 1122; x_wconf 89' lang='lat' dir='ltr'><strong>tus</strong></span> <span class='ocrx_word' id='word_1_294' title='bbox 1895 1085 2029 1122; x_wconf 79' lang='lat' dir='ltr'><strong>sum.</strong></span> <span class='ocrx_word' id='word_1_295' title='bbox 2071 1100 2141 1109; x_wconf 91' lang='lat'>—</span> <span class='ocrx_word' id='word_1_296' title='bbox 2175 1069 2382 1139; x_wconf 74' lang='lat' dir='ltr'><strong>Magna:</strong></span> <span class='ocrx_word' id='word_1_297' title='bbox 2441 1071 2826 1128; x_wconf 69' lang='lat' dir='ltr'><strong>misericordiae</strong></span> <span class='ocrx_word' id='word_1_298' title='bbox 2877 1073 2980 1128; x_wconf 90' lang='lat' dir='ltr'><strong>ista</strong></span> <span class='ocrx_word' id='word_1_299' title='bbox 3037 1083 3166 1128; x_wconf 91' lang='lat' dir='ltr'><strong>sunt</strong></span> <span class='ocrx_word' id='word_1_300' title='bbox 3189 1088 3383 1143; x_wconf 71' lang='lat' dir='ltr'><strong>opera,</strong></span> 
     </span>
    </p>
   </div>
   <div class='ocr_carea' id='block_1_40' title="bbox 1792 1149 3380 1234">
    <p class='ocr_par' dir='ltr' id='par_1_40' title="bbox 1792 1149 3380 1234">
     <span class='ocr_line' id='line_1_40' title="bbox 1792 1149 3380 1234; baseline 0.004 -22"><span class='ocrx_word' id='word_1_301' title='bbox 1792 1158 2025 1214; x_wconf 88' lang='lat' dir='ltr'><strong>liberare</strong></span> <span class='ocrx_word' id='word_1_302' title='bbox 2048 1149 2438 1216; x_wconf 84' lang='lat' dir='ltr'><strong>vociferantem</strong></span> <span class='ocrx_word' id='word_1_303' title='bbox 2469 1177 2784 1233; x_wconf 89' lang='lat' dir='ltr'><strong>pauperem,</strong></span> <span class='ocrx_word' id='word_1_304' title='bbox 2811 1163 3015 1234; x_wconf 88' lang='lat' dir='ltr'><strong>pupillo</strong></span> <span class='ocrx_word' id='word_1_305' title='bbox 3049 1163 3380 1233; x_wconf 85' lang='lat' dir='ltr'><strong>adjutorium</strong></span> 
     </span>
    </p>
   </div>
   <div class='ocr_carea' id='block_1_41' title="bbox 1794 1249 3386 1325">
    <p class='ocr_par' dir='ltr' id='par_1_41' title="bbox 1794 1249 3386 1325">
     <span class='ocr_line' id='line_1_41' title="bbox 1794 1249 3386 1325; baseline 0.004 -23"><span class='ocrx_word' id='word_1_306' title='bbox 1794 1249 2121 1316; x_wconf 88' lang='lat' dir='ltr'><strong>ministrare,</strong></span> <span class='ocrx_word' id='word_1_307' title='bbox 2148 1252 2450 1320; x_wconf 89' lang='lat' dir='ltr'><strong>periturum</strong></span> <span class='ocrx_word' id='word_1_308' title='bbox 2488 1255 2723 1325; x_wconf 88' lang='lat' dir='ltr'><strong>eripere,</strong></span> <span class='ocrx_word' id='word_1_309' title='bbox 2759 1270 2853 1311; x_wconf 89' lang='lat' dir='ltr'><strong>cor</strong></span> <span class='ocrx_word' id='word_1_310' title='bbox 2881 1255 3056 1312; x_wconf 74' lang='lat' dir='ltr'><strong>viduae</strong></span> <span class='ocrx_word' id='word_1_311' title='bbox 3083 1257 3386 1311; x_wconf 68' lang='lat' dir='ltr'><strong>consolari:</strong></span> 
     </span>
    </p>
   </div>
   <div class='ocr_carea' id='block_1_42' title="bbox 1795 1344 3386 1419">
    <p class='ocr_par' dir='ltr' id='par_1_42' title="bbox 1795 1344 3386 1419">
     <span class='ocr_line' id='line_1_42' title="bbox 1795 1344 3386 1419; baseline 0.003 -19"><span class='ocrx_word' id='word_1_312' title='bbox 1795 1344 1922 1401; x_wconf 64' lang='lat' dir='ltr'><strong>Haec</strong></span> <span class='ocrx_word' id='word_1_313' title='bbox 1960 1344 2153 1401; x_wconf 89' lang='lat' dir='ltr'><strong>beatus</strong></span> <span class='ocrx_word' id='word_1_314' title='bbox 2179 1345 2281 1402; x_wconf 82' lang='lat' dir='ltr'><strong>Job</strong></span> <span class='ocrx_word' id='word_1_315' title='bbox 2323 1359 2378 1402; x_wconf 90' lang='lat' dir='ltr'><strong>et</strong></span> <span class='ocrx_word' id='word_1_316' title='bbox 2408 1349 2655 1403; x_wconf 83' lang='lat' dir='ltr'><strong>exhibuit</strong></span> <span class='ocrx_word' id='word_1_317' title='bbox 2695 1349 2942 1414; x_wconf 87' lang='lat' dir='ltr'><strong>subditis,</strong></span> <span class='ocrx_word' id='word_1_318' title='bbox 2981 1358 3036 1405; x_wconf 88' lang='lat' dir='ltr'><strong>et</strong></span> <span class='ocrx_word' id='word_1_319' title='bbox 3071 1359 3247 1405; x_wconf 90' lang='lat' dir='ltr'><strong>tamen</strong></span> <span class='ocrx_word' id='word_1_320' title='bbox 3288 1365 3386 1419; x_wconf 89' lang='lat' dir='ltr'><strong>per</strong></span> 
     </span>
    </p>
   </div>
   <div class='ocr_carea' id='block_1_43' title="bbox 1794 1436 3386 1511">
    <p class='ocr_par' dir='ltr' id='par_1_43' title="bbox 1794 1436 3386 1511">
     <span class='ocr_line' id='line_1_43' title="bbox 1794 1436 3386 1511; baseline 0.003 -21"><span class='ocrx_word' id='word_1_321' title='bbox 1794 1444 2042 1490; x_wconf 88' lang='lat' dir='ltr'><strong>sanctam</strong></span> <span class='ocrx_word' id='word_1_322' title='bbox 2068 1436 2362 1492; x_wconf 89' lang='lat' dir='ltr'><strong>Ecclesiam</strong></span> <span class='ocrx_word' id='word_1_323' title='bbox 2392 1439 2691 1494; x_wconf 83' lang='lat' dir='ltr'><strong>exhibenda</strong></span> <span class='ocrx_word' id='word_1_324' title='bbox 2713 1441 2962 1511; x_wconf 88' lang='lat' dir='ltr'><strong>signavit.</strong></span> <span class='ocrx_word' id='word_1_325' title='bbox 3018 1440 3150 1508; x_wconf 71' lang='lat' dir='ltr'><strong>Quae</strong></span> <span class='ocrx_word' id='word_1_326' title='bbox 3195 1450 3386 1495; x_wconf 86' lang='lat' dir='ltr'><strong>utcun-</strong></span> 
     </span>
    </p>
   </div>
   <div class='ocr_carea' id='block_1_44' title="bbox 1795 1529 3387 1600">
    <p class='ocr_par' dir='ltr' id='par_1_44' title="bbox 1795 1529 3387 1600">
     <span class='ocr_line' id='line_1_44' title="bbox 1795 1529 3387 1600; baseline 0.002 -17"><span class='ocrx_word' id='word_1_327' title='bbox 1795 1543 1901 1598; x_wconf 91' lang='lat' dir='ltr'><strong>que</strong></span> <span class='ocrx_word' id='word_1_328' title='bbox 1939 1545 2084 1585; x_wconf 93' lang='lat' dir='ltr'><strong>nunc</strong></span> <span class='ocrx_word' id='word_1_329' title='bbox 2127 1529 2525 1588; x_wconf 87' lang='lat' dir='ltr'><strong>incessabiliter</strong></span> <span class='ocrx_word' id='word_1_330' title='bbox 2566 1543 2803 1600; x_wconf 81' lang='lat' dir='ltr'><strong>exercet,</strong></span> <span class='ocrx_word' id='word_1_331' title='bbox 2855 1542 2913 1588; x_wconf 93' lang='lat' dir='ltr'><strong>ut</strong></span> <span class='ocrx_word' id='word_1_332' title='bbox 2947 1534 3200 1590; x_wconf 85' lang='lat' dir='ltr'><strong>videlicet</strong></span> <span class='ocrx_word' id='word_1_333' title='bbox 3247 1533 3387 1589; x_wconf 88' lang='lat' dir='ltr'><strong>filios</strong></span> 
     </span>
    </p>
   </div>
   <div class='ocr_carea' id='block_1_45' title="bbox 1797 1621 3384 1694">
    <p class='ocr_par' dir='ltr' id='par_1_45' title="bbox 1797 1621 3384 1694">
     <span class='ocr_line' id='line_1_45' title="bbox 1797 1621 3384 1694; baseline -0.001 -16"><span class='ocrx_word' id='word_1_334' title='bbox 1797 1637 1924 1678; x_wconf 88' lang='lat' dir='ltr'><strong>suos</strong></span> <span class='ocrx_word' id='word_1_335' title='bbox 1976 1631 2032 1677; x_wconf 90' lang='lat' dir='ltr'><strong>et</strong></span> <span class='ocrx_word' id='word_1_336' title='bbox 2078 1621 2346 1692; x_wconf 90' lang='lat' dir='ltr'><strong>loquendo</strong></span> <span class='ocrx_word' id='word_1_337' title='bbox 2396 1634 2602 1694; x_wconf 90' lang='lat' dir='ltr'><strong>pascat,</strong></span> <span class='ocrx_word' id='word_1_338' title='bbox 2651 1633 2707 1680; x_wconf 90' lang='lat' dir='ltr'><strong>et</strong></span> <span class='ocrx_word' id='word_1_339' title='bbox 2749 1624 3089 1680; x_wconf 88' lang='lat' dir='ltr'><strong>defendendo</strong></span> <span class='ocrx_word' id='word_1_340' title='bbox 3117 1633 3384 1694; x_wconf 89' lang='lat' dir='ltr'><strong>protegat.</strong></span> 
     </span>
    </p>
   </div>
   <div class='ocr_carea' id='block_1_46' title="bbox 1797 1713 3386 1788">
    <p class='ocr_par' dir='ltr' id='par_1_46' title="bbox 1797 1713 3386 1788">
     <span class='ocr_line' id='line_1_46' title="bbox 1797 1713 3386 1788; baseline 0.001 -20"><span class='ocrx_word' id='word_1_341' title='bbox 1797 1713 1924 1769; x_wconf 79' lang='lat' dir='ltr'><strong>Haec</strong></span> <span class='ocrx_word' id='word_1_342' title='bbox 1948 1723 2128 1769; x_wconf 89' lang='lat' dir='ltr'><strong>autem</strong></span> <span class='ocrx_word' id='word_1_343' title='bbox 2159 1731 2281 1786; x_wconf 68' lang='lat' dir='ltr'><strong>qua:</strong></span> <span class='ocrx_word' id='word_1_344' title='bbox 2307 1732 2471 1787; x_wconf 89' lang='lat' dir='ltr'><strong>supra</strong></span> <span class='ocrx_word' id='word_1_345' title='bbox 2502 1717 2739 1772; x_wconf 83' lang='lat' dir='ltr'><strong>diximus</strong></span> <span class='ocrx_word' id='word_1_346' title='bbox 2763 1717 2982 1788; x_wconf 90' lang='lat' dir='ltr'><strong>pietatis</strong></span> <span class='ocrx_word' id='word_1_347' title='bbox 3007 1731 3172 1785; x_wconf 90' lang='lat' dir='ltr'><strong>opera</strong></span> <span class='ocrx_word' id='word_1_348' title='bbox 3199 1724 3386 1771; x_wconf 88' lang='lat' dir='ltr'><strong>sancta</strong></span> 
     </span>
    </p>
   </div>
   <div class='ocr_carea' id='block_1_47' title="bbox 1723 1797 3386 1877">
    <p class='ocr_par' dir='ltr' id='par_1_47' title="bbox 1723 1797 3386 1877">
     <span class='ocr_line' id='line_1_47' title="bbox 1723 1797 3386 1877; baseline 0.002 -21"><span class='ocrx_word' id='word_1_349' title='bbox 1723 1797 1770 1856; x_wconf 89' lang='lat' dir='ltr'><strong>B</strong></span> <span class='ocrx_word' id='word_1_350' title='bbox 1802 1804 2040 1861; x_wconf 81' lang='lat' dir='ltr'><strong>Ecclesia</strong></span> <span class='ocrx_word' id='word_1_351' title='bbox 2068 1813 2124 1860; x_wconf 93' lang='lat' dir='ltr'><strong>et</strong></span> <span class='ocrx_word' id='word_1_352' title='bbox 2145 1807 2501 1876; x_wconf 89' lang='lat' dir='ltr'><strong>corporaliter</strong></span> <span class='ocrx_word' id='word_1_353' title='bbox 2529 1807 2769 1871; x_wconf 78' lang='lat' dir='ltr'><strong>exhibet,</strong></span> <span class='ocrx_word' id='word_1_354' title='bbox 2806 1816 2861 1862; x_wconf 92' lang='lat' dir='ltr'><strong>et</strong></span> <span class='ocrx_word' id='word_1_355' title='bbox 2890 1806 3207 1877; x_wconf 84' lang='lat' dir='ltr'><strong>spiritaliter</strong></span> <span class='ocrx_word' id='word_1_356' title='bbox 3227 1806 3386 1861; x_wconf 85' lang='lat' dir='ltr'><strong>exhi-</strong></span> 
     </span>
    </p>
   </div>
   <div class='ocr_carea' id='block_1_48' title="bbox 1802 1895 3390 1968">
    <p class='ocr_par' dir='ltr' id='par_1_48' title="bbox 1802 1895 3390 1968">
     <span class='ocr_line' id='line_1_48' title="bbox 1802 1895 3390 1968; baseline 0.001 -17"><span class='ocrx_word' id='word_1_357' title='bbox 1802 1896 1932 1951; x_wconf 87' lang='lat' dir='ltr'><strong>bere</strong></span> <span class='ocrx_word' id='word_1_358' title='bbox 1955 1911 2061 1952; x_wconf 85' lang='lat' dir='ltr'><strong>non</strong></span> <span class='ocrx_word' id='word_1_359' title='bbox 2089 1905 2287 1952; x_wconf 89' lang='lat' dir='ltr'><strong>cessat.</strong></span> <span class='ocrx_word' id='word_1_360' title='bbox 2312 1895 2445 1952; x_wconf 90' lang='lat' dir='ltr'><strong>Nam</strong></span> <span class='ocrx_word' id='word_1_361' title='bbox 2471 1906 2527 1952; x_wconf 93' lang='lat' dir='ltr'><strong>et</strong></span> <span class='ocrx_word' id='word_1_362' title='bbox 2551 1912 2827 1968; x_wconf 85' lang='lat' dir='ltr'><strong>pauperem</strong></span> <span class='ocrx_word' id='word_1_363' title='bbox 2857 1897 3225 1965; x_wconf 80' lang='lat' dir='ltr'><strong>vociferantem</strong></span> <span class='ocrx_word' id='word_1_364' title='bbox 3255 1895 3390 1952; x_wconf 87' lang='lat' dir='ltr'><strong>libe-</strong></span> 
     </span>
    </p>
   </div>
   <div class='ocr_carea' id='block_1_49' title="bbox 1803 1983 3392 2054">
    <p class='ocr_par' dir='ltr' id='par_1_49' title="bbox 1803 1983 3392 2054">
     <span class='ocr_line' id='line_1_49' title="bbox 1803 1983 3392 2054; baseline 0 -16"><span class='ocrx_word' id='word_1_365' title='bbox 1803 1991 1907 2048; x_wconf 90' lang='lat' dir='ltr'><strong>rat,</strong></span> <span class='ocrx_word' id='word_1_366' title='bbox 1961 1999 2084 2039; x_wconf 91' lang='lat' dir='ltr'><strong>cum</strong></span> <span class='ocrx_word' id='word_1_367' title='bbox 2137 1983 2413 2054; x_wconf 90' lang='lat' dir='ltr'><strong>peccatori</strong></span> <span class='ocrx_word' id='word_1_368' title='bbox 2460 1985 2672 2040; x_wconf 89' lang='lat' dir='ltr'><strong>veniam</strong></span> <span class='ocrx_word' id='word_1_369' title='bbox 2723 1983 3059 2054; x_wconf 90' lang='lat' dir='ltr'><strong>deprecanti,</strong></span> <span class='ocrx_word' id='word_1_370' title='bbox 3110 1997 3204 2038; x_wconf 90' lang='lat' dir='ltr'><strong>eas</strong></span> <span class='ocrx_word' id='word_1_371' title='bbox 3254 1996 3392 2053; x_wconf 86' lang='lat' dir='ltr'><strong>quas</strong></span> 
     </span>
    </p>
   </div>
   <div class='ocr_carea' id='block_1_50' title="bbox 1802 2073 3393 2146">
    <p class='ocr_par' dir='ltr' id='par_1_50' title="bbox 1802 2073 3393 2146">
     <span class='ocr_line' id='line_1_50' title="bbox 1802 2073 3393 2146; baseline -0.001 -16"><span class='ocrx_word' id='word_1_372' title='bbox 1802 2075 2151 2130; x_wconf 85' lang='lat' dir='ltr'><strong>commiserat</strong></span> <span class='ocrx_word' id='word_1_373' title='bbox 2181 2074 2368 2145; x_wconf 90' lang='lat' dir='ltr'><strong>culpas</strong></span> <span class='ocrx_word' id='word_1_374' title='bbox 2409 2073 2636 2130; x_wconf 80' lang='lat' dir='ltr'><strong>relaxat.</strong></span> <span class='ocrx_word' id='word_1_375' title='bbox 2686 2073 2762 2130; x_wconf 88' lang='lat' dir='ltr'><strong>De</strong></span> <span class='ocrx_word' id='word_1_376' title='bbox 2797 2074 2999 2130; x_wconf 88' lang='lat' dir='ltr'><strong>talibus</strong></span> <span class='ocrx_word' id='word_1_377' title='bbox 3032 2075 3230 2146; x_wconf 89' lang='lat' dir='ltr'><strong>quippe</strong></span> <span class='ocrx_word' id='word_1_378' title='bbox 3259 2089 3393 2145; x_wconf 86' lang='lat' dir='ltr'><strong>pau-</strong></span> 
     </span>
    </p>
   </div>
   <div class='ocr_carea' id='block_1_51' title="bbox 1801 2165 3391 2240">
    <p class='ocr_par' dir='ltr' id='par_1_51' title="bbox 1801 2165 3391 2240">
     <span class='ocr_line' id='line_1_51' title="bbox 1801 2165 3391 2240; baseline -0.003 -16"><span class='ocrx_word' id='word_1_379' title='bbox 1801 2169 2024 2240; x_wconf 89' lang='lat' dir='ltr'><strong>peribus</strong></span> <span class='ocrx_word' id='word_1_380' title='bbox 2053 2168 2254 2234; x_wconf 88' lang='lat' dir='ltr'><strong>dicitur</strong></span> <span class='ocrx_word' id='word_1_381' title='bbox 2291 2186 2304 2223; x_wconf 92' lang='lat'><strong>:</strong></span> <span class='ocrx_word' id='word_1_382' title='bbox 2342 2187 2361 2220; x_wconf 84' lang='grc'><strong>‹</strong></span> <span class='ocrx_word' id='word_1_383' title='bbox 2395 2165 2545 2222; x_wconf 88' lang='lat' dir='ltr'><strong>Beati</strong></span> <span class='ocrx_word' id='word_1_384' title='bbox 2571 2183 2838 2238; x_wconf 86' lang='lat' dir='ltr'><strong>pauperes</strong></span> <span class='ocrx_word' id='word_1_385' title='bbox 2883 2167 3098 2238; x_wconf 87' lang='lat' dir='ltr'><strong>spiritu,</strong></span> <span class='ocrx_word' id='word_1_386' title='bbox 3134 2166 3391 2236; x_wconf 88' lang='lat' dir='ltr'><strong>quoniam</strong></span> 
     </span>
    </p>
   </div>
   <div class='ocr_carea' id='block_1_52' title="bbox 1805 2257 3391 2332">
    <p class='ocr_par' dir='ltr' id='par_1_52' title="bbox 1805 2257 3391 2332">
     <span class='ocr_line' id='line_1_52' title="bbox 1805 2257 3391 2332; baseline -0.003 -16"><span class='ocrx_word' id='word_1_387' title='bbox 1805 2262 2044 2332; x_wconf 91' lang='lat' dir='ltr'><strong>ipsorum</strong></span> <span class='ocrx_word' id='word_1_388' title='bbox 2066 2268 2149 2315; x_wconf 89' lang='lat' dir='ltr'><strong>est</strong></span> <span class='ocrx_word' id='word_1_389' title='bbox 2169 2274 2392 2328; x_wconf 87' lang='lat' dir='ltr'><strong>regnum</strong></span> <span class='ocrx_word' id='word_1_390' title='bbox 2423 2259 2684 2316; x_wconf 65' lang='lat' dir='ltr'><strong>caelorum</strong></span> <span class='ocrx_word' id='word_1_391' title='bbox 2717 2258 2934 2330; x_wconf 80' lang='lat' dir='ltr'><strong>(Matth.</strong></span> <span class='ocrx_word' id='word_1_392' title='bbox 2966 2274 3018 2324; x_wconf 92' lang='lat' dir='ltr'><strong>v,</strong></span> <span class='ocrx_word' id='word_1_393' title='bbox 3044 2258 3120 2330; x_wconf 80' lang='grc'><strong>5).</strong></span> <span class='ocrx_word' id='word_1_394' title='bbox 3158 2278 3177 2312; x_wconf 74' lang='grc' dir='ltr'><strong><em>ι</em></strong></span> <span class='ocrx_word' id='word_1_395' title='bbox 3207 2257 3391 2327; x_wconf 87' lang='lat' dir='ltr'><strong>Pupil-</strong></span> 
     </span>
    </p>
   </div>
   <div class='ocr_carea' id='block_1_53' title="bbox 1803 2348 3397 2417">
    <p class='ocr_par' dir='ltr' id='par_1_53' title="bbox 1803 2348 3397 2417">
     <span class='ocr_line' id='line_1_53' title="bbox 1803 2348 3397 2417; baseline -0.002 -11"><span class='ocrx_word' id='word_1_396' title='bbox 1803 2350 1915 2406; x_wconf 88' lang='lat' dir='ltr'><strong>lum</strong></span> <span class='ocrx_word' id='word_1_397' title='bbox 1943 2365 2074 2406; x_wconf 91' lang='lat' dir='ltr'><strong>vero</strong></span> <span class='ocrx_word' id='word_1_398' title='bbox 2104 2351 2193 2406; x_wconf 89' lang='lat' dir='ltr'><strong>cui</strong></span> <span class='ocrx_word' id='word_1_399' title='bbox 2222 2365 2328 2404; x_wconf 92' lang='lat' dir='ltr'><strong>non</strong></span> <span class='ocrx_word' id='word_1_400' title='bbox 2350 2358 2437 2405; x_wconf 89' lang='lat' dir='ltr'><strong>est</strong></span> <span class='ocrx_word' id='word_1_401' title='bbox 2464 2348 2678 2417; x_wconf 88' lang='lat' dir='ltr'><strong>adjutor</strong></span> <span class='ocrx_word' id='word_1_402' title='bbox 2707 2348 2922 2412; x_wconf 90' lang='lat' dir='ltr'><strong>liberat,</strong></span> <span class='ocrx_word' id='word_1_403' title='bbox 2957 2350 3081 2404; x_wconf 90' lang='lat' dir='ltr'><strong>dum</strong></span> <span class='ocrx_word' id='word_1_404' title='bbox 3105 2350 3397 2417; x_wconf 86' lang='lat' dir='ltr'><strong>unusquis-</strong></span> 
     </span>
    </p>
   </div>
   <div class='ocr_carea' id='block_1_54' title="bbox 1804 2438 3403 2513">
    <p class='ocr_par' dir='ltr' id='par_1_54' title="bbox 1804 2438 3403 2513">
     <span class='ocr_line' id='line_1_54' title="bbox 1804 2438 3403 2513; baseline -0.003 -15"><span class='ocrx_word' id='word_1_405' title='bbox 1804 2457 1910 2513; x_wconf 89' lang='lat' dir='ltr'><strong>que</strong></span> <span class='ocrx_word' id='word_1_406' title='bbox 1941 2451 2154 2498; x_wconf 90' lang='lat' dir='ltr'><strong>mortuo</strong></span> <span class='ocrx_word' id='word_1_407' title='bbox 2177 2441 2399 2512; x_wconf 90' lang='lat' dir='ltr'><strong>antiquo</strong></span> <span class='ocrx_word' id='word_1_408' title='bbox 2429 2447 2582 2511; x_wconf 89' lang='lat' dir='ltr'><strong>patre</strong></span> <span class='ocrx_word' id='word_1_409' title='bbox 2607 2438 2843 2506; x_wconf 91' lang='lat' dir='ltr'><strong>diabolo,</strong></span> <span class='ocrx_word' id='word_1_410' title='bbox 2873 2440 2941 2494; x_wconf 90' lang='lat' dir='ltr'><strong>ad</strong></span> <span class='ocrx_word' id='word_1_411' title='bbox 2969 2448 3170 2494; x_wconf 75' lang='lat' dir='ltr'><strong>sancta:</strong></span> <span class='ocrx_word' id='word_1_412' title='bbox 3209 2438 3403 2494; x_wconf 79' lang='lat' dir='ltr'><strong>Eccle-</strong></span> 
     </span>
    </p>
   </div>
   <div class='ocr_carea' id='block_1_55' title="bbox 1805 2529 3398 2600">
    <p class='ocr_par' dir='ltr' id='par_1_55' title="bbox 1805 2529 3398 2600">
     <span class='ocr_line' id='line_1_55' title="bbox 1805 2529 3398 2600; baseline -0.004 -10"><span class='ocrx_word' id='word_1_413' title='bbox 1805 2537 1899 2590; x_wconf 74' lang='lat' dir='ltr'><strong>sia:</strong></span> <span class='ocrx_word' id='word_1_414' title='bbox 1927 2534 2105 2591; x_wconf 91' lang='lat' dir='ltr'><strong>sinum</strong></span> <span class='ocrx_word' id='word_1_415' title='bbox 2143 2533 2401 2600; x_wconf 85' lang='lat' dir='ltr'><strong>curreus‘,</strong></span> <span class='ocrx_word' id='word_1_416' title='bbox 2447 2531 2502 2587; x_wconf 90' lang='lat' dir='ltr'><strong>in</strong></span> <span class='ocrx_word' id='word_1_417' title='bbox 2549 2546 2613 2587; x_wconf 90' lang='lat' dir='ltr'><strong>ea</strong></span> <span class='ocrx_word' id='word_1_418' title='bbox 2653 2545 2798 2586; x_wconf 82' lang='lat' dir='ltr'><strong>same</strong></span> <span class='ocrx_word' id='word_1_419' title='bbox 2829 2529 3218 2586; x_wconf 81' lang='lat' dir='ltr'><strong>exhortationis</strong></span> <span class='ocrx_word' id='word_1_420' title='bbox 3250 2529 3398 2598; x_wconf 88' lang='lat' dir='ltr'><strong>adju-</strong></span> 
     </span>
    </p>
   </div>
   <div class='ocr_carea' id='block_1_56' title="bbox 1805 2621 3396 2694">
    <p class='ocr_par' dir='ltr' id='par_1_56' title="bbox 1805 2621 3396 2694">
     <span class='ocr_line' id='line_1_56' title="bbox 1805 2621 3396 2694; baseline -0.004 -12"><span class='ocrx_word' id='word_1_421' title='bbox 1805 2627 2006 2682; x_wconf 84' lang='lat' dir='ltr'><strong>toriutn</strong></span> <span class='ocrx_word' id='word_1_422' title='bbox 2037 2623 2264 2690; x_wconf 90' lang='lat' dir='ltr'><strong>invenit,</strong></span> <span class='ocrx_word' id='word_1_423' title='bbox 2290 2624 2379 2694; x_wconf 89' lang='lat' dir='ltr'><strong>qui</strong></span> <span class='ocrx_word' id='word_1_424' title='bbox 2405 2621 2517 2692; x_wconf 90' lang='lat' dir='ltr'><strong>jam</strong></span> <span class='ocrx_word' id='word_1_425' title='bbox 2539 2621 2807 2678; x_wconf 89' lang='lat' dir='ltr'><strong>desideria</strong></span> <span class='ocrx_word' id='word_1_426' title='bbox 2843 2622 3024 2676; x_wconf 90' lang='lat' dir='ltr'><strong>mundi</strong></span> <span class='ocrx_word' id='word_1_427' title='bbox 3064 2636 3396 2691; x_wconf 86' lang='lat' dir='ltr'><strong>persequen-</strong></span> 
     </span>
    </p>
   </div>
   <div class='ocr_carea' id='block_1_57' title="bbox 1809 2713 3397 2786">
    <p class='ocr_par' dir='ltr' id='par_1_57' title="bbox 1809 2713 3397 2786">
     <span class='ocr_line' id='line_1_57' title="bbox 1809 2713 3397 2786; baseline -0.003 -13"><span class='ocrx_word' id='word_1_428' title='bbox 1809 2719 1880 2774; x_wconf 93' lang='lat' dir='ltr'><strong>tis</strong></span> <span class='ocrx_word' id='word_1_429' title='bbox 1903 2717 2061 2786; x_wconf 83' lang='lat' dir='ltr'><strong>fugit.</strong></span> <span class='ocrx_word' id='word_1_430' title='bbox 2093 2715 2280 2772; x_wconf 89' lang='lat' dir='ltr'><strong>Potest</strong></span> <span class='ocrx_word' id='word_1_431' title='bbox 2309 2715 2495 2785; x_wconf 90' lang='lat' dir='ltr'><strong>pupilli</strong></span> <span class='ocrx_word' id='word_1_432' title='bbox 2526 2715 2743 2770; x_wconf 88' lang='lat' dir='ltr'><strong>nomine</strong></span> <span class='ocrx_word' id='word_1_433' title='bbox 2777 2713 2948 2768; x_wconf 83' lang='lat' dir='ltr'><strong>fidelis</strong></span> <span class='ocrx_word' id='word_1_434' title='bbox 2980 2714 3214 2783; x_wconf 87' lang='lat' dir='ltr'><strong>quisque</strong></span> <span class='ocrx_word' id='word_1_435' title='bbox 3232 2714 3397 2769; x_wconf 88' lang='lat' dir='ltr'><strong>etiam</strong></span> 
     </span>
    </p>
   </div>
   <div class='ocr_carea' id='block_1_58' title="bbox 1805 2805 3395 2884">
    <p class='ocr_par' dir='ltr' id='par_1_58' title="bbox 1805 2805 3395 2884">
     <span class='ocr_line' id='line_1_58' title="bbox 1805 2805 3395 2884; baseline -0.005 -17"><span class='ocrx_word' id='word_1_436' title='bbox 1805 2820 2028 2884; x_wconf 89' lang='lat' dir='ltr'><strong>propter</strong></span> <span class='ocrx_word' id='word_1_437' title='bbox 2057 2818 2286 2866; x_wconf 91' lang='lat' dir='ltr'><strong>mortem</strong></span> <span class='ocrx_word' id='word_1_438' title='bbox 2319 2807 2444 2864; x_wconf 91' lang='lat' dir='ltr'><strong>boni</strong></span> <span class='ocrx_word' id='word_1_439' title='bbox 2481 2806 2660 2862; x_wconf 86' lang='lat' dir='ltr'><strong>Patris</strong></span> <span class='ocrx_word' id='word_1_440' title='bbox 2695 2805 2943 2877; x_wconf 88' lang='lat' dir='ltr'><strong>intelligi,</strong></span> <span class='ocrx_word' id='word_1_441' title='bbox 2978 2805 3132 2876; x_wconf 89' lang='lat' dir='ltr'><strong>cujus</strong></span> <span class='ocrx_word' id='word_1_442' title='bbox 3158 2805 3227 2860; x_wconf 88' lang='lat' dir='ltr'><strong>ad</strong></span> <span class='ocrx_word' id='word_1_443' title='bbox 3258 2813 3395 2860; x_wconf 89' lang='lat' dir='ltr'><strong>tem-</strong></span> 
     </span>
    </p>
   </div>
   <div class='ocr_carea' id='block_1_59' title="bbox 1807 2893 3402 2976">
    <p class='ocr_par' dir='ltr' id='par_1_59' title="bbox 1807 2893 3402 2976">
     <span class='ocr_line' id='line_1_59' title="bbox 1807 2893 3402 2976; baseline -0.004 -18"><span class='ocrx_word' id='word_1_444' title='bbox 1807 2904 1953 2976; x_wconf 89' lang='lat' dir='ltr'><strong>plum</strong></span> <span class='ocrx_word' id='word_1_445' title='bbox 1979 2902 2188 2958; x_wconf 87' lang='lat' dir='ltr'><strong>visione</strong></span> <span class='ocrx_word' id='word_1_446' title='bbox 2217 2900 2509 2955; x_wconf 90' lang='lat' dir='ltr'><strong>destitutus</strong></span> <span class='ocrx_word' id='word_1_447' title='bbox 2546 2907 2647 2963; x_wconf 91' lang='lat' dir='ltr'><strong>est,</strong></span> <span class='ocrx_word' id='word_1_448' title='bbox 2679 2912 2842 2968; x_wconf 88' lang='lat' dir='ltr'><strong>quam</strong></span> <span class='ocrx_word' id='word_1_449' title='bbox 2877 2896 3070 2952; x_wconf 86' lang='lat' dir='ltr'><strong>solatio</strong></span> <span class='ocrx_word' id='word_1_450' title='bbox 3111 2893 3402 2952; x_wconf 79' lang='lat' dir='ltr'><strong>destitutus</strong></span> 
     </span>
    </p>
   </div>
   <div class='ocr_carea' id='block_1_60' title="bbox 1809 2985 3399 3058">
    <p class='ocr_par' dir='ltr' id='par_1_60' title="bbox 1809 2985 3399 3058">
     <span class='ocr_line' id='line_1_60' title="bbox 1809 2985 3399 3058; baseline -0.007 -8"><span class='ocrx_word' id='word_1_451' title='bbox 1809 3009 1918 3050; x_wconf 89' lang='lat' dir='ltr'><strong>non</strong></span> <span class='ocrx_word' id='word_1_452' title='bbox 1941 3002 2044 3049; x_wconf 91' lang='lat' dir='ltr'><strong>est.</strong></span> <span class='ocrx_word' id='word_1_453' title='bbox 2074 2991 2378 3046; x_wconf 85' lang='lat' dir='ltr'><strong>Benedictio</strong></span> <span class='ocrx_word' id='word_1_454' title='bbox 2409 2990 2572 3045; x_wconf 90' lang='lat' dir='ltr'><strong>etiam</strong></span> <span class='ocrx_word' id='word_1_455' title='bbox 2615 2987 2835 3058; x_wconf 86' lang='lat' dir='ltr'><strong>perituri</strong></span> <span class='ocrx_word' id='word_1_456' title='bbox 2879 3000 3042 3056; x_wconf 91' lang='lat' dir='ltr'><strong>super</strong></span> <span class='ocrx_word' id='word_1_457' title='bbox 3068 3001 3192 3042; x_wconf 89' lang='lat' dir='ltr'><strong>eum</strong></span> <span class='ocrx_word' id='word_1_458' title='bbox 3232 2985 3399 3048; x_wconf 88' lang='lat' dir='ltr'><strong>venit,</strong></span> 
     </span>
    </p>
   </div>
   <div class='ocr_carea' id='block_1_61' title="bbox 1812 3077 3405 3156">
    <p class='ocr_par' dir='ltr' id='par_1_61' title="bbox 1812 3077 3405 3156">
     <span class='ocr_line' id='line_1_61' title="bbox 1812 3077 3405 3156; baseline -0.006 -14"><span class='ocrx_word' id='word_1_459' title='bbox 1812 3102 1935 3143; x_wconf 91' lang='lat' dir='ltr'><strong>cum</strong></span> <span class='ocrx_word' id='word_1_460' title='bbox 1965 3085 2271 3156; x_wconf 87' lang='lat' dir='ltr'><strong>peccatoris</strong></span> <span class='ocrx_word' id='word_1_461' title='bbox 2310 3083 2589 3139; x_wconf 86' lang='lat' dir='ltr'><strong>interitum</strong></span> <span class='ocrx_word' id='word_1_462' title='bbox 2613 3078 2889 3152; x_wconf 69' lang='lat' dir='ltr'><strong>praevenit,</strong></span> <span class='ocrx_word' id='word_1_463' title='bbox 2943 3087 2998 3135; x_wconf 89' lang='lat' dir='ltr'><strong>et</strong></span> <span class='ocrx_word' id='word_1_464' title='bbox 3037 3093 3158 3134; x_wconf 91' lang='lat' dir='ltr'><strong>cum</strong></span> <span class='ocrx_word' id='word_1_465' title='bbox 3199 3077 3405 3133; x_wconf 86' lang='lat' dir='ltr'><strong>sanctis</strong></span> 
     </span>
    </p>
   </div>
   <div class='ocr_carea' id='block_1_62' title="bbox 105 3141 3402 3246">
    <p class='ocr_par' dir='ltr' id='par_1_62' title="bbox 105 3141 3402 3246">
     <span class='ocr_line' id='line_1_62' title="bbox 105 3141 3402 3246; baseline 0.001 -28"><span class='ocrx_word' id='word_1_466' title='bbox 105 3163 424 3234; x_wconf 84' lang='lat' dir='ltr'><strong>gloriﬁcant</strong></span> <span class='ocrx_word' id='word_1_467' title='bbox 458 3184 472 3222; x_wconf 92' lang='lat'><strong>:</strong></span> <span class='ocrx_word' id='word_1_468' title='bbox 506 3168 652 3226; x_wconf 86' lang='lat' dir='ltr'><strong>leves</strong></span> <span class='ocrx_word' id='word_1_469' title='bbox 687 3174 887 3244; x_wconf 83' lang='lat' dir='ltr'><strong>quique</strong></span> <span class='ocrx_word' id='word_1_470' title='bbox 924 3173 1016 3244; x_wconf 92' lang='lat' dir='ltr'><strong>qui</strong></span> <span class='ocrx_word' id='word_1_471' title='bbox 1050 3182 1207 3240; x_wconf 89' lang='lat' dir='ltr'><strong>sunt,</strong></span> <span class='ocrx_word' id='word_1_472' title='bbox 1237 3141 1475 3246; x_wconf 43' lang='lat' dir='ltr'><strong>fugitinb,</strong></span> <span class='ocrx_word' id='word_1_473' title='bbox 1520 3190 1711 3246; x_wconf 88' lang='lat' dir='ltr'><strong>graves</strong></span> <span class='ocrx_word' id='word_1_474' title='bbox 1735 3141 1782 3205; x_wconf 63' lang='grc' dir='ltr'>Ο</span> <span class='ocrx_word' id='word_1_475' title='bbox 1816 3141 2286 3236; x_wconf 63' lang='lat' dir='ltr'><strong>exhortationibus</strong></span> <span class='ocrx_word' id='word_1_476' title='bbox 2334 3190 2365 3230; x_wconf 90' lang='lat' dir='ltr'><strong>a</strong></span> <span class='ocrx_word' id='word_1_477' title='bbox 2411 3172 2582 3244; x_wconf 70' lang='lat' dir='ltr'><strong>culpae</strong></span> <span class='ocrx_word' id='word_1_478' title='bbox 2613 3141 2782 3227; x_wconf 45' lang='lat' dir='ltr'><strong>&#39;f0vea</strong></span> <span class='ocrx_word' id='word_1_479' title='bbox 2815 3141 3044 3226; x_wconf 85' lang='lat' dir='ltr'><strong>reducit.</strong></span> <span class='ocrx_word' id='word_1_480' title='bbox 3077 3167 3231 3225; x_wconf 89' lang='lat' dir='ltr'><strong>Unde</strong></span> <span class='ocrx_word' id='word_1_481' title='bbox 3265 3167 3402 3223; x_wconf 82' lang='lat' dir='ltr'><strong>scri-</strong></span> 
     </span>
    </p>
   </div>
   <div class='ocr_carea' id='block_1_63' title="bbox 108 3260 1715 3338">
    <p class='ocr_par' dir='ltr' id='par_1_63' title="bbox 108 3260 1715 3338">
     <span class='ocr_line' id='line_1_63' title="bbox 108 3260 1715 3338; baseline 0.01 -31"><span class='ocrx_word' id='word_1_482' title='bbox 108 3270 247 3310; x_wconf 85' lang='lat' dir='ltr'><strong>vero</strong></span> <span class='ocrx_word' id='word_1_483' title='bbox 269 3266 436 3327; x_wconf 84' lang='lat' dir='ltr'><strong>atque</strong></span> <span class='ocrx_word' id='word_1_484' title='bbox 462 3260 687 3330; x_wconf 85' lang='lat' dir='ltr'><strong>perfecti</strong></span> <span class='ocrx_word' id='word_1_485' title='bbox 713 3263 854 3320; x_wconf 90' lang='lat' dir='ltr'><strong>hanc</strong></span> <span class='ocrx_word' id='word_1_486' title='bbox 869 3265 992 3321; x_wconf 84' lang='lat' dir='ltr'><strong>vitae</strong></span> <span class='ocrx_word' id='word_1_487' title='bbox 1012 3281 1123 3320; x_wconf 65' lang='lat' dir='ltr'><strong>suae</strong></span> <span class='ocrx_word' id='word_1_488' title='bbox 1146 3266 1356 3323; x_wconf 88' lang='lat' dir='ltr'><strong>meritis</strong></span> <span class='ocrx_word' id='word_1_489' title='bbox 1378 3266 1715 3338; x_wconf 85' lang='lat' dir='ltr'><strong>assurgendo</strong></span> 
     </span>
    </p>
   </div>
   <div class='ocr_carea' id='block_1_64' title="bbox 109 3349 801 3422">
    <p class='ocr_par' dir='ltr' id='par_1_64' title="bbox 109 3349 801 3422">
     <span class='ocr_line' id='line_1_64' title="bbox 109 3349 801 3422; baseline 0.016 -26"><span class='ocrx_word' id='word_1_490' title='bbox 109 3357 472 3403; x_wconf 85' lang='lat' dir='ltr'><strong>venerantur.</strong></span> <span class='ocrx_word' id='word_1_491' title='bbox 497 3349 758 3422; x_wconf 88' lang='lat' dir='ltr'><strong>Sequitur</strong></span> <span class='ocrx_word' id='word_1_492' title='bbox 788 3371 801 3407; x_wconf 91' lang='lat'><strong>:</strong></span> 
     </span>
    </p>
   </div>
   <div class='ocr_carea' id='block_1_65' title="bbox 184 3440 1715 3523">
    <p class='ocr_par' dir='ltr' id='par_1_65' title="bbox 184 3440 1715 3523">
     <span class='ocr_line' id='line_1_65' title="bbox 184 3440 1715 3523; baseline 0.005 -27"><span class='ocrx_word' id='word_1_493' title='bbox 184 3440 359 3498; x_wconf 72' lang='lat' dir='ltr'><strong>Vens.</strong></span> <span class='ocrx_word' id='word_1_494' title='bbox 399 3444 452 3506; x_wconf 89' lang='lat'><strong>9,</strong></span> <span class='ocrx_word' id='word_1_495' title='bbox 493 3446 581 3501; x_wconf 87' lang='grc'><strong>10.</strong></span> <span class='ocrx_word' id='word_1_496' title='bbox 627 3445 898 3523; x_wconf 68' lang='lat' dir='ltr'><strong>Principes</strong></span> <span class='ocrx_word' id='word_1_497' title='bbox 923 3449 1195 3505; x_wconf 87' lang='lat' dir='ltr'><strong>cessabant</strong></span> <span class='ocrx_word' id='word_1_498' title='bbox 1229 3449 1393 3521; x_wconf 84' lang='lat' dir='ltr'><strong>loqui,</strong></span> <span class='ocrx_word' id='word_1_499' title='bbox 1416 3459 1465 3504; x_wconf 86' lang='lat' dir='ltr'><strong>et</strong></span> <span class='ocrx_word' id='word_1_500' title='bbox 1493 3450 1715 3520; x_wconf 85' lang='lat' dir='ltr'><strong>digitum</strong></span> 
     </span>
    </p>
   </div>
   <div class='ocr_carea' id='block_1_66' title="bbox 106 3535 1714 3616">
    <p class='ocr_par' dir='ltr' id='par_1_66' title="bbox 106 3535 1714 3616">
     <span class='ocr_line' id='line_1_66' title="bbox 106 3535 1714 3616; baseline 0.002 -29"><span class='ocrx_word' id='word_1_501' title='bbox 106 3535 536 3616; x_wconf 75' lang='lat' dir='ltr'><strong>superponebant</strong></span> <span class='ocrx_word' id='word_1_502' title='bbox 568 3537 649 3591; x_wconf 72' lang='lat' dir='ltr'><strong>ori</strong></span> <span class='ocrx_word' id='word_1_503' title='bbox 685 3553 802 3594; x_wconf 89' lang='lat' dir='ltr'><strong>suo.</strong></span> <span class='ocrx_word' id='word_1_504' title='bbox 851 3537 1051 3595; x_wconf 77' lang='lat' dir='ltr'><strong>Vocem.</strong></span> <span class='ocrx_word' id='word_1_505' title='bbox 1083 3556 1236 3594; x_wconf 86' lang='lat' dir='ltr'><strong>suam</strong></span> <span class='ocrx_word' id='word_1_506' title='bbox 1267 3539 1574 3594; x_wconf 82' lang='lat' dir='ltr'><strong>cohibebant</strong></span> <span class='ocrx_word' id='word_1_507' title='bbox 1612 3537 1714 3592; x_wconf 87' lang='lat' dir='ltr'><strong>du-</strong></span> 
     </span>
    </p>
   </div>
   <div class='ocr_carea' id='block_1_67' title="bbox 108 3623 1720 3699">
    <p class='ocr_par' dir='ltr' id='par_1_67' title="bbox 108 3623 1720 3699">
     <span class='ocr_line' id='line_1_67' title="bbox 108 3623 1720 3699; baseline 0.004 -22"><span class='ocrx_word' id='word_1_508' title='bbox 108 3640 222 3688; x_wconf 78' lang='lat' dir='ltr'><strong>ces,</strong></span> <span class='ocrx_word' id='word_1_509' title='bbox 245 3634 298 3678; x_wconf 77' lang='lat' dir='ltr'><strong>et</strong></span> <span class='ocrx_word' id='word_1_510' title='bbox 318 3623 498 3696; x_wconf 82' lang='lat' dir='ltr'><strong>lingua</strong></span> <span class='ocrx_word' id='word_1_511' title='bbox 521 3643 621 3681; x_wconf 87' lang='lat' dir='ltr'><strong>sua</strong></span> <span class='ocrx_word' id='word_1_512' title='bbox 640 3630 839 3699; x_wconf 86' lang='lat' dir='ltr'><strong>gutturi</strong></span> <span class='ocrx_word' id='word_1_513' title='bbox 862 3646 957 3688; x_wconf 78' lang='lat' dir='ltr'><strong>suo</strong></span> <span class='ocrx_word' id='word_1_514' title='bbox 979 3630 1304 3684; x_wconf 68' lang='lat' dir='ltr'><strong>adhaerebat.</strong></span> <span class='ocrx_word' id='word_1_515' title='bbox 1345 3659 1417 3669; x_wconf 89' lang='lat'><strong><em>——</em></strong></span> <span class='ocrx_word' id='word_1_516' title='bbox 1455 3628 1594 3696; x_wconf 85' lang='lat' dir='ltr'><strong>Quid</strong></span> <span class='ocrx_word' id='word_1_517' title='bbox 1616 3630 1720 3684; x_wconf 88' lang='lat' dir='ltr'><strong>hoc</strong></span> 
     </span>
    </p>
   </div>
   <div class='ocr_carea' id='block_1_68' title="bbox 107 3717 1718 3793">
    <p class='ocr_par' dir='ltr' id='par_1_68' title="bbox 107 3717 1718 3793">
     <span class='ocr_line' id='line_1_68' title="bbox 107 3717 1718 3793; baseline 0.003 -22"><span class='ocrx_word' id='word_1_518' title='bbox 107 3717 241 3774; x_wconf 91' lang='lat' dir='ltr'><strong>loco</strong></span> <span class='ocrx_word' id='word_1_519' title='bbox 287 3719 378 3778; x_wconf 86' lang='lat' dir='ltr'><strong>alii</strong></span> <span class='ocrx_word' id='word_1_520' title='bbox 414 3723 582 3777; x_wconf 84' lang='lat' dir='ltr'><strong>duces</strong></span> <span class='ocrx_word' id='word_1_521' title='bbox 610 3721 696 3776; x_wconf 88' lang='lat' dir='ltr'><strong>vel</strong></span> <span class='ocrx_word' id='word_1_522' title='bbox 737 3723 1011 3793; x_wconf 79' lang='lat' dir='ltr'><strong>principes</strong></span> <span class='ocrx_word' id='word_1_523' title='bbox 1045 3723 1270 3792; x_wconf 81' lang='lat' dir='ltr'><strong>intelligi</strong></span> <span class='ocrx_word' id='word_1_524' title='bbox 1318 3730 1567 3790; x_wconf 90' lang='lat' dir='ltr'><strong>possunt,</strong></span> <span class='ocrx_word' id='word_1_525' title='bbox 1615 3721 1718 3776; x_wconf 87' lang='lat' dir='ltr'><strong>nisi</strong></span> 
     </span>
    </p>
   </div>
   <div class='ocr_carea' id='block_1_69' title="bbox 108 3810 1718 3884">
    <p class='ocr_par' dir='ltr' id='par_1_69' title="bbox 108 3810 1718 3884">
     <span class='ocr_line' id='line_1_69' title="bbox 108 3810 1718 3884; baseline 0.001 -20"><span class='ocrx_word' id='word_1_526' title='bbox 108 3810 402 3868; x_wconf 57' lang='lat' dir='ltr'><strong>haeretica</strong></span> <span class='ocrx_word' id='word_1_527' title='bbox 423 3814 712 3882; x_wconf 86' lang='lat' dir='ltr'><strong>pravitatis</strong></span> <span class='ocrx_word' id='word_1_528' title='bbox 736 3815 1030 3870; x_wconf 84' lang='lat' dir='ltr'><strong>auctores?</strong></span> <span class='ocrx_word' id='word_1_529' title='bbox 1072 3814 1149 3868; x_wconf 87' lang='lat' dir='ltr'><strong>De</strong></span> <span class='ocrx_word' id='word_1_530' title='bbox 1192 3814 1388 3884; x_wconf 88' lang='lat' dir='ltr'><strong>quibus</strong></span> <span class='ocrx_word' id='word_1_531' title='bbox 1431 3828 1529 3884; x_wconf 92' lang='lat' dir='ltr'><strong>per</strong></span> <span class='ocrx_word' id='word_1_532' title='bbox 1568 3811 1718 3867; x_wconf 86' lang='lat' dir='ltr'><strong>Psal—</strong></span> 
     </span>
    </p>
   </div>
   <div class='ocr_carea' id='block_1_70' title="bbox 108 3901 1721 3974">
    <p class='ocr_par' dir='ltr' id='par_1_70' title="bbox 108 3901 1721 3974">
     <span class='ocr_line' id='line_1_70' title="bbox 108 3901 1721 3974; baseline 0 -18"><span class='ocrx_word' id='word_1_533' title='bbox 108 3901 347 3956; x_wconf 76' lang='lat' dir='ltr'><strong>mistam</strong></span> <span class='ocrx_word' id='word_1_534' title='bbox 382 3902 583 3958; x_wconf 90' lang='lat' dir='ltr'><strong>dicitur</strong></span> <span class='ocrx_word' id='word_1_535' title='bbox 616 3922 630 3958; x_wconf 89' lang='lat'><strong>:</strong></span> <span class='ocrx_word' id='word_1_536' title='bbox 669 3923 687 3958; x_wconf 74' lang='grc' dir='ltr'>ι</span> <span class='ocrx_word' id='word_1_537' title='bbox 724 3902 903 3960; x_wconf 75' lang='lat' dir='ltr'><strong>Eﬂ‘usa</strong></span> <span class='ocrx_word' id='word_1_538' title='bbox 949 3913 1034 3960; x_wconf 79' lang='lat' dir='ltr'><strong>est</strong></span> <span class='ocrx_word' id='word_1_539' title='bbox 1077 3904 1354 3960; x_wconf 91' lang='lat' dir='ltr'><strong>contentio</strong></span> <span class='ocrx_word' id='word_1_540' title='bbox 1383 3920 1546 3974; x_wconf 88' lang='lat' dir='ltr'><strong>super</strong></span> <span class='ocrx_word' id='word_1_541' title='bbox 1569 3903 1721 3973; x_wconf 83' lang='lat' dir='ltr'><strong>prin-</strong></span> 
     </span>
    </p>
   </div>
   <div class='ocr_carea' id='block_1_71' title="bbox 109 3991 1722 4067">
    <p class='ocr_par' dir='ltr' id='par_1_71' title="bbox 109 3991 1722 4067">
     <span class='ocr_line' id='line_1_71' title="bbox 109 3991 1722 4067; baseline 0.004 -23"><span class='ocrx_word' id='word_1_542' title='bbox 109 3991 300 4059; x_wconf 86' lang='lat' dir='ltr'><strong>cipes,</strong></span> <span class='ocrx_word' id='word_1_543' title='bbox 331 4001 387 4045; x_wconf 89' lang='lat' dir='ltr'><strong>et</strong></span> <span class='ocrx_word' id='word_1_544' title='bbox 408 3994 742 4049; x_wconf 86' lang='lat' dir='ltr'><strong>seduxerunt</strong></span> <span class='ocrx_word' id='word_1_545' title='bbox 761 4010 854 4052; x_wconf 88' lang='lat' dir='ltr'><strong>eos</strong></span> <span class='ocrx_word' id='word_1_546' title='bbox 880 3997 934 4050; x_wconf 90' lang='lat' dir='ltr'><strong>iu</strong></span> <span class='ocrx_word' id='word_1_547' title='bbox 966 3995 1112 4052; x_wconf 90' lang='lat' dir='ltr'><strong>invio</strong></span> <span class='ocrx_word' id='word_1_548' title='bbox 1130 4004 1186 4051; x_wconf 90' lang='lat' dir='ltr'><strong>et</strong></span> <span class='ocrx_word' id='word_1_549' title='bbox 1215 4011 1321 4051; x_wconf 93' lang='lat' dir='ltr'><strong>non</strong></span> <span class='ocrx_word' id='word_1_550' title='bbox 1351 3997 1405 4050; x_wconf 94' lang='lat' dir='ltr'><strong>iu</strong></span> <span class='ocrx_word' id='word_1_551' title='bbox 1423 3995 1510 4049; x_wconf 89' lang='lat' dir='ltr'><strong>via</strong></span> <span class='ocrx_word' id='word_1_552' title='bbox 1546 3993 1722 4067; x_wconf 83' lang='lat' dir='ltr'><strong>(Psat.</strong></span> 
     </span>
    </p>
   </div>
   <div class='ocr_carea' id='block_1_72' title="bbox 107 4082 1725 4158">
    <p class='ocr_par' dir='ltr' id='par_1_72' title="bbox 107 4082 1725 4158">
     <span class='ocr_line' id='line_1_72' title="bbox 107 4082 1725 4158; baseline 0.004 -23"><span class='ocrx_word' id='word_1_553' title='bbox 107 4097 228 4146; x_wconf 64' lang='grc' dir='ltr'><strong>ενι,</strong></span> <span class='ocrx_word' id='word_1_554' title='bbox 264 4082 383 4154; x_wconf 85' lang='grc'><strong>40).</strong></span> <span class='ocrx_word' id='word_1_555' title='bbox 409 4102 426 4135; x_wconf 75' lang='grc' dir='ltr'><strong><em>ι</em></strong></span> <span class='ocrx_word' id='word_1_556' title='bbox 452 4084 609 4142; x_wconf 86' lang='lat' dir='ltr'><strong>Nunc</strong></span> <span class='ocrx_word' id='word_1_557' title='bbox 631 4099 760 4158; x_wconf 87' lang='lat' dir='ltr'><strong>ergo</strong></span> <span class='ocrx_word' id='word_1_558' title='bbox 780 4086 1158 4142; x_wconf 65' lang='lat' dir='ltr'><strong>haereticarum</strong></span> <span class='ocrx_word' id='word_1_559' title='bbox 1185 4087 1422 4157; x_wconf 91' lang='lat' dir='ltr'><strong>plebium</strong></span> <span class='ocrx_word' id='word_1_560' title='bbox 1450 4088 1725 4158; x_wconf 91' lang='lat' dir='ltr'><strong>principes</strong></span> 
     </span>
    </p>
   </div>
   <div class='ocr_carea' id='block_1_73' title="bbox 107 4175 1727 4250">
    <p class='ocr_par' dir='ltr' id='par_1_73' title="bbox 107 4175 1727 4250">
     <span class='ocr_line' id='line_1_73' title="bbox 107 4175 1727 4250; baseline 0.003 -22"><span class='ocrx_word' id='word_1_561' title='bbox 107 4175 457 4230; x_wconf 87' lang='lat' dir='ltr'><strong>auctoritate</strong></span> <span class='ocrx_word' id='word_1_562' title='bbox 507 4186 712 4233; x_wconf 70' lang='lat' dir='ltr'><strong>sancta:</strong></span> <span class='ocrx_word' id='word_1_563' title='bbox 759 4178 1014 4234; x_wconf 79' lang='lat' dir='ltr'><strong>Ecclesiae</strong></span> <span class='ocrx_word' id='word_1_564' title='bbox 1062 4181 1462 4250; x_wconf 89' lang='lat' dir='ltr'><strong>perpendentes</strong></span> <span class='ocrx_word' id='word_1_565' title='bbox 1509 4187 1727 4234; x_wconf 81' lang='lat' dir='ltr'><strong>cessant</strong></span> 
     </span>
    </p>
   </div>
   <div class='ocr_carea' id='block_1_74' title="bbox 105 4269 1726 4342">
    <p class='ocr_par' dir='ltr' id='par_1_74' title="bbox 105 4269 1726 4342">
     <span class='ocr_line' id='line_1_74' title="bbox 105 4269 1726 4342; baseline 0.001 -20"><span class='ocrx_word' id='word_1_566' title='bbox 105 4269 298 4338; x_wconf 89' lang='lat' dir='ltr'><strong>loqui,</strong></span> <span class='ocrx_word' id='word_1_567' title='bbox 346 4276 406 4323; x_wconf 89' lang='lat' dir='ltr'><strong>et</strong></span> <span class='ocrx_word' id='word_1_568' title='bbox 449 4271 608 4339; x_wconf 89' lang='lat' dir='ltr'><strong>quasi</strong></span> <span class='ocrx_word' id='word_1_569' title='bbox 639 4271 722 4326; x_wconf 92' lang='lat' dir='ltr'><strong>ori</strong></span> <span class='ocrx_word' id='word_1_570' title='bbox 763 4283 862 4327; x_wconf 89' lang='lat' dir='ltr'><strong>suo</strong></span> <span class='ocrx_word' id='word_1_571' title='bbox 892 4271 1118 4342; x_wconf 88' lang='lat' dir='ltr'><strong>digitum</strong></span> <span class='ocrx_word' id='word_1_572' title='bbox 1163 4278 1565 4341; x_wconf 89' lang='lat' dir='ltr'><strong>superponunt,</strong></span> <span class='ocrx_word' id='word_1_573' title='bbox 1597 4270 1726 4325; x_wconf 90' lang='lat' dir='ltr'><strong>dum</strong></span> 
     </span>
    </p>
   </div>
   <div class='ocr_carea' id='block_1_75' title="bbox 106 4361 1728 4432">
    <p class='ocr_par' dir='ltr' id='par_1_75' title="bbox 106 4361 1728 4432">
     <span class='ocr_line' id='line_1_75' title="bbox 106 4361 1728 4432; baseline 0.002 -20"><span class='ocrx_word' id='word_1_574' title='bbox 106 4361 281 4416; x_wconf 82' lang='lat' dir='ltr'><strong>falsis</strong></span> <span class='ocrx_word' id='word_1_575' title='bbox 310 4361 572 4431; x_wconf 86' lang='lat' dir='ltr'><strong>querelis,</strong></span> <span class='ocrx_word' id='word_1_576' title='bbox 601 4377 708 4418; x_wconf 88' lang='lat' dir='ltr'><strong>non</strong></span> <span class='ocrx_word' id='word_1_577' title='bbox 735 4363 945 4419; x_wconf 88' lang='lat' dir='ltr'><strong>ratione</strong></span> <span class='ocrx_word' id='word_1_578' title='bbox 965 4363 1114 4418; x_wconf 81' lang='lat' dir='ltr'><strong>vocis</strong></span> <span class='ocrx_word' id='word_1_579' title='bbox 1141 4377 1200 4418; x_wconf 85' lang='lat' dir='ltr'><strong>se</strong></span> <span class='ocrx_word' id='word_1_580' title='bbox 1223 4363 1463 4432; x_wconf 91' lang='lat' dir='ltr'><strong>reprimi,</strong></span> <span class='ocrx_word' id='word_1_581' title='bbox 1495 4363 1589 4417; x_wconf 89' lang='lat' dir='ltr'><strong>sed</strong></span> <span class='ocrx_word' id='word_1_582' title='bbox 1618 4362 1728 4422; x_wconf 86' lang='lat' dir='ltr'><strong>vir-</strong></span> 
     </span>
    </p>
   </div>
   <div class='ocr_carea' id='block_1_76' title="bbox 1813 3261 3408 3343">
    <p class='ocr_par' dir='ltr' id='par_1_76' title="bbox 1813 3261 3408 3343">
     <span class='ocr_line' id='line_1_76' title="bbox 1813 3261 3408 3343; baseline -0.008 -16"><span class='ocrx_word' id='word_1_583' title='bbox 1813 3279 1965 3343; x_wconf 90' lang='lat' dir='ltr'><strong>ptum</strong></span> <span class='ocrx_word' id='word_1_584' title='bbox 1988 3277 2110 3325; x_wconf 87' lang='lat' dir='ltr'><strong>est:</strong></span> <span class='ocrx_word' id='word_1_585' title='bbox 2145 3286 2164 3321; x_wconf 71' lang='grc' dir='ltr'><strong>ε</strong></span> <span class='ocrx_word' id='word_1_586' title='bbox 2196 3267 2297 3335; x_wconf 89' lang='lat' dir='ltr'><strong>Qui</strong></span> <span class='ocrx_word' id='word_1_587' title='bbox 2329 3265 2571 3322; x_wconf 91' lang='lat' dir='ltr'><strong>converti</strong></span> <span class='ocrx_word' id='word_1_588' title='bbox 2612 3263 2801 3320; x_wconf 85' lang='lat' dir='ltr'><strong>fecerit</strong></span> <span class='ocrx_word' id='word_1_589' title='bbox 2837 3273 3178 3333; x_wconf 90' lang='lat' dir='ltr'><strong>peccatorem</strong></span> <span class='ocrx_word' id='word_1_590' title='bbox 3221 3261 3289 3315; x_wconf 90' lang='lat' dir='ltr'><strong>ah</strong></span> <span class='ocrx_word' id='word_1_591' title='bbox 3321 3275 3408 3316; x_wconf 61' lang='lat' dir='ltr'><strong>ero</strong></span> 
     </span>
    </p>
   </div>
   <div class='ocr_carea' id='block_1_77' title="bbox 1815 3354 3408 3424">
    <p class='ocr_par' dir='ltr' id='par_1_77' title="bbox 1815 3354 3408 3424">
     <span class='ocr_line' id='line_1_77' title="bbox 1815 3354 3408 3424; baseline -0.008 -7"><span class='ocrx_word' id='word_1_592' title='bbox 1815 3376 1940 3418; x_wconf 88' lang='lat' dir='ltr'><strong>rore</strong></span> <span class='ocrx_word' id='word_1_593' title='bbox 1959 3361 2060 3415; x_wconf 71' lang='lat' dir='ltr'><strong>via:</strong></span> <span class='ocrx_word' id='word_1_594' title='bbox 2087 3374 2217 3423; x_wconf 84' lang='lat' dir='ltr'><strong>suae,</strong></span> <span class='ocrx_word' id='word_1_595' title='bbox 2245 3358 2473 3413; x_wconf 86' lang='lat' dir='ltr'><strong>salvabit</strong></span> <span class='ocrx_word' id='word_1_596' title='bbox 2511 3357 2748 3412; x_wconf 87' lang='lat' dir='ltr'><strong>animam</strong></span> <span class='ocrx_word' id='word_1_597' title='bbox 2779 3354 2898 3424; x_wconf 90' lang='lat' dir='ltr'><strong>ejus</strong></span> <span class='ocrx_word' id='word_1_598' title='bbox 2922 3369 2952 3408; x_wconf 91' lang='lat' dir='ltr'><strong>a</strong></span> <span class='ocrx_word' id='word_1_599' title='bbox 2980 3361 3174 3418; x_wconf 90' lang='lat' dir='ltr'><strong>morte,</strong></span> <span class='ocrx_word' id='word_1_600' title='bbox 3199 3360 3256 3407; x_wconf 90' lang='lat' dir='ltr'><strong>et</strong></span> <span class='ocrx_word' id='word_1_601' title='bbox 3279 3367 3408 3421; x_wconf 79' lang='lat' dir='ltr'><strong>ope-</strong></span> 
     </span>
    </p>
   </div>
   <div class='ocr_carea' id='block_1_78' title="bbox 1817 3440 3410 3518">
    <p class='ocr_par' dir='ltr' id='par_1_78' title="bbox 1817 3440 3410 3518">
     <span class='ocr_line' id='line_1_78' title="bbox 1817 3440 3410 3518; baseline -0.009 -10"><span class='ocrx_word' id='word_1_602' title='bbox 1817 3453 1889 3508; x_wconf 88' lang='lat' dir='ltr'><strong>rit</strong></span> <span class='ocrx_word' id='word_1_603' title='bbox 1944 3450 2342 3506; x_wconf 88' lang='lat' dir='ltr'><strong>multitudinem</strong></span> <span class='ocrx_word' id='word_1_604' title='bbox 2387 3456 2732 3518; x_wconf 87' lang='lat' dir='ltr'><strong>peccatorum</strong></span> <span class='ocrx_word' id='word_1_605' title='bbox 2776 3444 2918 3517; x_wconf 76' lang='lat' dir='ltr'><strong>(Jac.</strong></span> <span class='ocrx_word' id='word_1_606' title='bbox 2974 3460 3028 3510; x_wconf 93' lang='lat' dir='ltr'><strong>v,</strong></span> <span class='ocrx_word' id='word_1_607' title='bbox 3072 3442 3188 3515; x_wconf 69' lang='grc'><strong>20).</strong></span> <span class='ocrx_word' id='word_1_608' title='bbox 3240 3461 3258 3494; x_wconf 74' lang='grc' dir='ltr'><strong><em>ι</em></strong></span> <span class='ocrx_word' id='word_1_609' title='bbox 3301 3440 3410 3496; x_wconf 87' lang='lat' dir='ltr'><strong>Cor</strong></span> 
     </span>
    </p>
   </div>
   <div class='ocr_carea' id='block_1_79' title="bbox 1817 3531 3404 3603">
    <p class='ocr_par' dir='ltr' id='par_1_79' title="bbox 1817 3531 3404 3603">
     <span class='ocr_line' id='line_1_79' title="bbox 1817 3531 3404 3603; baseline -0.009 -6"><span class='ocrx_word' id='word_1_610' title='bbox 1817 3551 2000 3598; x_wconf 85' lang='lat' dir='ltr'><strong>autem</strong></span> <span class='ocrx_word' id='word_1_611' title='bbox 2029 3540 2204 3595; x_wconf 71' lang='lat' dir='ltr'><strong>viduae</strong></span> <span class='ocrx_word' id='word_1_612' title='bbox 2223 3537 2550 3600; x_wconf 87' lang='lat' dir='ltr'><strong>consolatur,</strong></span> <span class='ocrx_word' id='word_1_613' title='bbox 2597 3537 2724 3590; x_wconf 91' lang='lat' dir='ltr'><strong>dum</strong></span> <span class='ocrx_word' id='word_1_614' title='bbox 2765 3534 2907 3590; x_wconf 81' lang='lat' dir='ltr'><strong>ﬁdeli</strong></span> <span class='ocrx_word' id='word_1_615' title='bbox 2943 3535 3139 3603; x_wconf 91' lang='lat' dir='ltr'><strong>cuique</strong></span> <span class='ocrx_word' id='word_1_616' title='bbox 3183 3531 3404 3594; x_wconf 54' lang='lat' dir='ltr'><strong>anima),</strong></span> 
     </span>
    </p>
   </div>
   <div class='ocr_carea' id='block_1_80' title="bbox 1818 3622 3415 3702">
    <p class='ocr_par' dir='ltr' id='par_1_80' title="bbox 1818 3622 3415 3702">
     <span class='ocr_line' id='line_1_80' title="bbox 1818 3622 3415 3702; baseline -0.008 -15"><span class='ocrx_word' id='word_1_617' title='bbox 1818 3633 1946 3702; x_wconf 91' lang='lat' dir='ltr'><strong>quia</strong></span> <span class='ocrx_word' id='word_1_618' title='bbox 1969 3639 2204 3688; x_wconf 68' lang='lat' dir='ltr'><strong>aeternas</strong></span> <span class='ocrx_word' id='word_1_619' title='bbox 2229 3627 2441 3683; x_wconf 89' lang='lat' dir='ltr'><strong>Domini</strong></span> <span class='ocrx_word' id='word_1_620' title='bbox 2473 3627 2861 3682; x_wconf 87' lang='lat' dir='ltr'><strong>retributiones</strong></span> <span class='ocrx_word' id='word_1_621' title='bbox 2884 3633 3090 3690; x_wconf 87' lang='lat' dir='ltr'><strong>narrat,</strong></span> <span class='ocrx_word' id='word_1_622' title='bbox 3118 3623 3272 3693; x_wconf 90' lang='lat' dir='ltr'><strong>quasi</strong></span> <span class='ocrx_word' id='word_1_623' title='bbox 3303 3622 3415 3676; x_wconf 90' lang='lat' dir='ltr'><strong>viri-</strong></span> 
     </span>
    </p>
   </div>
   <div class='ocr_carea' id='block_1_81' title="bbox 1821 3711 3410 3785">
    <p class='ocr_par' dir='ltr' id='par_1_81' title="bbox 1821 3711 3410 3785">
     <span class='ocr_line' id='line_1_81' title="bbox 1821 3711 3410 3785; baseline -0.008 -7"><span class='ocrx_word' id='word_1_624' title='bbox 1821 3723 1904 3778; x_wconf 89' lang='lat' dir='ltr'><strong>sui</strong></span> <span class='ocrx_word' id='word_1_625' title='bbox 1934 3721 2075 3776; x_wconf 89' lang='lat' dir='ltr'><strong>bona</strong></span> <span class='ocrx_word' id='word_1_626' title='bbox 2104 3722 2173 3776; x_wconf 89' lang='lat' dir='ltr'><strong>ad</strong></span> <span class='ocrx_word' id='word_1_627' title='bbox 2201 3718 2521 3773; x_wconf 89' lang='lat' dir='ltr'><strong>memoriam</strong></span> <span class='ocrx_word' id='word_1_628' title='bbox 2547 3723 2787 3772; x_wconf 89' lang='lat' dir='ltr'><strong>revocat.</strong></span> <span class='ocrx_word' id='word_1_629' title='bbox 2813 3713 2911 3770; x_wconf 91' lang='lat' dir='ltr'><strong>Cui</strong></span> <span class='ocrx_word' id='word_1_630' title='bbox 2939 3714 3062 3785; x_wconf 91' lang='lat' dir='ltr'><strong>quia</strong></span> <span class='ocrx_word' id='word_1_631' title='bbox 3093 3711 3410 3782; x_wconf 88' lang='lat' dir='ltr'><strong>spiritaliter</strong></span> 
     </span>
    </p>
   </div>
   <div class='ocr_carea' id='block_1_82' title="bbox 1822 3804 3410 3881">
    <p class='ocr_par' dir='ltr' id='par_1_82' title="bbox 1822 3804 3410 3881">
     <span class='ocr_line' id='line_1_82' title="bbox 1822 3804 3410 3881; baseline -0.007 -13"><span class='ocrx_word' id='word_1_632' title='bbox 1822 3814 2002 3868; x_wconf 88' lang='lat' dir='ltr'><strong>anima</strong></span> <span class='ocrx_word' id='word_1_633' title='bbox 2016 3811 2202 3881; x_wconf 88' lang='lat' dir='ltr'><strong>juncta</strong></span> <span class='ocrx_word' id='word_1_634' title='bbox 2225 3819 2329 3876; x_wconf 91' lang='lat' dir='ltr'><strong>est,</strong></span> <span class='ocrx_word' id='word_1_635' title='bbox 2359 3825 2423 3867; x_wconf 90' lang='lat' dir='ltr'><strong>eo</strong></span> <span class='ocrx_word' id='word_1_636' title='bbox 2453 3817 2668 3864; x_wconf 91' lang='lat' dir='ltr'><strong>mortuo</strong></span> <span class='ocrx_word' id='word_1_637' title='bbox 2688 3808 2848 3862; x_wconf 89' lang='lat' dir='ltr'><strong>vidua</strong></span> <span class='ocrx_word' id='word_1_638' title='bbox 2863 3806 3080 3871; x_wconf 91' lang='lat' dir='ltr'><strong>dicitur,</strong></span> <span class='ocrx_word' id='word_1_639' title='bbox 3096 3804 3190 3860; x_wconf 90' lang='lat' dir='ltr'><strong>sed</strong></span> <span class='ocrx_word' id='word_1_640' title='bbox 3209 3811 3410 3858; x_wconf 67' lang='lat' dir='ltr'><strong>sanctae</strong></span> 
     </span>
    </p>
   </div>
   <div class='ocr_carea' id='block_1_83' title="bbox 1824 3891 3411 3969">
    <p class='ocr_par' dir='ltr' id='par_1_83' title="bbox 1824 3891 3411 3969">
     <span class='ocr_line' id='line_1_83' title="bbox 1824 3891 3411 3969; baseline -0.006 -12"><span class='ocrx_word' id='word_1_641' title='bbox 1824 3901 2079 3957; x_wconf 66' lang='lat' dir='ltr'><strong>Ecclesiae</strong></span> <span class='ocrx_word' id='word_1_642' title='bbox 2098 3900 2322 3958; x_wconf 89' lang='lat' dir='ltr'><strong>vocibus</strong></span> <span class='ocrx_word' id='word_1_643' title='bbox 2341 3915 2408 3956; x_wconf 85' lang='lat' dir='ltr'><strong>ex</strong></span> <span class='ocrx_word' id='word_1_644' title='bbox 2432 3897 2546 3969; x_wconf 84' lang='lat' dir='ltr'><strong>ejus</strong></span> <span class='ocrx_word' id='word_1_645' title='bbox 2569 3896 2965 3954; x_wconf 89' lang='lat' dir='ltr'><strong>resurrectione</strong></span> <span class='ocrx_word' id='word_1_646' title='bbox 2994 3893 3286 3951; x_wconf 88' lang='lat' dir='ltr'><strong>refovetur.</strong></span> <span class='ocrx_word' id='word_1_647' title='bbox 3313 3891 3411 3948; x_wconf 89' lang='lat' dir='ltr'><strong>Se-</strong></span> 
     </span>
    </p>
   </div>
   <div class='ocr_carea' id='block_1_84' title="bbox 1826 3995 2054 4064">
    <p class='ocr_par' dir='ltr' id='par_1_84' title="bbox 1826 3995 2054 4064">
     <span class='ocr_line' id='line_1_84' title="bbox 1826 3995 2054 4064; baseline 0 -16"><span class='ocrx_word' id='word_1_648' title='bbox 1826 3995 2054 4064; x_wconf 74' lang='lat' dir='ltr'><strong>quhur:</strong></span> 
     </span>
    </p>
   </div>
   <div class='ocr_carea' id='block_1_85' title="bbox 1903 4076 3416 4145">
    <p class='ocr_par' dir='ltr' id='par_1_85' title="bbox 1903 4076 3416 4145">
     <span class='ocr_line' id='line_1_85' title="bbox 1903 4076 3416 4145; baseline -0.005 -7"><span class='ocrx_word' id='word_1_649' title='bbox 1903 4081 2063 4138; x_wconf 79' lang='lat' dir='ltr'><strong>Vens.</strong></span> <span class='ocrx_word' id='word_1_650' title='bbox 2104 4082 2193 4137; x_wconf 74' lang='grc'><strong>14.</strong></span> <span class='ocrx_word' id='word_1_651' title='bbox 2231 4080 2452 4136; x_wconf 76' lang='lat' dir='ltr'><strong>Iustitia</strong></span> <span class='ocrx_word' id='word_1_652' title='bbox 2488 4081 2703 4135; x_wconf 86' lang='lat' dir='ltr'><strong>indutus</strong></span> <span class='ocrx_word' id='word_1_653' title='bbox 2730 4096 2869 4145; x_wconf 90' lang='lat' dir='ltr'><strong>sum,</strong></span> <span class='ocrx_word' id='word_1_654' title='bbox 2900 4087 2948 4133; x_wconf 89' lang='lat' dir='ltr'><strong>et</strong></span> <span class='ocrx_word' id='word_1_655' title='bbox 2987 4078 3185 4134; x_wconf 79' lang='lat' dir='ltr'><strong>vestivit</strong></span> <span class='ocrx_word' id='word_1_656' title='bbox 3215 4093 3295 4133; x_wconf 86' lang='lat' dir='ltr'><strong>me</strong></span> <span class='ocrx_word' id='word_1_657' title='bbox 3319 4076 3416 4132; x_wconf 85' lang='lat' dir='ltr'><strong>sic-</strong></span> 
     </span>
    </p>
   </div>
   <div class='ocr_carea' id='block_1_86' title="bbox 1828 4171 3415 4241">
    <p class='ocr_par' dir='ltr' id='par_1_86' title="bbox 1828 4171 3415 4241">
     <span class='ocr_line' id='line_1_86' title="bbox 1828 4171 3415 4241; baseline -0.006 -10"><span class='ocrx_word' id='word_1_658' title='bbox 1828 4185 1886 4231; x_wconf 91' lang='lat' dir='ltr'><strong>ut</strong></span> <span class='ocrx_word' id='word_1_659' title='bbox 1933 4177 2258 4230; x_wconf 84' lang='lat' dir='ltr'><strong>vestimento.</strong></span> <span class='ocrx_word' id='word_1_660' title='bbox 2300 4204 2371 4216; x_wconf 92' lang='lat'><strong>—-</strong></span> <span class='ocrx_word' id='word_1_661' title='bbox 2404 4173 2746 4230; x_wconf 73' lang='lat' dir='ltr'><strong>Vestimenta</strong></span> <span class='ocrx_word' id='word_1_662' title='bbox 2771 4172 2955 4241; x_wconf 89' lang='lat' dir='ltr'><strong>utique</strong></span> <span class='ocrx_word' id='word_1_663' title='bbox 2975 4187 3096 4227; x_wconf 92' lang='lat' dir='ltr'><strong>cum</strong></span> <span class='ocrx_word' id='word_1_664' title='bbox 3127 4171 3415 4236; x_wconf 90' lang='lat' dir='ltr'><strong>vestimur,</strong></span> 
     </span>
    </p>
   </div>
   <div class='ocr_carea' id='block_1_87' title="bbox 1828 4261 3422 4338">
    <p class='ocr_par' dir='ltr' id='par_1_87' title="bbox 1828 4261 3422 4338">
     <span class='ocr_line' id='line_1_87' title="bbox 1828 4261 3422 4338; baseline -0.004 -14"><span class='ocrx_word' id='word_1_665' title='bbox 1828 4283 1894 4324; x_wconf 87' lang='lat' dir='ltr'><strong>ex</strong></span> <span class='ocrx_word' id='word_1_666' title='bbox 1923 4268 2070 4322; x_wconf 91' lang='lat' dir='ltr'><strong>omni</strong></span> <span class='ocrx_word' id='word_1_667' title='bbox 2099 4275 2252 4338; x_wconf 90' lang='lat' dir='ltr'><strong>parte</strong></span> <span class='ocrx_word' id='word_1_668' title='bbox 2288 4265 2708 4322; x_wconf 89' lang='lat' dir='ltr'><strong>circumdamur.</strong></span> <span class='ocrx_word' id='word_1_669' title='bbox 2751 4263 2842 4318; x_wconf 87' lang='lat' dir='ltr'><strong>llle</strong></span> <span class='ocrx_word' id='word_1_670' title='bbox 2867 4278 2998 4335; x_wconf 88' lang='lat' dir='ltr'><strong>ergo</strong></span> <span class='ocrx_word' id='word_1_671' title='bbox 3024 4261 3236 4332; x_wconf 89' lang='lat' dir='ltr'><strong>justitia</strong></span> <span class='ocrx_word' id='word_1_672' title='bbox 3277 4263 3422 4318; x_wconf 82' lang='lat' dir='ltr'><strong>sicut</strong></span> 
     </span>
    </p>
   </div>
   <div class='ocr_carea' id='block_1_88' title="bbox 1828 4356 3420 4427">
    <p class='ocr_par' dir='ltr' id='par_1_88' title="bbox 1828 4356 3420 4427">
     <span class='ocr_line' id='line_1_88' title="bbox 1828 4356 3420 4427; baseline -0.001 -15"><span class='ocrx_word' id='word_1_673' title='bbox 1828 4358 2153 4414; x_wconf 86' lang='lat' dir='ltr'><strong>vestimento</strong></span> <span class='ocrx_word' id='word_1_674' title='bbox 2189 4358 2441 4422; x_wconf 88' lang='lat' dir='ltr'><strong>vestitur,</strong></span> <span class='ocrx_word' id='word_1_675' title='bbox 2469 4357 2563 4426; x_wconf 87' lang='lat' dir='ltr'><strong>qui</strong></span> <span class='ocrx_word' id='word_1_676' title='bbox 2591 4371 2650 4412; x_wconf 84' lang='lat' dir='ltr'><strong>se</strong></span> <span class='ocrx_word' id='word_1_677' title='bbox 2674 4356 2912 4427; x_wconf 89' lang='lat' dir='ltr'><strong>undique</strong></span> <span class='ocrx_word' id='word_1_678' title='bbox 2931 4356 3073 4411; x_wconf 91' lang='lat' dir='ltr'><strong>bono</strong></span> <span class='ocrx_word' id='word_1_679' title='bbox 3099 4369 3263 4424; x_wconf 91' lang='lat' dir='ltr'><strong>opere</strong></span> <span class='ocrx_word' id='word_1_680' title='bbox 3294 4371 3420 4424; x_wconf 84' lang='lat' dir='ltr'><strong>pro-</strong></span> 
     </span>
    </p>
   </div>
   <div class='ocr_carea' id='block_1_89' title="bbox 103 4449 3419 4546">
    <p class='ocr_par' dir='ltr' id='par_1_89' title="bbox 103 4449 3419 4546">
     <span class='ocr_line' id='line_1_89' title="bbox 103 4449 3419 4546; baseline -0.001 -40"><span class='ocrx_word' id='word_1_681' title='bbox 103 4453 258 4506; x_wconf 81' lang='lat' dir='ltr'><strong>tutis</strong></span> <span class='ocrx_word' id='word_1_682' title='bbox 291 4467 458 4508; x_wconf 86' lang='lat' dir='ltr'><strong>manu</strong></span> <span class='ocrx_word' id='word_1_683' title='bbox 483 4452 814 4524; x_wconf 88' lang='lat' dir='ltr'><strong>significant.</strong></span> <span class='ocrx_word' id='word_1_684' title='bbox 846 4452 1044 4508; x_wconf 84' lang='lat' dir='ltr'><strong>Vocem</strong></span> <span class='ocrx_word' id='word_1_685' title='bbox 1077 4466 1233 4508; x_wconf 87' lang='lat' dir='ltr'><strong>suam</strong></span> <span class='ocrx_word' id='word_1_686' title='bbox 1261 4452 1426 4506; x_wconf 86' lang='lat' dir='ltr'><strong>duces</strong></span> <span class='ocrx_word' id='word_1_687' title='bbox 1450 4451 1725 4516; x_wconf 90' lang='lat' dir='ltr'><strong>cohibent,</strong></span> <span class='ocrx_word' id='word_1_688' title='bbox 1755 4485 1807 4546; x_wconf 72' lang='grc' dir='ltr'>υ</span> <span class='ocrx_word' id='word_1_689' title='bbox 1834 4451 1985 4517; x_wconf 83' lang='lat' dir='ltr'><strong>tegit,</strong></span> <span class='ocrx_word' id='word_1_690' title='bbox 2026 4459 2080 4506; x_wconf 91' lang='lat' dir='ltr'><strong>et</strong></span> <span class='ocrx_word' id='word_1_691' title='bbox 2106 4450 2308 4505; x_wconf 91' lang='lat' dir='ltr'><strong>nullam</strong></span> <span class='ocrx_word' id='word_1_692' title='bbox 2329 4459 2541 4520; x_wconf 90' lang='lat' dir='ltr'><strong>partem</strong></span> <span class='ocrx_word' id='word_1_693' title='bbox 2572 4449 2802 4506; x_wconf 88' lang='lat' dir='ltr'><strong>actionis</strong></span> <span class='ocrx_word' id='word_1_694' title='bbox 2826 4465 2938 4505; x_wconf 68' lang='lat' dir='ltr'><strong>suae</strong></span> <span class='ocrx_word' id='word_1_695' title='bbox 2962 4457 3189 4522; x_wconf 91' lang='lat' dir='ltr'><strong>peccato</strong></span> <span class='ocrx_word' id='word_1_696' title='bbox 3220 4450 3419 4504; x_wconf 89' lang='lat' dir='ltr'><strong>nudam</strong></span> 
     </span>
    </p>
   </div>
   <div class='ocr_carea' id='block_1_90' title="bbox 103 4543 1730 4614">
    <p class='ocr_par' dir='ltr' id='par_1_90' title="bbox 103 4543 1730 4614">
     <span class='ocr_line' id='line_1_90' title="bbox 103 4543 1730 4614; baseline -0.001 -16"><span class='ocrx_word' id='word_1_697' title='bbox 103 4544 254 4611; x_wconf 82' lang='lat' dir='ltr'><strong>quia</strong></span> <span class='ocrx_word' id='word_1_698' title='bbox 295 4543 556 4598; x_wconf 89' lang='lat' dir='ltr'><strong>nimirum</strong></span> <span class='ocrx_word' id='word_1_699' title='bbox 587 4544 643 4598; x_wconf 91' lang='lat' dir='ltr'><strong>hi</strong></span> <span class='ocrx_word' id='word_1_700' title='bbox 692 4544 785 4614; x_wconf 91' lang='lat' dir='ltr'><strong>qui</strong></span> <span class='ocrx_word' id='word_1_701' title='bbox 827 4553 949 4614; x_wconf 87' lang='lat' dir='ltr'><strong>post</strong></span> <span class='ocrx_word' id='word_1_702' title='bbox 977 4559 1038 4600; x_wconf 88' lang='lat' dir='ltr'><strong>se</strong></span> <span class='ocrx_word' id='word_1_703' title='bbox 1069 4551 1316 4598; x_wconf 87' lang='lat' dir='ltr'><strong>errantes</strong></span> <span class='ocrx_word' id='word_1_704' title='bbox 1351 4543 1577 4613; x_wconf 88' lang='lat' dir='ltr'><strong>populos</strong></span> <span class='ocrx_word' id='word_1_705' title='bbox 1619 4551 1730 4596; x_wconf 89' lang='lat' dir='ltr'><strong>tra-</strong></span> 
     </span>
    </p>
   </div>
   <div class='ocr_carea' id='block_1_91' title="bbox 105 4633 1730 4704">
    <p class='ocr_par' dir='ltr' id='par_1_91' title="bbox 105 4633 1730 4704">
     <span class='ocr_line' id='line_1_91' title="bbox 105 4633 1730 4704; baseline -0.001 -17"><span class='ocrx_word' id='word_1_706' title='bbox 105 4634 262 4688; x_wconf 83' lang='lat' dir='ltr'><strong>here</strong></span> <span class='ocrx_word' id='word_1_707' title='bbox 296 4643 601 4699; x_wconf 81' lang='lat' dir='ltr'><strong>conantur,</strong></span> <span class='ocrx_word' id='word_1_708' title='bbox 636 4649 706 4688; x_wconf 88' lang='lat' dir='ltr'><strong>ne</strong></span> <span class='ocrx_word' id='word_1_709' title='bbox 740 4633 884 4703; x_wconf 88' lang='lat' dir='ltr'><strong>loqui</strong></span> <span class='ocrx_word' id='word_1_710' title='bbox 924 4647 1178 4704; x_wconf 89' lang='lat' dir='ltr'><strong>perversa</strong></span> <span class='ocrx_word' id='word_1_711' title='bbox 1212 4647 1354 4686; x_wconf 93' lang='lat' dir='ltr'><strong>nunc</strong></span> <span class='ocrx_word' id='word_1_712' title='bbox 1393 4633 1647 4696; x_wconf 88' lang='lat' dir='ltr'><strong>audeant,</strong></span> <span class='ocrx_word' id='word_1_713' title='bbox 1673 4639 1730 4685; x_wconf 90' lang='lat' dir='ltr'><strong>et</strong></span> 
     </span>
    </p>
   </div>
   <div class='ocr_carea' id='block_1_92' title="bbox 107 4721 1728 4793">
    <p class='ocr_par' dir='ltr' id='par_1_92' title="bbox 107 4721 1728 4793">
     <span class='ocr_line' id='line_1_92' title="bbox 107 4721 1728 4793; baseline -0.001 -18"><span class='ocrx_word' id='word_1_714' title='bbox 107 4722 479 4778; x_wconf 86' lang='lat' dir='ltr'><strong>auctoritatis</strong></span> <span class='ocrx_word' id='word_1_715' title='bbox 516 4721 800 4777; x_wconf 86' lang='lat' dir='ltr'><strong>freuautur</strong></span> <span class='ocrx_word' id='word_1_716' title='bbox 843 4724 1105 4793; x_wconf 89' lang='lat' dir='ltr'><strong>pondere,</strong></span> <span class='ocrx_word' id='word_1_717' title='bbox 1154 4730 1211 4778; x_wconf 93' lang='lat' dir='ltr'><strong>et</strong></span> <span class='ocrx_word' id='word_1_718' title='bbox 1255 4721 1456 4777; x_wconf 91' lang='lat' dir='ltr'><strong>virtute</strong></span> <span class='ocrx_word' id='word_1_719' title='bbox 1482 4721 1728 4778; x_wconf 89' lang='lat' dir='ltr'><strong>rationis.</strong></span> 
     </span>
    </p>
   </div>
   <div class='ocr_carea' id='block_1_93' title="bbox 105 4811 1732 4882">
    <p class='ocr_par' dir='ltr' id='par_1_93' title="bbox 105 4811 1732 4882">
     <span class='ocr_line' id='line_1_93' title="bbox 105 4811 1732 4882; baseline -0.001 -18"><span class='ocrx_word' id='word_1_720' title='bbox 105 4814 380 4877; x_wconf 83' lang='lat' dir='ltr'><strong>Quorum</strong></span> <span class='ocrx_word' id='word_1_721' title='bbox 419 4811 600 4881; x_wconf 88' lang='lat' dir='ltr'><strong>lingua</strong></span> <span class='ocrx_word' id='word_1_722' title='bbox 650 4812 854 4881; x_wconf 89' lang='lat' dir='ltr'><strong>gutturi</strong></span> <span class='ocrx_word' id='word_1_723' title='bbox 885 4827 982 4868; x_wconf 89' lang='lat' dir='ltr'><strong>suo</strong></span> <span class='ocrx_word' id='word_1_724' title='bbox 1010 4811 1270 4876; x_wconf 63' lang='lat' dir='ltr'><strong>adhaeret,</strong></span> <span class='ocrx_word' id='word_1_725' title='bbox 1313 4811 1438 4881; x_wconf 88' lang='lat' dir='ltr'><strong>quia</strong></span> <span class='ocrx_word' id='word_1_726' title='bbox 1470 4811 1571 4867; x_wconf 90' lang='lat' dir='ltr'><strong>etsi</strong></span> <span class='ocrx_word' id='word_1_727' title='bbox 1605 4825 1732 4882; x_wconf 89' lang='lat' dir='ltr'><strong>per-</strong></span> 
     </span>
    </p>
   </div>
   <div class='ocr_carea' id='block_1_94' title="bbox 103 4903 1731 4978">
    <p class='ocr_par' dir='ltr' id='par_1_94' title="bbox 103 4903 1731 4978">
     <span class='ocr_line' id='line_1_94' title="bbox 103 4903 1731 4978; baseline -0.001 -19"><span class='ocrx_word' id='word_1_728' title='bbox 103 4921 288 4961; x_wconf 82' lang='lat' dir='ltr'><strong>versa</strong></span> <span class='ocrx_word' id='word_1_729' title='bbox 314 4905 466 4978; x_wconf 91' lang='lat' dir='ltr'><strong>loqui</strong></span> <span class='ocrx_word' id='word_1_730' title='bbox 495 4906 664 4962; x_wconf 91' lang='lat' dir='ltr'><strong>libera</strong></span> <span class='ocrx_word' id='word_1_731' title='bbox 685 4920 817 4960; x_wconf 86' lang='lat' dir='ltr'><strong>voce</strong></span> <span class='ocrx_word' id='word_1_732' title='bbox 832 4921 939 4962; x_wconf 92' lang='lat' dir='ltr'><strong>non</strong></span> <span class='ocrx_word' id='word_1_733' title='bbox 962 4905 1183 4972; x_wconf 88' lang='lat' dir='ltr'><strong>audent,</strong></span> <span class='ocrx_word' id='word_1_734' title='bbox 1217 4906 1363 4961; x_wconf 88' lang='lat' dir='ltr'><strong>intus</strong></span> <span class='ocrx_word' id='word_1_735' title='bbox 1381 4914 1557 4960; x_wconf 89' lang='lat' dir='ltr'><strong>tamen</strong></span> <span class='ocrx_word' id='word_1_736' title='bbox 1588 4903 1731 4976; x_wconf 90' lang='lat' dir='ltr'><strong>apud</strong></span> 
     </span>
    </p>
   </div>
   <div class='ocr_carea' id='block_1_95' title="bbox 104 4993 1730 5068">
    <p class='ocr_par' dir='ltr' id='par_1_95' title="bbox 104 4993 1730 5068">
     <span class='ocr_line' id='line_1_95' title="bbox 104 4993 1730 5068; baseline -0.003 -16"><span class='ocrx_word' id='word_1_737' title='bbox 104 5013 174 5053; x_wconf 91' lang='lat' dir='ltr'><strong>se</strong></span> <span class='ocrx_word' id='word_1_738' title='bbox 200 5005 519 5068; x_wconf 84' lang='lat' dir='ltr'><strong>contegunt</strong></span> <span class='ocrx_word' id='word_1_739' title='bbox 543 5005 741 5052; x_wconf 88' lang='lat' dir='ltr'><strong>cuncta</strong></span> <span class='ocrx_word' id='word_1_740' title='bbox 767 5011 888 5063; x_wconf 65' lang='lat' dir='ltr'><strong>quae</strong></span> <span class='ocrx_word' id='word_1_741' title='bbox 915 5003 1103 5049; x_wconf 90' lang='lat' dir='ltr'><strong>contra</strong></span> <span class='ocrx_word' id='word_1_742' title='bbox 1129 5009 1315 5050; x_wconf 89' lang='lat' dir='ltr'><strong>veram</strong></span> <span class='ocrx_word' id='word_1_743' title='bbox 1345 4993 1502 5050; x_wconf 86' lang='lat' dir='ltr'><strong>fidem</strong></span> <span class='ocrx_word' id='word_1_744' title='bbox 1533 5007 1730 5064; x_wconf 88' lang='lat' dir='ltr'><strong>propo-</strong></span> 
     </span>
    </p>
   </div>
   <div class='ocr_carea' id='block_1_96' title="bbox 101 5083 1728 5156">
    <p class='ocr_par' dir='ltr' id='par_1_96' title="bbox 101 5083 1728 5156">
     <span class='ocr_line' id='line_1_96' title="bbox 101 5083 1728 5156; baseline -0.002 -16"><span class='ocrx_word' id='word_1_745' title='bbox 101 5101 263 5142; x_wconf 82' lang='lat' dir='ltr'><strong>nere</strong></span> <span class='ocrx_word' id='word_1_746' title='bbox 295 5086 434 5141; x_wconf 88' lang='lat' dir='ltr'><strong>falsa</strong></span> <span class='ocrx_word' id='word_1_747' title='bbox 450 5087 766 5142; x_wconf 91' lang='lat' dir='ltr'><strong>moliuntur.</strong></span> <span class='ocrx_word' id='word_1_748' title='bbox 798 5083 998 5138; x_wconf 88' lang='lat' dir='ltr'><strong>Horum</strong></span> <span class='ocrx_word' id='word_1_749' title='bbox 1011 5099 1140 5156; x_wconf 89' lang='lat' dir='ltr'><strong>ergo</strong></span> <span class='ocrx_word' id='word_1_750' title='bbox 1162 5094 1463 5153; x_wconf 89' lang='lat' dir='ltr'><strong>temporum</strong></span> <span class='ocrx_word' id='word_1_751' title='bbox 1478 5083 1728 5156; x_wconf 88' lang='lat' dir='ltr'><strong>sequenti</strong></span> 
     </span>
    </p>
   </div>
   <div class='ocr_carea' id='block_1_97' title="bbox 103 5175 1732 5252">
    <p class='ocr_par' dir='ltr' id='par_1_97' title="bbox 103 5175 1732 5252">
     <span class='ocr_line' id='line_1_97' title="bbox 103 5175 1732 5252; baseline -0.001 -20"><span class='ocrx_word' id='word_1_752' title='bbox 103 5177 487 5234; x_wconf 83' lang='lat' dir='ltr'><strong>tribulatione</strong></span> <span class='ocrx_word' id='word_1_753' title='bbox 516 5179 856 5252; x_wconf 88' lang='lat' dir='ltr'><strong>deprehensa</strong></span> <span class='ocrx_word' id='word_1_754' title='bbox 891 5177 1242 5234; x_wconf 88' lang='lat' dir='ltr'><strong>reminiscens</strong></span> <span class='ocrx_word' id='word_1_755' title='bbox 1273 5175 1514 5234; x_wconf 86' lang='lat' dir='ltr'><strong>Ecclesia</strong></span> <span class='ocrx_word' id='word_1_756' title='bbox 1545 5176 1732 5248; x_wconf 88' lang='lat' dir='ltr'><strong>deplo-</strong></span> 
     </span>
    </p>
   </div>
   <div class='ocr_carea' id='block_1_98' title="bbox 100 5268 575 5340">
    <p class='ocr_par' dir='ltr' id='par_1_98' title="bbox 100 5268 575 5340">
     <span class='ocr_line' id='line_1_98' title="bbox 100 5268 575 5340; baseline 0 -14"><span class='ocrx_word' id='word_1_757' title='bbox 100 5279 226 5326; x_wconf 86' lang='lat' dir='ltr'><strong>rat.</strong></span> <span class='ocrx_word' id='word_1_758' title='bbox 268 5268 532 5340; x_wconf 87' lang='lat' dir='ltr'><strong>Sequitur</strong></span> <span class='ocrx_word' id='word_1_759' title='bbox 561 5289 575 5327; x_wconf 91' lang='lat'>:</span> 
     </span>
    </p>
   </div>
   <div class='ocr_carea' id='block_1_99' title="bbox 185 5359 359 5398">
    <p class='ocr_par' dir='ltr' id='par_1_99' title="bbox 185 5359 359 5398">
     <span class='ocr_line' id='line_1_99' title="bbox 185 5359 359 5398; baseline 0 0"><span class='ocrx_word' id='word_1_760' title='bbox 185 5359 359 5398; x_wconf 63' lang='lat' dir='ltr'><strong>Ven:</strong></span> 
     </span>
    </p>
   </div>
   <div class='ocr_carea' id='block_1_100' title="bbox 423 5357 1732 5398">
    <p class='ocr_par' dir='ltr' id='par_1_100' title="bbox 423 5357 1732 5398">
     <span class='ocr_line' id='line_1_100' title="bbox 423 5357 1732 5398; baseline 0 0"><span class='ocrx_word' id='word_1_761' title='bbox 423 5361 478 5398; x_wconf 73' lang='grc' dir='ltr'><strong>ΙΙ</strong></span> <span class='ocrx_word' id='word_1_762' title='bbox 552 5361 712 5398; x_wconf 66' lang='grc' dir='ltr'><strong>Δια-ὗε</strong></span> <span class='ocrx_word' id='word_1_763' title='bbox 741 5357 966 5398; x_wconf 59' lang='lat' dir='ltr'><strong>audiens</strong></span> <span class='ocrx_word' id='word_1_764' title='bbox 989 5358 1318 5398; x_wconf 63' lang='lat' dir='ltr'><strong>honh‘ﬁrnhnl</strong></span> <span class='ocrx_word' id='word_1_765' title='bbox 1346 5377 1428 5398; x_wconf 69' lang='lat' dir='ltr'><strong>mn</strong></span> <span class='ocrx_word' id='word_1_766' title='bbox 1476 5371 1523 5398; x_wconf 71' lang='grc' dir='ltr'><em>Μ</em></span> <span class='ocrx_word' id='word_1_767' title='bbox 1549 5359 1732 5398; x_wconf 65' lang='lat' dir='ltr'><strong>tan-alue</strong></span> 
     </span>
    </p>
   </div>
   <div class='ocr_carea' id='block_1_101' title="bbox 1835 4537 3422 4612">
    <p class='ocr_par' dir='ltr' id='par_1_101' title="bbox 1835 4537 3422 4612">
     <span class='ocr_line' id='line_1_101' title="bbox 1835 4537 3422 4612; baseline -0.003 -15"><span class='ocrx_word' id='word_1_768' title='bbox 1835 4540 2113 4612; x_wconf 89' lang='lat' dir='ltr'><strong>relinquit.</strong></span> <span class='ocrx_word' id='word_1_769' title='bbox 2139 4539 2350 4595; x_wconf 85' lang='lat' dir='ltr'><strong>Nullam</strong></span> <span class='ocrx_word' id='word_1_770' title='bbox 2374 4540 2464 4610; x_wconf 91' lang='lat' dir='ltr'><strong>qui</strong></span> <span class='ocrx_word' id='word_1_771' title='bbox 2498 4539 2552 4594; x_wconf 93' lang='lat' dir='ltr'><strong>in</strong></span> <span class='ocrx_word' id='word_1_772' title='bbox 2577 4538 2699 4594; x_wconf 91' lang='lat' dir='ltr'><strong>aliis</strong></span> <span class='ocrx_word' id='word_1_773' title='bbox 2721 4539 3024 4594; x_wconf 89' lang='lat' dir='ltr'><strong>actionibus</strong></span> <span class='ocrx_word' id='word_1_774' title='bbox 3036 4537 3217 4609; x_wconf 89' lang='lat' dir='ltr'><strong>justus</strong></span> <span class='ocrx_word' id='word_1_775' title='bbox 3237 4547 3341 4604; x_wconf 92' lang='lat' dir='ltr'><strong>est,</strong></span> <span class='ocrx_word' id='word_1_776' title='bbox 3366 4539 3422 4593; x_wconf 87' lang='lat' dir='ltr'><strong>iu</strong></span> 
     </span>
    </p>
   </div>
   <div class='ocr_carea' id='block_1_102' title="bbox 1834 4628 3423 4700">
    <p class='ocr_par' dir='ltr' id='par_1_102' title="bbox 1834 4628 3423 4700">
     <span class='ocr_line' id='line_1_102' title="bbox 1834 4628 3423 4700; baseline -0.003 -13"><span class='ocrx_word' id='word_1_777' title='bbox 1834 4633 1958 4688; x_wconf 90' lang='lat' dir='ltr'><strong>aliis</strong></span> <span class='ocrx_word' id='word_1_778' title='bbox 1987 4629 2244 4700; x_wconf 88' lang='lat' dir='ltr'><strong>injustus,</strong></span> <span class='ocrx_word' id='word_1_779' title='bbox 2281 4629 2436 4700; x_wconf 88' lang='lat' dir='ltr'><strong>quasi</strong></span> <span class='ocrx_word' id='word_1_780' title='bbox 2469 4631 2571 4686; x_wconf 92' lang='lat' dir='ltr'><strong>hoc</strong></span> <span class='ocrx_word' id='word_1_781' title='bbox 2598 4629 2740 4685; x_wconf 91' lang='lat' dir='ltr'><strong>latus</strong></span> <span class='ocrx_word' id='word_1_782' title='bbox 2769 4630 3068 4700; x_wconf 89' lang='lat' dir='ltr'><strong>cooperuit,</strong></span> <span class='ocrx_word' id='word_1_783' title='bbox 3100 4628 3227 4685; x_wconf 92' lang='lat' dir='ltr'><strong>illud</strong></span> <span class='ocrx_word' id='word_1_784' title='bbox 3253 4631 3423 4684; x_wconf 88' lang='lat' dir='ltr'><strong>nuda-</strong></span> 
     </span>
    </p>
   </div>
   <div class='ocr_carea' id='block_1_103' title="bbox 1831 4721 3426 4796">
    <p class='ocr_par' dir='ltr' id='par_1_103' title="bbox 1831 4721 3426 4796">
     <span class='ocr_line' id='line_1_103' title="bbox 1831 4721 3426 4796; baseline -0.004 -16"><span class='ocrx_word' id='word_1_785' title='bbox 1831 4727 1929 4780; x_wconf 88' lang='lat' dir='ltr'><strong>vit.</strong></span> <span class='ocrx_word' id='word_1_786' title='bbox 1956 4724 2247 4796; x_wconf 87' lang='lat' dir='ltr'><strong>Sequitur:</strong></span> <span class='ocrx_word' id='word_1_787' title='bbox 2273 4723 2338 4777; x_wconf 86' lang='lat' dir='ltr'><strong>Et</strong></span> <span class='ocrx_word' id='word_1_788' title='bbox 2363 4723 2657 4777; x_wconf 82' lang='lat' dir='ltr'><strong>diademate</strong></span> <span class='ocrx_word' id='word_1_789' title='bbox 2669 4722 2874 4792; x_wconf 79' lang='lat' dir='ltr'><strong>judicio</strong></span> <span class='ocrx_word' id='word_1_790' title='bbox 2897 4739 3031 4778; x_wconf 84' lang='lat' dir='ltr'><strong>meo.</strong></span> <span class='ocrx_word' id='word_1_791' title='bbox 3052 4753 3122 4764; x_wconf 93' lang='lat'><em>—</em></span> <span class='ocrx_word' id='word_1_792' title='bbox 3143 4721 3426 4776; x_wconf 72' lang='lat' dir='ltr'><strong>Iustorum</strong></span> 
     </span>
    </p>
   </div>
   <div class='ocr_carea' id='block_1_104' title="bbox 1831 4813 3421 4888">
    <p class='ocr_par' dir='ltr' id='par_1_104' title="bbox 1831 4813 3421 4888">
     <span class='ocr_line' id='line_1_104' title="bbox 1831 4813 3421 4888; baseline -0.005 -18"><span class='ocrx_word' id='word_1_793' title='bbox 1831 4817 2036 4888; x_wconf 86' lang='lat' dir='ltr'><strong>judicia</strong></span> <span class='ocrx_word' id='word_1_794' title='bbox 2085 4822 2235 4872; x_wconf 91' lang='lat' dir='ltr'><strong>recte</strong></span> <span class='ocrx_word' id='word_1_795' title='bbox 2266 4813 2557 4869; x_wconf 89' lang='lat' dir='ltr'><strong>diademati</strong></span> <span class='ocrx_word' id='word_1_796' title='bbox 2592 4821 3000 4882; x_wconf 89' lang='lat' dir='ltr'><strong>comparantur,</strong></span> <span class='ocrx_word' id='word_1_797' title='bbox 3031 4813 3156 4882; x_wconf 88' lang='lat' dir='ltr'><strong>quia</strong></span> <span class='ocrx_word' id='word_1_798' title='bbox 3179 4825 3275 4880; x_wconf 88' lang='lat' dir='ltr'><strong>per</strong></span> <span class='ocrx_word' id='word_1_799' title='bbox 3302 4825 3421 4863; x_wconf 88' lang='lat' dir='ltr'><strong>ma-</strong></span> 
     </span>
    </p>
   </div>
   <div class='ocr_carea' id='block_1_105' title="bbox 1835 4903 3421 4979">
    <p class='ocr_par' dir='ltr' id='par_1_105' title="bbox 1835 4903 3421 4979">
     <span class='ocr_line' id='line_1_105' title="bbox 1835 4903 3421 4979; baseline -0.006 -16"><span class='ocrx_word' id='word_1_800' title='bbox 1835 4909 1926 4979; x_wconf 88' lang='lat' dir='ltr'><strong>gni</strong></span> <span class='ocrx_word' id='word_1_801' title='bbox 1954 4909 2136 4978; x_wconf 86' lang='lat' dir='ltr'><strong>operis</strong></span> <span class='ocrx_word' id='word_1_802' title='bbox 2161 4905 2390 4977; x_wconf 87' lang='lat' dir='ltr'><strong>gloriam</strong></span> <span class='ocrx_word' id='word_1_803' title='bbox 2421 4905 2486 4959; x_wconf 91' lang='lat' dir='ltr'><strong>ad</strong></span> <span class='ocrx_word' id='word_1_804' title='bbox 2513 4903 2889 4959; x_wconf 87' lang='lat' dir='ltr'><strong>retributionis</strong></span> <span class='ocrx_word' id='word_1_805' title='bbox 2911 4903 3114 4957; x_wconf 89' lang='lat' dir='ltr'><strong>ducunt</strong></span> <span class='ocrx_word' id='word_1_806' title='bbox 3141 4913 3421 4955; x_wconf 91' lang='lat' dir='ltr'><strong>coronam.</strong></span> 
     </span>
    </p>
   </div>
   <div class='ocr_carea' id='block_1_106' title="bbox 1784 4990 3425 5064">
    <p class='ocr_par' dir='ltr' id='par_1_106' title="bbox 1784 4990 3425 5064">
     <span class='ocr_line' id='line_1_106' title="bbox 1784 4990 3425 5064; baseline -0.009 -11"><span class='ocrx_word' id='word_1_807' title='bbox 1784 5030 1790 5035; x_wconf 85' lang='grc'><strong>-</strong></span> <span class='ocrx_word' id='word_1_808' title='bbox 1839 4997 1972 5064; x_wconf 67' lang='lat' dir='ltr'><strong>Quae</strong></span> <span class='ocrx_word' id='word_1_809' title='bbox 1993 4996 2246 5052; x_wconf 90' lang='lat' dir='ltr'><strong>nimirum</strong></span> <span class='ocrx_word' id='word_1_810' title='bbox 2263 4993 2467 5063; x_wconf 88' lang='lat' dir='ltr'><strong>judicia</strong></span> <span class='ocrx_word' id='word_1_811' title='bbox 2487 5009 2672 5050; x_wconf 90' lang='lat' dir='ltr'><strong>secum</strong></span> <span class='ocrx_word' id='word_1_812' title='bbox 2695 4990 2934 5060; x_wconf 90' lang='lat' dir='ltr'><strong>quotidie</strong></span> <span class='ocrx_word' id='word_1_813' title='bbox 2950 4992 3215 5045; x_wconf 90' lang='lat' dir='ltr'><strong>introrsus</strong></span> <span class='ocrx_word' id='word_1_814' title='bbox 3235 4993 3425 5054; x_wconf 87' lang='lat' dir='ltr'><strong>agunt,</strong></span> 
     </span>
    </p>
   </div>
   <div class='ocr_carea' id='block_1_107' title="bbox 1839 5074 3425 5156">
    <p class='ocr_par' dir='ltr' id='par_1_107' title="bbox 1839 5074 3425 5156">
     <span class='ocr_line' id='line_1_107' title="bbox 1839 5074 3425 5156; baseline -0.006 -18"><span class='ocrx_word' id='word_1_815' title='bbox 1839 5086 1970 5156; x_wconf 91' lang='lat' dir='ltr'><strong>quid</strong></span> <span class='ocrx_word' id='word_1_816' title='bbox 2013 5087 2145 5152; x_wconf 89' lang='lat' dir='ltr'><strong>Deo,</strong></span> <span class='ocrx_word' id='word_1_817' title='bbox 2183 5083 2314 5153; x_wconf 89' lang='lat' dir='ltr'><strong>quid</strong></span> <span class='ocrx_word' id='word_1_818' title='bbox 2349 5084 2598 5154; x_wconf 83' lang='lat' dir='ltr'><strong>proximo</strong></span> <span class='ocrx_word' id='word_1_819' title='bbox 2626 5080 2858 5137; x_wconf 90' lang='lat' dir='ltr'><strong>debeant</strong></span> <span class='ocrx_word' id='word_1_820' title='bbox 2880 5079 3108 5134; x_wconf 89' lang='lat' dir='ltr'><strong>solerter</strong></span> <span class='ocrx_word' id='word_1_821' title='bbox 3132 5074 3425 5144; x_wconf 86' lang='lat' dir='ltr'><strong>aspiciunt,</strong></span> 
     </span>
    </p>
   </div>
   <div class='ocr_carea' id='block_1_108' title="bbox 1839 5169 3431 5253">
    <p class='ocr_par' dir='ltr' id='par_1_108' title="bbox 1839 5169 3431 5253">
     <span class='ocr_line' id='line_1_108' title="bbox 1839 5169 3431 5253; baseline -0.009 -16"><span class='ocrx_word' id='word_1_822' title='bbox 1839 5193 2006 5253; x_wconf 89' lang='lat' dir='ltr'><strong>atque</strong></span> <span class='ocrx_word' id='word_1_823' title='bbox 2034 5183 2103 5238; x_wconf 90' lang='lat' dir='ltr'><strong>ad</strong></span> <span class='ocrx_word' id='word_1_824' title='bbox 2138 5179 2346 5250; x_wconf 89' lang='lat' dir='ltr'><strong>agenda</strong></span> <span class='ocrx_word' id='word_1_825' title='bbox 2388 5180 2530 5235; x_wconf 88' lang='lat' dir='ltr'><strong>bona</strong></span> <span class='ocrx_word' id='word_1_826' title='bbox 2561 5195 2620 5236; x_wconf 91' lang='lat' dir='ltr'><strong>se</strong></span> <span class='ocrx_word' id='word_1_827' title='bbox 2649 5177 3004 5233; x_wconf 89' lang='lat' dir='ltr'><strong>vehementer</strong></span> <span class='ocrx_word' id='word_1_828' title='bbox 3030 5169 3350 5234; x_wconf 89' lang='lat' dir='ltr'><strong>accendunt,</strong></span> <span class='ocrx_word' id='word_1_829' title='bbox 3374 5179 3431 5225; x_wconf 81' lang='lat' dir='ltr'><strong>et</strong></span> 
     </span>
    </p>
   </div>
   <div class='ocr_carea' id='block_1_109' title="bbox 1840 5255 3434 5344">
    <p class='ocr_par' dir='ltr' id='par_1_109' title="bbox 1840 5255 3434 5344">
     <span class='ocr_line' id='line_1_109' title="bbox 1840 5255 3434 5344; baseline -0.009 -16"><span class='ocrx_word' id='word_1_830' title='bbox 1840 5274 1906 5328; x_wconf 90' lang='lat' dir='ltr'><strong>de</strong></span> <span class='ocrx_word' id='word_1_831' title='bbox 1933 5269 2262 5344; x_wconf 89' lang='lat' dir='ltr'><strong>perpetratis</strong></span> <span class='ocrx_word' id='word_1_832' title='bbox 2287 5268 2442 5323; x_wconf 89' lang='lat' dir='ltr'><strong>malis</strong></span> <span class='ocrx_word' id='word_1_833' title='bbox 2466 5269 2711 5324; x_wconf 90' lang='lat' dir='ltr'><strong>districte</strong></span> <span class='ocrx_word' id='word_1_834' title='bbox 2737 5261 3087 5330; x_wconf 87' lang='lat' dir='ltr'><strong>redarguunt.</strong></span> <span class='ocrx_word' id='word_1_835' title='bbox 3113 5255 3262 5312; x_wconf 82' lang='lat' dir='ltr'><strong>Unde</strong></span> <span class='ocrx_word' id='word_1_836' title='bbox 3289 5256 3434 5314; x_wconf 80' lang='lat' dir='ltr'><strong>bene</strong></span> 
     </span>
    </p>
   </div>
   <div class='ocr_carea' id='block_1_110' title="bbox 1841 5345 3429 5398">
    <p class='ocr_par' dir='ltr' id='par_1_110' title="bbox 1841 5345 3429 5398">
     <span class='ocr_line' id='line_1_110' title="bbox 1841 5345 3429 5398; baseline 0 0"><span class='ocrx_word' id='word_1_837' title='bbox 1841 5377 2057 5398; x_wconf 69' lang='lat' dir='ltr'><strong>mw&quot;...</strong></span> <span class='ocrx_word' id='word_1_838' title='bbox 2099 5375 2194 5398; x_wconf 75' lang='grc' dir='ltr'><strong>ηρ.-</strong></span> <span class='ocrx_word' id='word_1_839' title='bbox 2237 5357 2582 5398; x_wconf 67' lang='grc' dir='ltr'><strong>ςειιηπιηηρηι</strong></span> <span class='ocrx_word' id='word_1_840' title='bbox 2613 5353 2848 5398; x_wconf 70' lang='lat' dir='ltr'><strong>dicitur:</strong></span> <span class='ocrx_word' id='word_1_841' title='bbox 2880 5348 3233 5398; x_wconf 81' lang='lat' dir='ltr'><strong>Coaimtiones</strong></span> <span class='ocrx_word' id='word_1_842' title='bbox 3257 5345 3429 5398; x_wconf 83' lang='lat' dir='ltr'><strong>iusta-</strong></span> 
     </span>
    </p>
   </div>
  </div>
