3948 5398
1507 393 1563 446 8.
1607 392 1854 450 ODONIS
1888 392 2177 448 ABBATiS
2214 392 2704 450 CLL’NlACENSIS
2741 392 2780 448 ll

3691 392 3790 450 διο

547 481 688 553 sitan
737 505 941 568 quaerat
985 512 1082 553 cur
1124 500 1319 557 beatus
1364 499 1464 556 Job
1513 518 1639 558 suas
1691 514 1797 556 tam
1849 505 2118 559 subtiliter
2149 513 2190 569 Α
2222 514 2425 560 temere
2489 505 2787 561 indiscussa
2832 505 3170 574 judicemus.
3225 523 3291 560 ne
3337 507 3594 576 quaelibet
3654 507 3787 564 mala

551 591 780 645 virtutes
819 600 1124 646 enumerat.
1172 590 1492 648 Sanctorum
1543 595 1740 664 quippe
1770 595 2009 650 virorum
2037 604 2119 649 est

544 684 687 737 bona
715 696 835 750 qua:
883 681 1112 737 fecerint
1151 683 1446 748 occultare,
1492 701 1559 740 ne
1605 687 1880 756 contingat
1920 701 2014 741 eos
2043 685 2122 739 la-

547 785 703 842 psum
721 771 972 826 elationis
999 773 1296 828 incurrere.
1320 773 1424 828 Sed
1447 777 1619 830 sancti
1649 777 1746 829 viri
1774 792 1894 830 eum
1919 791 2119 845 cogun-

543 869 635 915 tur
660 861 798 916 bona
825 876 1052 916 narrare
1073 878 1192 931 quae
1220 861 1445 929 faciunt,
1476 880 1582 919 non
1612 864 1828 918 elationi
1856 866 2116 932 serviunt,

546 956 641 1010 sed
669 955 912 1010 utilitati.
945 955 1098 1012 Unde
1127 957 1317 1010 beatus
1342 955 1442 1012 Job
1470 958 1660 1012 amicis
1689 958 1802 1012 suis
1834 972 1894 1011 se
1923 957 2120 1025 injuste

546 1047 972 1117 increpantibus,
1007 1056 1171 1116 atque
1212 1047 1416 1102 idcirco
1451 1047 1818 1102 nescientibus
1848 1048 1988 1102 bona
2023 1061 2117 1102 sua

542 1135 812 1205 loquendo
853 1138 1047 1206 aperit,
1091 1145 1149 1192 ut
1190 1137 1445 1191 nimirum
1495 1139 1768 1194 discerent
1797 1155 1904 1195 non
1932 1147 2120 1193 contra

544 1224 662 1292 ejus
691 1226 858 1279 vitam
891 1225 1232 1294 increpantes
1261 1226 1418 1297 erigi,
1444 1228 1538 1280 sed
1571 1226 1710 1282 hanc
1745 1235 1982 1281 tacentes
2008 1226 2122 1280 imi-

545 1316 670 1370 tari.
714 1317 1032 1371 Intuendum
1071 1317 1226 1372 nobis
1259 1318 1410 1388 prius
1443 1327 1547 1384 est,
1579 1333 1744 1388 quam
1783 1328 1964 1373 rectus
1992 1333 2119 1372 nar-

549 1406 702 1461 randi
733 1407 866 1463 ordo
897 1417 1166 1474 servetur,
1210 1418 1269 1464 ut
1293 1418 1419 1463 ante
1445 1409 1694 1480 justitiaa,
1724 1418 1779 1465 et
1808 1418 1928 1478 post
1961 1409 2122 1464 mise-

545 1499 790 1554 ricordia:
831 1515 994 1569 opera
1038 1500 1432 1555 describantur.
1482 1500 1576 1556 Ille
1613 1501 1812 1571 quippe
1839 1501 1975 1556 bene
2011 1499 2124 1567 agit

547 1604 667 1658 quae
715 1590 800 1658 pia
847 1597 992 1658 sunt,
1038 1590 1130 1658 qui
1170 1590 1453 1660 scitprius
1480 1605 1700 1645 servare
1729 1588 2041 1659 quaejusta,
2067 1597 2124 1642 ut

543 1678 772 1734 collatus
804 1680 854 1734 iu
885 1679 1148 1750 proximis
1196 1680 1344 1734 rivus
1395 1681 1780 1735 misericordiae
1817 1679 2125 1750 dejustitice

544 1769 694 1824 fonte
732 1771 978 1825 ducatur.
1011 1770 1146 1824 Nam
1182 1771 1337 1824 multi
1367 1771 1630 1840 proximis
1653 1771 1807 1842 quasi
1836 1786 1997 1839 opera
2026 1769 2125 1822 mi-

2219 597 2400 650 audita
2427 613 2526 652 nos
2549 606 2823 662 moveant,
2849 612 2916 652 ne
2940 596 3140 666 passim
3167 595 3309 651 dicta
3337 597 3455 651 sine
3480 595 3792 666 probatione

2219 687 2527 741 credamus.
2561 687 2713 754 Quod
2742 687 2984 757 profecto
3004 695 3318 756 perpetrare
3342 687 3793 756 pertimescimus,

2219 777 2263 832 si
2305 777 2542 832 auctoris
2584 777 2755 832 nostri
2809 776 3060 831 subtilius
3124 775 3264 830 facta
3294 791 3630 853 pensemus,
3688 777 3795 846 ipse

2223 868 2422 938 quippe
2478 877 2538 920 ut
2586 883 2685 921 nos
2732 882 2762 920 a
2808 866 3140 937 prmcipitata
3187 865 3471 919 sententia:
3500 864 3796 934 prolatione

2219 965 2606 1026 compesceret,
2645 972 2766 1011 cum
2813 973 2830 1006 ι
2858 957 3036 1010 omnia
3067 955 3207 1009 nuda
3235 963 3289 1008 et
3318 964 3503 1024 aperta
3536 953 3649 1006 sint
3674 969 3798 1008 ocu-

2221 1049 2288 1104 lis
2321 1049 2440 1120 ejus
2471 1047 2658 1120 (Hebr.
2685 1064 2759 1113 tv,
2789 1049 2898 1118 i5),
2931 1069 2948 1100 ι
2981 1047 3118 1101 mala
3147 1057 3324 1102 tamen
3353 1047 3604 1101 Sodoma:
3636 1047 3801 1100 noluit

2219 1142 2406 1195 audita
2456 1140 2723 1208 judicare,
2771 1140 2860 1210 qui
2908 1141 3019 1193 ait:
3056 1158 3073 1191 ι
3101 1140 3314 1194 Clamor
3360 1137 3727 1193 Sodomorum
3754 1148 3803 1191 ct

2222 1230 2701 1288 Gomorrhzeorum
2753 1230 3141 1298 multiplicatus
3182 1237 3284 1292 est,
3313 1237 3365 1282 et
3395 1238 3683 1296 peccatum
3717 1241 3801 1279 eo-

2222 1337 2341 1376 rum
2399 1330 2752 1391 aggravatum
2798 1329 2882 1374 est
2929 1320 3110 1373 nimis.
3159 1317 3494 1372 Descendam
3531 1325 3585 1370 et
3617 1315 3806 1368 videbo

2221 1421 2403 1466 utrum
2454 1411 2748 1467 clamorem
2780 1412 2871 1480 qui
2903 1411 3049 1464 venit
3075 1409 3140 1464 ad
3169 1424 3255 1463 tne
3293 1424 3456 1478 opere
3503 1405 3807 1476 compleveo

2223 1501 2351 1566 rint,
2398 1517 2464 1554 an
2506 1517 2610 1554 non
2655 1509 2735 1554 est
2764 1501 2855 1562 ita,
2886 1507 2943 1553 ut
2969 1499 3134 1552 sciam
3161 1493 3311 1568 (Cen.
3340 1512 3491 1562 xvut,
3523 1496 3614 1560 20,
3646 1495 3762 1564 9.1).
3784 1515 3803 1548 ι

2224 1589 2357 1657 Quae
2404 1591 2615 1646 scilicet
2661 1589 2826 1644 verba
2875 1589 3037 1642 etiam
3085 1604 3182 1658 per
3225 1602 3412 1641 vocem
3456 1586 3718 1640 Ecclesiae
3747 1585 3813 1639 ad

2224 1680 2721 1748 interpretationem
2768 1679 3000 1747 typicam
3046 1692 3331 1748 possumus
3392 1691 3500 1730 non
3553 1677 3815 1730 income.

2224 1772 2439 1827 nienter
2468 1771 2690 1826 referre.
2722 1770 2838 1840 Ipsa
2867 1769 3066 1839 quippe
3107 1768 3309 1822 electos
3344 1782 3489 1830 suos,
3519 1782 3642 1820 cum
3674 1766 3812 1820 mala

542 1859 854 1915 sericordia:
897 1861 1240 1929 impendunt,
1272 1861 1364 1916 sed
1397 1861 1676 1931 injustitize
1719 1860 1858 1915 facta
1892 1875 1996 1914 non
2029 1861 2119 1914 dc-
2148 1855 2196 1914 B
2223 1862 2521 1917 carnalium
2562 1861 2788 1930 judicat,
2832 1862 2932 1915 hoc
2957 1860 3097 1930 quod
3125 1860 3294 1914 nescit
3326 1860 3641 1928 investigat,
3683 1860 3813 1928 quia

547 1961 756 2006 serunt.
823 1951 926 2018 Qui
974 1952 1018 2007 si
1067 1953 1332 2006 veraciter
1379 1953 1644 2021 proximis
1695 1952 2119 2006 misericordiam

548 2043 731 2097 facere
771 2043 1072 2106 studerent,
1121 2042 1223 2096 sibi
1276 2043 1406 2112 ipsis
1451 2042 1749 2096 debuerant
1795 2043 1944 2113 prius
1977 2041 2122 2109 juste

544 2129 779 2184 vivendo
828 2129 1098 2183 misereri.
1155 2129 1308 2185 Unde
1356 2131 1618 2198 scriptum
1667 2139 1786 2185 est:
1826 2130 2123 2185 «Miserere

549 2218 743 2272 animae
774 2225 878 2271 tua:
905 2217 1124 2287 placens
1155 2218 1264 2272 Deo
1291 2218 1491 2289 (Eccli._
1518 2235 1645 2283 xxx,
1675 2218 1788 2286 2t).
1823 2238 1842 2270 ι
1887 2218 2017 2285 Quae
2045 2218 2124 2271 vi-

546 2307 746 2361 delicet
786 2307 952 2362 verba
979 2308 1023 2361 si
1055 2307 1124 2362 ad
1164 2323 1349 2362 vocem
1396 2317 1596 2363 sanctae
1644 2307 1898 2364 Ecclesiae
1946 2309 2122 2379 typica

544 2399 992 2468 interpretatione
1018 2396 1335 2462 referamus,
1365 2399 1476 2466 ipsa
1500 2407 1583 2453 est
1608 2398 1787 2451 oculus
1809 2414 1965 2463 cwco,
1998 2399 2125 2466 quia

543 2503 643 2560 per
683 2489 905 2544 verbum
935 2487 1113 2553 lucet;
1148 2488 1258 2558 ipsa
1287 2497 1372 2543 est
1395 2504 1482 2558 pes
1513 2487 1726 2553 claudo,
1751 2488 1876 2556 quia
1909 2503 2005 2556 per
2027 2488 2124 2542 ad-

540 2578 805 2648 iutorium
835 2577 1094 2632 continet.
1136 2577 1319 2632 Caacos
1365 2578 1512 2632 enim
1556 2577 1900 2646 praedicando
1932 2577 2128 2632 illumi-

545 2677 661 2736 nat,
684 2669 908 2724 claudos
927 2685 1056 2725 vero
1081 2669 1394 2738 opitulando
1417 2677 1700 2725 sustentat.
1727 2667 1912 2724 Catcus
1933 2669 2129 2740 quippe

549 2767 634 2814 est
672 2760 765 2828 qui
800 2759 978 2814 adhuc
1000 2773 1109 2828 quo
1137 2767 1325 2828 pergat
1349 2773 1454 2812 non
1485 2759 1648 2813 videt.
1681 2758 1918 2814 Claudus
1949 2769 2128 2813 autem

550 2860 636 2908 est
666 2850 758 2920 qui
789 2866 896 2905 non
920 2859 1101 2919 potest
1147 2850 1228 2904 ire
1269 2866 1377 2920 quo
1417 2849 1584 2903 videt.
1625 2847 1731 2904 Sed
1772 2850 1896 2919 quia
1940 2857 2130 2904 sancta

551 2941 794 2996 Ecclesia
831 2941 966 2996 duos
1001 2941 1053 2995 in
1080 2956 1138 2996 se
1166 2940 1391 3011 populos
1439 2940 1662 3011 colligit,
1710 2939 1996 2996 Iudaicum
2026 2940 2133 2995 sci-

553 3031 679 3085 licet
716 3038 878 3098 atque
905 3029 1180 3099 gentilem,
1215 3036 1362 3084 recte
1391 3029 1558 3084 etiam
1588 3037 1766 3098 potest
1793 3044 1935 3084 caeco
1960 3029 2133 3110 genti-

551 3123 641 3187 lis,
686 3120 878 3175 claudo
905 3129 1080 3175 autem
1110 3119 1366 3176 Iudaicus
1392 3121 1621 3191 populus
1660 3122 1951 3191 designari.
1990 3120 2134 3176 Geu-

2224 1951 2366 2006 mala
2403 1967 2521 2021 quze
2553 1951 2723 2007 nescit
2761 1951 3058 2021 operando,
3109 1951 3398 2019 investigat
3431 1964 3529 2019 per
3544 1948 3814 2016 judicium

2224 2044 2564 2115 corrigendo.
2597 2041 2853 2114 Sequitur
2874 2060 2890 2098 :

2305 2135 2468 2189 Vsus.
2498 2133 2583 2189 i7.
2625 2120 2964 2190 Conterebam
2989 2133 3155 2187 molas
3182 2134 3370 2202 iniqui,
3408 2144 3455 2186 et
3480 2135 3545 2186 de
3569 2135 3818 2188 dentibus

2223 2225 2368 2280 illius
2403 2225 2704 2294 auferebam
2730 2224 2988 2293 pra'dam.
3017 2219 3086 2263 -'-
3107 2221 3290 2277 Toties
3317 2225 3517 2291 quippe
3545 2238 3611 2275 ex
3639 2223 3816 2291 iniqui

2227 2318 2478 2372 dentibus
2505 2316 2748 2370 Ecclesia
2791 2299 3026 2386 praedam
3060 2314 3213 2373 tulit,
3251 2315 3462 2383 quoties
3493 2329 3562 2367 ex
3610 2315 3817 2368 erroris

2226 2424 2410 2464 morsu
2442 2407 2677 2461 animam
2706 2405 3048 2477 prtedicaudo
3098 2405 3342 2476 diripuit.
3397 2404 3533 2470 Quis
3580 2420 3818 2472 namque

2226 2499 2445 2569 iniquus
2483 2495 2664 2550 verius
2705 2495 2809 2550 dici
2866 2501 3042 2563 potest
3096 2509 3258 2562 quam
3304 2491 3599 2548 diabolus?
3644 2491 3811 2558 Cujus

2227 2586 2400 2642 molas
2430 2585 2801 2649 conterimus,
2849 2583 3149 2637 deserendo
3189 2591 3376 2636 contra
3423 2579 3544 2647 ejus
3595 2580 3820 2633 insidias

2228 2673 2440 2730 occulta
2471 2673 2612 2727 illius
2635 2672 3071 2726 machinamenta
3097 2680 3483 2731 monstramus,
3516 2683 3584 2722 ac
3610 2667 3676 2722 de
3702 2668 3821 2734 ejus

2231 2765 2481 2822 dentibus
2512 2762 2745 2834 prmdam
2790 2761 3047 2826 tollimus,
3079 2761 3204 2830 quia
3246 2769 3486 2814 mentem
3515 2774 3682 2828 quam
3705 2757 3818 2825 jam

2231 2856 2298 2912 ad
2330 2855 2661 2926 peccandum
2690 2852 2988 2923 frangendo
3025 2851 3431 2915 momorderat,
3479 2852 3547 2903 ad
3588 2850 3820 2904 salutem

2230 2950 2359 3004 vitae
2421 2945 2790 3003 convertendo
2836 2959 3176 3000 revocamus.
3229 2943 3334 2998 Per
3391 2941 3567 2996 molas
3617 2945 3814 3012 quippe

2231 3040 2461 3097 occulta:
2512 3039 2629 3107 ejus
2661 3038 2870 3093 insidiae
2897 3077 2913 3102 ,
2961 3052 3060 3106 per
3089 3036 3275 3091 dentes
3314 3049 3446 3090 vero
3479 3045 3689 3104 apertae
3709 3032 3819 3099 jam

2234 3131 2565 3203 perpetratio
2611 3131 3033 3183 demonstratur.
3089 3127 3164 3181 De
3219 3126 3415 3196 quibus
3469 3125 3818 3178 inimicorum

555 3211 665 3266 tilis
707 3211 905 3280 quippe
948 3211 1103 3280 quasi
1149 3209 1334 3265 oculos
1377 3225 1482 3265 non
1515 3211 1724 3277 habuit,
1755 3212 1879 3280 quia
1911 3225 2016 3264 non
2043 3225 2132 3265 θοι
2158 3202 2204 3266 C
2235 3202 2392 3278 molis
2438 3236 2502 3276 ac
2551 3219 2804 3274 dentibus
2854 3233 2952 3286 per
2996 3216 3339 3271 Psalmistam
3389 3215 3662 3283 scriptum
3693 3223 3815 3266 est:

554 3311 711 3373 cepta
761 3302 898 3372 lege,
948 3317 1053 3356 non
1093 3301 1226 3356 vidit
1267 3316 1374 3371 quo
1400 3301 1480 3356 ire
1514 3302 1804 3357 debuisset.
1846 3302 1916 3356 At
1944 3311 2132 3357 contra

556 3392 816 3448 Judaicus
840 3393 1045 3448 habens
1067 3391 1254 3446 oculos
1278 3392 1499 3447 claudus
1522 3392 1644 3457 fuit,
1667 3392 1791 3461 quia
1813 3391 1984 3463 legem
2018 3392 2136 3462 qui-

559 3484 682 3538 dem
732 3485 950 3540 sciendo
1000 3483 1189 3548 tenuit,
1233 3484 1326 3539 sed
1354 3484 1404 3538 iu
1433 3499 1494 3538 ea
1520 3499 1764 3554 gressum
1797 3485 1931 3539 recti
1958 3485 2138 3553 operis

561 3589 670 3629 non
718 3574 962 3628 tetendit.
1017 3572 1190 3639 Quem
1243 3587 1362 3628 cum
1400 3574 1467 3628 ad
1508 3589 1566 3629 se
1595 3574 1902 3629 venientem
1947 3584 2134 3628 sancta

559 3664 796 3720 Ecclesia
841 3665 1088 3735 suscipit,
1136 3665 1260 3734 quia
1310 3666 1360 3719 ei
1401 3663 1510 3733 jam
1559 3677 1714 3720 vetus
1744 3667 1945 3721 tenenti
1975 3669 2136 3720 etiam

556 3754 764 3810 Novum
792 3757 1193 3810 Testamentum
1237 3757 1450 3820 inserit,
1481 3755 1549 3810 ad
1581 3757 1893 3826 dirigeudos
1917 3771 2140 3827 gressus

560 3845 706 3900 illius
735 3846 889 3915 quasi
916 3845 1146 3900 alterum
1167 3846 1358 3915 pedem
1377 3845 1574 3917 jungit.
1607 3845 1708 3913 Qui
1738 3845 1912 3901 ﬁdelis
1939 3853 2139 3900 sanctae

560 3937 816 3993 Ecclesia:
843 3937 1069 4006 populus
1099 3937 1276 3991 adhuc
1303 3945 1446 3991 recte
1476 3937 1783 4006 subjungit:
1811 3935 1974 3989 Pater
1994 3951 2138 3988 eram

564 4045 872 4099 pauperum.
919 4028 1057 4094 Quia
1103 4027 1350 4082 videlicet
1397 4027 1646 4091 humiles,
1687 4027 1778 4096 qui
1829 4044 1847 4078 ι
1878 4041 2142 4096 pauperes

562 4120 755 4189 spiritu
780 4118 993 4189 (Matth.
1018 4135 1066 4182 v,
1095 4119 1150 4188 5)
1173 4137 1192 4170 ι
1219 4117 1345 4173 dicti
1375 4125 1519 4182 sunt,
1536 4132 1602 4172 ex
1625 4117 1742 4188 ejus
1763 4117 2144 4185 praedicatione

567 4218 919 4282 generantur.
971 4207 1075 4263 Sed
1127 4208 1442 4278 plerumque
1479 4207 1646 4261 multa
1669 4207 1917 4262 homines
1945 4221 2144 4278 paupe-

562 4298 717 4354 ribus
744 4298 1066 4368 largiuntur,
1088 4312 1193 4352 non
1217 4297 1346 4367 quia
1366 4297 1582 4352 eosdem
1603 4311 1868 4366 pauperes
1891 4295 2143 4366 diligunt,

566 4387 662 4444 sed
703 4387 829 4456 quia
859 4387 902 4440 si
943 4387 1161 4441 minime
1199 4387 1457 4450 tribuant,
1506 4387 1642 4441 iram
1678 4385 1878 4455 judicis
1923 4383 2144 4454 superni

567 4477 884 4534 formidant.
936 4475 1072 4543 Quia
1128 4477 1293 4546 igitur
1345 4477 1490 4532 aliud
1546 4485 1632 4531 est
1679 4476 1878 4530 bonum
1910 4490 2046 4546 opus
2073 4489 2142 4528 ex

2241 3334 2260 3368 ι
2295 3316 2436 3370 Deus
2461 3328 2592 3368 vero
2614 3311 2871 3366 contrivit
2899 3311 3088 3364 dentes
3111 3323 3297 3362 eorum
3333 3306 3388 3360 in
3418 3320 3516 3360 ore
3551 3304 3817 3374 ipsorum,

2234 3405 2404 3459 molas
2435 3403 2649 3458 leonum
2677 3399 2983 3470 confringet
3021 3397 3278 3452 Dominus
3304 3394 3478 3466 (Psal.
3508 3411 3644 3459 Lvu,
3678 3395 3754 3461 7).

2237 3493 2342 3548 Sed
2372 3493 2521 3561 prius
2548 3505 2771 3546 necesse
2799 3495 2886 3542 est
2919 3486 3127 3541 occulta
3157 3485 3506 3540 consiliorum
3534 3484 3684 3536 illius
3713 3497 3820 3536 ma-

2239 3583 2580 3638 chinamenta
2598 3579 2846 3649 prodere,
2863 3585 2922 3631 ut
2935 3577 3193 3631 auditoris
3207 3575 3375 3628 nostri
3392 3573 3639 3627 animum
3655 3572 3822 3625 valea-

2237 3686 2356 3726 mus
2377 3670 2716 3740 postmodum
2747 3675 2935 3736 aperto
2962 3667 3113 3736 lapsu
3139 3679 3415 3720 revocare.
3439 3663 3652 3717 Contra
3685 3663 3822 3716 hunc

2236 3758 2445 3814 leonem
2467 3767 2651 3814 sancta
2675 3755 2938 3820 Ecclesia,
2969 3755 3096 3824 quia
3132 3755 3247 3824 ejus
3276 3751 3502 3807 insidias
3530 3751 3821 3819 conspicit,

2241 3849 2363 3904 ﬁdei
2391 3849 2576 3904 caulas
2620 3847 2824 3909 munit,
2849 3843 3008 3912 cujus
3035 3843 3194 3898 toties
3221 3841 3387 3897 molas
3415 3839 3660 3909 frangit,
3694 3853 3825 3908 quo-

2240 3940 2342 3994 ties
2385 3939 2765 3994 hereticorum
2797 3943 3114 4006 argumenta
3152 3932 3412 3996 destruit;
3451 3931 3737 3998 totiesque
3761 3929 3824 3982 ab

2240 4029 2358 4100 ejus
2405 4030 2657 4084 dentibus
2700 4027 2937 4097 praedam
2983 4024 3203 4094 diripit,
3255 4023 3468 4092 quoties
3522 4021 3594 4073 ab
3635 4033 3826 4074 errore

2241 4119 2544 4191 quempiam
2570 4117 2917 4188 praedicando
2942 4115 3227 4171 convertit.
3260 4113 3518 4181 Sequitur
3541 4128 3557 4164 :

2313 4210 2476 4266 Vens.
2507 4211 2594 4266 18.
2633 4209 2981 4274 Dicebamque
3010 4222 3030 4261 :
3060 4206 3128 4260 In
3166 4203 3344 4259 nidulo
3368 4219 3482 4257 meo
3509 4203 3742 4267 moriar,
3780 4209 3827 4254 et

2243 4303 2375 4356 sicut
2405 4299 2580 4370 palma
2606 4297 2964 4369 multiplicabo
2993 4297 3124 4351 dies.
3174 4325 3245 4336 —
3267 4295 3406 4361 Quid
3434 4294 3540 4349 hoc
3573 4292 3701 4348 loco
3731 4307 3826 4362 per

2247 4405 2440 4446 nomen
2463 4388 2832 4459 exprimitur?
2867 4385 3152 4441 Multitudo
3187 4384 3383 4454 quippe
3429 4382 3518 4436 illa
3550 4383 3825 4437 bonorum

2247 4495 2366 4550 quae
2397 4478 2833 4549 persecutionum
2872 4474 3202 4546 temporibus
3231 4473 3394 4528 fuerit
3438 4471 3786 4540 deprehensa
3809 4509 3824 4532 .

573 4577 866 4642 prmcepto,
911 4567 1054 4622 aliud
1099 4581 1229 4622 vero
1273 4566 1436 4621 etiam
1470 4583 1537 4621 ex
1561 4565 1754 4622 aﬂ'eetu
1783 4565 1982 4632 facere,
2021 4579 2145 4619 san-
2173 4543 2224 4603 D
2249 4570 2705 4627 nutrimentorum
2746 4582 2968 4622 suorum
3012 4567 3128 4621 dies
3165 4564 3319 4634 quasi
3355 4563 3410 4617 in
3454 4561 3615 4624 nido,
3657 4561 3746 4614 sic
3773 4561 3824 4614 in

570 4669 694 4716 ctus
725 4659 807 4712 vir
851 4673 957 4713 non
997 4671 1055 4711 se
1094 4667 1380 4726 patronum
1411 4655 1496 4710 vel
1525 4657 1850 4725 proximum,
1886 4654 1972 4710 vel
1995 4653 2148 4721 adju-
2245 4657 2364 4714 loco
2404 4657 2604 4727 quietis
2651 4654 2869 4726 expiem
2912 4655 3161 4709 credidit.
3201 4653 3337 4708 Hinc
3377 4652 3641 4720 scripmm
3696 4659 3821 4703 est:

572 4758 745 4804 torem
788 4761 1106 4818 pauperum,
1139 4745 1232 4801 sed
1260 4754 1469 4814 patrem
1508 4744 1676 4800 fuisse
1725 4754 1971 4799 testatur.
2011 4743 2145 4810 Quia

2252 4766 2273 4802 ι
2307 4747 2520 4802 Etenim
2546 4760 2735 4815 passer
2766 4744 2970 4798 invenit
3008 4743 3109 4798 sibi
3136 4743 3350 4798 domum
3370 4781 3386 4807 ,
3431 4751 3487 4794 et
3534 4748 3722 4793 turtur
3749 4738 3826 4790 ni-

569 4839 832 4893 nimirum
886 4851 1137 4906 magnum
1187 4836 1465 4891 cbaritatis
1503 4833 1734 4890 cilicium
1767 4833 2150 4889 misericordia:
2249 4838 2372 4893 dum
2411 4834 2587 4908 (Paul.
2615 4834 2840 4900 Lxxxtit,
2878 4834 2955 4904 4).
2985 4852 3005 4887 ι
3035 4832 3216 4887 Palma
3237 4832 3381 4886 enim
3405 4831 3558 4884 tarde
3585 4829 3822 4898 prolicit,

574 4927 743 4983 vertit
765 4928 816 4981 in
842 4925 1091 4981 aﬂ‘ectum
1113 4935 1342 4990 uaturze,
1368 4934 1428 4980 ut
1450 4940 1544 4980 eos
1565 4924 1718 4993 quasi
1745 4923 1880 4975 lilios
1904 4929 2151 4976 cerneret

1229 5017 1382 5052 nunc:
1418 5024 1568 5052 nqlar
1611 5020 1835 5052 nrmarnl
1880 5027 1980 5052 nar
2027 5025 2150 5054 nm-

569 5034 672 5050 “an
703 5033 937 5052 omn-vlim
1007 5017 1197 5052 ηιιῖΙιιιε

2251 4929 2346 4984 sed
2381 4928 2473 4981 diu
2514 4927 2568 4981 in
2610 4925 2888 4981 viriditate
2932 4923 3196 4980 subsistit.
3233 4922 3367 4977 Cum
3415 4920 3602 4975 multis
3641 4929 3819 4973 autem

2252 5018 2650 5054 rliﬂinnllolihna
2675 5027 2858 5054 conato
2897 5015 3130 5054 Rnnlacia
3175 5015 3239 5054 ad
3269 5013 3392 5054 ﬁliai
3419 5021 3620 5054 clatum
3654 5010 3818 5054 venit-
