3948 5398
117 427 206 487 341
866 425 1174 486 EPITOME
1207 424 1570 487 MORALII‘M
1608 426 1667 485 S.

1806 424 1917 486 EG.
1954 426 2024 485 ΙΝ
2058 419 2277 487 «ΙΟΒμέ
2309 426 2439 486 LIB.
2468 426 2593 486 XX.
3262 433 3368 488 313
3395 470 3405 476 -

115 545 221 598 visu
266 539 537 599 fructibus
580 541 825 614 pulchra.
870 542 1104 601 Inferius
1144 545 1409 602 corticum
1457 560 1676 602 suarum
1704 551 1759 613 Α
1860 544 2020 602 Vsus.
2048 545 2139 603 20.
2170 545 2351 603 Gloria
2379 564 2492 604 mea
2519 566 2720 621 semper
2747 552 3096 627 imiovabimr,
3134 566 3181 610 et
3213 574 3369 612 arcus

116 631 524 689 involutionibus
558 640 898 705 angustatur,
927 635 1022 692 sed
1054 636 1303 716 superius
1329 636 1685 707 amplitudine
1785 653 1928 693 meus
1945 638 1998 693 in
2018 654 2178 692 manu
2199 655 2311 693 mea
2334 639 2805 694 inslaurabitur.——
2819 641 3017 699 Sancta
3046 647 3243 716 quippe
3265 646 3371 702 Ec-

116 724 336 797 pulchra:
360 721 653 781 viriditatis
681 726 1025 797 expanditnr.
1064 726 1157 783 Sic
1199 714 1398 798 quippe
1443 735 1529 783 est
1570 726 1682 783 ele-
1784 728 1953 784 clesia
1977 728 2132 799 quasi
2182 728 2442 784 amissam
2481 730 2707 802 gloriam
2738 732 2997 803 deplorat,
3027 714 3149 791 cum
3183 714 3372 794 ﬁdeles

115 825 307 872 ciorum
350 816 466 872 vita
499 816 750 887 despecta
793 816 1039 885 inferius,
1082 818 1332 889 superius
1358 818 1602 890 pulchra.
1627 817 1685 874 lu
1787 834 1915 875 suos
1934 819 2001 874 ad
2025 819 2195 874 vitam
2233 829 2473 876 veterem
2507 823 2685 877 redire
2706 825 3040 891 considerat,
3081 829 3156 882 ait
3186 830 3367 884 enim:

120 906 218 962 ima
266 904 367 961 ista
424 906 584 981 quasi
632 907 817 964 multis
838 907 1133 966 corticibus
1184 910 1515 975 obvolvitur,
1558 909 1687 965 dum
1786 906 2135 981 Dicebamque
2174 907 2405 965 ἔσιθι-ἔα
2434 927 2550 965 mea
2578 929 2779 980 semper
2829 914 3179 973 innovabitur.
3232 919 3370 987 Quia

118 996 289 1052 multis
329 996 778 1054 tribulationibus
821 1008 1177 1070 angustatur;
1226 998 1281 1054 in
1313 1014 1524 1054 summa
1559 1012 1688 1054 vero
1786 1009 1881 1051 eos
1916 1010 2053 1066 quos
2090 996 2146 1051 in
2184 1011 2243 1052 se
2280 1012 2434 1052 novae
2464 1000 2585 1055 vita:
2615 1000 2848 1056 militare
2871 1005 3118 1071 credidit,
3148 1008 3372 1064 vetustis

119 1088 196 1144 illa
219 1088 366 1157 quasi
406 1088 650 1161 pulchra;
686 1089 982 1147 viriditatis
1009 1090 1184 1156 foliis,
1224 1089 1580 1162 amplitudine
1603 1105 1693 1147 re-

120 1180 414 1234 tributionis
444 1181 812 1250 expanditur,
860 1181 915 1236 in
962 1182 1068 1238 hoc
1115 1164 1296 1238 autem
1334 1182 1479 1253 quod
1512 1182 1691 1253 palma

117 1273 322 1330 minoris
340 1274 719 1344 amplitudinis
741 1275 810 1332 ab
832 1276 956 1331 imis
982 1276 1228 1341 inchoat,
1257 1284 1313 1331 et
1326 1273 1485 1344 juxta
1509 1289 1692 1332 ramos

116 1378 170 1421 ac
197 1378 367 1420 ramos
396 1364 659 1435 ampliori
690 1365 888 1422 robore
912 1367 1185 1438 exsurgit,
1214 1365 1532 1436 designatur
1560 1371 1695 1437 pro-

115 1456 280 1512 ﬁciens
310 1456 423 1511 vita
448 1454 750 1524 iustorum,
775 1457 871 1528 qui
914 1472 1258 1528 nequaquam
1285 1466 1412 1513 sunt
1439 1458 1495 1512 in
1522 1466 1694 1513 terre—

114 1545 189 1601 nis
211 1546 399 1602 studiis
425 1545 609 1604 fortes
626 1547 756 1602 etin
779 1548 1095 1604 caelestibus
1116 1547 1344 1615 debiles,
1367 1550 1464 1604 sed
1478 1547 1694 1620 longius

118 1646 258 1707 atque
298 1638 605 1695 distantias
652 1639 924 1696 studiosos
968 1654 1030 1696 se
1076 1640 1340 1696 exhibent
1369 1639 1500 1707 Deo,
1529 1656 1694 1711 quam

116 1728 286 1784 saeculo
318 1720 502 1785 fuisse
527 1729 930 1798 meminerunt,
957 1740 1015 1787 et
1055 1731 1104 1788 si
1150 1731 1363 1803 tepidus
1392 1731 1571 1802 prima
1604 1732 1692 1788 in-

117 1818 278 1884 choat,
306 1818 618 1876 ferventius
640 1830 885 1877 extrema
913 1822 1192 1878 consumit
1218 1839 1233 1879 ;
1262 1822 1513 1878 videlicet
1542 1838 1691 1879 sem-

1789 1087 2073 1144 desideriis
2098 1089 2305 1144 servire
2332 1094 2634 1162 cognoscit.
2662 1094 2838 1150 Arcus
2861 1104 3042 1151 autem
3071 1100 3288 1155 nomine
3317 1102 3372 1155 in

1787 1191 1943 1234 sacro
1971 1178 2185 1249 eloquio
2224 1180 2513 1253 aliquando
2543 1182 2809 1238 malorum
2846 1184 3056 1240 insidiae
3082 1188 3370 1257 designan-

1792 1284 1900 1342 tur,
1961 1282 2021 1329 ut
2054 1273 2229 1330 illud:
2268 1293 2287 1327 ι
2341 1274 2694 1329 lntenderunt
2740 1290 2925 1331 arcum
2974 1292 3090 1330 rem
3132 1293 3373 1333 amaram

1790 1363 1969 1436 (Psal.
2004 1364 2263 1437 1x111,4).
2317 1384 2338 1418 ι
2398 1365 2700 1436 Aliquando
2731 1381 2857 1420 vero
2908 1367 3025 1422 dies
3065 1367 3279 1436 judicii,
3319 1382 3379 1423 ut

1792 1457 1925 1512 illud
1957 1475 1971 1512 :
2009 1475 2029 1510 ί
2058 1457 2265 1513 Dedisti
2294 1457 2667 1513 metuentibus
2702 1466 2754 1512 te
2802 1459 3253 1529 signiﬁcationem
3276 1501 3291 1525 ,
3323 1468 3379 1514 ut

1792 1547 2005 1620 fugiant
2039 1548 2228 1603 afacie
2275 1564 2438 1603 arcus
2493 1545 2665 1620 (Psal.
2721 1564 2837 1615 ιιι,
2888 1548 2965 1618 6).
3014 1569 3035 1602 ι
3076 1551 3381 1621 Aliquando

1794 1650 1977 1697 autem
2030 1641 2147 1713 ipsa
2171 1641 2361 1696 eadem
2422 1656 2577 1696 sacra
2622 1640 2837 1711 eloquia
2891 1642 3263 1713 designantur,
3319 1651 3380 1697 ut

1790 1730 1925 1788 illud
1972 1748 1989 1787 :
2046 1750 2066 1785 ‹
2116 1732 2319 1787 Arcum
2365 1746 2519 1785 suum
2567 1732 2814 1794 tetendit,
2847 1740 2901 1786 et
2948 1732 3164 1801 paravit
3226 1732 3377 1787 illum

1796 1820 1971 1895 (Psal.
2008 1838 2106 1889 vn,
2138 1823 2247 1893 15).
2290 1842 2309 1874 ι
2346 1820 2486 1888 Quid
2533 1820 2696 1893 igitur
2729 1822 2781 1876 in
2804 1821 2907 1877 hoc
2934 1822 3056 1879 loco
3094 1838 3255 1877 arcus
3283 1839 3378 1877 no-

117 1925 201 1980 per
224 1909 476 1967 inchoare
527 1927 587 1969 se
619 1913 889 1980 aestimat,
917 1923 976 1971 et
1008 1914 1214 1971 idcirco
1255 1913 1608 1987 infatigabilis
1632 1914 1687 1971 in
1718 1897 1965 1981 Bmine,
2014 1912 2120 1969 nisi
2171 1927 2391 1970 sacrum
2444 1910 2717 1981 eloquium
2766 1910 2930 1966 debet
3000 1911 3265 1983 intelligi?
3320 1910 3378 1967 ln

118 1997 333 2055 novitate
360 2001 656 2071 perdurat.
701 2002 856 2059 Hanc
890 2003 1103 2060 scilicet
1122 2003 1394 2073 iustorum
1434 2015 1693 2062 constan-
1793 2007 1999 2063 chorda
2033 2005 2237 2062 etenim
2270 2003 2676 2060 Testamentum
2700 2002 2930 2069 Novum,
2961 2003 3019 2058 in
3047 2019 3219 2060 cornu
3253 2019 3395 2059 vero:

117 2090 229 2144 tiam
256 2082 533 2163 propheta
572 2094 791 2151 intuens
836 2095 915 2150 ait
944 2114 959 2151 :
996 2114 1016 2148 ι
1046 2094 1149 2163 Qui
1186 2095 1468 2152 conﬁdunt
1501 2097 1555 2151 in
1580 2098 1691 2154 Do-
1793 2099 2207 2157 Testamentum
2242 2095 2415 2153 Vetus
2452 2096 2738 2166 accipitur.
2779 2095 2836 2150 ln
2867 2109 2996 2149 arcu
3033 2104 3214 2150 autem
3243 2095 3391 2150 dum:

117 2180 265 2247 ωῖηον
292 2182 588 2237 mulam-Im
628 2182 1040 2250 forlilUdiﬂem.
1071 2194 1351 2240 assume!“
1393 2200 1602 2256 Pennas
1630 2194 1694 2241 ιιι
1792 2193 1960 2250 corda
1984 2191 2223 2247 trahitur
2265 2203 2435 2246 cornu
2470 2196 2752 2252 curvatur,
2780 2187 2920 2241 sicut
2952 2186 3005 2240 in
3047 2187 3149 2243 hoc
3188 2186 3378 2241 eodem

118 2270 306 2341 aquilae,
330 2283 587 2340 current,
616 2283 673 2332 et
700 2291 808 2331 non
839 2275 1201 2342 laborabunt;
1231 2275 1607 2345 ambulabunt,
1638 2285 1696 2333 et
1795 2298 1954 2341 sacro
1990 2280 2205 2352 eloquio
2258 2280 2388 2335 dum
2428 2278 2835 2333 Testamentum
2887 2277 3096 2332 Novum
3151 2277 3382 2348 legitur,

121 2378 210 2419 “0"
234 2364 483 2421 άεηείθηῑ
513 2364 651 2437 (Ῑεαο
681 2382 775 2434 Χιν
805 2365 917 2438 ’51)-
956 2386 976 2421 ,
1011 2364 1311 2438 δείιυίιυτε
1796 2376 1995 2431 duritia
2024 2371 2360 2429 Testamenti
2391 2370 2600 2425 Veteris
2617 2368 2909 2424 emollitur.
2935 2367 3045 2424 Nec
3068 2369 3383 2424 indecenter

178 2472 323 2530 Vens.
352 2474 440 2531 i9.
484 2474 676 2532 Radix
720 2491 838 2533 mea
878 2486 1065 2549 aperta
1107 2486 1184 2533 est
1222 2494 1372 2533 secus
1400 2495 1587 2550 aquas.
1622 2507 1696 2521 ..-
1796 2467 2025 2525 dicimus
2048 2464 2307 2521 chordam
2333 2462 2680 2517 Testamento
2705 2458 2854 2515 Novo
2882 2474 3217 2550 congruere,
3238 2457 3397 2550 quod-

120 2560 255 2619 Juxta
280 2580 447 2635 aquas
478 2568 693 2622 etenim
728 2568 887 2623 radix
912 2548 1181 2637 aperitur,
1227 2548 1456 2638 quando
1477 2569 1547 2625 ad
1573 2582 1696 2640 per.
1797 2557 1864 2613 de
1914 2555 2286 2613 incarnatione
2336 2552 2619 2608 Dominica
2677 2558 2888 2605 certum
2937 2556 3023 2603 est
3086 2548 3381 2640 exstitisse.

120 2652 339 2723 cipienda
384 2657 645 2713 veritatis
687 2656 891 2715 ﬂuenta
920 2658 1173 2715 iactanter
1212 2659 1472 2731 cogitatio
1497 2639 1697 2719 mentis
1797 2646 1961 2715 QuaSi
1989 2660 2119 2717 ⁸⁸⁸80
2146 2644 2349 2701 Chorda
2383 2642 2639 2706 παιήων»
2672 2651 2727 2696 el
2757 2655 2924 2697 οοιήυ
2949 2648 3222 2702 curvam",
3254 2639 3399 2709 qui?

121 2748 437 2814 expandilur,
470 2748 616 2815 Qum
644 2750 856 2806 scilicet
899 2752 1067 2807 verba
1114 2751 1162 2807 si
1189 2751 1258 2806 ad
1280 2765 1468 2806 vocem
1495 2761 1698 2807 δεηοιω
1798 2740 1926 2796 dum
1978 2740 2035 2794 in
2085 2738 2434 2795 Testamento
2504 2734 2656 2791 Novo
2715 2733 3019 2789 incarnatio
3068 2732 3385 2789 mediatoris

120 2836 352 2895 Ecclesiae
378 2840 661 2907 ducimus,
695 2842 853 2898 radix
882 2843 1029 2899 illius
1058 2844 1175 2914 ipsa
1204 2843 1365 2899 debet
1392 2843 1695 2899 incarnatio

1803 2830 2136 2903 agnoscitur,
2160 2830 2228 2885 ad
2253 2828 2555 2899 spiritalem
2584 2824 2994 2897 intelligentiam
3021 2823 3169 2895 rigor
3196 2821 3387 2880 Testa-

121 2926 476 3000 Redemptoris
516 2931 780 3004 intelligi,
818 2948 940 3004 quae
962 2933 1120 3003 juxta
1151 2947 1324 3004 aquas
1347 2942 1534 3003 aperta
1563 2941 1648 2987 est
1681 2971 1698 2998 ,
1800 2927 1971 2983 menti
2005 2925 2221 2982 Veteris
2266 2923 2582 2979 inclinatur.
2629 2921 2685 2976 lu
2742 2935 2906 2976 manu
2952 2918 3152 2975 etenim
3195 2933 3384 2973 arcum

120 3015 232 3073 dum
260 3020 401 3077 Deus
427 3021 732 3078 invisibilis
761 3038 860 3093 per
885 3023 1313 3093 assumptionem
1344 3022 1699 3078 humanitatis
1800 3027 1971 3085 tenet,
2000 3019 2093 3088 qui
2150 3017 2328 3072 divina
2371 3014 2585 3085 eloquia
2625 3028 2744 3084 quae
2773 3010 3050 3067 intellectu
3084 3010 3384 3082 cognoscit,

121 3121 218 3164 sua:
239 3112 410 3181 patuit
429 3114 753 3183 aspectibus
778 3115 1005 3171 visionis
1032 3124 1251 3171 nostrae.
1277 3113 1414 3170 Hinc
1435 3113 1698 3185 scriptum
1803 3112 2123 3183 operatione
2148 3108 2381 3180 perlicit.
2413 3107 2755 3163 lnstauratur
2781 3118 2912 3176 ergo
2937 3119 3099 3159 arcus
3123 3102 3176 3158 in
3196 3118 3383 3169 manu,

119 3206 191 3253 est
217 3217 231 3254 :
266 3217 285 3253 ι
316 3201 384 3257 Et
407 3203 527 3259 erit
575 3211 831 3274 tanquam
875 3204 1079 3277 lignum
1107 3206 1255 3276 quod
1285 3205 1588 3276 plantatum
1615 3215 1699 3261 est
1724 3246 1768 3277 η
1802 3202 1929 3259 dum
1959 3200 2220 3272 quidquid
2249 3199 2317 3254 de
2344 3212 2500 3253 sacro
2550 3196 2766 3267 eloquio
2797 3194 3064 3251 studendo
3111 3194 3388 3266 cognosci-

121 3303 258 3345 secus
300 3291 577 3349 decursus
622 3306 886 3362 aquarum
932 3292 1106 3364 (Psal.
1140 3310 1182 3358 1,
1209 3294 1287 3364 5).
1330 3313 1349 3346 ι
1392 3293 1694 3365 Sequitur:
1725 3283 1771 3310 ν
1805 3299 1912 3356 tur,
1967 3290 2197 3345 vivendo
2226 3287 2549 3358 completur.
2581 3286 2719 3342 Hinc
2756 3286 2920 3341 etiam
2960 3283 3216 3340 Salomon
3255 3284 3387 3340 dum

120 3374 179 3432 Et
199 3395 276 3435 res
292 3382 599 3437 morabitur
625 3384 681 3437 in
704 3384 959 3438 messione
984 3400 1195 3439 mea.-——
1211 3383 1521 3439 Subaudis:
1551 3383 1701 3440 dice-
1804 3380 1972 3438 fortes
2011 3379 2269 3452 spiritalis
2302 3395 2495 3451 pugnae
2540 3378 2873 3434 describeret
2901 3376 3215 3442 bellatores,
3262 3375 3340 3430 ait
3368 3392 3384 3429 :

120 3468 255 3536 bam,
301 3473 512 3528 messio
560 3473 705 3529 enim
735 3484 939 3530 sanctae
982 3474 1239 3530 Ecclesia:
1278 3489 1384 3529 non
1426 3474 1687 3529 inconve-

120 3559 310 3618 nieuter
333 3563 639 3634 accipitur,
665 3579 789 3619 cum
810 3564 1068 3636 perfectae
1095 3565 1291 3621 anima:
1317 3579 1347 3620 a
1375 3565 1699 3634 corporibus

121 3648 410 3719 abstractas,
460 3653 625 3709 velut
660 3663 886 3708 maturae
911 3662 1121 3723 segetes
1152 3668 1182 3707 a
1225 3666 1369 3709 terra
1402 3654 1600 3709 decisae
1629 3652 1698 3708 ad

118 3738 339 3797 caelestia
388 3743 597 3798 horrea
647 3743 974 3814 demigrant.
1038 3743 1150 3799 Bos
1197 3758 1428 3813 namque
1468 3744 1700 3813 desuper

118 3831 267 3898 cadit,
296 3834 502 3891 messis
540 3835 796 3890 deorsum
820 3834 1110 3904 colligitur.
1154 3835 1296 3906 Ergo
1332 3850 1424 3891 ros
1448 3841 1697 3889 moratur

119 3918 167 3974 lu
204 3925 509 3990 messione,
544 3925 677 3994 quia
722 3924 899 3996 gratia
944 3926 1177 3993 desuper
1215 3924 1441 3980 veniens
1484 3923 1595 3993 agit
1640 3931 1702 3977 ut

120 4008 253 4081 digni
292 4013 470 4072 simus
518 4015 612 4085 qui
661 4015 730 4071 de
780 4014 1132 4071 inferioribus
1172 4014 1509 4085 colligamur.
1556 4012 1695 4068 Hinc

121 4098 306 4160 Paulus
333 4106 412 4161 ait
441 4125 458 4161 :
517 4124 536 4159 ι
575 4106 764 4164 Gratia
797 4107 890 4163 Dei
917 4122 1037 4163 sum
1079 4107 1132 4163 id
1164 4106 1313 4178 quod
1340 4123 1459 4163 sum
1488 4104 1540 4178 (1
1564 4103 1693 4163 .Cor.

119 4205 199 4258 xv,
226 4193 332 4267 10).
355 4215 377 4251 ι
410 4195 708 4268 Sequitur:

128 4379 3069 4409 W—

1812 3491 1831 3525 ‹
1891 3471 2094 3528 Omnes
2134 3479 2381 3525 tenentes
2424 3468 2652 3540 gladios,
2700 3476 2756 3523 et
2793 3467 2859 3521 ad
2900 3466 3039 3522 bella
3085 3465 3389 3522 doctissimi

1808 3559 1986 3630 (Cant.
2017 3575 2100 3627 ιιι,
2141 3559 2218 3629 8).
2257 3578 2277 3613 ι
2328 3557 2439 3613 Sed
2485 3558 2613 3612 dum
2656 3576 2673 3610 ι
2717 3572 2907 3611 omnes
2937 3570 3057 3626 qua:
3110 3570 3209 3611 sua
3259 3564 3390 3610 sunt

1807 3661 2076 3720 quarunt,
2106 3665 2213 3704 non
2244 3664 2365 3720 qua:
2387 3657 2513 3703 sunt
2543 3647 2745 3703 Christi
2773 3645 2897 3701 Jcsu
2922 3644 3092 3717 (Phil.
3119 3662 3182 3710 ιι,
3219 3644 3333 3716 21),
3364 3664 3384 3698 ι

1806 3745 2010 3813 scripta
2038 3743 2131 3797 Dei
2180 3741 2378 3811 ubique
2406 3749 2621 3808 reperta
2672 3748 3019 3808 opponuntur
3058 3736 3261 3799 oculis,
3292 3735 3389 3790 sed

1807 3835 1923 3889 haec
1969 3845 2294 3902 cognoscere
2344 3830 2595 3885 homines
2630 3830 3008 3899 dedignantur,
3042 3841 3179 3899 pene
3210 3825 3389 3882 nullus

1807 3923 2003 3992 quaerit
2049 3921 2191 3976 scire
2242 3919 2384 3991 quod
2421 3919 2612 3973 credit.
2645 3917 2932 3972 Multitudo
2959 3930 3087 3987 ergo
3118 3916 3383 3972 bonorum

1807 4012 2225 4085 praecedentium
2257 4026 2445 4065 arcum
2480 4025 2637 4064 suum
2679 4008 2880 4064 destrui
2912 4007 3111 4070 doleat,
3153 4021 3273 4076 quae
3295 4021 3387 4060 sa-

1808 4121 1962 4161 crum
1983 4104 2255 4173 eloquium
2289 4101 2583 4157 restaurari
2614 4115 2828 4170 semper
2857 4114 2954 4169 per
2981 4097 3219 4153 studium
3251 4097 3382 4152 sub-

1807 4194 2147 4266 sequentium
2170 4190 2445 4249 credebat.

3077 4375 3382 4393 ﬂ

1295 4561 1594 4639 LIBER
1648 4498 2231 4637 VICESIMUS.

188 4891 387 4955 Sancta
423 4892 625 4962 quippe
661 4888 926 4952 Ecclesia,
956 4886 1339 4943 haereticorum
1379 4884 1464 4940 vel
1502 4897 1700 4940 carna-
1728 4885 1779 4944 D
1806 4882 1934 4951 quia
1962 4879 2080 4949 ejus
2106 4877 2267 4934 verba
2302 4888 2413 4930 non
2441 4873 2641 4930 audent
2661 4872 2999 4944 impugnare,
3025 4869 3120 4926 sed
3150 4868 3393 4923 credere.-

124 4977 244 5035 lium
270 4979 714 5035 tribulationibus
734 4992 944 5048 pressa,
963 4976 1362 5047 prteteritorum
1393 4971 1700 5028 reminisci-

125 5080 204 5125 tur
226 5080 554 5143 temporum,
609 5072 664 5127 in
696 5070 894 5140 quibus
927 5082 1088 5124 omne
1122 5066 1264 5139 quod
1286 5064 1356 5120 ab
1386 5080 1450 5120 ea
1476 5063 1701 5126 dicitur,

125 5180 239 5221 eum
272 5163 491 5225 metu'a
544 5164 798 5221 fidelibus
843 5162 1093 5226 auditur;
1151 5168 1208 5218 et
1257 5157 1695 5214 adversariorum

1807 4969 2066 5025 Scauitur
2087 4984 2102 5024 :

2088 5008 2190 5113 ἐἰ
2234 5055 2413 5113 Verbis
2437 5055 2565 5112 meis
2604 5055 2800 5108 addere
2843 5052 2974 5108 nihil
3013 5047 3295 5105 audebant.
3323 5075 3400 5090 ...-

1807 5152 1945 5220 Quia
1976 5161 2104 5207 tunc
2128 5149 2383 5204 nimirum
2412 5146 2658 5204 haeretici
2684 5160 2808 5201 cum
2840 5153 3026 5200 contra
3067 5140 3208 5193 hanc
3232 5133 3407 5226 liber-
