3948 5398
572 435 679 493 ωδ
1559 439 1618 496 S.
1660 436 1908 498 ODONIS
1949 439 2237 498 ABBATIS
2275 439 2768 501 CLUNIACENSIS
2801 444 2846 500 II
3037 439 3039 441 ’
3689 451 3766 508 3H

570 553 714 609 Hinc
740 553 988 622 estquod
1013 553 1238 624 jubente
1260 552 1491 609 Domino
1516 569 1624 610 non
1661 555 1834 610 solum
1867 555 2061 626 phialae
2088 555 2154 610 ad
2181 558 2230 618 Α
2259 564 2460 612 terram
2493 557 2732 622 caderet,
2776 560 2840 630 si,~
2867 559 2921 616 in
2952 569 3200 617 extremo
3219 559 3425 629 judicio
3467 559 3666 618 veniens
3689 562 3770 618 cia-

571 658 818 700 mensam
850 643 1208 714 tabernaculi,
1239 645 1333 702 sed
1355 646 1518 701 etiam
1541 647 1723 718 cyathi
1752 657 2149 718 praparantur.
2255 648 2469 703 ritatem
2506 650 2806 722 majestatis
2827 667 2937 707 sua
2973 653 3353 723 peccatoribus
3387 653 3628 724 aperiret.
3655 653 3772 720 Quod

568 732 832 804 Sequitur
854 754 868 791 :

615 825 806 882 γης.
849 827 945 882 2'5.
967 858 1039 870 --
1063 827 1452 900 Exspectabam
1479 846 1560 886 me
1588 831 1722 886 sicut
1741 830 1994 900 pluviam,
2018 840 2068 886 et
2094 847 2152 886 os

565 933 725 972 suum
741 919 1222 991 aperiebantquasi
1243 922 1312 974 ad
1328 922 1542 977 imbrem
1569 923 1874 978 serotinum.
1891 923 2150 978 -—Verba

566 1009 768 1080 quippe
800 1017 1005 1066 sancta
1032 1013 1432 1082 praedicationis
1479 1015 1622 1070 sicut
1654 1015 1888 1086 pluviam
1919 1017 2154 1072 sustine-

508 1156 514 1162 ,
567 1114 712 1166 mus,
755 1115 878 1156 cum
908 1118 1036 1158 vera
1083 1102 1386 1160 humilitate
1413 1103 1718 1160 ariditatem
1766 1105 1938 1160 nostri
1974 1107 2151 1161 cordis

503 1185 519 1250 ,ἲ
567 1191 940 1258 agnoscimus,
987 1201 1046 1246 ut
1095 1201 1224 1262 potu
1273 1201 1476 1249 sancta
1522 1194 1923 1264 praedicationis
1957 1195 2151 1265 irrige-

563 1296 707 1336 mur.
746 1281 900 1338 Unde
946 1292 1093 1339 recte
1135 1300 1233 1354 per
1254 1283 1601 1339 Psalmistam
1629 1284 1864 1340 dicitur:
1901 1304 1920 1338 ι
1955 1285 2150 1340 Anima

567 1387 688 1428 mea
725 1375 870 1430 sicut
912 1384 1058 1430 terra
1108 1378 1226 1432 sine
1255 1391 1397 1446 aqua
1426 1374 1520 1430 tibi
1552 1375 1724 1447 (Psal.
1766 1374 1954 1447 σιω).
1994 1395 2014 1428 ι
2049 1375 2149 1443 Qui

566 1462 693 1517 dum
719 1462 772 1517 in
803 1473 1228 1542 extrettta_parte
1241 1464 1358 1534 jam
1380 1465 1563 1520 saeculi
1591 1466 1756 1521 verba
1783 1474 1986 1521 sancta
2009 1480 2149 1536 pra-

493 1537 506 1591 ἀ
565 1553 854 1611 alicationis
886 1537 1203 1626 accipimus,
1243 1556 1398 1627 quasi
1427 1557 1497 1611 ad
1530 1557 1748 1611 imbrem
1773 1557 2060 1611 serotinum
2090 1571 2151 1613 os

563 1645 745 1700 cordis
793 1646 1083 1716 aperimus.
1139 1645 1274 1702 Nam
1318 1647 1365 1703 si
1421 1662 1484 1703 os
1543 1647 1598 1702 in
1627 1647 1791 1702 corde
1837 1661 1945 1702 non
1975 1655 2150 1716 esset,

561 1732 853 1791 Psalmista
886 1751 993 1791 non
1029 1737 1268 1794 diceret:
1303 1757 1324 1791 ε
1371 1738 1540 1794 Labia
1568 1738 1756 1794 dolosa
1791 1738 1845 1793 in
1886 1740 2071 1806 corde,
2096 1748 2152 1797 et

562 1823 729 1877 corde
750 1823 913 1879 locuti
933 1833 1062 1880 sunt
1080 1825 1253 1896 (-Psal.
1282 1841 1356 1892 ιι,
1384 1827 1460 1898 3),
1489 1845 1508 1878 ι
1533 1826 1694 1881 mala.
1725 1826 1864 1883 Hinc
1888 1828 2150 1899 scriptum

2252 739 2298 792 si
2329 737 2445 794 haec
2472 743 2638 794 verba
2683 756 2755 795 ex
2789 752 2994 798 sancta
3021 743 3280 800 Ecclesia
3323 758 3454 800 voce
3479 743 3772 814 suscipimus,

2253 847 2359 888 non
2387 834 2709 906 gincongrue
2754 836 3060 908 intelligere
3092 836 3391 908 poterimus
3438 835 3602 891 lucem
3637 835 3774 892 vultus

2251 921 2369 992 ejus
2396 922 2450 976 in
2483 931 2684 977 terram
2705 939 2812 978 non
2843 925 3063 992 cadere,
3093 927 3242 995 quia,
3269 923 3544 996 occupatis
3576 923 3622 978 in
3645 931 3774 980 terre-

2251 1011 2338 1066 nis
2392 1011 2622 1079 actibus,
2647 1014 3011 1084 vitatjsumma
3042 1016 3515 1087 contemplationis
3556 1031 3655 1070 sua
3686 1029 3773 1086 my-

2250 1100 2417 1155 steria
2448 1102 2766 1171 pradicare.
2789 1104 2903 1159 Dici
2942 1106 3088 1160 enim
3116 1105 3347 1161 infirmis
3368 1105 3528 1160 fortia
3553 1105 3776 1176 prohibet,

2252 1207 2320 1248 ne
2353 1192 2481 1247 dum
2534 1193 2860 1264 i‘ncapabilia
2911 1197 3138 1251 audiunt
3186 1197 3582 1268 praedicationis
3622 1195 3773 1259 verbis,

2250 1281 2451 1352 quibus
2471 1283 2741 1338 sublevari
2767 1284 3089 1351 debuerant,
3114 1286 3513 1356 opprimantur.
3539 1283 3773 1353 Sequitur:

2323 1372 2591 1428 Vsnsﬂb.
2608 1371 2958 1431 Sivoluissem
2975 1378 3051 1431 ire
3063 1377 3133 1432 ad
3153 1376 3514 1443 eos,sedebant
3536 1377 3776 1444 primus.—
3812 1423 3817 1452 ί

2252 1461 2388 1530 Quia
2409 1463 2461 1517 in
2490 1463 2654 1518 corde
2676 1466 3024 1534 reproborum
3053 1468 3216 1537 priori
3245 1467 3363 1522 loco
3393 1467 3623 1522 actiones
3641 1467 3778 1522 cannis
3814 1463 3820 1472 ’

2252 1565 2402 1620 sunt,
2424 1564 2479 1610 et
2506 1557 2796 1626 posteriori
2826 1560 3066 1614 actiones
3103 1559 3316 1626 anima,
3348 1561 3403 1614 in
3427 1574 3606 1615 eorum
3635 1557 3777 1628 procul

2253 1646 2417 1702 dubio
2431 1648 2849 1720 cogitationibus
2861 1650 3112 1706 Christus
3128 1667 3234 1707 non
3259 1652 3487 1722 primus,
3506 1652 3594 1707 sed
3607 1650 3778 1727 ultimus

2252 1737 2426 1794 sedet.
2469 1738 2577 1795 Sed
2607 1740 2763 1795 electi
2804 1742 3026 1812 quique,
3051 1743 3175 1812 quia
3212 1759 3277 1798 ea
3303 1759 3419 1814 pra
3442 1743 3674 1799 omnibus
3691 1731 3785 1813 qua.

2253 1838 2456 1884 aeterna
2487 1839 2611 1885 sunt
2635 1832 2896 1904 cogitant,
2922 1833 3211 1903 posteriori
3237 1848 3370 1888 cura
3397 1834 3611 1888 minima
3633 1835 3670 1888 si
3689 1849 3778 1903 qua

562 1922 646 1967 est
673 1928 688 1968 :
723 1931 744 1966 ι
781 1913 929 1971 Dabo
956 1915 1109 1972 vobis
1142 1917 1379 1986 pluviam
1413 1927 1815 1989 temporaneam
1865 1928 1921 1976 et
1963 1923 2156 1978 seroti-
2183 1917 2231 1977 B
2259 1929 2386 1986 sunt
2415 1923 2728 1992 temporalia
2756 1924 3068 1994 disponunt,
3116 1923 3311 1993 quibus
3339 1932 3395 1979 et
3418 1924 3658 1995 magistra
3683 1936 3779 1978 voce

561 2021 687 2060 nam
718 2007 899 2077 (Deut.
933 2025 1011 2075 x1,
1045 2009 1155 2081 14).
1195 2029 1214 2063 ι
1253 2009 1545 2080 Sequitur:

634 2099 802 2153 Vens.
845 2099 937 2153 24.
984 2099 1046 2156 Si
1069 2102 1281 2171 quando
1333 2103 1566 2157 ridebam
1602 2105 1671 2158 ad
1693 2121 1802 2170 eos,
1836 2122 1938 2161 non
1974 2108 2150 2162 crede-

563 2189 707 2241 bant.
738 2219 810 2229 —
847 2190 962 2246 Hoc
1009 2192 1054 2246 si
1079 2191 1236 2260 juxta
1283 2192 1522 2250 historia
1568 2197 1734 2251 verba
1797 2199 2146 2268 percipimus,

531 2285 716 2339 :credi
757 2301 979 2342 necesse
1005 2295 1087 2343 est
1118 2288 1261 2358 quod
1298 2287 1383 2341 vir
1411 2296 1630 2344 sanctus
1667 2289 1830 2345 talem
1887 2307 1945 2347 se
1995 2293 2151 2347 exhi-

562 2377 744 2432 buerit
773 2379 1038 2444 subditus,
1056 2388 1115 2434 ut
1143 2380 1305 2436 etiam
1327 2380 1511 2437 ridens
1535 2382 1710 2437 timeri
1736 2384 2016 2453 potuisset.
2033 2386 2148 2453 Qua

560 2465 621 2520 in
659 2481 718 2520 re
758 2467 885 2538 quid
913 2467 1058 2524 aliud
1079 2470 1358 2535 docemur,
1392 2469 1497 2525 nisi
1523 2473 1668 2542 quod
1695 2471 1816 2528 talis
1840 2488 1960 2529 esse
1989 2474 2152 2531 debet

563 2557 902 2629 dispensatio
955 2560 1256 2632 regiminis,
1285 2571 1344 2616 ut
1372 2561 1419 2617 is
1445 2562 1538 2632 qui
1568 2573 1770 2633 praest
1807 2580 1869 2620 ea
1915 2580 1975 2620 se
2001 2566 2148 2622 circa

543 2637 813 2724 subditos
840 2665 1094 2705 mensura
1141 2653 1471 2718 moderetur,
1519 2662 1790 2724 quatenus
1817 2661 1872 2708 et
1903 2656 2150 2712 arridens

557 2718 742 2795 time'ri
786 2740 1001 2808 debeat,
1047 2751 1104 2796 et
1156 2742 1328 2797 iratus
1361 2743 1553 2808 amari,
1592 2752 1654 2797 ut
1679 2759 1804 2798 eum
1849 2759 1948 2800 nec
1982 2744 2146 2800 nimia

557 2830 752 2887 latitia
772 2831 934 2886 vilem
957 2833 1172 2900 reddat,
1199 2848 1300 2890 nec
1323 2835 1681 2890 immoderata
1709 2836 1976 2892 severitas
1998 2837 2145 2894 odio-

558 2925 722 2980 sum?
755 2924 870 2980 Hoc
897 2941 1112 2996 quoque
1140 2926 1295 2997 juxta
1319 2926 1606 2982 historiam
1628 2943 1733 2983 non
1759 2928 2148 2985 inconvenien-

563 3025 650 3070 ter
677 3014 940 3086 accipitur
987 3017 1130 3086 quod
1170 3018 1420 3088 protinus
1463 3018 1802 3076 subinfertur
1844 3037 1856 3073 :
1911 3039 1930 3072 ι
1965 3020 2034 3076 Et
2056 3020 2150 3077 lux

561 3105 746 3161 vultus
771 3107 881 3162 mei
902 3123 1009 3162 non
1041 3109 1268 3164 cadebat
1290 3109 1347 3165 in
1377 3119 1598 3165 terram.
1629 3130 1648 3164 ι
1689 3111 1962 3182 Scriptum
1991 3113 2147 3184 quip-

553 3209 625 3265 pe
665 3205 786 3251 est:
843 3215 863 3247 ι
923 3195 1074 3253 Oculi
1106 3198 1393 3254 stultorum
1433 3199 1489 3254 in
1528 3199 1727 3255 finibus
1756 3209 1912 3256 terra
1957 3201 2141 3273 (Prov.

2254 2008 2467 2066 Veritas
2495 2011 2626 2066 dicit
2669 2033 2682 2068 :
2740 2030 2760 2063 ι
2802 2011 3038 2080 Quarite
3074 2013 3306 2083 primum
3349 2027 3573 2083 regnum
3622 2012 3701 2067 Dei
3739 2022 3778 2067 et

2244 2101 2514 2172 justitiam
2544 2101 2662 2172 ejus
2689 2120 2701 2155 :
2734 2103 2849 2156 hac
2875 2102 3055 2157 omnia
3084 2101 3417 2171 adjicicnlur
3443 2102 3592 2157 vobis
3609 2100 3776 2173 (Matth.

2251 2210 2329 2259 v1,
2360 2194 2474 2262 55).
2530 2213 2548 2246 ›
2603 2195 2658 2248 In
2691 2210 2876 2249 eorum
2909 2195 3072 2250 cordo
3097 2195 3361 2250 Dominus
3411 2194 3611 2264 primus
3647 2193 3775 2247 sedet.

2251 2283 2512 2356 Sequitur
2541 2303 2554 2339 :
2581 2283 2816 2354 Cumque
2865 2287 3096 2339 sederem
3148 2288 3301 2356 quasi
3339 2302 3436 2340 rex
3469 2286 3778 2338 circumstante

2249 2378 2500 2442 exercitu,
2519 2394 2662 2431 eram
2691 2387 2863 2430 tamen
2883 2378 3210 2432 mazrentt'um-
3228 2377 3547 2433 consolator.
3569 2407 3633 2418 —
3652 2375 3778 2443 Quasi
3878 2399 3879 2448 ς

2250 2484 2347 2524 rex
2379 2469 2638 2524 Dominus
2669 2468 2823 2524 sedet
2850 2468 2902 2522 in
2935 2469 3122 2533 corde,
3164 2468 3291 2538 quia
3314 2469 3776 2537 circumstrepentes

2250 2558 2392 2628 regit
2437 2558 2743 2612 animorum
2796 2566 2975 2613 motus
3023 2558 3076 2612 in
3129 2569 3314 2613 nostra
3373 2559 3696 2628 cogitatione.
3735 2554 3776 2610 In

2251 2656 2435 2702 mente
2491 2648 2688 2718 quippe
2724 2663 2887 2718 quam
2924 2647 3211 2711 inhabitat,
3265 2649 3394 2702 dum
3429 2648 3674 2719 torpentia
3710 2660 3777 2700 ex-

2249 2737 2407 2804 citat,
2450 2739 2690 2808 inquieta
2752 2736 2954 2802 frenat,
3011 2737 3209 2809 frigida
3269 2739 3555 2805 accendit,
3597 2751 3775 2793 accensa

2247 2829 2583 2894 moderatur,
2610 2830 2821 2885 emollit
2869 2831 3064 2900 rigida,
3092 2830 3232 2886 ﬂuxa
3263 2832 3564 2903 restringit,
3603 2847 3661 2886 ex
3694 2832 3776 2900 ipsa

2250 2921 2352 2978 hac
2402 2921 2714 2977 diversitate
2771 2922 3144 2993 cognitionum
3197 2923 3351 2992 quasi
3405 2925 3616 2993 quidam
3663 2922 3774 2976 illum

2248 3014 2524 3071 exercitus
2595 3013 2936 3070 circumstat.
3005 3014 3133 3070 Sive
3185 3025 3333 3071 certe
3377 3014 3535 3085 quasi
3589 3028 3672 3070 rex
3715 3025 3778 3067 se-

2248 3107 2340 3164 det
2387 3105 2775 3161 circumstante
2821 3105 3106 3172 exercitu,
3172 3105 3298 3175 quia
3349 3105 3662 3176 praesidente
3709 3101 3777 3156 illo

2248 3196 2523 3253 mentibus
2584 3196 2880 3252 electorum
2942 3197 3260 3252 circumstat
3333 3197 3498 3252 turba
3547 3197 3773 3252 virtutum.

554 3299 696 3350 xvn,
723 3284 836 3354 24).
869 3303 886 3336 ι
919 3285 1263 3358 Rursumque
1287 3301 1385 3357 per
1411 3289 1660 3343 eumdem
1694 3267 2037 3344 Salomonem
2069 3291 2147 3347 di—
2171 3267 2216 3329 C
2249 3287 2352 3355 Qui
2375 3287 2539 3342 etiam
2564 3287 2909 3342 maerentium
2937 3287 3248 3342 consolator
3272 3296 3355 3342 est
3377 3302 3446 3343 ea
3473 3284 3776 3359 promissione

557 3377 732 3432 citur:
755 3377 935 3434 «Oculi
952 3379 1234 3449 sapientia
1262 3381 1316 3434 in
1346 3381 1524 3450 capite
1549 3379 1666 3449 ejus
1691 3379 1888 3451 (Eccle.
1912 3382 2092 3455 11,“).
2116 3403 2136 3437 ι

561 3469 762 3526 Paulus
803 3485 1018 3541 quoque
1051 3471 1130 3525 ait
1178 3489 1192 3525 :
1238 3489 1256 3523 ι
1288 3470 1463 3542 Caput
1509 3473 1611 3528 viri
1639 3472 1925 3537 Christus(
1953 3474 1984 3528 Ι
2015 3473 2137 3531 Cor.

556 3574 637 3626 ιι,
669 3559 746 3631 5).
807 3580 826 3614 ι
881 3559 1035 3618 Oculi
1076 3562 1337 3631 sapientis
1362 3579 1494 3634 ergo
1517 3564 1572 3618 in
1614 3565 1791 3634 capite
1837 3564 1952 3634 ejus
1995 3579 2138 3634 sunt,

2243 3391 2349 3448 qua
2374 3376 2505 3432 dicit
2535 3395 2548 3430 :
2582 3396 2602 3428 ο
2637 3376 2788 3432 Beati
2817 3377 2909 3446 qui
2935 3376 3141 3447 lugent,
3161 3376 3425 3446 quoniam
3459 3376 3562 3447 ipsi
3583 3372 3778 3430 consola-

2243 3467 2652 3538 buntur(Marc.
2670 3484 2723 3532 v,
2740 3466 2816 3538 5).
2834 3487 2852 3519 ι
2873 3468 2940 3522 Et
2960 3483 3180 3523 rursus:
3209 3485 3228 3519 ς
3251 3467 3463 3523 Videbo
3482 3481 3596 3530 vos,
3616 3474 3664 3520 et
3679 3476 3775 3533 εισι

2242 3559 2389 3615 debit
2426 3574 2520 3614 cor
2547 3566 2806 3621 vestrum,
2849 3567 2906 3614 et
2929 3558 3182 3628 gaudium
3215 3566 3458 3612 vestrum
3493 3569 3639 3610 nemo
3664 3550 3775 3607 tollet

555 3653 684 3708 dum
714 3653 1095 3725 Redemptoris
1121 3655 1205 3711 sui
1225 3670 1441 3727 semper
1459 3671 1648 3728 opera,
1674 3673 1795 3728 qua
1818 3658 2020 3714 imitari
2049 3660 2146 3715 de-
2242 3668 2272 3706 a
2300 3651 2453 3707 vobis
2481 3651 2664 3721 (Joan-
2705 3665 2795 3704 XVI
2820 3691 2835 3715 ς
2883 3649 3000 3719 ΞΞ)ο
3039 3668 3058 3702 ³
3094 3649 3170 3704 Ea
3210 3662 3342 3704 vero
3369 3663 3494 3718 quae
3523 3647 3588 3702 de
3611 3649 3777 3702 δθηοιπ

550 3742 697 3810 beat,
727 3745 1145 3816 contemplatur.
1191 3745 1308 3802 Lux
1354 3761 1486 3819 ergo
1514 3747 1693 3803 vultus
1722 3747 1880 3817 hujus
1925 3749 1980 3803 in
2029 3759 2141 3806 ter—
2239 3743 2497 3798 Ecclesia
2540 3742 2718 3811 capite
2754 3741 3013 3806 diximus,
3041 3741 3177 3795 nihil
3208 3741 3394 3795 obstat
3441 3740 3487 3795 si
3536 3737 3601 3792 ad
3628 3746 3773 3790 vocem

549 3851 668 3891 ram
703 3853 810 3892 non
851 3837 1068 3904 cecidit,
1097 3838 1222 3908 quia
1251 3855 1372 3910 qua
1400 3847 1614 3895 terrena
1660 3847 1786 3894 sunt
1809 3855 1906 3909 per
1933 3854 2138 3895 concu-
2239 3850 2459 3906 quoque
2512 3834 2681 3904 ipsius
2731 3833 2988 3888 Ecclesia
3040 3833 3362 3888 referamus.
3407 3831 3473 3886 In
3517 3844 3579 3886 ea
3621 3826 3774 3898 quit)!”

549 3927 874 3997 piscentiam
927 3945 1034 3984 non
1067 3929 1292 4000 aspexit.
1326 3929 1432 3984 Sed
1469 3930 1594 3999 quia
1643 3945 1786 3998 sape
1812 3945 1915 3985 vox
1946 3929 2140 4000 capitis
2238 3927 2374 3982 ordo
2413 3926 2695 3981 doctorum
2727 3924 2883 3994 quasi
2921 3939 3016 3979 rex
3047 3923 3303 3994 prasidet
3326 3963 3340 3986 ,
3372 3937 3536 3991 quem
3583 3916 3773 3974 ﬁdelium

548 4016 620 4071 ad
665 4031 850 4073 vocem
886 4018 1152 4088 corporis,
1201 4033 1344 4087 saepe
1394 4034 1498 4074 vox
1547 4019 1792 4089 corporis
1841 4019 1908 4073 ad
1950 4035 2137 4076 vocem
2239 4032 2461 4072 suorum
2520 4016 2674 4070 turba
2722 4017 3061 4081 circumstat,
3107 4031 3228 4086 qua
3272 4013 3496 4070 scilicet"
3534 4004 3775 4068 multitudo

549 4107 746 4178 capitis
799 4109 1012 4163 transit.
1046 4107 1147 4175 Qui
1203 4109 1350 4162 enim
1381 4117 1505 4164 sunt
1540 4109 1595 4162 in
1649 4123 1814 4164 carne
1846 4124 1954 4162 una
2003 4109 2144 4164 nihii
2239 4105 2500 4171 fidelium,
2553 4113 2702 4161 recte
2754 4121 2971 4177 quoque
3018 4106 3292 4162 exercitus
3335 4106 3553 4170 dicitur,
3597 4102 3704 4173 quia
3733 4096 3772 4151 in

548 4198 731 4253 obstat
757 4207 815 4253 ut
858 4200 1183 4255 conveniant
1212 4199 1456 4253 etiamin
1493 4214 1626 4254 voce
1658 4215 1784 4254 una.
1829 4201 2139 4270 Dicatergo
2238 4198 2518 4268 procinctu
2581 4199 2843 4252 honorum
2889 4213 3115 4267 operum
3165 4198 3538 4252 indesinenter
3579 4187 3774 4264 quotidie

548 4304 618 4342 ex
669 4302 801 4344 voce
835 4289 1031 4358 capitis
1075 4289 1140 4344 de
1176 4288 1363 4344 electis
1403 4289 1536 4354 suis,
1566 4288 1711 4344 dicat
1756 4289 2000 4346 Ecclesia
2029 4307 2042 4344 :
2079 4289 2139 4346 Si
2238 4295 2426 4342 contra
2459 4287 2818 4341 tentationum
2841 4285 2979 4341 bella
3013 4295 3368 4355 praparatur.
3401 4284 3574 4340 Corda
3603 4288 3773 4351 quoque

545 4377 760 4447 quando
792 4377 1022 4432 ridebam
1047 4379 1114 4432 ad
1142 4395 1252 4444 eos,
1285 4395 1387 4432 non
1410 4378 1706 4433 credebant.
1757 4379 1954 4435 Ridere
1991 4381 2136 4435 enim
2239 4379 2586 4433 manentium
2614 4387 2800 4432 sancta
2837 4377 3077 4433 Ecclesia
3119 4377 3468 4443 consolatur,
3503 4377 3622 4432 dum
3665 4385 3771 4442 pra!-

545 4467 648 4522 Dei
691 4479 776 4525 est
795 4479 1106 4525 sanctorum
1139 4471 1256 4524 vias
1283 4471 1631 4540 prosequenti
1677 4468 1861 4526 favore
1912 4486 2136 4542 prOSpe-
2237 4471 2405 4525 sentis
2420 4469 2874 4541 peregrinationis
2895 4485 3134 4525 arumna
3152 4470 3379 4525 aillictas
3395 4479 3599 4524 mentes
3617 4466 3772 4522 electo-

516 4559 683 4625 ;rari,
715 4559 858 4614 sicut
884 4560 950 4614 de
974 4560 1060 4614 his
1097 4573 1313 4629 quoque
1343 4572 1441 4630 per
1461 4573 1618 4614 usum
1651 4559 1874 4624 dicitur,
1897 4575 2035 4630 quos
2075 4561 2126 4614 in

528 4652 652 4708 ’hoc
673 4651 870 4707 saeculo
896 4651 1173 4706 felicitatis
1198 4651 1561 4706 blandimenta
1603 4651 1952 4706 comitantur.
1978 4652 2131 4706 Arri-

544 4745 621 4799 sit
650 4743 755 4799 illis
795 4753 1026 4814 tempus,
1077 4745 1170 4798 sed
1196 4743 1547 4813 Redemptori
1575 4751 1762 4798 nostro
1791 4745 1949 4814 quasi
1993 4743 2131 4797 arri-

543 4834 693 4890 denti
725 4850 831 4888 non
863 4834 1158 4899 credimus,
1185 4834 1311 4888 dum
1339 4833 1524 4888 multis
1543 4831 1658 4901 jam
1698 4835 1855 4890 donis
1884 4835 2130 4889 testanti-

540 4924 665 4989 bus,
711 4933 766 4977 et
794 4924 1024 4993 gratiam
1068 4922 1273 4978 favoris
1319 4923 1438 4993 ejus
1486 4922 1803 4992 accipimus,
1854 4933 1908 4975 et
1947 4932 2126 4977 tamen

544 5011 721 5069 adhuc
767 5015 867 5069 sub
907 5014 1025 5085 ejus
1045 5013 1252 5082 judicio
1279 5013 1344 5068 de
1370 5021 1551 5068 nostra
1576 5011 1890 5066 infirmitate
1929 5012 2125 5066 tituba-

542 5121 684 5152 mns-
718 5103 855 5152 Hinc
901 5121 1000 5152 ner
1057 5105 1400 5152 Salnmnnem
1453 5104 1698 5152 dicitur:
1737 5123 1755 5152 ι
1818 5103 2012 5152 Beatus
2041 5105 2125 5152 vir

2238 4576 2356 4614 rum
2385 4568 2598 4630 pensat,
2623 4568 2678 4614 et
2707 4560 2806 4614 has
2835 4568 3050 4614 aeterna
3078 4561 3265 4631 patria
3294 4560 3641 4630 promissione
3666 4552 3768 4608 lati-

2237 4651 2378 4706 iicat.
2440 4650 2732 4724 Sciendum
2793 4649 2949 4706 nobis
3008 4661 3091 4707 est
3147 4651 3289 4720 quod
3341 4650 3498 4705 valde
3548 4645 3770 4704 adili'earo

2233 4743 2490 4798 lectorem
2517 4743 2681 4796 etiam
2713 4743 2865 4812 juxta
2899 4743 3184 4797 historiam
3211 4753 3402 4814 potest,
3431 4743 3476 4797 si
3519 4737 3770 4810 perpendat

2231 4835 2506 4904 quomodo
2555 4835 2713 4890 bonis
2763 4834 3075 4890 rectoribus
3125 4836 3285 4890 mista
3336 4837 3436 4900 sit,
3489 4843 3543 4888 et
3589 4823 3767 4899 regendi

2231 4926 2568 4989 auctoritas,
2624 4935 2678 4979 et
2741 4925 3049 4994 benignitas
3101 4924 3433 4980 consolandi.
3482 4921 3568 4975 Ait
3617 4916 3764 4972 enim:

2230 5015 2462 5086 Cumque
2516 5015 2746 5070 sederem
2789 5015 2940 5085 quasi
3000 5031 3092 5068 rex
3149 5015 3513 5068 circumstante
3557 5003 3764 5063 exercitu.

2230 5108 2368 5152 Foro.
2402 5107 2698 5152 mwlnrilas
2730 5106 3026 5152 rnoiminis-
3077 5094 3236 5152 Franz
3267 5117 3438 5152 tmmm
3481 5095 3763 5152 maerentium
