  <div class='ocr_page' id='page_1' title='image "/cluster/home/n/w/nwhite01/storage/ocr_20150623/133/hvd.32044010035673/176.png"; bbox 0 0 3948 5398; ppageno 0'>
   <div class='ocr_carea' id='block_1_1' title="bbox 184 259 291 312">
    <p class='ocr_par' dir='ltr' id='par_1_1' title="bbox 184 259 291 312">
     <span class='ocr_line' id='line_1_1' title="bbox 184 259 291 312; baseline 0 0"><span class='ocrx_word' id='word_1_1' title='bbox 184 259 291 312; x_wconf 63' lang='grc'><strong>³85</strong></span> 
     </span>
    </p>
   </div>
   <div class='ocr_carea' id='block_1_2' title="bbox 929 263 2694 333">
    <p class='ocr_par' dir='ltr' id='par_1_2' title="bbox 929 263 2694 333">
     <span class='ocr_line' id='line_1_2' title="bbox 929 263 2694 333; baseline 0.006 -12"><span class='ocrx_word' id='word_1_2' title='bbox 929 263 1231 324; x_wconf 76' lang='grc' dir='ltr'><strong>ΕΡῙΓΟΜΕ</strong></span> <span class='ocrx_word' id='word_1_3' title='bbox 1268 267 1630 328; x_wconf 70' lang='grc' dir='ltr'><strong>ΜθιιΑωυΜ</strong></span> <span class='ocrx_word' id='word_1_4' title='bbox 1669 270 1729 327; x_wconf 85' lang='lat' dir='ltr'><strong>S.</strong></span> <span class='ocrx_word' id='word_1_5' title='bbox 1762 270 1967 328; x_wconf 75' lang='lat' dir='ltr'><strong>GREG.</strong></span> <span class='ocrx_word' id='word_1_6' title='bbox 2007 271 2080 328; x_wconf 76' lang='grc' dir='ltr'><strong>ΙΝ</strong></span> <span class='ocrx_word' id='word_1_7' title='bbox 2115 272 2254 333; x_wconf 77' lang='lat' dir='ltr'><strong>JOB.</strong></span> <span class='ocrx_word' id='word_1_8' title='bbox 2296 307 2364 316; x_wconf 97' lang='lat'><strong><em>—</em></strong></span> <span class='ocrx_word' id='word_1_9' title='bbox 2402 275 2528 332; x_wconf 82' lang='lat' dir='ltr'><strong>LIB.</strong></span> <span class='ocrx_word' id='word_1_10' title='bbox 2574 276 2694 332; x_wconf 76' lang='lat' dir='ltr'><strong>XX.</strong></span> 
     </span>
    </p>
   </div>
   <div class='ocr_carea' id='block_1_3' title="bbox 3341 285 3451 343">
    <p class='ocr_par' dir='ltr' id='par_1_3' title="bbox 3341 285 3451 343">
     <span class='ocr_line' id='line_1_3' title="bbox 3341 285 3451 343; baseline 0.009 -2"><span class='ocrx_word' id='word_1_11' title='bbox 3341 285 3451 343; x_wconf 67' lang='grc' dir='ltr'><strong>διο</strong></span> 
     </span>
    </p>
   </div>
   <div class='ocr_carea' id='block_1_4' title="bbox 184 371 3458 460">
    <p class='ocr_par' dir='ltr' id='par_1_4' title="bbox 184 371 3458 460">
     <span class='ocr_line' id='line_1_4' title="bbox 184 371 3458 460; baseline 0.008 -32"><span class='ocrx_word' id='word_1_12' title='bbox 184 371 576 442; x_wconf 86' lang='lat' dir='ltr'><strong>rati,juniores</strong></span> <span class='ocrx_word' id='word_1_13' title='bbox 599 382 841 446; x_wconf 89' lang='lat' dir='ltr'><strong>tempore</strong></span> <span class='ocrx_word' id='word_1_14' title='bbox 862 391 1100 451; x_wconf 76' lang='lat' dir='ltr'><strong>congrue</strong></span> <span class='ocrx_word' id='word_1_15' title='bbox 1122 389 1405 449; x_wconf 90' lang='lat' dir='ltr'><strong>vocantur,</strong></span> <span class='ocrx_word' id='word_1_16' title='bbox 1432 382 1555 453; x_wconf 85' lang='lat' dir='ltr'><strong>quia</strong></span> <span class='ocrx_word' id='word_1_17' title='bbox 1577 383 1680 453; x_wconf 92' lang='lat' dir='ltr'><strong>ipsi</strong></span> <span class='ocrx_word' id='word_1_18' title='bbox 1707 383 1775 439; x_wconf 86' lang='lat' dir='ltr'><strong>ab</strong></span> <span class='ocrx_word' id='word_1_19' title='bbox 1801 389 1848 448; x_wconf 78' lang='grc' dir='ltr'><strong>Α</strong></span> <span class='ocrx_word' id='word_1_20' title='bbox 1877 385 2023 441; x_wconf 81' lang='lat' dir='ltr'><strong>illam</strong></span> <span class='ocrx_word' id='word_1_21' title='bbox 2053 386 2258 444; x_wconf 82' lang='lat' dir='ltr'><strong>nisibus</strong></span> <span class='ocrx_word' id='word_1_22' title='bbox 2288 389 2518 456; x_wconf 90' lang='lat' dir='ltr'><strong>rodunt,</strong></span> <span class='ocrx_word' id='word_1_23' title='bbox 2544 397 2600 445; x_wconf 91' lang='lat' dir='ltr'><strong>et</strong></span> <span class='ocrx_word' id='word_1_24' title='bbox 2634 389 2726 460; x_wconf 85' lang='lat' dir='ltr'><strong>qui</strong></span> <span class='ocrx_word' id='word_1_25' title='bbox 2757 390 2824 446; x_wconf 91' lang='lat' dir='ltr'><strong>ab</strong></span> <span class='ocrx_word' id='word_1_26' title='bbox 2856 391 3177 450; x_wconf 76' lang='lat' dir='ltr'><strong>universalis</strong></span> <span class='ocrx_word' id='word_1_27' title='bbox 3201 395 3458 455; x_wconf 74' lang='lat' dir='ltr'><strong>Ecclesia:</strong></span> 
     </span>
    </p>
   </div>
   <div class='ocr_carea' id='block_1_5' title="bbox 181 467 1774 540">
    <p class='ocr_par' dir='ltr' id='par_1_5' title="bbox 181 467 1774 540">
     <span class='ocr_line' id='line_1_5' title="bbox 181 467 1774 540; baseline 0.01 -22"><span class='ocrx_word' id='word_1_28' title='bbox 181 480 271 529; x_wconf 84' lang='lat' dir='ltr'><strong>es,</strong></span> <span class='ocrx_word' id='word_1_29' title='bbox 296 480 406 520; x_wconf 89' lang='lat' dir='ltr'><strong>non</strong></span> <span class='ocrx_word' id='word_1_30' title='bbox 434 474 615 520; x_wconf 83' lang='lat' dir='ltr'><strong>autem</strong></span> <span class='ocrx_word' id='word_1_31' title='bbox 652 467 767 538; x_wconf 90' lang='lat' dir='ltr'><strong>ipsa</strong></span> <span class='ocrx_word' id='word_1_32' title='bbox 807 483 1025 540; x_wconf 87' lang='lat' dir='ltr'><strong>egressa</strong></span> <span class='ocrx_word' id='word_1_33' title='bbox 1050 473 1136 528; x_wconf 82' lang='lat' dir='ltr'><strong>est</strong></span> <span class='ocrx_word' id='word_1_34' title='bbox 1176 474 1245 529; x_wconf 89' lang='lat' dir='ltr'><strong>ab</strong></span> <span class='ocrx_word' id='word_1_35' title='bbox 1289 475 1418 531; x_wconf 91' lang='lat' dir='ltr'><strong>illis.</strong></span> <span class='ocrx_word' id='word_1_36' title='bbox 1450 475 1603 533; x_wconf 83' lang='lat' dir='ltr'><strong>Unde</strong></span> <span class='ocrx_word' id='word_1_37' title='bbox 1625 486 1774 534; x_wconf 90' lang='lat' dir='ltr'><strong>recte</strong></span> 
     </span>
    </p>
   </div>
   <div class='ocr_carea' id='block_1_6' title="bbox 181 556 1771 636">
    <p class='ocr_par' dir='ltr' id='par_1_6' title="bbox 181 556 1771 636">
     <span class='ocr_line' id='line_1_6' title="bbox 181 556 1771 636; baseline 0.009 -29"><span class='ocrx_word' id='word_1_38' title='bbox 181 570 407 626; x_wconf 91' lang='lat' dir='ltr'><strong>quoque</strong></span> <span class='ocrx_word' id='word_1_39' title='bbox 447 571 547 626; x_wconf 91' lang='lat' dir='ltr'><strong>per</strong></span> <span class='ocrx_word' id='word_1_40' title='bbox 591 556 853 613; x_wconf 80' lang='lat' dir='ltr'><strong>Joannem</strong></span> <span class='ocrx_word' id='word_1_41' title='bbox 882 560 1123 616; x_wconf 91' lang='lat' dir='ltr'><strong>dicitur:</strong></span> <span class='ocrx_word' id='word_1_42' title='bbox 1161 582 1180 615; x_wconf 75' lang='grc' dir='ltr'>ι</span> <span class='ocrx_word' id='word_1_43' title='bbox 1225 565 1270 619; x_wconf 84' lang='grc' dir='ltr'>Α</span> <span class='ocrx_word' id='word_1_44' title='bbox 1317 566 1472 621; x_wconf 90' lang='lat' dir='ltr'><strong>nobis</strong></span> <span class='ocrx_word' id='word_1_45' title='bbox 1500 567 1771 636; x_wconf 72' lang='lat' dir='ltr'><strong>exierunt,</strong></span> 
     </span>
    </p>
   </div>
   <div class='ocr_carea' id='block_1_7' title="bbox 181 644 1770 724">
    <p class='ocr_par' dir='ltr' id='par_1_7' title="bbox 181 644 1770 724">
     <span class='ocr_line' id='line_1_7' title="bbox 181 644 1770 724; baseline 0.008 -23"><span class='ocrx_word' id='word_1_46' title='bbox 181 644 281 701; x_wconf 80' lang='lat' dir='ltr'><strong>sed</strong></span> <span class='ocrx_word' id='word_1_47' title='bbox 307 660 416 701; x_wconf 92' lang='lat' dir='ltr'><strong>non</strong></span> <span class='ocrx_word' id='word_1_48' title='bbox 447 656 604 702; x_wconf 87' lang='lat' dir='ltr'><strong>erant</strong></span> <span class='ocrx_word' id='word_1_49' title='bbox 647 663 710 702; x_wconf 80' lang='lat' dir='ltr'><strong>ex</strong></span> <span class='ocrx_word' id='word_1_50' title='bbox 744 651 921 706; x_wconf 90' lang='lat' dir='ltr'><strong>nobis.</strong></span> <span class='ocrx_word' id='word_1_51' title='bbox 956 651 1090 706; x_wconf 85' lang='lat' dir='ltr'><strong>Nam</strong></span> <span class='ocrx_word' id='word_1_52' title='bbox 1135 655 1183 708; x_wconf 92' lang='lat' dir='ltr'><strong>si</strong></span> <span class='ocrx_word' id='word_1_53' title='bbox 1221 655 1450 711; x_wconf 87' lang='lat' dir='ltr'><strong>fuissent</strong></span> <span class='ocrx_word' id='word_1_54' title='bbox 1491 671 1556 711; x_wconf 84' lang='lat' dir='ltr'><strong>ex</strong></span> <span class='ocrx_word' id='word_1_55' title='bbox 1594 658 1770 724; x_wconf 91' lang='lat' dir='ltr'><strong>nobis,</strong></span> 
     </span>
    </p>
   </div>
   <div class='ocr_carea' id='block_1_8' title="bbox 182 737 1770 817">
    <p class='ocr_par' dir='ltr' id='par_1_8' title="bbox 182 737 1770 817">
     <span class='ocr_line' id='line_1_8' title="bbox 182 737 1770 817; baseline 0.008 -27"><span class='ocrx_word' id='word_1_56' title='bbox 182 737 522 792; x_wconf 73' lang='lat' dir='ltr'><strong>mansissent</strong></span> <span class='ocrx_word' id='word_1_57' title='bbox 559 739 745 809; x_wconf 89' lang='lat' dir='ltr'><strong>utique</strong></span> <span class='ocrx_word' id='word_1_58' title='bbox 793 743 1074 797; x_wconf 90' lang='lat' dir='ltr'><strong>nobiscum</strong></span> <span class='ocrx_word' id='word_1_59' title='bbox 1107 743 1159 814; x_wconf 89' lang='grc'><strong>(1</strong></span> <span class='ocrx_word' id='word_1_60' title='bbox 1191 743 1351 800; x_wconf 84' lang='lat' dir='ltr'><strong>Joan.</strong></span> <span class='ocrx_word' id='word_1_61' title='bbox 1383 762 1442 811; x_wconf 82' lang='grc' dir='ltr'><strong>ιι,</strong></span> <span class='ocrx_word' id='word_1_62' title='bbox 1474 748 1583 817; x_wconf 85' lang='lat' dir='ltr'><strong>l9).</strong></span> <span class='ocrx_word' id='word_1_63' title='bbox 1624 767 1642 800; x_wconf 76' lang='grc' dir='ltr'><strong><em>ι</em></strong></span> <span class='ocrx_word' id='word_1_64' title='bbox 1675 747 1770 802; x_wconf 82' lang='lat' dir='ltr'><strong>Ju-</strong></span> 
     </span>
    </p>
   </div>
   <div class='ocr_carea' id='block_1_9' title="bbox 180 823 1772 905">
    <p class='ocr_par' dir='ltr' id='par_1_9' title="bbox 180 823 1772 905">
     <span class='ocr_line' id='line_1_9' title="bbox 180 823 1772 905; baseline 0.008 -27"><span class='ocrx_word' id='word_1_65' title='bbox 180 823 370 880; x_wconf 87' lang='lat' dir='ltr'><strong>niores</strong></span> <span class='ocrx_word' id='word_1_66' title='bbox 400 838 533 894; x_wconf 76' lang='lat' dir='ltr'><strong>ergo</strong></span> <span class='ocrx_word' id='word_1_67' title='bbox 555 835 800 882; x_wconf 87' lang='lat' dir='ltr'><strong>sanctam</strong></span> <span class='ocrx_word' id='word_1_68' title='bbox 833 829 1129 884; x_wconf 87' lang='lat' dir='ltr'><strong>Ecclesiam</strong></span> <span class='ocrx_word' id='word_1_69' title='bbox 1160 832 1418 899; x_wconf 90' lang='lat' dir='ltr'><strong>irrident,</strong></span> <span class='ocrx_word' id='word_1_70' title='bbox 1443 849 1566 889; x_wconf 92' lang='lat' dir='ltr'><strong>cum</strong></span> <span class='ocrx_word' id='word_1_71' title='bbox 1594 835 1647 890; x_wconf 87' lang='lat' dir='ltr'><strong>hi</strong></span> <span class='ocrx_word' id='word_1_72' title='bbox 1679 836 1772 905; x_wconf 90' lang='lat' dir='ltr'><strong>qui</strong></span> 
     </span>
    </p>
   </div>
   <div class='ocr_carea' id='block_1_10' title="bbox 181 916 1772 994">
    <p class='ocr_par' dir='ltr' id='par_1_10' title="bbox 181 916 1772 994">
     <span class='ocr_line' id='line_1_10' title="bbox 181 916 1772 994; baseline 0.006 -22"><span class='ocrx_word' id='word_1_73' title='bbox 181 916 341 972; x_wconf 81' lang='lat' dir='ltr'><strong>ahea</strong></span> <span class='ocrx_word' id='word_1_74' title='bbox 380 919 585 988; x_wconf 77' lang='lat' dir='ltr'><strong>egressi</strong></span> <span class='ocrx_word' id='word_1_75' title='bbox 628 927 788 985; x_wconf 86' lang='lat' dir='ltr'><strong>sunt,</strong></span> <span class='ocrx_word' id='word_1_76' title='bbox 831 921 1134 977; x_wconf 84' lang='lat' dir='ltr'><strong>doctrinam</strong></span> <span class='ocrx_word' id='word_1_77' title='bbox 1172 923 1288 993; x_wconf 87' lang='lat' dir='ltr'><strong>ejus</strong></span> <span class='ocrx_word' id='word_1_78' title='bbox 1334 925 1660 994; x_wconf 88' lang='lat' dir='ltr'><strong>despiciunt.</strong></span> <span class='ocrx_word' id='word_1_79' title='bbox 1695 925 1772 982; x_wconf 92' lang='lat' dir='ltr'><strong>De</strong></span> 
     </span>
    </p>
   </div>
   <div class='ocr_carea' id='block_1_11' title="bbox 180 1006 1771 1085">
    <p class='ocr_par' dir='ltr' id='par_1_11' title="bbox 180 1006 1771 1085">
     <span class='ocr_line' id='line_1_11' title="bbox 180 1006 1771 1085; baseline 0.008 -26"><span class='ocrx_word' id='word_1_80' title='bbox 180 1006 385 1075; x_wconf 83' lang='lat' dir='ltr'><strong>quibus</strong></span> <span class='ocrx_word' id='word_1_81' title='bbox 412 1009 592 1063; x_wconf 88' lang='lat' dir='ltr'><strong>adhuc</strong></span> <span class='ocrx_word' id='word_1_82' title='bbox 619 1009 896 1065; x_wconf 84' lang='lat' dir='ltr'><strong>subditur:</strong></span> <span class='ocrx_word' id='word_1_83' title='bbox 924 1011 1161 1077; x_wconf 83' lang='lat' dir='ltr'><strong>Quorum</strong></span> <span class='ocrx_word' id='word_1_84' title='bbox 1190 1029 1295 1068; x_wconf 81' lang='lat' dir='ltr'><strong>non</strong></span> <span class='ocrx_word' id='word_1_85' title='bbox 1318 1014 1577 1084; x_wconf 84' lang='lat' dir='ltr'><strong>dignabar</strong></span> <span class='ocrx_word' id='word_1_86' title='bbox 1598 1026 1771 1085; x_wconf 85' lang='lat' dir='ltr'><strong>patres</strong></span> 
     </span>
    </p>
   </div>
   <div class='ocr_carea' id='block_1_12' title="bbox 178 1101 1769 1176">
    <p class='ocr_par' dir='ltr' id='par_1_12' title="bbox 178 1101 1769 1176">
     <span class='ocr_line' id='line_1_12' title="bbox 178 1101 1769 1176; baseline 0.008 -26"><span class='ocrx_word' id='word_1_87' title='bbox 178 1113 376 1167; x_wconf 79' lang='lat' dir='ltr'><strong>ponere</strong></span> <span class='ocrx_word' id='word_1_88' title='bbox 407 1115 526 1152; x_wconf 87' lang='lat' dir='ltr'><strong>cum</strong></span> <span class='ocrx_word' id='word_1_89' title='bbox 551 1101 769 1155; x_wconf 86' lang='lat' dir='ltr'><strong>canibus</strong></span> <span class='ocrx_word' id='word_1_90' title='bbox 793 1105 964 1172; x_wconf 79' lang='lat' dir='ltr'><strong>gregis</strong></span> <span class='ocrx_word' id='word_1_91' title='bbox 987 1103 1106 1156; x_wconf 88' lang='lat' dir='ltr'><strong>mei.</strong></span> <span class='ocrx_word' id='word_1_92' title='bbox 1125 1133 1198 1144; x_wconf 92' lang='lat'>—</span> <span class='ocrx_word' id='word_1_93' title='bbox 1223 1105 1357 1172; x_wconf 89' lang='lat' dir='ltr'><strong>Quis</strong></span> <span class='ocrx_word' id='word_1_94' title='bbox 1383 1115 1470 1161; x_wconf 86' lang='lat' dir='ltr'><strong>est</strong></span> <span class='ocrx_word' id='word_1_95' title='bbox 1489 1121 1619 1176; x_wconf 76' lang='lat' dir='ltr'><strong>grex</strong></span> <span class='ocrx_word' id='word_1_96' title='bbox 1641 1122 1769 1162; x_wconf 85' lang='lat' dir='ltr'><strong>san-</strong></span> 
     </span>
    </p>
   </div>
   <div class='ocr_carea' id='block_1_13' title="bbox 179 1189 1769 1266">
    <p class='ocr_par' dir='ltr' id='par_1_13' title="bbox 179 1189 1769 1266">
     <span class='ocr_line' id='line_1_13' title="bbox 179 1189 1769 1266; baseline 0.006 -23"><span class='ocrx_word' id='word_1_97' title='bbox 179 1196 288 1244; x_wconf 77' lang='lat' dir='ltr'><strong>cta:</strong></span> <span class='ocrx_word' id='word_1_98' title='bbox 318 1189 602 1256; x_wconf 53' lang='lat' dir='ltr'><strong>Ecclesia»,</strong></span> <span class='ocrx_word' id='word_1_99' title='bbox 637 1191 741 1245; x_wconf 90' lang='lat' dir='ltr'><strong>nisi</strong></span> <span class='ocrx_word' id='word_1_100' title='bbox 785 1191 1072 1248; x_wconf 85' lang='lat' dir='ltr'><strong>multitudo</strong></span> <span class='ocrx_word' id='word_1_101' title='bbox 1107 1192 1394 1250; x_wconf 77' lang='lat' dir='ltr'><strong>ﬁdelium?</strong></span> <span class='ocrx_word' id='word_1_102' title='bbox 1427 1195 1512 1252; x_wconf 87' lang='lat' dir='ltr'><strong>vel</strong></span> <span class='ocrx_word' id='word_1_103' title='bbox 1553 1197 1644 1266; x_wconf 90' lang='lat' dir='ltr'><strong>qui</strong></span> <span class='ocrx_word' id='word_1_104' title='bbox 1680 1197 1769 1252; x_wconf 90' lang='lat' dir='ltr'><strong>alii</strong></span> 
     </span>
    </p>
   </div>
   <div class='ocr_carea' id='block_1_14' title="bbox 180 1277 1768 1352">
    <p class='ocr_par' dir='ltr' id='par_1_14' title="bbox 180 1277 1768 1352">
     <span class='ocr_line' id='line_1_14' title="bbox 180 1277 1768 1352; baseline 0.005 -20"><span class='ocrx_word' id='word_1_105' title='bbox 180 1277 344 1346; x_wconf 82' lang='lat' dir='ltr'><strong>hujus</strong></span> <span class='ocrx_word' id='word_1_106' title='bbox 385 1280 569 1350; x_wconf 89' lang='lat' dir='ltr'><strong>gregis</strong></span> <span class='ocrx_word' id='word_1_107' title='bbox 597 1295 763 1336; x_wconf 88' lang='lat' dir='ltr'><strong>canes</strong></span> <span class='ocrx_word' id='word_1_108' title='bbox 791 1291 1076 1348; x_wconf 87' lang='lat' dir='ltr'><strong>vocantur,</strong></span> <span class='ocrx_word' id='word_1_109' title='bbox 1124 1283 1228 1339; x_wconf 88' lang='lat' dir='ltr'><strong>nisi</strong></span> <span class='ocrx_word' id='word_1_110' title='bbox 1264 1285 1515 1340; x_wconf 91' lang='lat' dir='ltr'><strong>doctores</strong></span> <span class='ocrx_word' id='word_1_111' title='bbox 1554 1286 1768 1352; x_wconf 88' lang='lat' dir='ltr'><strong>sancti,</strong></span> 
     </span>
    </p>
   </div>
   <div class='ocr_carea' id='block_1_15' title="bbox 179 1369 1770 1441">
    <p class='ocr_par' dir='ltr' id='par_1_15' title="bbox 179 1369 1770 1441">
     <span class='ocr_line' id='line_1_15' title="bbox 179 1369 1770 1441; baseline 0.005 -19"><span class='ocrx_word' id='word_1_112' title='bbox 179 1369 277 1438; x_wconf 85' lang='lat' dir='ltr'><strong>qui</strong></span> <span class='ocrx_word' id='word_1_113' title='bbox 318 1373 635 1425; x_wconf 90' lang='lat' dir='ltr'><strong>eorumdem</strong></span> <span class='ocrx_word' id='word_1_114' title='bbox 677 1371 914 1426; x_wconf 77' lang='lat' dir='ltr'><strong>ﬁdelium</strong></span> <span class='ocrx_word' id='word_1_115' title='bbox 955 1373 1211 1428; x_wconf 90' lang='lat' dir='ltr'><strong>custodes</strong></span> <span class='ocrx_word' id='word_1_116' title='bbox 1257 1375 1624 1430; x_wconf 80' lang='lat' dir='ltr'><strong>exstiterunt?</strong></span> <span class='ocrx_word' id='word_1_117' title='bbox 1667 1375 1770 1441; x_wconf 85' lang='lat' dir='ltr'><strong>Qui</strong></span> 
     </span>
    </p>
   </div>
   <div class='ocr_carea' id='block_1_16' title="bbox 179 1459 1771 1536">
    <p class='ocr_par' dir='ltr' id='par_1_16' title="bbox 179 1459 1771 1536">
     <span class='ocr_line' id='line_1_16' title="bbox 179 1459 1771 1536; baseline 0.004 -21"><span class='ocrx_word' id='word_1_118' title='bbox 179 1459 312 1515; x_wconf 91' lang='lat' dir='ltr'><strong>dum</strong></span> <span class='ocrx_word' id='word_1_119' title='bbox 343 1475 443 1529; x_wconf 93' lang='lat' dir='ltr'><strong>pro</strong></span> <span class='ocrx_word' id='word_1_120' title='bbox 496 1462 726 1516; x_wconf 91' lang='lat' dir='ltr'><strong>Domino</strong></span> <span class='ocrx_word' id='word_1_121' title='bbox 770 1477 870 1518; x_wconf 88' lang='lat' dir='ltr'><strong>suo</strong></span> <span class='ocrx_word' id='word_1_122' title='bbox 897 1463 1108 1519; x_wconf 90' lang='lat' dir='ltr'><strong>diurnis</strong></span> <span class='ocrx_word' id='word_1_123' title='bbox 1153 1466 1545 1535; x_wconf 87' lang='lat' dir='ltr'><strong>nocturnisque</strong></span> <span class='ocrx_word' id='word_1_124' title='bbox 1570 1465 1771 1536; x_wconf 80' lang='lat' dir='ltr'><strong>vigiliis</strong></span> 
     </span>
    </p>
   </div>
   <div class='ocr_carea' id='block_1_17' title="bbox 179 1552 1770 1626">
    <p class='ocr_par' dir='ltr' id='par_1_17' title="bbox 179 1552 1770 1626">
     <span class='ocr_line' id='line_1_17' title="bbox 179 1552 1770 1626; baseline 0.003 -20"><span class='ocrx_word' id='word_1_125' title='bbox 179 1553 383 1607; x_wconf 84' lang='lat' dir='ltr'><strong>intenti</strong></span> <span class='ocrx_word' id='word_1_126' title='bbox 414 1552 814 1620; x_wconf 90' lang='lat' dir='ltr'><strong>clamaverunt,</strong></span> <span class='ocrx_word' id='word_1_127' title='bbox 845 1570 1103 1626; x_wconf 89' lang='lat' dir='ltr'><strong>magnos,</strong></span> <span class='ocrx_word' id='word_1_128' title='bbox 1134 1565 1196 1610; x_wconf 92' lang='lat' dir='ltr'><strong>ut</strong></span> <span class='ocrx_word' id='word_1_129' title='bbox 1218 1557 1294 1611; x_wconf 89' lang='lat' dir='ltr'><strong>ita</strong></span> <span class='ocrx_word' id='word_1_130' title='bbox 1326 1555 1579 1621; x_wconf 78' lang='lat' dir='ltr'><strong>dixerim,</strong></span> <span class='ocrx_word' id='word_1_131' title='bbox 1608 1556 1770 1611; x_wconf 87' lang='lat' dir='ltr'><strong>latra-</strong></span> 
     </span>
    </p>
   </div>
   <div class='ocr_carea' id='block_1_18' title="bbox 179 1643 1770 1718">
    <p class='ocr_par' dir='ltr' id='par_1_18' title="bbox 179 1643 1770 1718">
     <span class='ocr_line' id='line_1_18' title="bbox 179 1643 1770 1718; baseline 0.006 -22"><span class='ocrx_word' id='word_1_132' title='bbox 179 1651 274 1697; x_wconf 87' lang='lat' dir='ltr'><strong>tus</strong></span> <span class='ocrx_word' id='word_1_133' title='bbox 306 1643 710 1713; x_wconf 65' lang='lat' dir='ltr'><strong>prazdicationis</strong></span> <span class='ocrx_word' id='word_1_134' title='bbox 733 1646 1013 1702; x_wconf 90' lang='lat' dir='ltr'><strong>dederunt.</strong></span> <span class='ocrx_word' id='word_1_135' title='bbox 1048 1647 1124 1703; x_wconf 92' lang='lat' dir='ltr'><strong>De</strong></span> <span class='ocrx_word' id='word_1_136' title='bbox 1150 1649 1349 1718; x_wconf 88' lang='lat' dir='ltr'><strong>quibus</strong></span> <span class='ocrx_word' id='word_1_137' title='bbox 1375 1649 1548 1705; x_wconf 89' lang='lat' dir='ltr'><strong>eidem</strong></span> <span class='ocrx_word' id='word_1_138' title='bbox 1583 1650 1770 1706; x_wconf 86' lang='lat' dir='ltr'><strong>Eccle-</strong></span> 
     </span>
    </p>
   </div>
   <div class='ocr_carea' id='block_1_19' title="bbox 1873 477 3455 556">
    <p class='ocr_par' dir='ltr' id='par_1_19' title="bbox 1873 477 3455 556">
     <span class='ocr_line' id='line_1_19' title="bbox 1873 477 3455 556; baseline 0.007 -24"><span class='ocrx_word' id='word_1_139' title='bbox 1873 477 2134 533; x_wconf 90' lang='lat' dir='ltr'><strong>societate</strong></span> <span class='ocrx_word' id='word_1_140' title='bbox 2179 479 2433 548; x_wconf 90' lang='lat' dir='ltr'><strong>disjuncti</strong></span> <span class='ocrx_word' id='word_1_141' title='bbox 2481 489 2628 545; x_wconf 89' lang='lat' dir='ltr'><strong>sunt,</strong></span> <span class='ocrx_word' id='word_1_142' title='bbox 2664 495 2768 536; x_wconf 93' lang='lat' dir='ltr'><strong>non</strong></span> <span class='ocrx_word' id='word_1_143' title='bbox 2806 482 3043 552; x_wconf 89' lang='lat' dir='ltr'><strong>quolibet</strong></span> <span class='ocrx_word' id='word_1_144' title='bbox 3082 483 3200 541; x_wconf 81' lang='lat' dir='ltr'><strong>loco</strong></span> <span class='ocrx_word' id='word_1_145' title='bbox 3241 489 3455 556; x_wconf 86' lang='lat' dir='ltr'><strong>rodere,</strong></span> 
     </span>
    </p>
   </div>
   <div class='ocr_carea' id='block_1_20' title="bbox 1872 570 3458 645">
    <p class='ocr_par' dir='ltr' id='par_1_20' title="bbox 1872 570 3458 645">
     <span class='ocr_line' id='line_1_20' title="bbox 1872 570 3458 645; baseline 0.007 -22"><span class='ocrx_word' id='word_1_146' title='bbox 1872 570 1965 624; x_wconf 88' lang='lat' dir='ltr'><strong>sed</strong></span> <span class='ocrx_word' id='word_1_147' title='bbox 2010 571 2065 624; x_wconf 90' lang='lat' dir='ltr'><strong>in</strong></span> <span class='ocrx_word' id='word_1_148' title='bbox 2101 571 2383 626; x_wconf 76' lang='lat' dir='ltr'><strong>solitudine</strong></span> <span class='ocrx_word' id='word_1_149' title='bbox 2417 581 2804 626; x_wconf 88' lang='lat' dir='ltr'><strong>memorantur.</strong></span> <span class='ocrx_word' id='word_1_150' title='bbox 2857 572 2957 640; x_wconf 85' lang='lat' dir='ltr'><strong>Qui</strong></span> <span class='ocrx_word' id='word_1_151' title='bbox 2989 583 3136 630; x_wconf 91' lang='lat' dir='ltr'><strong>recte</strong></span> <span class='ocrx_word' id='word_1_152' title='bbox 3167 578 3458 645; x_wconf 88' lang='lat' dir='ltr'><strong>perhiben-</strong></span> 
     </span>
    </p>
   </div>
   <div class='ocr_carea' id='block_1_21' title="bbox 1873 661 3454 733">
    <p class='ocr_par' dir='ltr' id='par_1_21' title="bbox 1873 661 3454 733">
     <span class='ocr_line' id='line_1_21' title="bbox 1873 661 3454 733; baseline 0.005 -19"><span class='ocrx_word' id='word_1_153' title='bbox 1873 669 1962 714; x_wconf 90' lang='lat' dir='ltr'><strong>tur</strong></span> <span class='ocrx_word' id='word_1_154' title='bbox 1989 661 2292 716; x_wconf 87' lang='lat' dir='ltr'><strong>calamitate</strong></span> <span class='ocrx_word' id='word_1_155' title='bbox 2319 670 2367 715; x_wconf 91' lang='lat' dir='ltr'><strong>et</strong></span> <span class='ocrx_word' id='word_1_156' title='bbox 2409 664 2620 716; x_wconf 81' lang='lat' dir='ltr'><strong>miseria</strong></span> <span class='ocrx_word' id='word_1_157' title='bbox 2663 662 2935 732; x_wconf 91' lang='lat' dir='ltr'><strong>squalidi,</strong></span> <span class='ocrx_word' id='word_1_158' title='bbox 2984 665 3110 733; x_wconf 90' lang='lat' dir='ltr'><strong>quia</strong></span> <span class='ocrx_word' id='word_1_159' title='bbox 3147 674 3204 720; x_wconf 89' lang='lat' dir='ltr'><strong>et</strong></span> <span class='ocrx_word' id='word_1_160' title='bbox 3242 683 3454 722; x_wconf 90' lang='lat' dir='ltr'><strong>morum</strong></span> 
     </span>
    </p>
   </div>
   <div class='ocr_carea' id='block_1_22' title="bbox 1871 751 3452 824">
    <p class='ocr_par' dir='ltr' id='par_1_22' title="bbox 1871 751 3452 824">
     <span class='ocr_line' id='line_1_22' title="bbox 1871 751 3452 824; baseline 0.004 -18"><span class='ocrx_word' id='word_1_161' title='bbox 1871 760 1999 806; x_wconf 90' lang='lat' dir='ltr'><strong>sunt</strong></span> <span class='ocrx_word' id='word_1_162' title='bbox 2031 751 2271 820; x_wconf 86' lang='lat' dir='ltr'><strong>pernicie</strong></span> <span class='ocrx_word' id='word_1_163' title='bbox 2301 759 2356 806; x_wconf 91' lang='lat' dir='ltr'><strong>et</strong></span> <span class='ocrx_word' id='word_1_164' title='bbox 2387 766 2576 807; x_wconf 86' lang='lat' dir='ltr'><strong>sensus</strong></span> <span class='ocrx_word' id='word_1_165' title='bbox 2605 753 2870 822; x_wconf 85' lang='lat' dir='ltr'><strong>pravitate</strong></span> <span class='ocrx_word' id='word_1_166' title='bbox 2897 754 3156 823; x_wconf 89' lang='lat' dir='ltr'><strong>despecti.</strong></span> <span class='ocrx_word' id='word_1_167' title='bbox 3193 757 3296 824; x_wconf 90' lang='lat' dir='ltr'><strong>Qui</strong></span> <span class='ocrx_word' id='word_1_168' title='bbox 3325 758 3452 813; x_wconf 86' lang='lat' dir='ltr'><strong>her-</strong></span> 
     </span>
    </p>
   </div>
   <div class='ocr_carea' id='block_1_23' title="bbox 1871 840 3457 915">
    <p class='ocr_par' dir='ltr' id='par_1_23' title="bbox 1871 840 3457 915">
     <span class='ocr_line' id='line_1_23' title="bbox 1871 840 3457 915; baseline 0.002 -20"><span class='ocrx_word' id='word_1_169' title='bbox 1871 840 1970 895; x_wconf 86' lang='lat' dir='ltr'><strong>bas</strong></span> <span class='ocrx_word' id='word_1_170' title='bbox 1993 855 2209 910; x_wconf 89' lang='lat' dir='ltr'><strong>quoque</strong></span> <span class='ocrx_word' id='word_1_171' title='bbox 2235 849 2288 895; x_wconf 92' lang='lat' dir='ltr'><strong>et</strong></span> <span class='ocrx_word' id='word_1_172' title='bbox 2318 841 2548 895; x_wconf 89' lang='lat' dir='ltr'><strong>cortices</strong></span> <span class='ocrx_word' id='word_1_173' title='bbox 2576 842 2831 897; x_wconf 88' lang='lat' dir='ltr'><strong>arborum</strong></span> <span class='ocrx_word' id='word_1_174' title='bbox 2873 845 3153 909; x_wconf 89' lang='lat' dir='ltr'><strong>mandunt,</strong></span> <span class='ocrx_word' id='word_1_175' title='bbox 3184 846 3309 915; x_wconf 90' lang='lat' dir='ltr'><strong>quia</strong></span> <span class='ocrx_word' id='word_1_176' title='bbox 3343 844 3457 900; x_wconf 89' lang='lat' dir='ltr'><strong>ela-</strong></span> 
     </span>
    </p>
   </div>
   <div class='ocr_carea' id='block_1_24' title="bbox 1873 928 3457 1004">
    <p class='ocr_par' dir='ltr' id='par_1_24' title="bbox 1873 928 3457 1004">
     <span class='ocr_line' id='line_1_24' title="bbox 1873 928 3457 1004; baseline 0.004 -22"><span class='ocrx_word' id='word_1_177' title='bbox 1873 928 2035 984; x_wconf 91' lang='lat' dir='ltr'><strong>tionis</strong></span> <span class='ocrx_word' id='word_1_178' title='bbox 2073 943 2185 982; x_wconf 73' lang='lat' dir='ltr'><strong>sute</strong></span> <span class='ocrx_word' id='word_1_179' title='bbox 2212 929 2368 983; x_wconf 89' lang='lat' dir='ltr'><strong>obice</strong></span> <span class='ocrx_word' id='word_1_180' title='bbox 2398 929 2617 998; x_wconf 88' lang='lat' dir='ltr'><strong>repulsi,</strong></span> <span class='ocrx_word' id='word_1_181' title='bbox 2653 931 2707 984; x_wconf 92' lang='lat' dir='ltr'><strong>in</strong></span> <span class='ocrx_word' id='word_1_182' title='bbox 2743 946 2898 986; x_wconf 87' lang='lat' dir='ltr'><strong>sacro</strong></span> <span class='ocrx_word' id='word_1_183' title='bbox 2935 931 3152 1002; x_wconf 92' lang='lat' dir='ltr'><strong>eloquio</strong></span> <span class='ocrx_word' id='word_1_184' title='bbox 3178 949 3368 1004; x_wconf 83' lang='lat' dir='ltr'><strong>magna</strong></span> <span class='ocrx_word' id='word_1_185' title='bbox 3402 942 3457 989; x_wconf 90' lang='lat' dir='ltr'><strong>et</strong></span> 
     </span>
    </p>
   </div>
   <div class='ocr_carea' id='block_1_25' title="bbox 1871 1017 3457 1092">
    <p class='ocr_par' dir='ltr' id='par_1_25' title="bbox 1871 1017 3457 1092">
     <span class='ocr_line' id='line_1_25' title="bbox 1871 1017 3457 1092; baseline 0.004 -20"><span class='ocrx_word' id='word_1_186' title='bbox 1871 1017 2058 1073; x_wconf 89' lang='lat' dir='ltr'><strong>intima</strong></span> <span class='ocrx_word' id='word_1_187' title='bbox 2089 1019 2367 1088; x_wconf 89' lang='lat' dir='ltr'><strong>percipere</strong></span> <span class='ocrx_word' id='word_1_188' title='bbox 2401 1028 2698 1088; x_wconf 89' lang='lat' dir='ltr'><strong>nequeunt,</strong></span> <span class='ocrx_word' id='word_1_189' title='bbox 2732 1022 2824 1076; x_wconf 90' lang='lat' dir='ltr'><strong>sed</strong></span> <span class='ocrx_word' id='word_1_190' title='bbox 2855 1022 2942 1076; x_wconf 77' lang='lat' dir='ltr'><strong>vix</strong></span> <span class='ocrx_word' id='word_1_191' title='bbox 2991 1023 3043 1077; x_wconf 92' lang='lat' dir='ltr'><strong>in</strong></span> <span class='ocrx_word' id='word_1_192' title='bbox 3080 1022 3170 1078; x_wconf 91' lang='lat' dir='ltr'><strong>illa</strong></span> <span class='ocrx_word' id='word_1_193' title='bbox 3208 1024 3457 1092; x_wconf 66' lang='lat' dir='ltr'><strong>quaedam</strong></span> 
     </span>
    </p>
   </div>
   <div class='ocr_carea' id='block_1_26' title="bbox 1872 1109 3454 1185">
    <p class='ocr_par' dir='ltr' id='par_1_26' title="bbox 1872 1109 3454 1185">
     <span class='ocr_line' id='line_1_26' title="bbox 1872 1109 3454 1185; baseline 0.003 -20"><span class='ocrx_word' id='word_1_194' title='bbox 1872 1118 2056 1165; x_wconf 89' lang='lat' dir='ltr'><strong>tenera</strong></span> <span class='ocrx_word' id='word_1_195' title='bbox 2100 1119 2153 1164; x_wconf 86' lang='lat' dir='ltr'><strong>et</strong></span> <span class='ocrx_word' id='word_1_196' title='bbox 2183 1109 2454 1166; x_wconf 79' lang='lat' dir='ltr'><strong>exteriora</strong></span> <span class='ocrx_word' id='word_1_197' title='bbox 2481 1121 2830 1182; x_wconf 85' lang='lat' dir='ltr'><strong>cognoscunt.</strong></span> <span class='ocrx_word' id='word_1_198' title='bbox 2872 1112 2977 1168; x_wconf 90' lang='lat' dir='ltr'><strong>Per</strong></span> <span class='ocrx_word' id='word_1_199' title='bbox 3015 1115 3212 1170; x_wconf 86' lang='lat' dir='ltr'><strong>herbas</strong></span> <span class='ocrx_word' id='word_1_200' title='bbox 3237 1115 3454 1185; x_wconf 90' lang='lat' dir='ltr'><strong>quippe,</strong></span> 
     </span>
    </p>
   </div>
   <div class='ocr_carea' id='block_1_27' title="bbox 1871 1199 3450 1271">
    <p class='ocr_par' dir='ltr' id='par_1_27' title="bbox 1871 1199 3450 1271">
     <span class='ocr_line' id='line_1_27' title="bbox 1871 1199 3450 1271; baseline 0.004 -16"><span class='ocrx_word' id='word_1_201' title='bbox 1871 1199 2013 1255; x_wconf 90' lang='lat' dir='ltr'><strong>dicta</strong></span> <span class='ocrx_word' id='word_1_202' title='bbox 2051 1199 2290 1269; x_wconf 89' lang='lat' dir='ltr'><strong>planiora</strong></span> <span class='ocrx_word' id='word_1_203' title='bbox 2313 1240 2329 1266; x_wconf 97' lang='lat'><strong>,</strong></span> <span class='ocrx_word' id='word_1_204' title='bbox 2373 1213 2470 1271; x_wconf 90' lang='lat' dir='ltr'><strong>per</strong></span> <span class='ocrx_word' id='word_1_205' title='bbox 2498 1203 2755 1257; x_wconf 91' lang='lat' dir='ltr'><strong>arborum</strong></span> <span class='ocrx_word' id='word_1_206' title='bbox 2799 1204 3054 1268; x_wconf 89' lang='lat' dir='ltr'><strong>cortices,</strong></span> <span class='ocrx_word' id='word_1_207' title='bbox 3085 1204 3306 1260; x_wconf 84' lang='lat' dir='ltr'><strong>Patrum</strong></span> <span class='ocrx_word' id='word_1_208' title='bbox 3335 1205 3450 1262; x_wconf 90' lang='lat' dir='ltr'><strong>clo-</strong></span> 
     </span>
    </p>
   </div>
   <div class='ocr_carea' id='block_1_28' title="bbox 1869 1291 3452 1363">
    <p class='ocr_par' dir='ltr' id='par_1_28' title="bbox 1869 1291 3452 1363">
     <span class='ocr_line' id='line_1_28' title="bbox 1869 1291 3452 1363; baseline 0.005 -18"><span class='ocrx_word' id='word_1_209' title='bbox 1869 1291 1996 1362; x_wconf 88' lang='lat' dir='ltr'><strong>quia</strong></span> <span class='ocrx_word' id='word_1_210' title='bbox 2035 1292 2304 1348; x_wconf 80' lang='lat' dir='ltr'><strong>exteriora</strong></span> <span class='ocrx_word' id='word_1_211' title='bbox 2339 1293 2640 1363; x_wconf 80' lang='lat' dir='ltr'><strong>signantur.</strong></span> <span class='ocrx_word' id='word_1_212' title='bbox 2671 1295 2767 1350; x_wconf 86' lang='lat' dir='ltr'><strong>Vel</strong></span> <span class='ocrx_word' id='word_1_213' title='bbox 2797 1305 2944 1351; x_wconf 93' lang='lat' dir='ltr'><strong>certe</strong></span> <span class='ocrx_word' id='word_1_214' title='bbox 2971 1297 3168 1353; x_wconf 88' lang='lat' dir='ltr'><strong>herbas</strong></span> <span class='ocrx_word' id='word_1_215' title='bbox 3196 1299 3452 1353; x_wconf 85' lang='lat' dir='ltr'><strong>mandere</strong></span> 
     </span>
    </p>
   </div>
   <div class='ocr_carea' id='block_1_29' title="bbox 1869 1384 3504 1458">
    <p class='ocr_par' dir='ltr' id='par_1_29' title="bbox 1869 1384 3504 1458">
     <span class='ocr_line' id='line_1_29' title="bbox 1869 1384 3504 1458; baseline 0.002 -18"><span class='ocrx_word' id='word_1_216' title='bbox 1869 1392 1974 1450; x_wconf 90' lang='lat' dir='ltr'><strong>est,</strong></span> <span class='ocrx_word' id='word_1_217' title='bbox 2001 1384 2068 1439; x_wconf 92' lang='lat' dir='ltr'><strong>de</strong></span> <span class='ocrx_word' id='word_1_218' title='bbox 2109 1385 2388 1454; x_wconf 85' lang='lat' dir='ltr'><strong>Scriptura</strong></span> <span class='ocrx_word' id='word_1_219' title='bbox 2431 1400 2586 1441; x_wconf 88' lang='lat' dir='ltr'><strong>sacra</strong></span> <span class='ocrx_word' id='word_1_220' title='bbox 2633 1387 2856 1441; x_wconf 90' lang='lat' dir='ltr'><strong>minima</strong></span> <span class='ocrx_word' id='word_1_221' title='bbox 2896 1397 3166 1458; x_wconf 76' lang='lat' dir='ltr'><strong>praecepta</strong></span> <span class='ocrx_word' id='word_1_222' title='bbox 3212 1402 3454 1453; x_wconf 89' lang='lat' dir='ltr'><strong>servare,</strong></span> <span class='ocrx_word' id='word_1_223' title='bbox 3487 1388 3504 1444; x_wconf 57' lang='grc' dir='ltr'>ἱ</span> 
     </span>
    </p>
   </div>
   <div class='ocr_carea' id='block_1_30' title="bbox 1870 1459 3520 1547">
    <p class='ocr_par' dir='ltr' id='par_1_30' title="bbox 1870 1459 3520 1547">
     <span class='ocr_line' id='line_1_30' title="bbox 1870 1459 3520 1547; baseline 0.002 -18"><span class='ocrx_word' id='word_1_224' title='bbox 1870 1474 2077 1544; x_wconf 87' lang='lat' dir='ltr'><strong>majora</strong></span> <span class='ocrx_word' id='word_1_225' title='bbox 2125 1483 2494 1531; x_wconf 89' lang='lat' dir='ltr'><strong>contemnere.</strong></span> <span class='ocrx_word' id='word_1_226' title='bbox 2552 1477 2698 1543; x_wconf 89' lang='lat' dir='ltr'><strong>Quos</strong></span> <span class='ocrx_word' id='word_1_227' title='bbox 2750 1477 2886 1532; x_wconf 90' lang='lat' dir='ltr'><strong>bene</strong></span> <span class='ocrx_word' id='word_1_228' title='bbox 2936 1475 3151 1532; x_wconf 75' lang='lat' dir='ltr'><strong>Veritas</strong></span> <span class='ocrx_word' id='word_1_229' title='bbox 3214 1477 3458 1547; x_wconf 78' lang='lat' dir='ltr'><strong>increpat</strong></span> <span class='ocrx_word' id='word_1_230' title='bbox 3509 1459 3520 1478; x_wconf 68' lang='grc'><strong>’</strong></span> 
     </span>
    </p>
   </div>
   <div class='ocr_carea' id='block_1_31' title="bbox 1869 1563 3454 1636">
    <p class='ocr_par' dir='ltr' id='par_1_31' title="bbox 1869 1563 3454 1636">
     <span class='ocr_line' id='line_1_31' title="bbox 1869 1563 3454 1636; baseline 0.001 -18"><span class='ocrx_word' id='word_1_231' title='bbox 1869 1565 2056 1620; x_wconf 89' lang='lat' dir='ltr'><strong>dicens</strong></span> <span class='ocrx_word' id='word_1_232' title='bbox 2099 1581 2112 1620; x_wconf 89' lang='lat'><strong>:</strong></span> <span class='ocrx_word' id='word_1_233' title='bbox 2151 1583 2171 1616; x_wconf 87' lang='grc'><strong><em>‹</em></strong></span> <span class='ocrx_word' id='word_1_234' title='bbox 2197 1563 2290 1633; x_wconf 72' lang='lat' dir='ltr'><strong>Vae</strong></span> <span class='ocrx_word' id='word_1_235' title='bbox 2314 1565 2490 1630; x_wconf 88' lang='lat' dir='ltr'><strong>vobis,</strong></span> <span class='ocrx_word' id='word_1_236' title='bbox 2520 1564 2726 1620; x_wconf 81' lang='lat' dir='ltr'><strong>Scribae</strong></span> <span class='ocrx_word' id='word_1_237' title='bbox 2761 1576 2817 1620; x_wconf 90' lang='lat' dir='ltr'><strong>et</strong></span> <span class='ocrx_word' id='word_1_238' title='bbox 2840 1565 3100 1620; x_wconf 69' lang='lat' dir='ltr'><strong>Pharisaei</strong></span> <span class='ocrx_word' id='word_1_239' title='bbox 3130 1566 3454 1636; x_wconf 67' lang='lat' dir='ltr'><strong>hypocritae,</strong></span> 
     </span>
    </p>
   </div>
   <div class='ocr_carea' id='block_1_32' title="bbox 1869 1653 3454 1724">
    <p class='ocr_par' dir='ltr' id='par_1_32' title="bbox 1869 1653 3454 1724">
     <span class='ocr_line' id='line_1_32' title="bbox 1869 1653 3454 1724; baseline 0.002 -17"><span class='ocrx_word' id='word_1_240' title='bbox 1869 1653 1962 1724; x_wconf 90' lang='lat' dir='ltr'><strong>qui</strong></span> <span class='ocrx_word' id='word_1_241' title='bbox 2009 1653 2292 1708; x_wconf 89' lang='lat' dir='ltr'><strong>decimatis</strong></span> <span class='ocrx_word' id='word_1_242' title='bbox 2342 1655 2644 1720; x_wconf 90' lang='lat' dir='ltr'><strong>mentham,</strong></span> <span class='ocrx_word' id='word_1_243' title='bbox 2673 1663 2727 1710; x_wconf 91' lang='lat' dir='ltr'><strong>et</strong></span> <span class='ocrx_word' id='word_1_244' title='bbox 2775 1656 3054 1721; x_wconf 85' lang='lat' dir='ltr'><strong>anethum,</strong></span> <span class='ocrx_word' id='word_1_245' title='bbox 3083 1665 3138 1712; x_wconf 90' lang='lat' dir='ltr'><strong>et</strong></span> <span class='ocrx_word' id='word_1_246' title='bbox 3173 1656 3454 1720; x_wconf 91' lang='lat' dir='ltr'><strong>ciminum,</strong></span> 
     </span>
    </p>
   </div>
   <div class='ocr_carea' id='block_1_33' title="bbox 180 1738 3450 1820">
    <p class='ocr_par' dir='ltr' id='par_1_33' title="bbox 180 1738 3450 1820">
     <span class='ocr_line' id='line_1_33' title="bbox 180 1738 3450 1820; baseline 0.002 -26"><span class='ocrx_word' id='word_1_247' title='bbox 180 1739 283 1794; x_wconf 67' lang='lat' dir='ltr'><strong>sia:</strong></span> <span class='ocrx_word' id='word_1_248' title='bbox 304 1755 402 1809; x_wconf 91' lang='lat' dir='ltr'><strong>per</strong></span> <span class='ocrx_word' id='word_1_249' title='bbox 429 1738 772 1796; x_wconf 89' lang='lat' dir='ltr'><strong>Psalmistam</strong></span> <span class='ocrx_word' id='word_1_250' title='bbox 794 1743 1027 1797; x_wconf 89' lang='lat' dir='ltr'><strong>dicitur:</strong></span> <span class='ocrx_word' id='word_1_251' title='bbox 1063 1761 1080 1794; x_wconf 76' lang='grc' dir='ltr'>ι</span> <span class='ocrx_word' id='word_1_252' title='bbox 1105 1742 1310 1814; x_wconf 88' lang='lat' dir='ltr'><strong>Lingua</strong></span> <span class='ocrx_word' id='word_1_253' title='bbox 1333 1759 1528 1799; x_wconf 91' lang='lat' dir='ltr'><strong>canum</strong></span> <span class='ocrx_word' id='word_1_254' title='bbox 1554 1753 1769 1800; x_wconf 91' lang='lat' dir='ltr'><strong>tuorum</strong></span> <span class='ocrx_word' id='word_1_255' title='bbox 1800 1738 1846 1796; x_wconf 88' lang='lat' dir='ltr'><strong>B</strong></span> <span class='ocrx_word' id='word_1_256' title='bbox 1872 1755 1930 1802; x_wconf 90' lang='lat' dir='ltr'><strong>et</strong></span> <span class='ocrx_word' id='word_1_257' title='bbox 1977 1746 2275 1816; x_wconf 88' lang='lat' dir='ltr'><strong>reliquistis</strong></span> <span class='ocrx_word' id='word_1_258' title='bbox 2354 1762 2474 1817; x_wconf 58' lang='lat' dir='ltr'><strong>quae</strong></span> <span class='ocrx_word' id='word_1_259' title='bbox 2548 1750 2795 1817; x_wconf 81' lang='lat' dir='ltr'><strong>graviora</strong></span> <span class='ocrx_word' id='word_1_260' title='bbox 2857 1758 2982 1804; x_wconf 85' lang='lat' dir='ltr'><strong>sunt</strong></span> <span class='ocrx_word' id='word_1_261' title='bbox 3030 1749 3160 1819; x_wconf 86' lang='lat' dir='ltr'><strong>legis</strong></span> <span class='ocrx_word' id='word_1_262' title='bbox 3211 1749 3229 1820; x_wconf 95' lang='lat'><strong>(</strong></span> <span class='ocrx_word' id='word_1_263' title='bbox 3256 1747 3450 1804; x_wconf 76' lang='lat' dir='ltr'><strong>Matth.</strong></span> 
     </span>
    </p>
   </div>
   <div class='ocr_carea' id='block_1_34' title="bbox 179 1830 1771 1904">
    <p class='ocr_par' dir='ltr' id='par_1_34' title="bbox 179 1830 1771 1904">
     <span class='ocr_line' id='line_1_34' title="bbox 179 1830 1771 1904; baseline 0.001 -17"><span class='ocrx_word' id='word_1_264' title='bbox 179 1847 250 1887; x_wconf 81' lang='lat' dir='ltr'><strong>ex</strong></span> <span class='ocrx_word' id='word_1_265' title='bbox 266 1832 505 1887; x_wconf 90' lang='lat' dir='ltr'><strong>inimicis</strong></span> <span class='ocrx_word' id='word_1_266' title='bbox 521 1833 590 1886; x_wconf 89' lang='lat' dir='ltr'><strong>ab</strong></span> <span class='ocrx_word' id='word_1_267' title='bbox 612 1833 728 1902; x_wconf 90' lang='lat' dir='ltr'><strong>ipso</strong></span> <span class='ocrx_word' id='word_1_268' title='bbox 751 1830 922 1904; x_wconf 89' lang='lat' dir='ltr'><strong>(Psal.</strong></span> <span class='ocrx_word' id='word_1_269' title='bbox 942 1849 1106 1896; x_wconf 80' lang='lat' dir='ltr'><strong>vau,</strong></span> <span class='ocrx_word' id='word_1_270' title='bbox 1122 1833 1268 1903; x_wconf 72' lang='grc'>24).»</span> <span class='ocrx_word' id='word_1_271' title='bbox 1296 1833 1489 1889; x_wconf 87' lang='lat' dir='ltr'><strong>Patres</strong></span> <span class='ocrx_word' id='word_1_272' title='bbox 1510 1849 1639 1889; x_wconf 85' lang='lat' dir='ltr'><strong>vero</strong></span> <span class='ocrx_word' id='word_1_273' title='bbox 1663 1835 1771 1889; x_wconf 63' lang='lat' dir='ltr'><strong>hae-</strong></span> 
     </span>
    </p>
   </div>
   <div class='ocr_carea' id='block_1_35' title="bbox 180 1925 1771 1998">
    <p class='ocr_par' dir='ltr' id='par_1_35' title="bbox 180 1925 1771 1998">
     <span class='ocr_line' id='line_1_35' title="bbox 180 1925 1771 1998; baseline 0.003 -18"><span class='ocrx_word' id='word_1_274' title='bbox 180 1925 481 1981; x_wconf 89' lang='lat' dir='ltr'><strong>reticorum</strong></span> <span class='ocrx_word' id='word_1_275' title='bbox 510 1927 744 1984; x_wconf 91' lang='lat' dir='ltr'><strong>dicimus</strong></span> <span class='ocrx_word' id='word_1_276' title='bbox 777 1942 873 1984; x_wconf 91' lang='lat' dir='ltr'><strong>eos</strong></span> <span class='ocrx_word' id='word_1_277' title='bbox 901 1929 1155 1984; x_wconf 89' lang='lat' dir='ltr'><strong>videlicet</strong></span> <span class='ocrx_word' id='word_1_278' title='bbox 1204 1944 1340 1998; x_wconf 87' lang='lat' dir='ltr'><strong>quos</strong></span> <span class='ocrx_word' id='word_1_279' title='bbox 1381 1930 1771 1985; x_wconf 62' lang='lat' dir='ltr'><strong>haeresiarchas</strong></span> 
     </span>
    </p>
   </div>
   <div class='ocr_carea' id='block_1_36' title="bbox 179 2016 1768 2089">
    <p class='ocr_par' dir='ltr' id='par_1_36' title="bbox 179 2016 1768 2089">
     <span class='ocr_line' id='line_1_36' title="bbox 179 2016 1768 2089; baseline 0.003 -20"><span class='ocrx_word' id='word_1_280' title='bbox 179 2029 464 2082; x_wconf 81' lang='lat' dir='ltr'><strong>vocamus,</strong></span> <span class='ocrx_word' id='word_1_281' title='bbox 500 2016 569 2071; x_wconf 92' lang='lat' dir='ltr'><strong>de</strong></span> <span class='ocrx_word' id='word_1_282' title='bbox 594 2032 822 2086; x_wconf 91' lang='lat' dir='ltr'><strong>quorum</strong></span> <span class='ocrx_word' id='word_1_283' title='bbox 852 2033 1105 2088; x_wconf 89' lang='lat' dir='ltr'><strong>perversa</strong></span> <span class='ocrx_word' id='word_1_284' title='bbox 1149 2019 1556 2089; x_wconf 65' lang='lat' dir='ltr'><strong>praedicatione,</strong></span> <span class='ocrx_word' id='word_1_285' title='bbox 1588 2021 1640 2074; x_wconf 91' lang='lat' dir='ltr'><strong>id</strong></span> <span class='ocrx_word' id='word_1_286' title='bbox 1665 2029 1768 2086; x_wconf 90' lang='lat' dir='ltr'><strong>est,</strong></span> 
     </span>
    </p>
   </div>
   <div class='ocr_carea' id='block_1_37' title="bbox 178 2108 1773 2182">
    <p class='ocr_par' dir='ltr' id='par_1_37' title="bbox 178 2108 1773 2182">
     <span class='ocr_line' id='line_1_37' title="bbox 178 2108 1773 2182; baseline 0.002 -18"><span class='ocrx_word' id='word_1_287' title='bbox 178 2108 473 2164; x_wconf 88' lang='lat' dir='ltr'><strong>locutionis</strong></span> <span class='ocrx_word' id='word_1_288' title='bbox 499 2111 706 2165; x_wconf 89' lang='lat' dir='ltr'><strong>semine</strong></span> <span class='ocrx_word' id='word_1_289' title='bbox 753 2120 1046 2180; x_wconf 86' lang='lat' dir='ltr'><strong>sequentes</strong></span> <span class='ocrx_word' id='word_1_290' title='bbox 1096 2119 1224 2166; x_wconf 88' lang='lat' dir='ltr'><strong>sunt</strong></span> <span class='ocrx_word' id='word_1_291' title='bbox 1267 2111 1446 2182; x_wconf 92' lang='lat' dir='ltr'><strong>populi</strong></span> <span class='ocrx_word' id='word_1_292' title='bbox 1486 2111 1538 2165; x_wconf 92' lang='lat' dir='ltr'><strong>in</strong></span> <span class='ocrx_word' id='word_1_293' title='bbox 1586 2125 1773 2167; x_wconf 91' lang='lat' dir='ltr'><strong>errore</strong></span> 
     </span>
    </p>
   </div>
   <div class='ocr_carea' id='block_1_38' title="bbox 181 2199 1773 2275">
    <p class='ocr_par' dir='ltr' id='par_1_38' title="bbox 181 2199 1773 2275">
     <span class='ocr_line' id='line_1_38' title="bbox 181 2199 1773 2275; baseline 0.004 -23"><span class='ocrx_word' id='word_1_294' title='bbox 181 2200 450 2269; x_wconf 87' lang='lat' dir='ltr'><strong>generati.</strong></span> <span class='ocrx_word' id='word_1_295' title='bbox 490 2199 691 2255; x_wconf 89' lang='lat' dir='ltr'><strong>Sancta</strong></span> <span class='ocrx_word' id='word_1_296' title='bbox 737 2215 868 2272; x_wconf 90' lang='lat' dir='ltr'><strong>ergo</strong></span> <span class='ocrx_word' id='word_1_297' title='bbox 901 2201 1145 2258; x_wconf 83' lang='lat' dir='ltr'><strong>Ecclesia</strong></span> <span class='ocrx_word' id='word_1_298' title='bbox 1177 2217 1303 2257; x_wconf 92' lang='lat' dir='ltr'><strong>cum</strong></span> <span class='ocrx_word' id='word_1_299' title='bbox 1340 2202 1566 2258; x_wconf 90' lang='lat' dir='ltr'><strong>canibus</strong></span> <span class='ocrx_word' id='word_1_300' title='bbox 1590 2203 1773 2275; x_wconf 86' lang='lat' dir='ltr'><strong>gregis</strong></span> 
     </span>
    </p>
   </div>
   <div class='ocr_carea' id='block_1_39' title="bbox 179 2292 1773 2365">
    <p class='ocr_par' dir='ltr' id='par_1_39' title="bbox 179 2292 1773 2365">
     <span class='ocr_line' id='line_1_39' title="bbox 179 2292 1773 2365; baseline 0.001 -17"><span class='ocrx_word' id='word_1_301' title='bbox 179 2293 269 2348; x_wconf 78' lang='lat' dir='ltr'><strong>sui</strong></span> <span class='ocrx_word' id='word_1_302' title='bbox 298 2292 681 2348; x_wconf 70' lang='lat' dir='ltr'><strong>haereticorum</strong></span> <span class='ocrx_word' id='word_1_303' title='bbox 723 2293 916 2350; x_wconf 89' lang='lat' dir='ltr'><strong>Patres</strong></span> <span class='ocrx_word' id='word_1_304' title='bbox 951 2308 1153 2364; x_wconf 89' lang='lat' dir='ltr'><strong>ponere</strong></span> <span class='ocrx_word' id='word_1_305' title='bbox 1176 2295 1514 2365; x_wconf 87' lang='lat' dir='ltr'><strong>dedignatur,</strong></span> <span class='ocrx_word' id='word_1_306' title='bbox 1542 2295 1666 2365; x_wconf 91' lang='lat' dir='ltr'><strong>quia</strong></span> <span class='ocrx_word' id='word_1_307' title='bbox 1692 2295 1773 2349; x_wconf 85' lang='lat' dir='ltr'><strong>in-</strong></span> 
     </span>
    </p>
   </div>
   <div class='ocr_carea' id='block_1_40' title="bbox 181 2385 1774 2457">
    <p class='ocr_par' dir='ltr' id='par_1_40' title="bbox 181 2385 1774 2457">
     <span class='ocr_line' id='line_1_40' title="bbox 181 2385 1774 2457; baseline 0.004 -22"><span class='ocrx_word' id='word_1_308' title='bbox 181 2391 440 2438; x_wconf 86' lang='lat' dir='ltr'><strong>ventores</strong></span> <span class='ocrx_word' id='word_1_309' title='bbox 475 2398 724 2439; x_wconf 89' lang='lat' dir='ltr'><strong>errorum</strong></span> <span class='ocrx_word' id='word_1_310' title='bbox 750 2385 1099 2454; x_wconf 90' lang='lat' dir='ltr'><strong>dijudicando</strong></span> <span class='ocrx_word' id='word_1_311' title='bbox 1125 2386 1370 2455; x_wconf 92' lang='lat' dir='ltr'><strong>respuit,</strong></span> <span class='ocrx_word' id='word_1_312' title='bbox 1403 2400 1604 2457; x_wconf 88' lang='lat' dir='ltr'><strong>eosque</strong></span> <span class='ocrx_word' id='word_1_313' title='bbox 1633 2386 1774 2441; x_wconf 91' lang='lat' dir='ltr'><strong>inter</strong></span> 
     </span>
    </p>
   </div>
   <div class='ocr_carea' id='block_1_41' title="bbox 182 2473 1574 2546">
    <p class='ocr_par' dir='ltr' id='par_1_41' title="bbox 182 2473 1574 2546">
     <span class='ocr_line' id='line_1_41' title="bbox 182 2473 1574 2546; baseline 0.002 -19"><span class='ocrx_word' id='word_1_314' title='bbox 182 2487 346 2528; x_wconf 74' lang='lat' dir='ltr'><strong>veros</strong></span> <span class='ocrx_word' id='word_1_315' title='bbox 376 2473 571 2530; x_wconf 90' lang='lat' dir='ltr'><strong>Patres</strong></span> <span class='ocrx_word' id='word_1_316' title='bbox 600 2489 892 2531; x_wconf 90' lang='lat' dir='ltr'><strong>numerare</strong></span> <span class='ocrx_word' id='word_1_317' title='bbox 915 2477 1236 2531; x_wconf 89' lang='lat' dir='ltr'><strong>contemnit.</strong></span> <span class='ocrx_word' id='word_1_318' title='bbox 1265 2475 1526 2546; x_wconf 91' lang='lat' dir='ltr'><strong>Sequitur</strong></span> <span class='ocrx_word' id='word_1_319' title='bbox 1561 2494 1574 2530; x_wconf 97' lang='lat'><strong>:</strong></span> 
     </span>
    </p>
   </div>
   <div class='ocr_carea' id='block_1_42' title="bbox 257 2562 1774 2637">
    <p class='ocr_par' dir='ltr' id='par_1_42' title="bbox 257 2562 1774 2637">
     <span class='ocr_line' id='line_1_42' title="bbox 257 2562 1774 2637; baseline 0.001 -19"><span class='ocrx_word' id='word_1_320' title='bbox 257 2562 427 2619; x_wconf 69' lang='lat' dir='ltr'><strong>Vsus.</strong></span> <span class='ocrx_word' id='word_1_321' title='bbox 475 2563 530 2620; x_wconf 73' lang='lat'><strong>2.</strong></span> <span class='ocrx_word' id='word_1_322' title='bbox 575 2564 812 2630; x_wconf 87' lang='lat' dir='ltr'><strong>Quorum</strong></span> <span class='ocrx_word' id='word_1_323' title='bbox 857 2567 1022 2621; x_wconf 79' lang='lat' dir='ltr'><strong>virtus</strong></span> <span class='ocrx_word' id='word_1_324' title='bbox 1061 2583 1313 2620; x_wconf 88' lang='lat' dir='ltr'><strong>manuum</strong></span> <span class='ocrx_word' id='word_1_325' title='bbox 1349 2577 1460 2620; x_wconf 88' lang='lat' dir='ltr'><strong>erat</strong></span> <span class='ocrx_word' id='word_1_326' title='bbox 1504 2567 1634 2621; x_wconf 82' lang='lat' dir='ltr'><strong>mihi</strong></span> <span class='ocrx_word' id='word_1_327' title='bbox 1677 2580 1774 2637; x_wconf 87' lang='lat' dir='ltr'><strong>pro</strong></span> 
     </span>
    </p>
   </div>
   <div class='ocr_carea' id='block_1_43' title="bbox 182 2652 1774 2726">
    <p class='ocr_par' dir='ltr' id='par_1_43' title="bbox 182 2652 1774 2726">
     <span class='ocr_line' id='line_1_43' title="bbox 182 2652 1774 2726; baseline 0.002 -18"><span class='ocrx_word' id='word_1_328' title='bbox 182 2652 374 2718; x_wconf 67' lang='lat' dir='ltr'><strong>nihilo,</strong></span> <span class='ocrx_word' id='word_1_329' title='bbox 391 2662 440 2707; x_wconf 86' lang='lat' dir='ltr'><strong>et</strong></span> <span class='ocrx_word' id='word_1_330' title='bbox 465 2654 571 2708; x_wconf 79' lang='lat' dir='ltr'><strong>vita</strong></span> <span class='ocrx_word' id='word_1_331' title='bbox 598 2655 712 2724; x_wconf 84' lang='lat' dir='ltr'><strong>ipsa</strong></span> <span class='ocrx_word' id='word_1_332' title='bbox 735 2654 1056 2724; x_wconf 87' lang='lat' dir='ltr'><strong>putabantur</strong></span> <span class='ocrx_word' id='word_1_333' title='bbox 1073 2655 1556 2725; x_wconf 80' lang='lat' dir='ltr'><strong>indigni.-—-Virtus</strong></span> <span class='ocrx_word' id='word_1_334' title='bbox 1575 2655 1774 2726; x_wconf 88' lang='lat' dir='ltr'><strong>quippe</strong></span> 
     </span>
    </p>
   </div>
   <div class='ocr_carea' id='block_1_44' title="bbox 183 2743 1774 2817">
    <p class='ocr_par' dir='ltr' id='par_1_44' title="bbox 183 2743 1774 2817">
     <span class='ocr_line' id='line_1_44' title="bbox 183 2743 1774 2817; baseline 0.001 -15"><span class='ocrx_word' id='word_1_335' title='bbox 183 2743 243 2802; x_wconf 81' lang='lat' dir='ltr'><strong>In</strong></span> <span class='ocrx_word' id='word_1_336' title='bbox 273 2759 437 2799; x_wconf 90' lang='lat' dir='ltr'><strong>manu</strong></span> <span class='ocrx_word' id='word_1_337' title='bbox 464 2753 570 2809; x_wconf 90' lang='lat' dir='ltr'><strong>est,</strong></span> <span class='ocrx_word' id='word_1_338' title='bbox 606 2746 921 2815; x_wconf 80' lang='lat' dir='ltr'><strong>magnitudo</strong></span> <span class='ocrx_word' id='word_1_339' title='bbox 964 2746 1018 2800; x_wconf 93' lang='lat' dir='ltr'><strong>in</strong></span> <span class='ocrx_word' id='word_1_340' title='bbox 1065 2747 1428 2817; x_wconf 86' lang='lat' dir='ltr'><strong>operatione:</strong></span> <span class='ocrx_word' id='word_1_341' title='bbox 1473 2749 1568 2804; x_wconf 89' lang='lat' dir='ltr'><strong>sed</strong></span> <span class='ocrx_word' id='word_1_342' title='bbox 1599 2750 1774 2804; x_wconf 89' lang='lat' dir='ltr'><strong>virtus</strong></span> 
     </span>
    </p>
   </div>
   <div class='ocr_carea' id='block_1_45' title="bbox 183 2837 1774 2908">
    <p class='ocr_par' dir='ltr' id='par_1_45' title="bbox 183 2837 1774 2908">
     <span class='ocr_line' id='line_1_45' title="bbox 183 2837 1774 2908; baseline 0.001 -16"><span class='ocrx_word' id='word_1_343' title='bbox 183 2850 446 2892; x_wconf 88' lang='lat' dir='ltr'><strong>manuum</strong></span> <span class='ocrx_word' id='word_1_344' title='bbox 479 2837 861 2892; x_wconf 67' lang='lat' dir='ltr'><strong>haereticorum</strong></span> <span class='ocrx_word' id='word_1_345' title='bbox 893 2851 923 2892; x_wconf 87' lang='lat' dir='ltr'><strong>a</strong></span> <span class='ocrx_word' id='word_1_346' title='bbox 964 2847 1150 2892; x_wconf 88' lang='lat' dir='ltr'><strong>sancta</strong></span> <span class='ocrx_word' id='word_1_347' title='bbox 1181 2837 1424 2892; x_wconf 84' lang='lat' dir='ltr'><strong>Ecclesia</strong></span> <span class='ocrx_word' id='word_1_348' title='bbox 1467 2852 1567 2908; x_wconf 89' lang='lat' dir='ltr'><strong>pro</strong></span> <span class='ocrx_word' id='word_1_349' title='bbox 1598 2838 1774 2894; x_wconf 88' lang='lat' dir='ltr'><strong>nihilo</strong></span> 
     </span>
    </p>
   </div>
   <div class='ocr_carea' id='block_1_46' title="bbox 184 2926 1774 3000">
    <p class='ocr_par' dir='ltr' id='par_1_46' title="bbox 184 2926 1774 3000">
     <span class='ocr_line' id='line_1_46' title="bbox 184 2926 1774 3000; baseline 0.004 -20"><span class='ocrx_word' id='word_1_350' title='bbox 184 2926 424 2993; x_wconf 89' lang='lat' dir='ltr'><strong>ducitur,</strong></span> <span class='ocrx_word' id='word_1_351' title='bbox 451 2928 581 2998; x_wconf 88' lang='lat' dir='ltr'><strong>quia</strong></span> <span class='ocrx_word' id='word_1_352' title='bbox 611 2926 808 2982; x_wconf 90' lang='lat' dir='ltr'><strong>nullius</strong></span> <span class='ocrx_word' id='word_1_353' title='bbox 835 2942 956 2984; x_wconf 91' lang='lat' dir='ltr'><strong>esse</strong></span> <span class='ocrx_word' id='word_1_354' title='bbox 986 2929 1165 2983; x_wconf 90' lang='lat' dir='ltr'><strong>meriti</strong></span> <span class='ocrx_word' id='word_1_355' title='bbox 1195 2929 1482 3000; x_wconf 91' lang='lat' dir='ltr'><strong>conspicit,</strong></span> <span class='ocrx_word' id='word_1_356' title='bbox 1513 2945 1640 2986; x_wconf 90' lang='lat' dir='ltr'><strong>vera</strong></span> <span class='ocrx_word' id='word_1_357' title='bbox 1669 2931 1774 2987; x_wconf 85' lang='lat' dir='ltr'><strong>lide</strong></span> 
     </span>
    </p>
   </div>
   <div class='ocr_carea' id='block_1_47' title="bbox 182 3016 1770 3091">
    <p class='ocr_par' dir='ltr' id='par_1_47' title="bbox 182 3016 1770 3091">
     <span class='ocr_line' id='line_1_47' title="bbox 182 3016 1770 3091; baseline 0.003 -21"><span class='ocrx_word' id='word_1_358' title='bbox 182 3016 417 3086; x_wconf 88' lang='lat' dir='ltr'><strong>perdita,</strong></span> <span class='ocrx_word' id='word_1_359' title='bbox 451 3016 715 3087; x_wconf 90' lang='lat' dir='ltr'><strong>quidquid</strong></span> <span class='ocrx_word' id='word_1_360' title='bbox 741 3025 1057 3086; x_wconf 87' lang='lat' dir='ltr'><strong>operantur.</strong></span> <span class='ocrx_word' id='word_1_361' title='bbox 1087 3018 1422 3073; x_wconf 88' lang='lat' dir='ltr'><strong>Charitatem</strong></span> <span class='ocrx_word' id='word_1_362' title='bbox 1447 3019 1644 3091; x_wconf 88' lang='lat' dir='ltr'><strong>quippe</strong></span> <span class='ocrx_word' id='word_1_363' title='bbox 1674 3019 1770 3074; x_wconf 91' lang='lat' dir='ltr'><strong>Dei</strong></span> 
     </span>
    </p>
   </div>
   <div class='ocr_carea' id='block_1_48' title="bbox 184 3106 1771 3177">
    <p class='ocr_par' dir='ltr' id='par_1_48' title="bbox 184 3106 1771 3177">
     <span class='ocr_line' id='line_1_48' title="bbox 184 3106 1771 3177; baseline 0.001 -15"><span class='ocrx_word' id='word_1_364' title='bbox 184 3115 244 3162; x_wconf 85' lang='lat' dir='ltr'><strong>et</strong></span> <span class='ocrx_word' id='word_1_365' title='bbox 273 3106 510 3175; x_wconf 80' lang='lat' dir='ltr'><strong>proximi</strong></span> <span class='ocrx_word' id='word_1_366' title='bbox 559 3106 851 3172; x_wconf 90' lang='lat' dir='ltr'><strong>deserunt,</strong></span> <span class='ocrx_word' id='word_1_367' title='bbox 897 3107 989 3176; x_wconf 92' lang='lat' dir='ltr'><strong>qui</strong></span> <span class='ocrx_word' id='word_1_368' title='bbox 1025 3115 1080 3162; x_wconf 90' lang='lat' dir='ltr'><strong>et</strong></span> <span class='ocrx_word' id='word_1_369' title='bbox 1109 3109 1176 3163; x_wconf 92' lang='lat' dir='ltr'><strong>de</strong></span> <span class='ocrx_word' id='word_1_370' title='bbox 1202 3108 1315 3165; x_wconf 89' lang='lat' dir='ltr'><strong>Deo</strong></span> <span class='ocrx_word' id='word_1_371' title='bbox 1341 3107 1476 3164; x_wconf 90' lang='lat' dir='ltr'><strong>falsa</strong></span> <span class='ocrx_word' id='word_1_372' title='bbox 1507 3109 1771 3177; x_wconf 88' lang='lat' dir='ltr'><strong>sentiunt,</strong></span> 
     </span>
    </p>
   </div>
   <div class='ocr_carea' id='block_1_49' title="bbox 185 3197 1775 3271">
    <p class='ocr_par' dir='ltr' id='par_1_49' title="bbox 185 3197 1775 3271">
     <span class='ocr_line' id='line_1_49' title="bbox 185 3197 1775 3271; baseline 0.003 -18"><span class='ocrx_word' id='word_1_373' title='bbox 185 3206 244 3254; x_wconf 89' lang='lat' dir='ltr'><strong>et</strong></span> <span class='ocrx_word' id='word_1_374' title='bbox 279 3198 548 3267; x_wconf 79' lang='lat' dir='ltr'><strong>proximis</strong></span> <span class='ocrx_word' id='word_1_375' title='bbox 567 3197 836 3269; x_wconf 86' lang='lat' dir='ltr'><strong>jurgando</strong></span> <span class='ocrx_word' id='word_1_376' title='bbox 861 3198 1196 3254; x_wconf 89' lang='lat' dir='ltr'><strong>dividuntur.</strong></span> <span class='ocrx_word' id='word_1_377' title='bbox 1222 3199 1619 3271; x_wconf 77' lang='lat' dir='ltr'><strong>Nonnunquam</strong></span> <span class='ocrx_word' id='word_1_378' title='bbox 1644 3216 1775 3258; x_wconf 88' lang='lat' dir='ltr'><strong>vero</strong></span> 
     </span>
    </p>
   </div>
   <div class='ocr_carea' id='block_1_50' title="bbox 183 3286 1773 3363">
    <p class='ocr_par' dir='ltr' id='par_1_50' title="bbox 183 3286 1773 3363">
     <span class='ocr_line' id='line_1_50' title="bbox 183 3286 1773 3363; baseline 0.001 -19"><span class='ocrx_word' id='word_1_379' title='bbox 183 3286 428 3344; x_wconf 75' lang='lat' dir='ltr'><strong>haeretici</strong></span> <span class='ocrx_word' id='word_1_380' title='bbox 461 3288 620 3360; x_wconf 90' lang='lat' dir='ltr'><strong>signa</strong></span> <span class='ocrx_word' id='word_1_381' title='bbox 642 3303 858 3359; x_wconf 90' lang='lat' dir='ltr'><strong>quoque</strong></span> <span class='ocrx_word' id='word_1_382' title='bbox 888 3303 952 3343; x_wconf 88' lang='lat' dir='ltr'><strong>ac</strong></span> <span class='ocrx_word' id='word_1_383' title='bbox 983 3289 1243 3346; x_wconf 91' lang='lat' dir='ltr'><strong>miracula</strong></span> <span class='ocrx_word' id='word_1_384' title='bbox 1271 3289 1498 3357; x_wconf 85' lang='lat' dir='ltr'><strong>faciunt,</strong></span> <span class='ocrx_word' id='word_1_385' title='bbox 1522 3291 1616 3348; x_wconf 90' lang='lat' dir='ltr'><strong>sed</strong></span> <span class='ocrx_word' id='word_1_386' title='bbox 1647 3292 1773 3363; x_wconf 90' lang='lat' dir='ltr'><strong>quia</strong></span> 
     </span>
    </p>
   </div>
   <div class='ocr_carea' id='block_1_51' title="bbox 187 3377 1777 3450">
    <p class='ocr_par' dir='ltr' id='par_1_51' title="bbox 187 3377 1777 3450">
     <span class='ocr_line' id='line_1_51' title="bbox 187 3377 1777 3450; baseline 0.003 -16"><span class='ocrx_word' id='word_1_387' title='bbox 187 3377 257 3434; x_wconf 89' lang='lat' dir='ltr'><strong>ad</strong></span> <span class='ocrx_word' id='word_1_388' title='bbox 279 3379 472 3434; x_wconf 88' lang='lat' dir='ltr'><strong>eadem</strong></span> <span class='ocrx_word' id='word_1_389' title='bbox 501 3379 675 3450; x_wconf 89' lang='lat' dir='ltr'><strong>signa,</strong></span> <span class='ocrx_word' id='word_1_390' title='bbox 699 3393 818 3449; x_wconf 76' lang='lat' dir='ltr'><strong>quae</strong></span> <span class='ocrx_word' id='word_1_391' title='bbox 843 3379 1122 3446; x_wconf 79' lang='lat' dir='ltr'><strong>exhibent,</strong></span> <span class='ocrx_word' id='word_1_392' title='bbox 1149 3380 1292 3435; x_wconf 89' lang='lat' dir='ltr'><strong>nulla</strong></span> <span class='ocrx_word' id='word_1_393' title='bbox 1318 3381 1622 3438; x_wconf 89' lang='lat' dir='ltr'><strong>humilitate</strong></span> <span class='ocrx_word' id='word_1_394' title='bbox 1646 3397 1777 3438; x_wconf 85' lang='lat' dir='ltr'><strong>con-</strong></span> 
     </span>
    </p>
   </div>
   <div class='ocr_carea' id='block_1_52' title="bbox 189 3469 1776 3542">
    <p class='ocr_par' dir='ltr' id='par_1_52' title="bbox 189 3469 1776 3542">
     <span class='ocr_line' id='line_1_52' title="bbox 189 3469 1776 3542; baseline 0.002 -17"><span class='ocrx_word' id='word_1_395' title='bbox 189 3470 439 3536; x_wconf 75' lang='lat' dir='ltr'><strong>cordant,</strong></span> <span class='ocrx_word' id='word_1_396' title='bbox 467 3478 615 3526; x_wconf 86' lang='lat' dir='ltr'><strong>recte</strong></span> <span class='ocrx_word' id='word_1_397' title='bbox 642 3470 892 3527; x_wconf 85' lang='lat' dir='ltr'><strong>subditur</strong></span> <span class='ocrx_word' id='word_1_398' title='bbox 921 3487 935 3525; x_wconf 92' lang='lat'><strong>:</strong></span> <span class='ocrx_word' id='word_1_399' title='bbox 969 3469 1036 3524; x_wconf 86' lang='lat' dir='ltr'><strong>Et</strong></span> <span class='ocrx_word' id='word_1_400' title='bbox 1067 3471 1174 3526; x_wconf 83' lang='lat' dir='ltr'><strong>vita</strong></span> <span class='ocrx_word' id='word_1_401' title='bbox 1193 3471 1309 3541; x_wconf 89' lang='lat' dir='ltr'><strong>ipsa</strong></span> <span class='ocrx_word' id='word_1_402' title='bbox 1338 3473 1662 3542; x_wconf 85' lang='lat' dir='ltr'><strong>putabantur</strong></span> <span class='ocrx_word' id='word_1_403' title='bbox 1693 3473 1776 3528; x_wconf 87' lang='lat' dir='ltr'><strong>in-</strong></span> 
     </span>
    </p>
   </div>
   <div class='ocr_carea' id='block_1_53' title="bbox 188 3562 1777 3633">
    <p class='ocr_par' dir='ltr' id='par_1_53' title="bbox 188 3562 1777 3633">
     <span class='ocr_line' id='line_1_53' title="bbox 188 3562 1777 3633; baseline 0.003 -17"><span class='ocrx_word' id='word_1_404' title='bbox 188 3562 356 3633; x_wconf 84' lang='lat' dir='ltr'><strong>digni.</strong></span> <span class='ocrx_word' id='word_1_405' title='bbox 414 3563 515 3619; x_wconf 79' lang='lat' dir='ltr'><strong>Vel</strong></span> <span class='ocrx_word' id='word_1_406' title='bbox 565 3571 714 3618; x_wconf 90' lang='lat' dir='ltr'><strong>certe</strong></span> <span class='ocrx_word' id='word_1_407' title='bbox 769 3577 960 3618; x_wconf 85' lang='lat' dir='ltr'><strong>omnes</strong></span> <span class='ocrx_word' id='word_1_408' title='bbox 1000 3563 1287 3619; x_wconf 81' lang='lat' dir='ltr'><strong>haereticos</strong></span> <span class='ocrx_word' id='word_1_409' title='bbox 1312 3573 1503 3619; x_wconf 89' lang='lat' dir='ltr'><strong>sancta</strong></span> <span class='ocrx_word' id='word_1_410' title='bbox 1531 3564 1777 3621; x_wconf 89' lang='lat' dir='ltr'><strong>Ecclesia</strong></span> 
     </span>
    </p>
   </div>
   <div class='ocr_carea' id='block_1_54' title="bbox 189 3651 1780 3724">
    <p class='ocr_par' dir='ltr' id='par_1_54' title="bbox 189 3651 1780 3724">
     <span class='ocr_line' id='line_1_54' title="bbox 189 3651 1780 3724; baseline 0.005 -20"><span class='ocrx_word' id='word_1_411' title='bbox 189 3651 302 3706; x_wconf 80' lang='lat' dir='ltr'><strong>vita</strong></span> <span class='ocrx_word' id='word_1_412' title='bbox 331 3653 448 3724; x_wconf 90' lang='lat' dir='ltr'><strong>ipsa</strong></span> <span class='ocrx_word' id='word_1_413' title='bbox 476 3652 678 3708; x_wconf 79' lang='lat' dir='ltr'><strong>fatetur</strong></span> <span class='ocrx_word' id='word_1_414' title='bbox 700 3653 968 3724; x_wconf 90' lang='lat' dir='ltr'><strong>indignos,</strong></span> <span class='ocrx_word' id='word_1_415' title='bbox 997 3652 1122 3724; x_wconf 91' lang='lat' dir='ltr'><strong>quia</strong></span> <span class='ocrx_word' id='word_1_416' title='bbox 1150 3654 1408 3709; x_wconf 89' lang='lat' dir='ltr'><strong>nimirum</strong></span> <span class='ocrx_word' id='word_1_417' title='bbox 1436 3654 1536 3710; x_wconf 90' lang='lat' dir='ltr'><strong>sub</strong></span> <span class='ocrx_word' id='word_1_418' title='bbox 1559 3656 1780 3712; x_wconf 90' lang='lat' dir='ltr'><strong>nomine</strong></span> 
     </span>
    </p>
   </div>
   <div class='ocr_carea' id='block_1_55' title="bbox 191 3742 1782 3818">
    <p class='ocr_par' dir='ltr' id='par_1_55' title="bbox 191 3742 1782 3818">
     <span class='ocr_line' id='line_1_55' title="bbox 191 3742 1782 3818; baseline 0.002 -17"><span class='ocrx_word' id='word_1_419' title='bbox 191 3742 397 3801; x_wconf 84' lang='lat' dir='ltr'><strong>Christi</strong></span> <span class='ocrx_word' id='word_1_420' title='bbox 447 3745 687 3802; x_wconf 88' lang='lat' dir='ltr'><strong>militant</strong></span> <span class='ocrx_word' id='word_1_421' title='bbox 739 3754 930 3804; x_wconf 90' lang='lat' dir='ltr'><strong>contra</strong></span> <span class='ocrx_word' id='word_1_422' title='bbox 972 3760 1170 3802; x_wconf 90' lang='lat' dir='ltr'><strong>nomen</strong></span> <span class='ocrx_word' id='word_1_423' title='bbox 1211 3745 1417 3802; x_wconf 88' lang='lat' dir='ltr'><strong>Christi</strong></span> <span class='ocrx_word' id='word_1_424' title='bbox 1461 3747 1530 3804; x_wconf 88' lang='lat' dir='ltr'><strong>de</strong></span> <span class='ocrx_word' id='word_1_425' title='bbox 1581 3747 1782 3818; x_wconf 87' lang='lat' dir='ltr'><strong>quibus</strong></span> 
     </span>
    </p>
   </div>
   <div class='ocr_carea' id='block_1_56' title="bbox 195 3835 688 3894">
    <p class='ocr_par' dir='ltr' id='par_1_56' title="bbox 195 3835 688 3894">
     <span class='ocr_line' id='line_1_56' title="bbox 195 3835 688 3894; baseline -0.006 0"><span class='ocrx_word' id='word_1_426' title='bbox 195 3835 374 3894; x_wconf 79' lang='lat' dir='ltr'><strong>adhuc</strong></span> <span class='ocrx_word' id='word_1_427' title='bbox 399 3837 688 3892; x_wconf 73' lang='lat' dir='ltr'><strong>subditur:</strong></span> 
     </span>
    </p>
   </div>
   <div class='ocr_carea' id='block_1_57' title="bbox 265 3928 1778 4000">
    <p class='ocr_par' dir='ltr' id='par_1_57' title="bbox 265 3928 1778 4000">
     <span class='ocr_line' id='line_1_57' title="bbox 265 3928 1778 4000; baseline 0.002 -18"><span class='ocrx_word' id='word_1_428' title='bbox 265 3928 436 3983; x_wconf 72' lang='lat' dir='ltr'><strong>Vens.</strong></span> <span class='ocrx_word' id='word_1_429' title='bbox 473 3929 529 3983; x_wconf 80' lang='grc'>5.</span> <span class='ocrx_word' id='word_1_430' title='bbox 572 3929 816 3999; x_wconf 84' lang='lat' dir='ltr'><strong>Egestate</strong></span> <span class='ocrx_word' id='word_1_431' title='bbox 841 3939 889 3984; x_wconf 88' lang='lat' dir='ltr'><strong>et</strong></span> <span class='ocrx_word' id='word_1_432' title='bbox 918 3930 1058 4000; x_wconf 80' lang='lat' dir='ltr'><strong>fame</strong></span> <span class='ocrx_word' id='word_1_433' title='bbox 1093 3931 1314 3985; x_wconf 74' lang='lat' dir='ltr'><strong>steriles.</strong></span> <span class='ocrx_word' id='word_1_434' title='bbox 1342 3961 1414 3970; x_wconf 98' lang='lat'><strong>—</strong></span> <span class='ocrx_word' id='word_1_435' title='bbox 1439 3928 1641 3986; x_wconf 87' lang='lat' dir='ltr'><strong>Omnes</strong></span> <span class='ocrx_word' id='word_1_436' title='bbox 1667 3931 1778 3985; x_wconf 72' lang='lat' dir='ltr'><strong>ha:-</strong></span> 
     </span>
    </p>
   </div>
   <div class='ocr_carea' id='block_1_58' title="bbox 194 4015 1782 4092">
    <p class='ocr_par' dir='ltr' id='par_1_58' title="bbox 194 4015 1782 4092">
     <span class='ocr_line' id='line_1_58' title="bbox 194 4015 1782 4092; baseline 0.001 -18"><span class='ocrx_word' id='word_1_437' title='bbox 194 4020 350 4075; x_wconf 88' lang='lat' dir='ltr'><strong>retici</strong></span> <span class='ocrx_word' id='word_1_438' title='bbox 377 4020 506 4075; x_wconf 92' lang='lat' dir='ltr'><strong>dum</strong></span> <span class='ocrx_word' id='word_1_439' title='bbox 535 4021 590 4076; x_wconf 90' lang='lat' dir='ltr'><strong>in</strong></span> <span class='ocrx_word' id='word_1_440' title='bbox 620 4037 778 4077; x_wconf 85' lang='lat' dir='ltr'><strong>sacro</strong></span> <span class='ocrx_word' id='word_1_441' title='bbox 802 4022 1015 4092; x_wconf 89' lang='lat' dir='ltr'><strong>eloquio</strong></span> <span class='ocrx_word' id='word_1_442' title='bbox 1038 4015 1166 4091; x_wconf 86' lang='lat' dir='ltr'><strong>plus</strong></span> <span class='ocrx_word' id='word_1_443' title='bbox 1187 4031 1396 4078; x_wconf 90' lang='lat' dir='ltr'><strong>secreta</strong></span> <span class='ocrx_word' id='word_1_444' title='bbox 1437 4022 1530 4077; x_wconf 86' lang='lat' dir='ltr'><strong>Dei</strong></span> <span class='ocrx_word' id='word_1_445' title='bbox 1559 4021 1782 4077; x_wconf 89' lang='lat' dir='ltr'><strong>student</strong></span> 
     </span>
    </p>
   </div>
   <div class='ocr_carea' id='block_1_59' title="bbox 193 4111 1777 4183">
    <p class='ocr_par' dir='ltr' id='par_1_59' title="bbox 193 4111 1777 4183">
     <span class='ocr_line' id='line_1_59' title="bbox 193 4111 1777 4183; baseline -0.001 -15"><span class='ocrx_word' id='word_1_446' title='bbox 193 4112 530 4183; x_wconf 85' lang='lat' dir='ltr'><strong>perscrutari</strong></span> <span class='ocrx_word' id='word_1_447' title='bbox 575 4127 736 4183; x_wconf 93' lang='lat' dir='ltr'><strong>quam</strong></span> <span class='ocrx_word' id='word_1_448' title='bbox 780 4113 1034 4183; x_wconf 87' lang='lat' dir='ltr'><strong>capiunt,</strong></span> <span class='ocrx_word' id='word_1_449' title='bbox 1067 4111 1209 4168; x_wconf 91' lang='lat' dir='ltr'><strong>fame</strong></span> <span class='ocrx_word' id='word_1_450' title='bbox 1251 4129 1347 4168; x_wconf 91' lang='lat' dir='ltr'><strong>sua</strong></span> <span class='ocrx_word' id='word_1_451' title='bbox 1384 4112 1594 4168; x_wconf 89' lang='lat' dir='ltr'><strong>steriles</strong></span> <span class='ocrx_word' id='word_1_452' title='bbox 1625 4112 1777 4179; x_wconf 83' lang='lat' dir='ltr'><strong>fiunt,</strong></span> 
     </span>
    </p>
   </div>
   <div class='ocr_carea' id='block_1_60' title="bbox 196 4202 1781 4275">
    <p class='ocr_par' dir='ltr' id='par_1_60' title="bbox 196 4202 1781 4275">
     <span class='ocr_line' id='line_1_60' title="bbox 196 4202 1781 4275; baseline -0.001 -17"><span class='ocrx_word' id='word_1_453' title='bbox 196 4220 374 4274; x_wconf 88' lang='lat' dir='ltr'><strong>neque</strong></span> <span class='ocrx_word' id='word_1_454' title='bbox 405 4219 470 4260; x_wconf 87' lang='lat' dir='ltr'><strong>ea</strong></span> <span class='ocrx_word' id='word_1_455' title='bbox 495 4211 744 4275; x_wconf 67' lang='lat' dir='ltr'><strong>quaerunt</strong></span> <span class='ocrx_word' id='word_1_456' title='bbox 787 4220 854 4258; x_wconf 81' lang='lat' dir='ltr'><strong>ex</strong></span> <span class='ocrx_word' id='word_1_457' title='bbox 898 4204 1093 4273; x_wconf 88' lang='lat' dir='ltr'><strong>quibus</strong></span> <span class='ocrx_word' id='word_1_458' title='bbox 1121 4205 1441 4272; x_wconf 89' lang='lat' dir='ltr'><strong>semetipsos</strong></span> <span class='ocrx_word' id='word_1_459' title='bbox 1471 4204 1536 4257; x_wconf 90' lang='lat' dir='ltr'><strong>ad</strong></span> <span class='ocrx_word' id='word_1_460' title='bbox 1565 4202 1781 4258; x_wconf 83' lang='lat' dir='ltr'><strong>humili-</strong></span> 
     </span>
    </p>
   </div>
   <div class='ocr_carea' id='block_1_61' title="bbox 197 4293 1780 4363">
    <p class='ocr_par' dir='ltr' id='par_1_61' title="bbox 197 4293 1780 4363">
     <span class='ocr_line' id='line_1_61' title="bbox 197 4293 1780 4363; baseline -0.003 -14"><span class='ocrx_word' id='word_1_461' title='bbox 197 4303 366 4350; x_wconf 90' lang='lat' dir='ltr'><strong>tatem</strong></span> <span class='ocrx_word' id='word_1_462' title='bbox 412 4295 696 4360; x_wconf 86' lang='lat' dir='ltr'><strong>erudiant,</strong></span> <span class='ocrx_word' id='word_1_463' title='bbox 731 4309 911 4349; x_wconf 90' lang='lat' dir='ltr'><strong>mores</strong></span> <span class='ocrx_word' id='word_1_464' title='bbox 947 4295 999 4348; x_wconf 92' lang='lat' dir='ltr'><strong>in</strong></span> <span class='ocrx_word' id='word_1_465' title='bbox 1036 4293 1423 4363; x_wconf 87' lang='lat' dir='ltr'><strong>tranquillitate</strong></span> <span class='ocrx_word' id='word_1_466' title='bbox 1454 4293 1780 4362; x_wconf 88' lang='lat' dir='ltr'><strong>disponant,</strong></span> 
     </span>
    </p>
   </div>
   <div class='ocr_carea' id='block_1_62' title="bbox 197 4382 1783 4456">
    <p class='ocr_par' dir='ltr' id='par_1_62' title="bbox 197 4382 1783 4456">
     <span class='ocr_line' id='line_1_62' title="bbox 197 4382 1783 4456; baseline -0.003 -17"><span class='ocrx_word' id='word_1_467' title='bbox 197 4386 520 4456; x_wconf 84' lang='lat' dir='ltr'><strong>patientiam</strong></span> <span class='ocrx_word' id='word_1_468' title='bbox 549 4393 804 4450; x_wconf 89' lang='lat' dir='ltr'><strong>servent,</strong></span> <span class='ocrx_word' id='word_1_469' title='bbox 851 4384 1314 4456; x_wconf 83' lang='lat' dir='ltr'><strong>longanimitatem</strong></span> <span class='ocrx_word' id='word_1_470' title='bbox 1340 4383 1654 4440; x_wconf 81' lang='lat' dir='ltr'><strong>exhibeant.</strong></span> <span class='ocrx_word' id='word_1_471' title='bbox 1688 4382 1783 4436; x_wconf 86' lang='lat' dir='ltr'><strong>sed</strong></span> 
     </span>
    </p>
   </div>
   <div class='ocr_carea' id='block_1_63' title="bbox 197 4472 1788 4544">
    <p class='ocr_par' dir='ltr' id='par_1_63' title="bbox 197 4472 1788 4544">
     <span class='ocr_line' id='line_1_63' title="bbox 197 4472 1788 4544; baseline -0.005 -13"><span class='ocrx_word' id='word_1_472' title='bbox 197 4491 260 4531; x_wconf 86' lang='lat' dir='ltr'><strong>ea</strong></span> <span class='ocrx_word' id='word_1_473' title='bbox 291 4475 634 4530; x_wconf 90' lang='lat' dir='ltr'><strong>solummodo</strong></span> <span class='ocrx_word' id='word_1_474' title='bbox 663 4490 782 4544; x_wconf 66' lang='lat' dir='ltr'><strong>quae</strong></span> <span class='ocrx_word' id='word_1_475' title='bbox 828 4488 923 4530; x_wconf 91' lang='lat' dir='ltr'><strong>eos</strong></span> <span class='ocrx_word' id='word_1_476' title='bbox 952 4474 1141 4528; x_wconf 91' lang='lat' dir='ltr'><strong>doctos</strong></span> <span class='ocrx_word' id='word_1_477' title='bbox 1184 4487 1248 4527; x_wconf 91' lang='lat' dir='ltr'><strong>ac</strong></span> <span class='ocrx_word' id='word_1_478' title='bbox 1287 4472 1542 4542; x_wconf 86' lang='lat' dir='ltr'><strong>loquaces</strong></span> <span class='ocrx_word' id='word_1_479' title='bbox 1565 4473 1788 4525; x_wconf 90' lang='lat' dir='ltr'><strong>demon-</strong></span> 
     </span>
    </p>
   </div>
   <div class='ocr_carea' id='block_1_64' title="bbox 199 4561 1789 4636">
    <p class='ocr_par' dir='ltr' id='par_1_64' title="bbox 199 4561 1789 4636">
     <span class='ocr_line' id='line_1_64' title="bbox 199 4561 1789 4636; baseline -0.004 -14"><span class='ocrx_word' id='word_1_480' title='bbox 199 4575 409 4632; x_wconf 89' lang='lat' dir='ltr'><strong>strent;</strong></span> <span class='ocrx_word' id='word_1_481' title='bbox 458 4567 550 4621; x_wconf 91' lang='lat' dir='ltr'><strong>illa</strong></span> <span class='ocrx_word' id='word_1_482' title='bbox 597 4567 740 4622; x_wconf 91' lang='lat' dir='ltr'><strong>scire</strong></span> <span class='ocrx_word' id='word_1_483' title='bbox 768 4573 1052 4636; x_wconf 89' lang='lat' dir='ltr'><strong>appetunt,</strong></span> <span class='ocrx_word' id='word_1_484' title='bbox 1091 4579 1157 4618; x_wconf 86' lang='lat' dir='ltr'><strong>ex</strong></span> <span class='ocrx_word' id='word_1_485' title='bbox 1200 4563 1399 4633; x_wconf 89' lang='lat' dir='ltr'><strong>quibus</strong></span> <span class='ocrx_word' id='word_1_486' title='bbox 1443 4561 1789 4632; x_wconf 86' lang='lat' dir='ltr'><strong>singulariter</strong></span> 
     </span>
    </p>
   </div>
   <div class='ocr_carea' id='block_1_65' title="bbox 198 4653 1790 4723">
    <p class='ocr_par' dir='ltr' id='par_1_65' title="bbox 198 4653 1790 4723">
     <span class='ocr_line' id='line_1_65' title="bbox 198 4653 1790 4723; baseline -0.004 -11"><span class='ocrx_word' id='word_1_487' title='bbox 198 4657 400 4712; x_wconf 84' lang='lat' dir='ltr'><strong>eruditi</strong></span> <span class='ocrx_word' id='word_1_488' title='bbox 433 4655 738 4711; x_wconf 88' lang='lat' dir='ltr'><strong>videantur.</strong></span> <span class='ocrx_word' id='word_1_489' title='bbox 767 4655 940 4723; x_wconf 89' lang='lat' dir='ltr'><strong>Quam</strong></span> <span class='ocrx_word' id='word_1_490' title='bbox 970 4655 1108 4709; x_wconf 90' lang='lat' dir='ltr'><strong>bene</strong></span> <span class='ocrx_word' id='word_1_491' title='bbox 1133 4668 1320 4708; x_wconf 90' lang='lat' dir='ltr'><strong>eorum</strong></span> <span class='ocrx_word' id='word_1_492' title='bbox 1353 4653 1631 4706; x_wconf 90' lang='lat' dir='ltr'><strong>audaciam</strong></span> <span class='ocrx_word' id='word_1_493' title='bbox 1655 4665 1790 4721; x_wconf 72' lang='lat' dir='ltr'><strong>prte-</strong></span> 
     </span>
    </p>
   </div>
   <div class='ocr_carea' id='block_1_66' title="bbox 200 4742 1788 4818">
    <p class='ocr_par' dir='ltr' id='par_1_66' title="bbox 200 4742 1788 4818">
     <span class='ocr_line' id='line_1_66' title="bbox 200 4742 1788 4818; baseline -0.004 -15"><span class='ocrx_word' id='word_1_494' title='bbox 200 4749 416 4804; x_wconf 88' lang='lat' dir='ltr'><strong>dicator</strong></span> <span class='ocrx_word' id='word_1_495' title='bbox 441 4747 692 4818; x_wconf 83' lang='lat' dir='ltr'><strong>egregius</strong></span> <span class='ocrx_word' id='word_1_496' title='bbox 724 4745 966 4802; x_wconf 79' lang='lat' dir='ltr'><strong>refrenat</strong></span> <span class='ocrx_word' id='word_1_497' title='bbox 993 4745 1218 4801; x_wconf 88' lang='lat' dir='ltr'><strong>dicens:</strong></span> <span class='ocrx_word' id='word_1_498' title='bbox 1254 4763 1273 4795; x_wconf 78' lang='grc' dir='ltr'><strong><em>ι</em></strong></span> <span class='ocrx_word' id='word_1_499' title='bbox 1307 4742 1422 4798; x_wconf 83' lang='lat' dir='ltr'><strong>Non</strong></span> <span class='ocrx_word' id='word_1_500' title='bbox 1455 4743 1574 4814; x_wconf 92' lang='lat' dir='ltr'><strong>plus</strong></span> <span class='ocrx_word' id='word_1_501' title='bbox 1595 4754 1788 4811; x_wconf 89' lang='lat' dir='ltr'><strong>sapere</strong></span> 
     </span>
    </p>
   </div>
   <div class='ocr_carea' id='block_1_67' title="bbox 199 4819 1788 4906">
    <p class='ocr_par' dir='ltr' id='par_1_67' title="bbox 199 4819 1788 4906">
     <span class='ocr_line' id='line_1_67' title="bbox 199 4819 1788 4906; baseline -0.002 -16"><span class='ocrx_word' id='word_1_502' title='bbox 199 4851 368 4906; x_wconf 67' lang='lat' dir='ltr'><strong>qum</strong></span> <span class='ocrx_word' id='word_1_503' title='bbox 415 4819 630 4905; x_wconf 83' lang='lat' dir='ltr'><strong>oportet</strong></span> <span class='ocrx_word' id='word_1_504' title='bbox 678 4850 899 4904; x_wconf 89' lang='lat' dir='ltr'><strong>sapere,</strong></span> <span class='ocrx_word' id='word_1_505' title='bbox 941 4834 1037 4890; x_wconf 90' lang='lat' dir='ltr'><strong>sed</strong></span> <span class='ocrx_word' id='word_1_506' title='bbox 1082 4848 1273 4904; x_wconf 90' lang='lat' dir='ltr'><strong>sapere</strong></span> <span class='ocrx_word' id='word_1_507' title='bbox 1320 4832 1392 4888; x_wconf 90' lang='lat' dir='ltr'><strong>ad</strong></span> <span class='ocrx_word' id='word_1_508' title='bbox 1438 4832 1788 4888; x_wconf 87' lang='lat' dir='ltr'><strong>sobrietatem</strong></span> 
     </span>
    </p>
   </div>
   <div class='ocr_carea' id='block_1_68' title="bbox 202 4924 996 4998">
    <p class='ocr_par' dir='ltr' id='par_1_68' title="bbox 202 4924 996 4998">
     <span class='ocr_line' id='line_1_68' title="bbox 202 4924 996 4998; baseline -0.005 -18"><span class='ocrx_word' id='word_1_509' title='bbox 202 4925 380 4998; x_wconf 80' lang='lat' dir='ltr'><strong>(Rom.</strong></span> <span class='ocrx_word' id='word_1_510' title='bbox 410 4941 506 4990; x_wconf 81' lang='lat' dir='ltr'><strong>xu,</strong></span> <span class='ocrx_word' id='word_1_511' title='bbox 540 4927 616 4997; x_wconf 81' lang='lat'><strong>5).</strong></span> <span class='ocrx_word' id='word_1_512' title='bbox 652 4944 672 4976; x_wconf 69' lang='grc' dir='ltr'><em>υ</em></span> <span class='ocrx_word' id='word_1_513' title='bbox 702 4924 996 4994; x_wconf 91' lang='lat' dir='ltr'><strong>Sequitur:</strong></span> 
     </span>
    </p>
   </div>
   <div class='ocr_carea' id='block_1_69' title="bbox 275 5007 1788 5081">
    <p class='ocr_par' dir='ltr' id='par_1_69' title="bbox 275 5007 1788 5081">
     <span class='ocr_line' id='line_1_69' title="bbox 275 5007 1788 5081; baseline -0.005 -11"><span class='ocrx_word' id='word_1_514' title='bbox 275 5013 444 5070; x_wconf 73' lang='lat' dir='ltr'><strong>Vsus.</strong></span> <span class='ocrx_word' id='word_1_515' title='bbox 490 5013 543 5068; x_wconf 79' lang='grc'>4.</span> <span class='ocrx_word' id='word_1_516' title='bbox 586 5013 694 5080; x_wconf 83' lang='lat' dir='ltr'><strong>Qui</strong></span> <span class='ocrx_word' id='word_1_517' title='bbox 745 5013 995 5067; x_wconf 83' lang='lat' dir='ltr'><strong>rodebant</strong></span> <span class='ocrx_word' id='word_1_518' title='bbox 1043 5011 1098 5065; x_wconf 88' lang='lat' dir='ltr'><strong>in</strong></span> <span class='ocrx_word' id='word_1_519' title='bbox 1140 5010 1426 5067; x_wconf 84' lang='lat' dir='ltr'><strong>solitudine</strong></span> <span class='ocrx_word' id='word_1_520' title='bbox 1471 5007 1788 5081; x_wconf 85' lang='lat' dir='ltr'><strong>squallentes</strong></span> 
     </span>
    </p>
   </div>
   <div class='ocr_carea' id='block_1_70' title="bbox 202 5098 1788 5167">
    <p class='ocr_par' dir='ltr' id='par_1_70' title="bbox 202 5098 1788 5167">
     <span class='ocr_line' id='line_1_70' title="bbox 202 5098 1788 5167; baseline -0.004 -8"><span class='ocrx_word' id='word_1_521' title='bbox 202 5106 506 5159; x_wconf 81' lang='lat' dir='ltr'><strong>calamitate</strong></span> <span class='ocrx_word' id='word_1_522' title='bbox 540 5117 587 5160; x_wconf 86' lang='lat' dir='ltr'><strong>et</strong></span> <span class='ocrx_word' id='word_1_523' title='bbox 619 5105 853 5167; x_wconf 84' lang='lat' dir='ltr'><strong>miseria,</strong></span> <span class='ocrx_word' id='word_1_524' title='bbox 883 5113 930 5157; x_wconf 86' lang='lat' dir='ltr'><strong>et</strong></span> <span class='ocrx_word' id='word_1_525' title='bbox 975 5105 1293 5158; x_wconf 88' lang='lat' dir='ltr'><strong>mandebant</strong></span> <span class='ocrx_word' id='word_1_526' title='bbox 1334 5100 1520 5158; x_wconf 82' lang='lat' dir='ltr'><strong>herbas</strong></span> <span class='ocrx_word' id='word_1_527' title='bbox 1553 5111 1602 5158; x_wconf 92' lang='lat' dir='ltr'><strong>et</strong></span> <span class='ocrx_word' id='word_1_528' title='bbox 1625 5098 1788 5153; x_wconf 91' lang='lat' dir='ltr'><strong>arbo-</strong></span> 
     </span>
    </p>
   </div>
   <div class='ocr_carea' id='block_1_71' title="bbox 205 5193 1787 5264">
    <p class='ocr_par' dir='ltr' id='par_1_71' title="bbox 205 5193 1787 5264">
     <span class='ocr_line' id='line_1_71' title="bbox 205 5193 1787 5264; baseline -0.005 -13"><span class='ocrx_word' id='word_1_529' title='bbox 205 5214 326 5251; x_wconf 81' lang='lat' dir='ltr'><strong>rum</strong></span> <span class='ocrx_word' id='word_1_530' title='bbox 350 5199 582 5252; x_wconf 83' lang='lat' dir='ltr'><strong>cortices.</strong></span> <span class='ocrx_word' id='word_1_531' title='bbox 608 5226 682 5238; x_wconf 93' lang='grc'><strong>--</strong></span> <span class='ocrx_word' id='word_1_532' title='bbox 708 5194 843 5249; x_wconf 77' lang='lat' dir='ltr'><strong>Rodi</strong></span> <span class='ocrx_word' id='word_1_533' title='bbox 876 5194 1032 5258; x_wconf 88' lang='lat' dir='ltr'><strong>solet,</strong></span> <span class='ocrx_word' id='word_1_534' title='bbox 1061 5195 1204 5262; x_wconf 90' lang='lat' dir='ltr'><strong>quod</strong></span> <span class='ocrx_word' id='word_1_535' title='bbox 1225 5193 1431 5248; x_wconf 89' lang='lat' dir='ltr'><strong>comedi</strong></span> <span class='ocrx_word' id='word_1_536' title='bbox 1456 5210 1561 5250; x_wconf 92' lang='lat' dir='ltr'><strong>non</strong></span> <span class='ocrx_word' id='word_1_537' title='bbox 1587 5197 1787 5264; x_wconf 89' lang='lat' dir='ltr'><strong>potest.</strong></span> 
     </span>
    </p>
   </div>
   <div class='ocr_carea' id='block_1_72' title="bbox 205 5280 1790 5352">
    <p class='ocr_par' dir='ltr' id='par_1_72' title="bbox 205 5280 1790 5352">
     <span class='ocr_line' id='line_1_72' title="bbox 205 5280 1790 5352; baseline -0.003 -12"><span class='ocrx_word' id='word_1_538' title='bbox 205 5285 461 5341; x_wconf 68' lang='lat' dir='ltr'><strong>iiaaretici</strong></span> <span class='ocrx_word' id='word_1_539' title='bbox 506 5297 686 5340; x_wconf 85' lang='lat' dir='ltr'><strong>autem</strong></span> <span class='ocrx_word' id='word_1_540' title='bbox 713 5323 729 5346; x_wconf 91' lang='lat'><strong>,</strong></span> <span class='ocrx_word' id='word_1_541' title='bbox 780 5283 905 5352; x_wconf 90' lang='lat' dir='ltr'><strong>quia</strong></span> <span class='ocrx_word' id='word_1_542' title='bbox 957 5281 1295 5352; x_wconf 77' lang='lat' dir='ltr'><strong>Scriptu&#39;ram</strong></span> <span class='ocrx_word' id='word_1_543' title='bbox 1341 5297 1556 5336; x_wconf 86' lang='lat' dir='ltr'><strong>sacram</strong></span> <span class='ocrx_word' id='word_1_544' title='bbox 1585 5280 1790 5336; x_wconf 90' lang='lat' dir='ltr'><strong>intelli-</strong></span> 
     </span>
    </p>
   </div>
   <div class='ocr_carea' id='block_1_73' title="bbox 629 5371 974 5398">
    <p class='ocr_par' dir='ltr' id='par_1_73' title="bbox 629 5371 974 5398">
     <span class='ocr_line' id='line_1_73' title="bbox 629 5371 974 5398; baseline 0 0"><span class='ocrx_word' id='word_1_545' title='bbox 629 5383 681 5398; x_wconf 64' lang='grc' dir='ltr'><strong>ΩΑ</strong></span> <span class='ocrx_word' id='word_1_546' title='bbox 716 5371 974 5398; x_wconf 61' lang='grc' dir='ltr'><strong>--ιΑίξιι-ὶιιι</strong></span> 
     </span>
    </p>
   </div>
   <div class='ocr_carea' id='block_1_74' title="bbox 210 5371 1763 5398">
    <p class='ocr_par' dir='ltr' id='par_1_74' title="bbox 210 5371 1763 5398">
     <span class='ocr_line' id='line_1_74' title="bbox 210 5371 1763 5398; baseline 0 0"><span class='ocrx_word' id='word_1_547' title='bbox 210 5390 336 5398; x_wconf 60' lang='lat'><strong>_-—-</strong></span> <span class='ocrx_word' id='word_1_548' title='bbox 364 5390 451 5398; x_wconf 61' lang='grc' dir='ltr'><strong>-.-Α</strong></span> <span class='ocrx_word' id='word_1_549' title='bbox 479 5377 681 5398; x_wconf 65' lang='grc' dir='ltr'><strong>-.ξ-.--ΩΑ</strong></span> <span class='ocrx_word' id='word_1_550' title='bbox 716 5371 1009 5398; x_wconf 60' lang='grc' dir='ltr'><strong>--ιΑίειι-ιιιιιι</strong></span> <span class='ocrx_word' id='word_1_551' title='bbox 1053 5386 1168 5398; x_wconf 64' lang='grc' dir='ltr'><strong>ἰιι-ν-</strong></span> <span class='ocrx_word' id='word_1_552' title='bbox 1195 5371 1379 5398; x_wconf 66' lang='grc' dir='ltr'><strong>-ι-Ληιιι</strong></span> <span class='ocrx_word' id='word_1_553' title='bbox 1416 5373 1574 5398; x_wconf 59' lang='grc' dir='ltr'><strong>λιιιιξιι</strong></span> <span class='ocrx_word' id='word_1_554' title='bbox 1597 5387 1763 5398; x_wconf 59' lang='grc' dir='ltr'><strong>,ιλιι-,Λ</strong></span> 
     </span>
    </p>
   </div>
   <div class='ocr_carea' id='block_1_75' title="bbox 1870 1837 3457 1910">
    <p class='ocr_par' dir='ltr' id='par_1_75' title="bbox 1870 1837 3457 1910">
     <span class='ocr_line' id='line_1_75' title="bbox 1870 1837 3457 1910; baseline 0.001 -17"><span class='ocrx_word' id='word_1_555' title='bbox 1870 1849 2062 1903; x_wconf 79' lang='lat' dir='ltr'><strong>xxvm,</strong></span> <span class='ocrx_word' id='word_1_556' title='bbox 2095 1838 2210 1909; x_wconf 77' lang='lat'><strong>23).</strong></span> <span class='ocrx_word' id='word_1_557' title='bbox 2249 1857 2268 1890; x_wconf 75' lang='grc' dir='ltr'><strong><em>ι</em></strong></span> <span class='ocrx_word' id='word_1_558' title='bbox 2319 1837 2422 1905; x_wconf 89' lang='lat' dir='ltr'><strong>Qui</strong></span> <span class='ocrx_word' id='word_1_559' title='bbox 2461 1840 2716 1895; x_wconf 91' lang='lat' dir='ltr'><strong>arborum</strong></span> <span class='ocrx_word' id='word_1_560' title='bbox 2748 1841 2981 1896; x_wconf 90' lang='lat' dir='ltr'><strong>cortices</strong></span> <span class='ocrx_word' id='word_1_561' title='bbox 3013 1841 3299 1905; x_wconf 90' lang='lat' dir='ltr'><strong>mandunt,</strong></span> <span class='ocrx_word' id='word_1_562' title='bbox 3328 1840 3457 1910; x_wconf 88' lang='lat' dir='ltr'><strong>quia</strong></span> 
     </span>
    </p>
   </div>
   <div class='ocr_carea' id='block_1_76' title="bbox 1871 1928 3458 1998">
    <p class='ocr_par' dir='ltr' id='par_1_76' title="bbox 1871 1928 3458 1998">
     <span class='ocr_line' id='line_1_76' title="bbox 1871 1928 3458 1998; baseline 0.001 -14"><span class='ocrx_word' id='word_1_563' title='bbox 1871 1936 1997 1984; x_wconf 89' lang='lat' dir='ltr'><strong>sunt</strong></span> <span class='ocrx_word' id='word_1_564' title='bbox 2018 1928 2259 1982; x_wconf 90' lang='lat' dir='ltr'><strong>nonnulli</strong></span> <span class='ocrx_word' id='word_1_565' title='bbox 2287 1930 2378 1998; x_wconf 92' lang='lat' dir='ltr'><strong>qui</strong></span> <span class='ocrx_word' id='word_1_566' title='bbox 2407 1930 2460 1984; x_wconf 91' lang='lat' dir='ltr'><strong>in</strong></span> <span class='ocrx_word' id='word_1_567' title='bbox 2488 1931 2659 1984; x_wconf 90' lang='lat' dir='ltr'><strong>sacris</strong></span> <span class='ocrx_word' id='word_1_568' title='bbox 2681 1931 3044 1987; x_wconf 90' lang='lat' dir='ltr'><strong>voluminibus</strong></span> <span class='ocrx_word' id='word_1_569' title='bbox 3059 1931 3238 1986; x_wconf 83' lang='lat' dir='ltr'><strong>solam</strong></span> <span class='ocrx_word' id='word_1_570' title='bbox 3267 1931 3458 1986; x_wconf 65' lang='lat' dir='ltr'><strong>littere</strong></span> 
     </span>
    </p>
   </div>
   <div class='ocr_carea' id='block_1_77' title="bbox 1870 2018 3457 2092">
    <p class='ocr_par' dir='ltr' id='par_1_77' title="bbox 1870 2018 3457 2092">
     <span class='ocr_line' id='line_1_77' title="bbox 1870 2018 3457 2092; baseline 0.002 -18"><span class='ocrx_word' id='word_1_571' title='bbox 1870 2018 2214 2087; x_wconf 84' lang='lat' dir='ltr'><strong>superficiem</strong></span> <span class='ocrx_word' id='word_1_572' title='bbox 2260 2028 2612 2086; x_wconf 91' lang='lat' dir='ltr'><strong>venerantur,</strong></span> <span class='ocrx_word' id='word_1_573' title='bbox 2657 2036 2726 2076; x_wconf 90' lang='lat' dir='ltr'><strong>ne</strong></span> <span class='ocrx_word' id='word_1_574' title='bbox 2771 2022 3067 2092; x_wconf 91' lang='lat' dir='ltr'><strong>quidquam</strong></span> <span class='ocrx_word' id='word_1_575' title='bbox 3115 2023 3182 2078; x_wconf 92' lang='lat' dir='ltr'><strong>de</strong></span> <span class='ocrx_word' id='word_1_576' title='bbox 3227 2021 3457 2090; x_wconf 87' lang='lat' dir='ltr'><strong>spiritali</strong></span> 
     </span>
    </p>
   </div>
   <div class='ocr_carea' id='block_1_78' title="bbox 1872 2109 3461 2173">
    <p class='ocr_par' dir='ltr' id='par_1_78' title="bbox 1872 2109 3461 2173">
     <span class='ocr_line' id='line_1_78' title="bbox 1872 2109 3461 2173; baseline 0 -9"><span class='ocrx_word' id='word_1_577' title='bbox 1872 2109 2147 2164; x_wconf 85' lang='lat' dir='ltr'><strong>intellectu</strong></span> <span class='ocrx_word' id='word_1_578' title='bbox 2189 2109 2533 2173; x_wconf 81' lang='lat' dir='ltr'><strong>custodiunt,</strong></span> <span class='ocrx_word' id='word_1_579' title='bbox 2583 2125 2710 2165; x_wconf 89' lang='lat' dir='ltr'><strong>cum</strong></span> <span class='ocrx_word' id='word_1_580' title='bbox 2755 2111 2888 2165; x_wconf 89' lang='lat' dir='ltr'><strong>nihil</strong></span> <span class='ocrx_word' id='word_1_581' title='bbox 2921 2113 2973 2164; x_wconf 92' lang='lat' dir='ltr'><strong>in</strong></span> <span class='ocrx_word' id='word_1_582' title='bbox 3013 2111 3193 2166; x_wconf 89' lang='lat' dir='ltr'><strong>verbis</strong></span> <span class='ocrx_word' id='word_1_583' title='bbox 3221 2111 3312 2165; x_wconf 90' lang='lat' dir='ltr'><strong>Dei</strong></span> <span class='ocrx_word' id='word_1_584' title='bbox 3343 2125 3461 2164; x_wconf 79' lang='lat' dir='ltr'><strong>am-</strong></span> 
     </span>
    </p>
   </div>
   <div class='ocr_carea' id='block_1_79' title="bbox 1872 2201 3459 2273">
    <p class='ocr_par' dir='ltr' id='par_1_79' title="bbox 1872 2201 3459 2273">
     <span class='ocr_line' id='line_1_79' title="bbox 1872 2201 3459 2273; baseline -0.001 -18"><span class='ocrx_word' id='word_1_585' title='bbox 1872 2201 2014 2273; x_wconf 91' lang='lat' dir='ltr'><strong>plius</strong></span> <span class='ocrx_word' id='word_1_586' title='bbox 2048 2201 2154 2256; x_wconf 90' lang='lat' dir='ltr'><strong>nisi</strong></span> <span class='ocrx_word' id='word_1_587' title='bbox 2195 2202 2298 2256; x_wconf 89' lang='lat' dir='ltr'><strong>hoc</strong></span> <span class='ocrx_word' id='word_1_588' title='bbox 2341 2202 2483 2270; x_wconf 88' lang='lat' dir='ltr'><strong>quod</strong></span> <span class='ocrx_word' id='word_1_589' title='bbox 2534 2203 2776 2256; x_wconf 74' lang='lat' dir='ltr'><strong>exterius</strong></span> <span class='ocrx_word' id='word_1_590' title='bbox 2812 2203 3104 2266; x_wconf 88' lang='lat' dir='ltr'><strong>audierint,</strong></span> <span class='ocrx_word' id='word_1_591' title='bbox 3134 2216 3254 2257; x_wconf 87' lang='lat' dir='ltr'><strong>esse</strong></span> <span class='ocrx_word' id='word_1_592' title='bbox 3283 2202 3459 2270; x_wconf 80' lang='lat' dir='ltr'><strong>suspi-</strong></span> 
     </span>
    </p>
   </div>
   <div class='ocr_carea' id='block_1_80' title="bbox 1871 2291 3462 2361">
    <p class='ocr_par' dir='ltr' id='par_1_80' title="bbox 1871 2291 3462 2361">
     <span class='ocr_line' id='line_1_80' title="bbox 1871 2291 3462 2361; baseline 0 -14"><span class='ocrx_word' id='word_1_593' title='bbox 1871 2302 2083 2348; x_wconf 89' lang='lat' dir='ltr'><strong>cantur.</strong></span> <span class='ocrx_word' id='word_1_594' title='bbox 2115 2291 2252 2346; x_wconf 86' lang='lat' dir='ltr'><strong>iiinc</strong></span> <span class='ocrx_word' id='word_1_595' title='bbox 2275 2291 2474 2347; x_wconf 91' lang='lat' dir='ltr'><strong>Paulus</strong></span> <span class='ocrx_word' id='word_1_596' title='bbox 2502 2293 2579 2346; x_wconf 89' lang='lat' dir='ltr'><strong>ait</strong></span> <span class='ocrx_word' id='word_1_597' title='bbox 2611 2311 2625 2347; x_wconf 90' lang='lat'><strong>:</strong></span> <span class='ocrx_word' id='word_1_598' title='bbox 2675 2312 2694 2344; x_wconf 83' lang='grc'><em>‹</em></span> <span class='ocrx_word' id='word_1_599' title='bbox 2720 2291 3038 2361; x_wconf 83' lang='lat' dir='ltr'><strong>Hujusmodi</strong></span> <span class='ocrx_word' id='word_1_600' title='bbox 3067 2293 3212 2348; x_wconf 86' lang='lat' dir='ltr'><strong>enim</strong></span> <span class='ocrx_word' id='word_1_601' title='bbox 3241 2292 3462 2348; x_wconf 87' lang='lat' dir='ltr'><strong>Christo</strong></span> 
     </span>
    </p>
   </div>
   <div class='ocr_carea' id='block_1_81' title="bbox 1869 2383 3456 2453">
    <p class='ocr_par' dir='ltr' id='par_1_81' title="bbox 1869 2383 3456 2453">
     <span class='ocr_line' id='line_1_81' title="bbox 1869 2383 3456 2453; baseline -0.001 -14"><span class='ocrx_word' id='word_1_602' title='bbox 1869 2383 2102 2440; x_wconf 88' lang='lat' dir='ltr'><strong>Domino</strong></span> <span class='ocrx_word' id='word_1_603' title='bbox 2162 2398 2270 2438; x_wconf 90' lang='lat' dir='ltr'><strong>non</strong></span> <span class='ocrx_word' id='word_1_604' title='bbox 2347 2385 2628 2448; x_wconf 88' lang='lat' dir='ltr'><strong>serviunt,</strong></span> <span class='ocrx_word' id='word_1_605' title='bbox 2693 2383 2787 2438; x_wconf 89' lang='lat' dir='ltr'><strong>sed</strong></span> <span class='ocrx_word' id='word_1_606' title='bbox 2847 2399 2946 2439; x_wconf 89' lang='lat' dir='ltr'><strong>suo</strong></span> <span class='ocrx_word' id='word_1_607' title='bbox 3009 2385 3182 2440; x_wconf 85' lang='lat' dir='ltr'><strong>ventri</strong></span> <span class='ocrx_word' id='word_1_608' title='bbox 3253 2383 3456 2453; x_wconf 84' lang='lat' dir='ltr'><strong>(Rom.</strong></span> 
     </span>
    </p>
   </div>
   <div class='ocr_carea' id='block_1_82' title="bbox 1873 2475 3458 2546">
    <p class='ocr_par' dir='ltr' id='par_1_82' title="bbox 1873 2475 3458 2546">
     <span class='ocr_line' id='line_1_82' title="bbox 1873 2475 3458 2546; baseline 0.001 -16"><span class='ocrx_word' id='word_1_609' title='bbox 1873 2476 2124 2546; x_wconf 71' lang='lat' dir='ltr'><strong>xvr,18).</strong></span> <span class='ocrx_word' id='word_1_610' title='bbox 2165 2494 2185 2527; x_wconf 72' lang='grc' dir='ltr'><strong><em>ι</em></strong></span> <span class='ocrx_word' id='word_1_611' title='bbox 2234 2475 2406 2531; x_wconf 81' lang='lat' dir='ltr'><strong>Aliter</strong></span> <span class='ocrx_word' id='word_1_612' title='bbox 2435 2491 2449 2530; x_wconf 92' lang='lat'><strong>:</strong></span> <span class='ocrx_word' id='word_1_613' title='bbox 2488 2475 2625 2542; x_wconf 90' lang='lat' dir='ltr'><strong>Quid</strong></span> <span class='ocrx_word' id='word_1_614' title='bbox 2651 2477 2796 2531; x_wconf 89' lang='lat' dir='ltr'><strong>aliud</strong></span> <span class='ocrx_word' id='word_1_615' title='bbox 2839 2477 2944 2532; x_wconf 93' lang='lat' dir='ltr'><strong>hoc</strong></span> <span class='ocrx_word' id='word_1_616' title='bbox 2971 2477 3025 2532; x_wconf 91' lang='lat' dir='ltr'><strong>in</strong></span> <span class='ocrx_word' id='word_1_617' title='bbox 3055 2477 3175 2533; x_wconf 92' lang='lat' dir='ltr'><strong>loco</strong></span> <span class='ocrx_word' id='word_1_618' title='bbox 3202 2475 3458 2542; x_wconf 90' lang='lat' dir='ltr'><strong>solitudo,</strong></span> 
     </span>
    </p>
   </div>
   <div class='ocr_carea' id='block_1_83' title="bbox 1873 2566 3460 2635">
    <p class='ocr_par' dir='ltr' id='par_1_83' title="bbox 1873 2566 3460 2635">
     <span class='ocr_line' id='line_1_83' title="bbox 1873 2566 3460 2635; baseline -0.001 -15"><span class='ocrx_word' id='word_1_619' title='bbox 1873 2581 2034 2635; x_wconf 91' lang='lat' dir='ltr'><strong>quam</strong></span> <span class='ocrx_word' id='word_1_620' title='bbox 2089 2566 2214 2622; x_wconf 89' lang='lat' dir='ltr'><strong>boni</strong></span> <span class='ocrx_word' id='word_1_621' title='bbox 2261 2566 2540 2622; x_wconf 89' lang='lat' dir='ltr'><strong>destitutio</strong></span> <span class='ocrx_word' id='word_1_622' title='bbox 2587 2567 3022 2622; x_wconf 86' lang='lat' dir='ltr'><strong>demonstratur?</strong></span> <span class='ocrx_word' id='word_1_623' title='bbox 3075 2567 3230 2624; x_wconf 91' lang='lat' dir='ltr'><strong>Unde</strong></span> <span class='ocrx_word' id='word_1_624' title='bbox 3266 2575 3322 2622; x_wconf 91' lang='lat' dir='ltr'><strong>et</strong></span> <span class='ocrx_word' id='word_1_625' title='bbox 3357 2566 3460 2620; x_wconf 88' lang='lat' dir='ltr'><strong>sub</strong></span> 
     </span>
    </p>
   </div>
   <div class='ocr_carea' id='block_1_84' title="bbox 1874 2655 3455 2728">
    <p class='ocr_par' dir='ltr' id='par_1_84' title="bbox 1874 2655 3455 2728">
     <span class='ocr_line' id='line_1_84' title="bbox 1874 2655 3455 2728; baseline -0.004 -14"><span class='ocrx_word' id='word_1_626' title='bbox 1874 2656 2070 2714; x_wconf 73' lang='lat' dir='ltr'><strong>Iudaeae</strong></span> <span class='ocrx_word' id='word_1_627' title='bbox 2110 2665 2236 2728; x_wconf 84' lang='lat' dir='ltr'><strong>typo</strong></span> <span class='ocrx_word' id='word_1_628' title='bbox 2259 2655 2526 2712; x_wconf 81' lang='lat' dir='ltr'><strong>Jeremias</strong></span> <span class='ocrx_word' id='word_1_629' title='bbox 2572 2656 2876 2727; x_wconf 89' lang='lat' dir='ltr'><strong>peccatoris</strong></span> <span class='ocrx_word' id='word_1_630' title='bbox 2914 2657 3151 2711; x_wconf 87' lang='lat' dir='ltr'><strong>animam</strong></span> <span class='ocrx_word' id='word_1_631' title='bbox 3188 2655 3455 2726; x_wconf 90' lang='lat' dir='ltr'><strong>deplorat,</strong></span> 
     </span>
    </p>
   </div>
   <div class='ocr_carea' id='block_1_85' title="bbox 1874 2745 3454 2816">
    <p class='ocr_par' dir='ltr' id='par_1_85' title="bbox 1874 2745 3454 2816">
     <span class='ocr_line' id='line_1_85' title="bbox 1874 2745 3454 2816; baseline -0.004 -13"><span class='ocrx_word' id='word_1_632' title='bbox 1874 2747 2097 2803; x_wconf 89' lang='lat' dir='ltr'><strong>dicens:</strong></span> <span class='ocrx_word' id='word_1_633' title='bbox 2124 2766 2143 2798; x_wconf 85' lang='grc'><strong>‹</strong></span> <span class='ocrx_word' id='word_1_634' title='bbox 2165 2745 2446 2813; x_wconf 93' lang='lat' dir='ltr'><strong>Quomodo</strong></span> <span class='ocrx_word' id='word_1_635' title='bbox 2467 2745 2622 2802; x_wconf 90' lang='lat' dir='ltr'><strong>sedet</strong></span> <span class='ocrx_word' id='word_1_636' title='bbox 2645 2745 2760 2802; x_wconf 88' lang='lat' dir='ltr'><strong>sola</strong></span> <span class='ocrx_word' id='word_1_637' title='bbox 2786 2745 2977 2802; x_wconf 92' lang='lat' dir='ltr'><strong>civitas</strong></span> <span class='ocrx_word' id='word_1_638' title='bbox 2995 2746 3151 2816; x_wconf 90' lang='lat' dir='ltr'><strong>plena</strong></span> <span class='ocrx_word' id='word_1_639' title='bbox 3175 2745 3406 2816; x_wconf 69' lang='grc' dir='ltr'><strong>[δορυΙοῖ</strong></span> <span class='ocrx_word' id='word_1_640' title='bbox 3433 2763 3454 2797; x_wconf 75' lang='grc' dir='ltr'><strong><em>ι</em></strong></span> 
     </span>
    </p>
   </div>
   <div class='ocr_carea' id='block_1_86' title="bbox 1873 2835 3465 2909">
    <p class='ocr_par' dir='ltr' id='par_1_86' title="bbox 1873 2835 3465 2909">
     <span class='ocr_line' id='line_1_86' title="bbox 1873 2835 3465 2909; baseline -0.002 -18"><span class='ocrx_word' id='word_1_641' title='bbox 1873 2837 2091 2909; x_wconf 83' lang='lat' dir='ltr'><strong>(Thren.</strong></span> <span class='ocrx_word' id='word_1_642' title='bbox 2122 2853 2161 2902; x_wconf 81' lang='grc' dir='ltr'><strong>ι,</strong></span> <span class='ocrx_word' id='word_1_643' title='bbox 2193 2837 2270 2907; x_wconf 79' lang='grc'><strong>1.)</strong></span> <span class='ocrx_word' id='word_1_644' title='bbox 2301 2835 2408 2892; x_wconf 90' lang='lat' dir='ltr'><strong>Sed</strong></span> <span class='ocrx_word' id='word_1_645' title='bbox 2433 2851 2555 2891; x_wconf 91' lang='lat' dir='ltr'><strong>cum</strong></span> <span class='ocrx_word' id='word_1_646' title='bbox 2581 2852 2679 2907; x_wconf 86' lang='lat' dir='ltr'><strong>per</strong></span> <span class='ocrx_word' id='word_1_647' title='bbox 2705 2837 2919 2893; x_wconf 89' lang='lat' dir='ltr'><strong>beatum</strong></span> <span class='ocrx_word' id='word_1_648' title='bbox 2948 2835 3049 2892; x_wconf 79' lang='lat' dir='ltr'><strong>Job</strong></span> <span class='ocrx_word' id='word_1_649' title='bbox 3077 2835 3145 2892; x_wconf 90' lang='lat' dir='ltr'><strong>de</strong></span> <span class='ocrx_word' id='word_1_650' title='bbox 3171 2835 3353 2906; x_wconf 89' lang='lat' dir='ltr'><strong>pravis</strong></span> <span class='ocrx_word' id='word_1_651' title='bbox 3381 2835 3465 2890; x_wconf 80' lang='lat' dir='ltr'><strong>di-</strong></span> 
     </span>
    </p>
   </div>
   <div class='ocr_carea' id='block_1_87' title="bbox 1874 2927 3462 2995">
    <p class='ocr_par' dir='ltr' id='par_1_87' title="bbox 1874 2927 3462 2995">
     <span class='ocr_line' id='line_1_87' title="bbox 1874 2927 3462 2995; baseline -0.003 -11"><span class='ocrx_word' id='word_1_652' title='bbox 1874 2929 2038 2995; x_wconf 87' lang='lat' dir='ltr'><strong>citur,</strong></span> <span class='ocrx_word' id='word_1_653' title='bbox 2071 2930 2321 2984; x_wconf 87' lang='lat' dir='ltr'><strong>rodebant</strong></span> <span class='ocrx_word' id='word_1_654' title='bbox 2352 2931 2406 2983; x_wconf 93' lang='lat' dir='ltr'><strong>in</strong></span> <span class='ocrx_word' id='word_1_655' title='bbox 2436 2928 2891 2995; x_wconf 82' lang='lat' dir='ltr'><strong>solitudine,_libct</strong></span> <span class='ocrx_word' id='word_1_656' title='bbox 2919 2929 3142 2993; x_wconf 89' lang='lat' dir='ltr'><strong>intueri,</strong></span> <span class='ocrx_word' id='word_1_657' title='bbox 3170 2929 3272 2983; x_wconf 87' lang='lat' dir='ltr'><strong>hoc</strong></span> <span class='ocrx_word' id='word_1_658' title='bbox 3295 2927 3462 2982; x_wconf 90' lang='lat' dir='ltr'><strong>etiam</strong></span> 
     </span>
    </p>
   </div>
   <div class='ocr_carea' id='block_1_88' title="bbox 1878 3017 3464 3092">
    <p class='ocr_par' dir='ltr' id='par_1_88' title="bbox 1878 3017 3464 3092">
     <span class='ocr_line' id='line_1_88' title="bbox 1878 3017 3464 3092; baseline -0.003 -15"><span class='ocrx_word' id='word_1_659' title='bbox 1878 3022 2020 3092; x_wconf 81' lang='lat' dir='ltr'><strong>quod</strong></span> <span class='ocrx_word' id='word_1_660' title='bbox 2070 3036 2168 3092; x_wconf 88' lang='lat' dir='ltr'><strong>per</strong></span> <span class='ocrx_word' id='word_1_661' title='bbox 2216 3021 2560 3077; x_wconf 86' lang='lat' dir='ltr'><strong>Psaltnistam</strong></span> <span class='ocrx_word' id='word_1_662' title='bbox 2609 3021 2812 3076; x_wconf 90' lang='lat' dir='ltr'><strong>dictum</strong></span> <span class='ocrx_word' id='word_1_663' title='bbox 2860 3028 2944 3075; x_wconf 90' lang='lat' dir='ltr'><strong>est</strong></span> <span class='ocrx_word' id='word_1_664' title='bbox 2987 3039 3002 3073; x_wconf 90' lang='lat'><strong>:</strong></span> <span class='ocrx_word' id='word_1_665' title='bbox 3053 3038 3072 3071; x_wconf 73' lang='grc' dir='ltr'>σ</span> <span class='ocrx_word' id='word_1_666' title='bbox 3109 3017 3316 3073; x_wconf 91' lang='lat' dir='ltr'><strong>Inimici</strong></span> <span class='ocrx_word' id='word_1_667' title='bbox 3348 3017 3464 3086; x_wconf 83' lang='lat' dir='ltr'><strong>ejus</strong></span> 
     </span>
    </p>
   </div>
   <div class='ocr_carea' id='block_1_89' title="bbox 1881 3110 3466 3185">
    <p class='ocr_par' dir='ltr' id='par_1_89' title="bbox 1881 3110 3466 3185">
     <span class='ocr_line' id='line_1_89' title="bbox 1881 3110 3466 3185; baseline -0.004 -17"><span class='ocrx_word' id='word_1_668' title='bbox 1881 3120 2082 3168; x_wconf 87' lang='lat' dir='ltr'><strong>terram</strong></span> <span class='ocrx_word' id='word_1_669' title='bbox 2130 3112 2338 3184; x_wconf 85' lang='lat' dir='ltr'><strong>lingent</strong></span> <span class='ocrx_word' id='word_1_670' title='bbox 2385 3110 2559 3185; x_wconf 87' lang='lat' dir='ltr'><strong>(Psal.</strong></span> <span class='ocrx_word' id='word_1_671' title='bbox 2589 3129 2737 3177; x_wconf 76' lang='lat' dir='ltr'><strong>LXXI,</strong></span> <span class='ocrx_word' id='word_1_672' title='bbox 2761 3112 2837 3176; x_wconf 88' lang='lat'><strong>9).</strong></span> <span class='ocrx_word' id='word_1_673' title='bbox 2869 3131 2889 3164; x_wconf 75' lang='grc' dir='ltr'><strong><em>ι</em></strong></span> <span class='ocrx_word' id='word_1_674' title='bbox 2942 3112 3058 3166; x_wconf 92' lang='lat' dir='ltr'><strong>Duo</strong></span> <span class='ocrx_word' id='word_1_675' title='bbox 3106 3111 3304 3181; x_wconf 90' lang='lat' dir='ltr'><strong>quippe</strong></span> <span class='ocrx_word' id='word_1_676' title='bbox 3337 3117 3466 3164; x_wconf 91' lang='lat' dir='ltr'><strong>sunt</strong></span> 
     </span>
    </p>
   </div>
   <div class='ocr_carea' id='block_1_90' title="bbox 1877 3201 3466 3276">
    <p class='ocr_par' dir='ltr' id='par_1_90' title="bbox 1877 3201 3466 3276">
     <span class='ocr_line' id='line_1_90' title="bbox 1877 3201 3466 3276; baseline -0.004 -17"><span class='ocrx_word' id='word_1_677' title='bbox 1877 3219 2076 3276; x_wconf 88' lang='lat' dir='ltr'><strong>genera</strong></span> <span class='ocrx_word' id='word_1_678' title='bbox 2105 3204 2388 3259; x_wconf 90' lang='lat' dir='ltr'><strong>hominum</strong></span> <span class='ocrx_word' id='word_1_679' title='bbox 2420 3203 2702 3259; x_wconf 92' lang='lat' dir='ltr'><strong>ambitioni</strong></span> <span class='ocrx_word' id='word_1_680' title='bbox 2730 3218 2842 3259; x_wconf 73' lang='lat' dir='ltr'><strong>suae</strong></span> <span class='ocrx_word' id='word_1_681' title='bbox 2868 3201 3252 3265; x_wconf 86' lang='lat' dir='ltr'><strong>servientium,</strong></span> <span class='ocrx_word' id='word_1_682' title='bbox 3298 3213 3466 3253; x_wconf 90' lang='lat' dir='ltr'><strong>unum</strong></span> 
     </span>
    </p>
   </div>
   <div class='ocr_carea' id='block_1_91' title="bbox 1876 3288 3468 3364">
    <p class='ocr_par' dir='ltr' id='par_1_91' title="bbox 1876 3288 3468 3364">
     <span class='ocr_line' id='line_1_91' title="bbox 1876 3288 3468 3364; baseline -0.003 -16"><span class='ocrx_word' id='word_1_683' title='bbox 1876 3294 2132 3351; x_wconf 86' lang='lat' dir='ltr'><strong>videlicet</strong></span> <span class='ocrx_word' id='word_1_684' title='bbox 2180 3291 2326 3364; x_wconf 88' lang='lat' dir='ltr'><strong>quod</strong></span> <span class='ocrx_word' id='word_1_685' title='bbox 2379 3306 2594 3364; x_wconf 89' lang='lat' dir='ltr'><strong>semper</strong></span> <span class='ocrx_word' id='word_1_686' title='bbox 2634 3294 2702 3348; x_wconf 91' lang='lat' dir='ltr'><strong>ad</strong></span> <span class='ocrx_word' id='word_1_687' title='bbox 2752 3292 3036 3348; x_wconf 88' lang='lat' dir='ltr'><strong>avaritiam</strong></span> <span class='ocrx_word' id='word_1_688' title='bbox 3084 3288 3468 3346; x_wconf 86' lang='lat' dir='ltr'><strong>blandimentis</strong></span> 
     </span>
    </p>
   </div>
   <div class='ocr_carea' id='block_1_92' title="bbox 1876 3377 3468 3453">
    <p class='ocr_par' dir='ltr' id='par_1_92' title="bbox 1876 3377 3468 3453">
     <span class='ocr_line' id='line_1_92' title="bbox 1876 3377 3468 3453; baseline -0.004 -15"><span class='ocrx_word' id='word_1_689' title='bbox 1876 3383 2050 3438; x_wconf 89' lang='lat' dir='ltr'><strong>utitur</strong></span> <span class='ocrx_word' id='word_1_690' title='bbox 2071 3381 2301 3453; x_wconf 65' lang='lat' dir='ltr'><strong>linguae,</strong></span> <span class='ocrx_word' id='word_1_691' title='bbox 2341 3381 2484 3436; x_wconf 92' lang='lat' dir='ltr'><strong>aliud</strong></span> <span class='ocrx_word' id='word_1_692' title='bbox 2533 3395 2662 3437; x_wconf 89' lang='lat' dir='ltr'><strong>vero</strong></span> <span class='ocrx_word' id='word_1_693' title='bbox 2689 3381 2831 3450; x_wconf 92' lang='lat' dir='ltr'><strong>quod</strong></span> <span class='ocrx_word' id='word_1_694' title='bbox 2869 3387 3060 3450; x_wconf 89' lang='lat' dir='ltr'><strong>aperta</strong></span> <span class='ocrx_word' id='word_1_695' title='bbox 3089 3379 3199 3434; x_wconf 88' lang='lat' dir='ltr'><strong>vita</strong></span> <span class='ocrx_word' id='word_1_696' title='bbox 3230 3377 3468 3433; x_wconf 89' lang='lat' dir='ltr'><strong>intendit</strong></span> 
     </span>
    </p>
   </div>
   <div class='ocr_carea' id='block_1_93' title="bbox 1877 3468 3464 3545">
    <p class='ocr_par' dir='ltr' id='par_1_93' title="bbox 1877 3468 3464 3545">
     <span class='ocr_line' id='line_1_93' title="bbox 1877 3468 3464 3545; baseline -0.004 -17"><span class='ocrx_word' id='word_1_697' title='bbox 1877 3474 2100 3545; x_wconf 62' lang='lat' dir='ltr'><strong>rapina.</strong></span> <span class='ocrx_word' id='word_1_698' title='bbox 2146 3472 2348 3530; x_wconf 92' lang='lat' dir='ltr'><strong>Omnes</strong></span> <span class='ocrx_word' id='word_1_699' title='bbox 2384 3472 2548 3543; x_wconf 88' lang='lat' dir='ltr'><strong>igitur</strong></span> <span class='ocrx_word' id='word_1_700' title='bbox 2585 3472 2677 3542; x_wconf 93' lang='lat' dir='ltr'><strong>qui</strong></span> <span class='ocrx_word' id='word_1_701' title='bbox 2720 3471 2897 3528; x_wconf 90' lang='lat' dir='ltr'><strong>aliena</strong></span> <span class='ocrx_word' id='word_1_702' title='bbox 2928 3477 3230 3541; x_wconf 88' lang='lat' dir='ltr'><strong>appetunt,</strong></span> <span class='ocrx_word' id='word_1_703' title='bbox 3274 3468 3368 3524; x_wconf 90' lang='lat' dir='ltr'><strong>sed</strong></span> <span class='ocrx_word' id='word_1_704' title='bbox 3397 3481 3464 3522; x_wconf 89' lang='lat' dir='ltr'><strong>ea</strong></span> 
     </span>
    </p>
   </div>
   <div class='ocr_carea' id='block_1_94' title="bbox 1878 3557 3468 3636">
    <p class='ocr_par' dir='ltr' id='par_1_94' title="bbox 1878 3557 3468 3636">
     <span class='ocr_line' id='line_1_94' title="bbox 1878 3557 3468 3636; baseline -0.004 -16"><span class='ocrx_word' id='word_1_705' title='bbox 1878 3580 2001 3636; x_wconf 77' lang='lat' dir='ltr'><strong>qua:</strong></span> <span class='ocrx_word' id='word_1_706' title='bbox 2041 3572 2300 3634; x_wconf 87' lang='lat' dir='ltr'><strong>appetunt</strong></span> <span class='ocrx_word' id='word_1_707' title='bbox 2349 3579 2541 3634; x_wconf 89' lang='lat' dir='ltr'><strong>rapere</strong></span> <span class='ocrx_word' id='word_1_708' title='bbox 2581 3577 2924 3634; x_wconf 89' lang='lat' dir='ltr'><strong>nequaquam</strong></span> <span class='ocrx_word' id='word_1_709' title='bbox 2963 3569 3210 3631; x_wconf 90' lang='lat' dir='ltr'><strong>possunt,</strong></span> <span class='ocrx_word' id='word_1_710' title='bbox 3252 3557 3468 3614; x_wconf 80' lang='lat' dir='ltr'><strong>blandis</strong></span> 
     </span>
    </p>
   </div>
   <div class='ocr_carea' id='block_1_95' title="bbox 1880 3646 3466 3722">
    <p class='ocr_par' dir='ltr' id='par_1_95' title="bbox 1880 3646 3466 3722">
     <span class='ocr_line' id='line_1_95' title="bbox 1880 3646 3466 3722; baseline -0.007 -10"><span class='ocrx_word' id='word_1_711' title='bbox 1880 3665 2058 3712; x_wconf 90' lang='lat' dir='ltr'><strong>autem</strong></span> <span class='ocrx_word' id='word_1_712' title='bbox 2087 3654 2443 3716; x_wconf 88' lang='lat' dir='ltr'><strong>sermonibus,</strong></span> <span class='ocrx_word' id='word_1_713' title='bbox 2483 3661 2541 3709; x_wconf 91' lang='lat' dir='ltr'><strong>et</strong></span> <span class='ocrx_word' id='word_1_714' title='bbox 2567 3653 2723 3722; x_wconf 90' lang='lat' dir='ltr'><strong>quasi</strong></span> <span class='ocrx_word' id='word_1_715' title='bbox 2754 3651 2982 3707; x_wconf 90' lang='lat' dir='ltr'><strong>mollitie</strong></span> <span class='ocrx_word' id='word_1_716' title='bbox 3007 3646 3307 3706; x_wconf 90' lang='lat' dir='ltr'><strong>dulcedinis</strong></span> <span class='ocrx_word' id='word_1_717' title='bbox 3333 3661 3466 3702; x_wconf 87' lang='lat' dir='ltr'><strong>con-</strong></span> 
     </span>
    </p>
   </div>
   <div class='ocr_carea' id='block_1_96' title="bbox 1878 3741 3465 3818">
    <p class='ocr_par' dir='ltr' id='par_1_96' title="bbox 1878 3741 3465 3818">
     <span class='ocr_line' id='line_1_96' title="bbox 1878 3741 3465 3818; baseline -0.008 -14"><span class='ocrx_word' id='word_1_718' title='bbox 1878 3747 2062 3818; x_wconf 90' lang='lat' dir='ltr'><strong>cupita</strong></span> <span class='ocrx_word' id='word_1_719' title='bbox 2111 3745 2428 3800; x_wconf 89' lang='lat' dir='ltr'><strong>abstrahere</strong></span> <span class='ocrx_word' id='word_1_720' title='bbox 2473 3751 2757 3810; x_wconf 91' lang='lat' dir='ltr'><strong>conantur,</strong></span> <span class='ocrx_word' id='word_1_721' title='bbox 2805 3742 2933 3814; x_wconf 90' lang='lat' dir='ltr'><strong>quid</strong></span> <span class='ocrx_word' id='word_1_722' title='bbox 2983 3741 3124 3795; x_wconf 89' lang='lat' dir='ltr'><strong>aliud</strong></span> <span class='ocrx_word' id='word_1_723' title='bbox 3155 3753 3318 3809; x_wconf 88' lang='lat' dir='ltr'><strong>quam</strong></span> <span class='ocrx_word' id='word_1_724' title='bbox 3350 3747 3465 3792; x_wconf 86' lang='lat' dir='ltr'><strong>ter-</strong></span> 
     </span>
    </p>
   </div>
   <div class='ocr_carea' id='block_1_97' title="bbox 1879 3829 3465 3908">
    <p class='ocr_par' dir='ltr' id='par_1_97' title="bbox 1879 3829 3465 3908">
     <span class='ocr_line' id='line_1_97' title="bbox 1879 3829 3465 3908; baseline -0.009 -14"><span class='ocrx_word' id='word_1_725' title='bbox 1879 3853 1996 3894; x_wconf 90' lang='lat' dir='ltr'><strong>ram</strong></span> <span class='ocrx_word' id='word_1_726' title='bbox 2026 3836 2266 3908; x_wconf 74' lang='lat' dir='ltr'><strong>litigent?</strong></span> <span class='ocrx_word' id='word_1_727' title='bbox 2314 3835 2417 3903; x_wconf 88' lang='lat' dir='ltr'><strong>Qui</strong></span> <span class='ocrx_word' id='word_1_728' title='bbox 2453 3849 2580 3890; x_wconf 88' lang='lat' dir='ltr'><strong>vero</strong></span> <span class='ocrx_word' id='word_1_729' title='bbox 2606 3834 2660 3889; x_wconf 93' lang='lat' dir='ltr'><strong>in</strong></span> <span class='ocrx_word' id='word_1_730' title='bbox 2697 3833 2802 3888; x_wconf 91' lang='lat' dir='ltr'><strong>hoc</strong></span> <span class='ocrx_word' id='word_1_731' title='bbox 2843 3831 3044 3887; x_wconf 90' lang='lat' dir='ltr'><strong>mundo</strong></span> <span class='ocrx_word' id='word_1_732' title='bbox 3089 3829 3269 3898; x_wconf 88' lang='lat' dir='ltr'><strong>aliqua</strong></span> <span class='ocrx_word' id='word_1_733' title='bbox 3314 3835 3465 3897; x_wconf 87' lang='lat' dir='ltr'><strong>pote-</strong></span> 
     </span>
    </p>
   </div>
   <div class='ocr_carea' id='block_1_98' title="bbox 1880 3915 3467 3992">
    <p class='ocr_par' dir='ltr' id='par_1_98' title="bbox 1880 3915 3467 3992">
     <span class='ocr_line' id='line_1_98' title="bbox 1880 3915 3467 3992; baseline -0.01 -7"><span class='ocrx_word' id='word_1_734' title='bbox 1880 3938 2024 3984; x_wconf 87' lang='lat' dir='ltr'><strong>state</strong></span> <span class='ocrx_word' id='word_1_735' title='bbox 2049 3925 2249 3982; x_wconf 78' lang='lat' dir='ltr'><strong>sull‘ulti</strong></span> <span class='ocrx_word' id='word_1_736' title='bbox 2273 3935 2418 3990; x_wconf 88' lang='lat' dir='ltr'><strong>sunt,</strong></span> <span class='ocrx_word' id='word_1_737' title='bbox 2442 3934 2496 3980; x_wconf 91' lang='lat' dir='ltr'><strong>et</strong></span> <span class='ocrx_word' id='word_1_738' title='bbox 2528 3923 2971 3992; x_wconf 84' lang='lat' dir='ltr'><strong>roncupiscentes</strong></span> <span class='ocrx_word' id='word_1_739' title='bbox 2997 3919 3192 3984; x_wconf 89' lang='lat' dir='ltr'><strong>aliena,</strong></span> <span class='ocrx_word' id='word_1_740' title='bbox 3220 3915 3467 3972; x_wconf 87' lang='lat' dir='ltr'><strong>blandire</strong></span> 
     </span>
    </p>
   </div>
   <div class='ocr_carea' id='block_1_99' title="bbox 1881 4007 3464 4088">
    <p class='ocr_par' dir='ltr' id='par_1_99' title="bbox 1881 4007 3464 4088">
     <span class='ocr_line' id='line_1_99' title="bbox 1881 4007 3464 4088; baseline -0.007 -16"><span class='ocrx_word' id='word_1_741' title='bbox 1881 4018 2098 4088; x_wconf 89' lang='lat' dir='ltr'><strong>quidem</strong></span> <span class='ocrx_word' id='word_1_742' title='bbox 2137 4032 2203 4070; x_wconf 82' lang='lat' dir='ltr'><strong>ex</strong></span> <span class='ocrx_word' id='word_1_743' title='bbox 2229 4015 2416 4069; x_wconf 83' lang='lat' dir='ltr'><strong>fraude</strong></span> <span class='ocrx_word' id='word_1_744' title='bbox 2439 4012 2763 4083; x_wconf 89' lang='lat' dir='ltr'><strong>despiciunt,</strong></span> <span class='ocrx_word' id='word_1_745' title='bbox 2795 4011 2923 4081; x_wconf 90' lang='lat' dir='ltr'><strong>quia</strong></span> <span class='ocrx_word' id='word_1_746' title='bbox 2951 4009 3114 4064; x_wconf 90' lang='lat' dir='ltr'><strong>etiam</strong></span> <span class='ocrx_word' id='word_1_747' title='bbox 3145 4007 3344 4077; x_wconf 88' lang='lat' dir='ltr'><strong>injusto</strong></span> <span class='ocrx_word' id='word_1_748' title='bbox 3370 4022 3464 4062; x_wconf 89' lang='lat' dir='ltr'><strong>ro-</strong></span> 
     </span>
    </p>
   </div>
   <div class='ocr_carea' id='block_1_100' title="bbox 1881 4089 3508 4177">
    <p class='ocr_par' dir='ltr' id='par_1_100' title="bbox 1881 4089 3508 4177">
     <span class='ocr_line' id='line_1_100' title="bbox 1881 4089 3508 4177; baseline -0.008 -13"><span class='ocrx_word' id='word_1_749' title='bbox 1881 4110 2014 4164; x_wconf 86' lang='lat' dir='ltr'><strong>bore</strong></span> <span class='ocrx_word' id='word_1_750' title='bbox 2033 4113 2259 4177; x_wconf 91' lang='lat' dir='ltr'><strong>possunt</strong></span> <span class='ocrx_word' id='word_1_751' title='bbox 2280 4105 2502 4175; x_wconf 89' lang='lat' dir='ltr'><strong>implere</strong></span> <span class='ocrx_word' id='word_1_752' title='bbox 2522 4103 2664 4172; x_wconf 88' lang='lat' dir='ltr'><strong>quod</strong></span> <span class='ocrx_word' id='word_1_753' title='bbox 2685 4101 2894 4166; x_wconf 86' lang='lat' dir='ltr'><strong>volunt,</strong></span> <span class='ocrx_word' id='word_1_754' title='bbox 2921 4101 3024 4154; x_wconf 88' lang='lat' dir='ltr'><strong>hoc</strong></span> <span class='ocrx_word' id='word_1_755' title='bbox 3045 4099 3188 4170; x_wconf 89' lang='lat' dir='ltr'><strong>quod</strong></span> <span class='ocrx_word' id='word_1_756' title='bbox 3207 4105 3467 4168; x_wconf 88' lang='lat' dir='ltr'><strong>appetunt</strong></span> <span class='ocrx_word' id='word_1_757' title='bbox 3505 4089 3508 4093; x_wconf 75' lang='grc'><strong>’</strong></span> 
     </span>
    </p>
   </div>
   <div class='ocr_carea' id='block_1_101' title="bbox 1881 4185 3466 4259">
    <p class='ocr_par' dir='ltr' id='par_1_101' title="bbox 1881 4185 3466 4259">
     <span class='ocr_line' id='line_1_101' title="bbox 1881 4185 3466 4259; baseline -0.008 -8"><span class='ocrx_word' id='word_1_758' title='bbox 1881 4211 1989 4251; x_wconf 89' lang='lat' dir='ltr'><strong>non</strong></span> <span class='ocrx_word' id='word_1_759' title='bbox 2015 4195 2282 4257; x_wconf 90' lang='lat' dir='ltr'><strong>lambunt,</strong></span> <span class='ocrx_word' id='word_1_760' title='bbox 2320 4193 2416 4246; x_wconf 88' lang='lat' dir='ltr'><strong>sed</strong></span> <span class='ocrx_word' id='word_1_761' title='bbox 2455 4189 2667 4245; x_wconf 91' lang='lat' dir='ltr'><strong>rodunt.</strong></span> <span class='ocrx_word' id='word_1_762' title='bbox 2713 4187 2792 4242; x_wconf 92' lang='lat' dir='ltr'><strong>De</strong></span> <span class='ocrx_word' id='word_1_763' title='bbox 2818 4189 2903 4243; x_wconf 88' lang='lat' dir='ltr'><strong>his</strong></span> <span class='ocrx_word' id='word_1_764' title='bbox 2925 4187 3125 4259; x_wconf 89' lang='lat' dir='ltr'><strong>quippe</strong></span> <span class='ocrx_word' id='word_1_765' title='bbox 3155 4201 3220 4242; x_wconf 87' lang='lat' dir='ltr'><strong>ac</strong></span> <span class='ocrx_word' id='word_1_766' title='bbox 3245 4186 3290 4240; x_wconf 81' lang='lat' dir='ltr'><strong>si</strong></span> <span class='ocrx_word' id='word_1_767' title='bbox 3321 4185 3466 4240; x_wconf 90' lang='lat' dir='ltr'><strong>dicat</strong></span> 
     </span>
    </p>
   </div>
   <div class='ocr_carea' id='block_1_102' title="bbox 1883 4275 3466 4349">
    <p class='ocr_par' dir='ltr' id='par_1_102' title="bbox 1883 4275 3466 4349">
     <span class='ocr_line' id='line_1_102' title="bbox 1883 4275 3466 4349; baseline -0.008 -7"><span class='ocrx_word' id='word_1_768' title='bbox 1883 4285 2148 4349; x_wconf 86' lang='lat' dir='ltr'><strong>Ecclesia,</strong></span> <span class='ocrx_word' id='word_1_769' title='bbox 2178 4282 2354 4337; x_wconf 90' lang='lat' dir='ltr'><strong>aliena</strong></span> <span class='ocrx_word' id='word_1_770' title='bbox 2376 4281 2541 4336; x_wconf 91' lang='lat' dir='ltr'><strong>etiam</strong></span> <span class='ocrx_word' id='word_1_771' title='bbox 2576 4278 2842 4334; x_wconf 89' lang='lat' dir='ltr'><strong>violenter</strong></span> <span class='ocrx_word' id='word_1_772' title='bbox 2869 4278 3130 4349; x_wconf 87' lang='lat' dir='ltr'><strong>rapiendo</strong></span> <span class='ocrx_word' id='word_1_773' title='bbox 3163 4292 3272 4333; x_wconf 90' lang='lat' dir='ltr'><strong>non</strong></span> <span class='ocrx_word' id='word_1_774' title='bbox 3307 4275 3466 4331; x_wconf 88' lang='lat' dir='ltr'><strong>rode-</strong></span> 
     </span>
    </p>
   </div>
   <div class='ocr_carea' id='block_1_103' title="bbox 1891 4370 3467 4445">
    <p class='ocr_par' dir='ltr' id='par_1_103' title="bbox 1891 4370 3467 4445">
     <span class='ocr_line' id='line_1_103' title="bbox 1891 4370 3467 4445; baseline -0.006 -12"><span class='ocrx_word' id='word_1_775' title='bbox 1891 4387 2034 4443; x_wconf 91' lang='lat' dir='ltr'><strong>rent,</strong></span> <span class='ocrx_word' id='word_1_776' title='bbox 2065 4375 2169 4431; x_wconf 91' lang='lat' dir='ltr'><strong>nisi</strong></span> <span class='ocrx_word' id='word_1_777' title='bbox 2203 4375 2352 4445; x_wconf 90' lang='lat' dir='ltr'><strong>prius</strong></span> <span class='ocrx_word' id='word_1_778' title='bbox 2384 4373 2486 4444; x_wconf 90' lang='lat' dir='ltr'><strong>ipsi</strong></span> <span class='ocrx_word' id='word_1_779' title='bbox 2513 4373 2567 4427; x_wconf 92' lang='lat' dir='ltr'><strong>in</strong></span> <span class='ocrx_word' id='word_1_780' title='bbox 2598 4371 2946 4427; x_wconf 90' lang='lat' dir='ltr'><strong>interioribus</strong></span> <span class='ocrx_word' id='word_1_781' title='bbox 2979 4372 3113 4436; x_wconf 87' lang='lat' dir='ltr'><strong>suis,</strong></span> <span class='ocrx_word' id='word_1_782' title='bbox 3144 4370 3245 4426; x_wconf 89' lang='lat' dir='ltr'><strong>soli</strong></span> <span class='ocrx_word' id='word_1_783' title='bbox 3274 4385 3338 4426; x_wconf 89' lang='lat' dir='ltr'><strong>ac</strong></span> <span class='ocrx_word' id='word_1_784' title='bbox 3370 4385 3467 4425; x_wconf 87' lang='lat' dir='ltr'><strong>va-</strong></span> 
     </span>
    </p>
   </div>
   <div class='ocr_carea' id='block_1_104' title="bbox 1893 4461 3467 4533">
    <p class='ocr_par' dir='ltr' id='par_1_104' title="bbox 1893 4461 3467 4533">
     <span class='ocr_line' id='line_1_104' title="bbox 1893 4461 3467 4533; baseline -0.004 -10"><span class='ocrx_word' id='word_1_785' title='bbox 1893 4469 1979 4524; x_wconf 90' lang='lat' dir='ltr'><strong>cui</strong></span> <span class='ocrx_word' id='word_1_786' title='bbox 2021 4483 2052 4522; x_wconf 91' lang='lat' dir='ltr'><strong>a</strong></span> <span class='ocrx_word' id='word_1_787' title='bbox 2089 4467 2350 4522; x_wconf 87' lang='lat' dir='ltr'><strong>virtutum</strong></span> <span class='ocrx_word' id='word_1_788' title='bbox 2395 4465 2606 4520; x_wconf 80' lang='lat' dir='ltr'><strong>cultura</strong></span> <span class='ocrx_word' id='word_1_789' title='bbox 2654 4472 3018 4520; x_wconf 87' lang='lat' dir='ltr'><strong>remanerent.</strong></span> <span class='ocrx_word' id='word_1_790' title='bbox 3064 4463 3266 4519; x_wconf 80' lang='lat' dir='ltr'><strong>Natura</strong></span> <span class='ocrx_word' id='word_1_791' title='bbox 3307 4461 3467 4533; x_wconf 84' lang='lat' dir='ltr'><strong>igitur</strong></span> 
     </span>
    </p>
   </div>
   <div class='ocr_carea' id='block_1_105' title="bbox 1893 4552 3472 4619">
    <p class='ocr_par' dir='ltr' id='par_1_105' title="bbox 1893 4552 3472 4619">
     <span class='ocr_line' id='line_1_105' title="bbox 1893 4552 3472 4619; baseline -0.004 -6"><span class='ocrx_word' id='word_1_792' title='bbox 1893 4557 2129 4613; x_wconf 89' lang='lat' dir='ltr'><strong>humana</strong></span> <span class='ocrx_word' id='word_1_793' title='bbox 2173 4556 2310 4612; x_wconf 89' lang='lat' dir='ltr'><strong>bene</strong></span> <span class='ocrx_word' id='word_1_794' title='bbox 2361 4555 2616 4619; x_wconf 88' lang='lat' dir='ltr'><strong>condita,</strong></span> <span class='ocrx_word' id='word_1_795' title='bbox 2665 4554 2760 4609; x_wconf 91' lang='lat' dir='ltr'><strong>sed</strong></span> <span class='ocrx_word' id='word_1_796' title='bbox 2810 4555 2878 4610; x_wconf 92' lang='lat' dir='ltr'><strong>ad</strong></span> <span class='ocrx_word' id='word_1_797' title='bbox 2921 4553 3291 4608; x_wconf 73' lang='lat' dir='ltr'><strong>infirmitatem</strong></span> <span class='ocrx_word' id='word_1_798' title='bbox 3334 4552 3472 4606; x_wconf 83' lang='lat' dir='ltr'><strong>vitio</strong></span> 
     </span>
    </p>
   </div>
   <div class='ocr_carea' id='block_1_106' title="bbox 1892 4642 3471 4719">
    <p class='ocr_par' dir='ltr' id='par_1_106' title="bbox 1892 4642 3471 4719">
     <span class='ocr_line' id='line_1_106' title="bbox 1892 4642 3471 4719; baseline -0.006 -15"><span class='ocrx_word' id='word_1_799' title='bbox 1892 4649 2124 4719; x_wconf 74' lang='lat' dir='ltr'><strong>propria:</strong></span> <span class='ocrx_word' id='word_1_800' title='bbox 2178 4647 2474 4704; x_wconf 88' lang='lat' dir='ltr'><strong>voluntatis</strong></span> <span class='ocrx_word' id='word_1_801' title='bbox 2524 4647 2670 4717; x_wconf 90' lang='lat' dir='ltr'><strong>lapsa</strong></span> <span class='ocrx_word' id='word_1_802' title='bbox 2728 4646 2785 4699; x_wconf 92' lang='lat' dir='ltr'><strong>in</strong></span> <span class='ocrx_word' id='word_1_803' title='bbox 2833 4645 3199 4700; x_wconf 87' lang='lat' dir='ltr'><strong>calamitatem</strong></span> <span class='ocrx_word' id='word_1_804' title='bbox 3251 4642 3471 4706; x_wconf 93' lang='lat' dir='ltr'><strong>cecidit,</strong></span> 
     </span>
    </p>
   </div>
   <div class='ocr_carea' id='block_1_107' title="bbox 1893 4729 3470 4808">
    <p class='ocr_par' dir='ltr' id='par_1_107' title="bbox 1893 4729 3470 4808">
     <span class='ocr_line' id='line_1_107' title="bbox 1893 4729 3470 4808; baseline -0.007 -16"><span class='ocrx_word' id='word_1_805' title='bbox 1893 4738 2019 4806; x_wconf 91' lang='lat' dir='ltr'><strong>quia</strong></span> <span class='ocrx_word' id='word_1_806' title='bbox 2043 4750 2233 4808; x_wconf 86' lang='lat' dir='ltr'><strong>pressa</strong></span> <span class='ocrx_word' id='word_1_807' title='bbox 2261 4735 2561 4790; x_wconf 90' lang='lat' dir='ltr'><strong>innumeris</strong></span> <span class='ocrx_word' id='word_1_808' title='bbox 2593 4732 3012 4787; x_wconf 88' lang='lat' dir='ltr'><strong>necessitatibus</strong></span> <span class='ocrx_word' id='word_1_809' title='bbox 3040 4732 3112 4785; x_wconf 92' lang='lat' dir='ltr'><strong>nil</strong></span> <span class='ocrx_word' id='word_1_810' title='bbox 3141 4732 3194 4785; x_wconf 93' lang='lat' dir='ltr'><strong>in</strong></span> <span class='ocrx_word' id='word_1_811' title='bbox 3229 4729 3330 4781; x_wconf 89' lang='lat' dir='ltr'><strong>hac</strong></span> <span class='ocrx_word' id='word_1_812' title='bbox 3362 4729 3470 4781; x_wconf 83' lang='lat' dir='ltr'><strong>vita</strong></span> 
     </span>
    </p>
   </div>
   <div class='ocr_carea' id='block_1_108' title="bbox 1892 4817 3472 4897">
    <p class='ocr_par' dir='ltr' id='par_1_108' title="bbox 1892 4817 3472 4897">
     <span class='ocr_line' id='line_1_108' title="bbox 1892 4817 3472 4897; baseline -0.011 -11"><span class='ocrx_word' id='word_1_813' title='bbox 1892 4831 2000 4886; x_wconf 91' lang='lat' dir='ltr'><strong>nisi</strong></span> <span class='ocrx_word' id='word_1_814' title='bbox 2029 4831 2173 4886; x_wconf 91' lang='lat' dir='ltr'><strong>unde</strong></span> <span class='ocrx_word' id='word_1_815' title='bbox 2207 4827 2536 4897; x_wconf 86' lang='lat' dir='ltr'><strong>allligeretur</strong></span> <span class='ocrx_word' id='word_1_816' title='bbox 2573 4823 2797 4879; x_wconf 87' lang='lat' dir='ltr'><strong>invenit.</strong></span> <span class='ocrx_word' id='word_1_817' title='bbox 2848 4823 2957 4878; x_wconf 88' lang='lat' dir='ltr'><strong>Sed</strong></span> <span class='ocrx_word' id='word_1_818' title='bbox 2984 4838 3108 4878; x_wconf 91' lang='lat' dir='ltr'><strong>cum</strong></span> <span class='ocrx_word' id='word_1_819' title='bbox 3139 4817 3343 4874; x_wconf 90' lang='lat' dir='ltr'><strong>eisdem</strong></span> <span class='ocrx_word' id='word_1_820' title='bbox 3373 4831 3472 4870; x_wconf 60' lang='grc' dir='ltr'><strong>ηδε</strong></span> 
     </span>
    </p>
   </div>
   <div class='ocr_carea' id='block_1_109' title="bbox 1895 4908 3476 4984">
    <p class='ocr_par' dir='ltr' id='par_1_109' title="bbox 1895 4908 3476 4984">
     <span class='ocr_line' id='line_1_109' title="bbox 1895 4908 3476 4984; baseline -0.007 -8"><span class='ocrx_word' id='word_1_821' title='bbox 1895 4929 2031 4976; x_wconf 68' lang='lat' dir='ltr'><strong>turaa</strong></span> <span class='ocrx_word' id='word_1_822' title='bbox 2085 4928 2288 4975; x_wconf 67' lang='lat' dir='ltr'><strong>nostrae</strong></span> <span class='ocrx_word' id='word_1_823' title='bbox 2351 4915 2772 4974; x_wconf 88' lang='lat' dir='ltr'><strong>necessitatibus</strong></span> <span class='ocrx_word' id='word_1_824' title='bbox 2828 4914 3143 4984; x_wconf 89' lang='lat' dir='ltr'><strong>plerumque</strong></span> <span class='ocrx_word' id='word_1_825' title='bbox 3189 4908 3476 4978; x_wconf 91' lang='lat' dir='ltr'><strong>plusquam</strong></span> 
     </span>
    </p>
   </div>
   <div class='ocr_carea' id='block_1_110' title="bbox 1892 4997 3480 5080">
    <p class='ocr_par' dir='ltr' id='par_1_110' title="bbox 1892 4997 3480 5080">
     <span class='ocr_line' id='line_1_110' title="bbox 1892 4997 3480 5080; baseline -0.008 -14"><span class='ocrx_word' id='word_1_826' title='bbox 1892 5011 2112 5080; x_wconf 79' lang='lat' dir='ltr'><strong>expedit</strong></span> <span class='ocrx_word' id='word_1_827' title='bbox 2141 5007 2502 5076; x_wconf 88' lang='lat' dir='ltr'><strong>deservimus,</strong></span> <span class='ocrx_word' id='word_1_828' title='bbox 2550 5004 2860 5073; x_wconf 88' lang='lat' dir='ltr'><strong>mentisque</strong></span> <span class='ocrx_word' id='word_1_829' title='bbox 2905 5017 3089 5058; x_wconf 91' lang='lat' dir='ltr'><strong>curam</strong></span> <span class='ocrx_word' id='word_1_830' title='bbox 3135 4997 3480 5066; x_wconf 88' lang='lat' dir='ltr'><strong>negligimus,</strong></span> 
     </span>
    </p>
   </div>
   <div class='ocr_carea' id='block_1_111' title="bbox 1891 5087 3482 5167">
    <p class='ocr_par' dir='ltr' id='par_1_111' title="bbox 1891 5087 3482 5167">
     <span class='ocr_line' id='line_1_111' title="bbox 1891 5087 3482 5167; baseline -0.006 -12"><span class='ocrx_word' id='word_1_831' title='bbox 1891 5109 1950 5155; x_wconf 91' lang='lat' dir='ltr'><strong>et</strong></span> <span class='ocrx_word' id='word_1_832' title='bbox 1978 5099 2211 5155; x_wconf 84' lang='lat' dir='ltr'><strong>miseriae</strong></span> <span class='ocrx_word' id='word_1_833' title='bbox 2240 5095 2651 5167; x_wconf 89' lang='lat' dir='ltr'><strong>negligentiam,</strong></span> <span class='ocrx_word' id='word_1_834' title='bbox 2681 5093 2982 5147; x_wconf 85' lang='lat' dir='ltr'><strong>infirmitati</strong></span> <span class='ocrx_word' id='word_1_835' title='bbox 3015 5096 3209 5145; x_wconf 82' lang='lat' dir='ltr'><strong>nostra:</strong></span> <span class='ocrx_word' id='word_1_836' title='bbox 3230 5087 3482 5146; x_wconf 86' lang='lat' dir='ltr'><strong>addimus</strong></span> 
     </span>
    </p>
   </div>
   <div class='ocr_carea' id='block_1_112' title="bbox 1893 5166 3485 5260">
    <p class='ocr_par' dir='ltr' id='par_1_112' title="bbox 1893 5166 3485 5260">
     <span class='ocr_line' id='line_1_112' title="bbox 1893 5166 3485 5260; baseline -0.005 -16"><span class='ocrx_word' id='word_1_837' title='bbox 1893 5190 2200 5260; x_wconf 88' lang='lat' dir='ltr'><strong>squalorem</strong></span> <span class='ocrx_word' id='word_1_838' title='bbox 2257 5166 2450 5256; x_wconf 65' lang='lat' dir='ltr'><strong>culpae.</strong></span> <span class='ocrx_word' id='word_1_839' title='bbox 2519 5182 2866 5242; x_wconf 85' lang='lat' dir='ltr'><strong>Necessitatis</strong></span> <span class='ocrx_word' id='word_1_840' title='bbox 2932 5181 3096 5252; x_wconf 87' lang='lat' dir='ltr'><strong>igitur</strong></span> <span class='ocrx_word' id='word_1_841' title='bbox 3149 5166 3371 5232; x_wconf 76' lang='lat' dir='ltr'><strong>causam</strong></span> <span class='ocrx_word' id='word_1_842' title='bbox 3427 5182 3485 5237; x_wconf 90' lang='lat' dir='ltr'><strong>in</strong></span> 
     </span>
    </p>
   </div>
   <div class='ocr_carea' id='block_1_113' title="bbox 1896 5270 3486 5348">
    <p class='ocr_par' dir='ltr' id='par_1_113' title="bbox 1896 5270 3486 5348">
     <span class='ocr_line' id='line_1_113' title="bbox 1896 5270 3486 5348; baseline -0.007 -13"><span class='ocrx_word' id='word_1_843' title='bbox 1896 5295 2054 5335; x_wconf 89' lang='lat' dir='ltr'><strong>usum</strong></span> <span class='ocrx_word' id='word_1_844' title='bbox 2080 5277 2376 5348; x_wconf 87' lang='lat' dir='ltr'><strong>voluptatis</strong></span> <span class='ocrx_word' id='word_1_845' title='bbox 2417 5287 2660 5337; x_wconf 89' lang='lat' dir='ltr'><strong>vertere,</strong></span> <span class='ocrx_word' id='word_1_846' title='bbox 2691 5270 2819 5338; x_wconf 89' lang='lat' dir='ltr'><strong>quid</strong></span> <span class='ocrx_word' id='word_1_847' title='bbox 2857 5279 2943 5324; x_wconf 85' lang='lat' dir='ltr'><strong>est</strong></span> <span class='ocrx_word' id='word_1_848' title='bbox 2979 5270 3120 5323; x_wconf 89' lang='lat' dir='ltr'><strong>aliud</strong></span> <span class='ocrx_word' id='word_1_849' title='bbox 3146 5282 3306 5336; x_wconf 89' lang='lat' dir='ltr'><strong>quam</strong></span> <span class='ocrx_word' id='word_1_850' title='bbox 3338 5270 3486 5324; x_wconf 88' lang='lat' dir='ltr'><strong>cala-</strong></span> 
     </span>
    </p>
   </div>
   <div class='ocr_carea' id='block_1_114' title="bbox 1895 5358 3486 5398">
    <p class='ocr_par' dir='ltr' id='par_1_114' title="bbox 1895 5358 3486 5398">
     <span class='ocr_line' id='line_1_114' title="bbox 1895 5358 3486 5398; baseline 0 0"><span class='ocrx_word' id='word_1_851' title='bbox 1895 5371 2070 5398; x_wconf 71' lang='grc' dir='ltr'><strong>..ρ-ειηοῐ</strong></span> <span class='ocrx_word' id='word_1_852' title='bbox 2117 5383 2229 5398; x_wconf 66' lang='grc' dir='ltr'><strong>οιιηι</strong></span> <span class='ocrx_word' id='word_1_853' title='bbox 2257 5365 2570 5398; x_wconf 67' lang='grc' dir='ltr'><strong>οηιιηΙΛι-ηηι</strong></span> <span class='ocrx_word' id='word_1_854' title='bbox 2599 5360 2832 5398; x_wconf 69' lang='lat' dir='ltr'><strong>micas-im</strong></span> <span class='ocrx_word' id='word_1_855' title='bbox 2872 5361 3114 5398; x_wconf 70' lang='lat' dir='ltr'><strong>cnninrn?</strong></span> <span class='ocrx_word' id='word_1_856' title='bbox 3161 5358 3296 5398; x_wconf 74' lang='lat' dir='ltr'><strong>nnid</strong></span> <span class='ocrx_word' id='word_1_857' title='bbox 3337 5363 3486 5398; x_wconf 64' lang='lat' dir='ltr'><strong>Anim</strong></span> 
     </span>
    </p>
   </div>
  </div>
