3948 5398
329 408 614 493 ἐπι

1484 412 1541 472 s.
1584 412 1834 475 onoms
1866 414 2156 473 seems
2185 415 2682 479 CLUNIACENSIS
2717 419 2762 476 ιι
3642 433 3723 494 διε

508 531 654 590 tnnt,
696 523 1087 596 designantur?
1129 523 1289 581 Pravi
1325 541 1560 598 namque
1602 544 1724 586 cum
1778 539 1925 587 recta
1963 531 2095 586 inci-
2118 528 2459 602 Aiurgando
2486 532 2800 590 moliuntur.
2850 531 2911 589 In
2949 532 3192 592 convalle
3233 535 3378 593 enim
3404 541 3616 610 repertis
3638 547 3726 603 sin.

507 614 718 682 pientes
762 614 1051 683 aSpiciunt,
1092 623 1188 670 aut
1230 616 1525 682 irridendo,
1566 630 1661 674 aut
1696 621 1854 691 quasi
1897 636 2095 678 consu-

505 703 667 758 lendo
692 705 1091 761 contradicunt.
1120 704 1257 762 Cum
1284 722 1413 763 vero
1430 708 1545 779 iam
1571 714 1839 779 quosdam
1862 721 2095 782 pensant

509 793 573 846 ad
604 808 814 849 summa
838 796 1137 866 prolicere,
1166 797 1291 868 quia
1333 813 1521 854 eorum
1552 800 1828 871 profectus
1852 802 2095 862 funditus

506 884 773 955 dissipare
803 899 1102 957 nequeunt,
1133 905 1165 945 a
1202 890 1523 961 quibusdam
1554 892 1676 948 illos
1699 895 1811 949 suis
1839 896 2095 965 operibus

507 976 799 1053 divertunt.
856 978 1064 1035 Herbas
1106 980 1291 1051 itaque
1339 983 1442 1050 eis,
1481 991 1538 1038 et
1574 984 1830 1041 arborum
1861 987 2094 1044 cortices

508 1067 766 1124 mandere
791 1077 892 1134 est,
925 1070 1010 1126 vel
1042 1071 1222 1128 studia
1255 1072 1392 1130 bene
1426 1074 1820 1145 inchoantium,
1849 1077 1935 1135 vel
1963 1094 2097 1149 ope-

506 1159 746 1214 rationes
788 1162 1146 1230 quorumdam
1184 1162 1298 1233 iam
1344 1181 1497 1222 more
1529 1160 1784 1223 arborum
1828 1168 1894 1224 ad
1934 1184 2095 1240 supe-

505 1248 650 1303 riora
700 1249 1040 1306 tendentium
1089 1254 1531 1323 persuasionibus
1570 1256 1884 1327 pestiferis,
1935 1259 2091 1329 quasi

505 1336 829 1406 quibusdam
860 1340 1213 1398 malitize'suze
1242 1344 1514 1411 dentibus,
1547 1345 1832 1415 dissipare.
1884 1345 2092 1405 Herbas

504 1429 771 1485 mandunt
816 1433 1052 1502 reprobi,
1098 1449 1220 1488 cum
1263 1433 1599 1491 infirmorum
1636 1435 1789 1492 initia
1817 1436 2092 1494 irridendo

503 1527 849 1573 consumunt.
906 1518 1003 1575 Vel
1043 1530 1190 1578 certe
1230 1524 1429 1580 herbas
1476 1524 1732 1580 mandere
1797 1533 1883 1581 est
1935 1524 2090 1581 laevia

503 1613 746 1679 quaedam
793 1628 859 1667 ac
912 1607 1099 1671 tenera
1146 1615 1213 1671 de
1267 1617 1506 1688 antiquis
1558 1616 1811 1674 Patribus
1864 1616 2087 1673 imitari.

500 1700 771 1759 Arborum
803 1719 931 1760 vero
960 1705 1191 1763 cortices
1226 1708 1389 1762 edere
1423 1716 1509 1764 est
1559 1722 1748 1764 eorum
1799 1722 1964 1779 opera
2001 1724 2090 1765 su-

501 1794 722 1862 perﬁcie
773 1804 928 1852 tenus
982 1812 1182 1869 agere,
1235 1798 1331 1855 sed
1378 1798 1735 1856 intentionem
1781 1809 1985 1856 rectam
2034 1801 2090 1856 in

2195 622 2337 693 gulis
2379 638 2502 679 cum
2545 622 2784 680 clamore
2823 637 3050 681 currere
3084 634 3189 692 est,
3214 627 3449 685 subortis
3483 645 3725 691 causarum

2193 714 2572 770 occasionibus
2597 715 2759 771 etiam
2788 730 2889 786 pro
2916 730 3083 786 parva
3111 717 3251 787 stipe
3278 717 3502 791 litigare.
3529 721 3725 782 Possunt

2193 817 2409 874 quoque
2423 818 2520 871 per
2533 805 2728 860 herbas
2749 812 2912 876 atque
2930 807 3184 862 arborum
3196 810 3427 866 cortices
3441 826 3541 867 non
3566 813 3726 880 solum,

2192 902 2253 949 ut
2290 896 2607 963 praedictum
2646 905 2767 963 est,
2796 897 3064 953 bonorum
3110 912 3295 969 Opera,
3323 902 3417 957 sed
3452 902 3503 957 in
3529 904 3622 962 hac
3643 907 3729 962 vita

2192 984 2591 1042 consolationes
2625 1002 2690 1041 ac
2714 988 3105 1056 prosperitates
3140 989 3383 1059 intelligi.
3434 989 3581 1063 Saepe
3615 995 3730 1050 enim

2191 1073 2535 1143 omnipotens
2579 1075 2720 1130 Deus
2781 1076 2983 1133 electos
3041 1092 3166 1132 cum
3227 1078 3383 1133 donis
3426 1078 3731 1139 interioribus

2192 1164 2349 1232 ditat,
2378 1166 2741 1222 exterioribus
2768 1167 2933 1223 etiam
2979 1168 3277 1224 honoribus
3321 1168 3581 1236 sublevat,
3613 1186 3732 1226 cum-

2191 1268 2298 1323 que
2349 1268 2445 1309 eos
2503 1254 2839 1323 praeferendo
2885 1266 3114 1312 caeteros
3180 1256 3522 1313 honorabiles
3568 1259 3731 1323 reddit,

2190 1342 2352 1400 latius
2399 1343 2693 1403 imitabiles
2743 1346 2999 1402 ostendit.
3070 1348 3138 1402 Et
3185 1363 3571 1419 nonnunquam
3609 1351 3734 1420 pravi

2190 1437 2411 1506 quidam
2455 1453 2643 1493 eorum
2673 1439 2840 1494 vitam
2872 1440 3195 1510 despiciunt,
3230 1440 3325 1496 sed
3366 1439 3661 1496 felicitatem
3693 1441 3734 1496 in

2191 1524 2298 1581 hoc
2344 1526 2546 1582 mundo
2588 1528 2804 1597 assequi
2853 1530 3262 1600 concupiscunt.
3310 1529 3448 1596 Quia
3495 1515 3736 1601 igiturhic

2188 1614 2554 1673 blandimenta
2585 1618 2912 1674 transitorize
2944 1627 3194 1689 quaerunt
3217 1620 3614 1685 consolationis,
3642 1621 3739 1676 her-

2188 1703 2287 1760 bas
2313 1707 2774 1778 comedunt,‘quia
2800 1709 2854 1763 in
2880 1709 3295 1779 cogitationibus
3314 1711 3431 1766 suis
3452 1710 3736 1767 exteriorem

2189 1807 2377 1850 eorum
2406 1795 2638 1866 gloriam
2679 1798 3032 1862 meditantur,
3070 1798 3325 1854 arborum
3360 1799 3593 1856 cortices
3617 1815 3738 1854 man-

499 1884 704 1939 eisdem
737 1886 993 1957 operibus
1031 1903 1139 1943 non
1185 1898 1393 1944 tenere.
1441 1888 1702 1961 Sequitur
1756 1907 1770 1946 :
1825 1890 1891 1945 Et
1934 1890 2089 1946 radix
2117 1896 2165 1957 Β
2192 1883 2358 1951 dunt;
2408 1894 2465 1940 et
2509 1885 2767 1957 quoniam
2795 1887 2849 1942 in
2877 1887 2962 1943 his
2990 1888 3244 1945 omnibus
3273 1888 3377 1944 soli
3403 1889 3633 1945 avaritia
3653 1899 3739 1945 tota

492 1976 865 2044 jumperorum
907 1987 1017 2031 erat
1069 1977 1215 2032 cibus
1270 1995 1471 2033 eorum.
1522 2010 1594 2020 --
1632 1979 1811 2035 Arbor
1856 1994 2092 2051 namque

495 2064 735 2136 iuniperi
763 2080 864 2135 pro
891 2064 1034 2120 foliis
1058 2067 1380 2137 punctiones
1409 2068 1592 2133 habet,
1616 2069 1697 2124 sic
1738 2068 1936 2138 quippe
1965 2077 2093 2125 sunt

499 2154 710 2209 hirsuta
740 2167 862 2225 qua:
881 2153 1110 2224 profert,
1140 2167 1200 2212 ut
1230 2158 1400 2228 spinis
1435 2158 1632 2214 similia
1660 2167 2090 2215 contrectantem

499 2262 742 2318 pungere
777 2248 1017 2303 valeant.
1067 2247 1232 2320 Spina
1276 2264 1406 2305 vero
1447 2257 1533 2304 est
1579 2265 1739 2306 omne
1779 2257 2088 2320 peccatum,

499 2337 628 2407 quia
654 2337 783 2393 dum
815 2339 985 2394 trahit
1011 2340 1079 2395 ad
1122 2339 1535 2397 delectationem
1557 2381 1572 2406 ,
1602 2341 1760 2411 quasi
1804 2340 2093 2412 pungendo

501 2427 709 2485 lacerat
739 2438 993 2487 mentem.
1037 2430 1190 2487 Unde
1207 2429 1342 2499 justi
1372 2447 1505 2487 voce
1533 2433 1936 2503 et‘pmnitentis
1961 2432 2093 2487 dici—

506 2529 597 2575 tur
627 2539 639 2575 :
679 2540 696 2573 t
725 2518 1034 2575 Conversus
1063 2536 1181 2576 sum
1212 2522 1264 2576 in
1292 2536 1537 2577 aerumna
1564 2538 1684 2577 mea
1717 2523 1842 2577 dum
1872 2520 2095 2589 conligi-

501 2621 593 2666 tur
626 2610 780 2682 spina
833 2607 1008 2682 (Psal.
1038 2627 1189 2679 xxxx,
1218 2611 1299 2684 4).
1341 2631 1360 2665 ι
1411 2612 1548 2679 Quid
1578 2627 1707 2667 vero
1733 2626 1830 2681 per
1857 2611 2092 2665 radicem

492 2705 757 2776 iuniperi,
795 2704 901 2760 nisi
953 2706 1180 2760 avaritia
1233 2706 1568 2775 designatur,
1608 2719 1673 2759 ex
1706 2720 1813 2775 qua
1844 2713 2093 2775 peccato-

498 2811 620 2851 rum
654 2799 896 2854 omnium
945 2795 1114 2865 spina:
1163 2797 1573 2865 producuntur?
1630 2796 1706 2850 De
1754 2810 1858 2864 qua
1902 2804 1957 2849 et
1997 2809 2095 2865 per

498 2885 727 2945 Paulum
780 2888 981 2945 dicitur
1031 2905 1045 2942 :
1101 2906 1119 2940 ι
1163 2886 1337 2941 Radix
1402 2887 1644 2940 omnium
1697 2884 1961 2939 malorum
2008 2891 2095 2938 cst

499 2980 768 3050 cupiditas
811 2978 897 3050 (II
923 2978 1058 3034 Tim.
1091 2994 1167 3045 vr,
1195 2976 1309 3049 20).
1344 2996 1362 3029 ι
1406 2976 1541 3044 Quia
1587 2975 1751 3046 igitur
1774 2974 2117 3045 plerumque

502 3067 745 3124 lueretici
794 3066 907 3123 sola
959 3068 1257 3131 instruunt,
1294 3066 1390 3121 sed
1424 3065 1629 3119 erroris
1670 3064 2091 3135 praedicamcnta

500 3146 615 3213 non
637 3157 929 3221 deserunt,
969 3157 1095 3212 dum
1129 3164 1376 3225 sumptus
1410 3155 1689 3225 percipere
1715 3154 1868 3224 quasi
1905 3153 2091 3207 docto-

2191 1975 2492 2045 intentione
2543 1977 2898 2045 deserviunt,
2953 1979 3136 2035 radice
3183 1978 3429 2050 iuniperi
3481 1980 3736 2051 replentur.

2191 2064 2323 2131 Quae
2369 2074 2564 2122 cuncta
2609 2067 2676 2123 de
2706 2068 3045 2125 convallibus
3072 2072 3315 2142 rapiunt,
3342 2072 3475 2141 quia
3508 2087 3571 2127 ex
3593 2087 3740 2126 amore

2191 2155 2352 2226 hujus
2402 2158 2603 2213 infimae
2651 2167 2709 2214 et
2765 2159 3131 2230 corruptibilis
3184 2161 3310 2217 vitae
3364 2161 3635 2216 immensis
3670 2175 3738 2215 cu-

2190 2248 2505 2319 piditatibus
2556 2248 2938 2318 inardescunt,
2978 2259 3035 2307 et
3078 2265 3204 2307 cum
3247 2252 3463 2324 singula
3506 2251 3740 2321 reperiunt

2191 2342 2260 2396 ad
2285 2356 2347 2397 ea
2376 2356 2499 2397 cum
2545 2340 2879 2397 clamoribus
2919 2349 3169 2407 currunt,
3200 2342 3324 2414 quia
3374 2342 3619 2397 videlicet
3641 2356 3740 2396 san-

2192 2439 2405 2486 ctorum
2454 2429 2677 2485 Patrum
2707 2446 2938 2502 quorum
2986 2431 3182 2487 merita
3231 2432 3462 2503 adipisci
3496 2448 3596 2488 non
3622 2446 3739 2503 qua:-

2192 2528 2367 2586 runt,
2425 2518 2545 2576 loca
2603 2530 2766 2591 atque
2832 2521 3095 2593 regimina
3168 2522 3578 2592 apprehendere
3627 2532 3742 2577 sata-

2193 2620 2344 2681 gunt,
2374 2620 2578 2673 etcum
2607 2612 2902 2683 tranquilla
2951 2621 3267 2683 nequeunt,
3313 2614 3436 2669 haec
3471 2614 3744 2684 plerumque

2194 2702 2435 2778 assequi,
2467 2703 2633 2759 etiam
2661 2703 2908 2776 disrupta
2939 2705 3241 2762 concordia:
3285 2720 3426 2776 pace
3466 2706 3741 2767 moliuntur.

2195 2793 2458 2865 Sequitur
2487 2812 2502 2849 :

2265 2886 2428 2942 Vens.
2460 2886 2517 2941 6.
2552 2885 2621 2942 In
2661 2887 2881 2942 desertis
2915 2886 3223 2944 habitabant
3267 2888 3601 2951 torrentium,
3631 2894 3673 2940 et
3701 2884 3743 2936 is

2192 2976 2425 3029 cavernis
2454 2983 2627 3039 τεῖναι,
2668 2974 2746 3030 vel
2777 2991 2934 3046 super
2958 2974 3214 3049 glaream.
3249 3007 3318 3017 —
3346 2976 3484 3031 Jure
3509 2975 3658 3045 igitur
3678 2971 3744 3026 iu-

2164 3066 2165 3069 “
2191 3072 2444 3121 ventores
2464 3079 2845 3135 perversorum
2868 3065 3178 3136 dogmatum
3203 3073 3475 3122 torrentes
3498 3071 3741 3125 vocantur,

2191 3154 2318 3222 quia
2365 3168 2397 3208 a
2446 3152 2626 3208 calore
2672 3154 2957 3209 charitatis
3005 3154 3229 3226 frigidi,
3267 3157 3429 3226 quasi
3476 3155 3528 3210 in
3567 3162 3743 3222 torpore

500 3262 591 3304 res
619 3246 841 3309 volunt.
877 3246 1015 3302 bene
1046 3245 1112 3299 de
1145 3245 1227 3300 eis
1265 3245 1437 3299 sancti
1474 3244 1577 3298 viri
1621 3258 1766 3298 nunc
1792 3257 1924 3298 voce
1953 3242 2087 3297 dici-
2114 3247 2158 3315 (ζ
2193 3242 2449 3313 temporis
2475 3242 2719 3299 hiemalis
2744 3254 3093 3311 excrescunt,
3121 3247 3210 3316 qui
3247 3262 3353 3301 non
3380 3254 3632 3317 perpetua
3655 3243 3742 3313 ple-

505 3349 638 3394 tur:
675 3338 740 3393 Et
776 3338 931 3393 radix
959 3336 1330 3409 juniperorum
1376 3347 1488 3391 erat
1524 3336 1668 3390 cibus
1710 3351 1909 3389 eorum.
1949 3334 2089 3402 Quia
2192 3335 2434 3390 nitudine
2459 3332 2727 3404 proﬂuunt
2751 3375 2767 3400 ,
2811 3336 2904 3391 sed
2942 3336 3331 3394 catholicorum
3364 3334 3744 3408 allegationibus

505 3431 633 3486 dum
666 3430 795 3486 totis
832 3429 1030 3485 mentis
1074 3443 1187 3484 suae
1218 3428 1469 3484 sensibus
1510 3426 1795 3483 avaritiam
1828 3426 2086 3498 cogitant,

500 3520 660 3593 quasi
705 3534 770 3576 eo
812 3518 1073 3575 alimento
1097 3527 1413 3585 vescuntur,
1458 3517 1526 3574 de
1553 3533 1662 3589 quo
1706 3517 1858 3574 nasci
1899 3518 2091 3589 procul

502 3613 669 3669 dubio
719 3624 1069 3683 peccatorum
1130 3612 1471 3680 sequentium
1520 3610 1845 3682 punctiones
1893 3609 2087 3665 solent.

502 3702 677 3757 Aliter
704 3719 719 3757 ε
758 3701 860 3770 Qui
890 3701 1035 3757 enim
1065 3716 1172 3757 non
1203 3700 1411 3769 frugem
1458 3700 1627 3755 divini
1656 3700 1859 3772 eloquii
1889 3714 2092 3755 concu-

2189 3427 2343 3497 quasi
2378 3427 2598 3481 testibus
2637 3426 2768 3482 solis
2792 3428 3162 3483 exsiccantur.
3194 3429 3262 3484 Et
3290 3429 3512 3498 quidem
3537 3428 3743 3482 invento-

2191 3531 2279 3570 res
2306 3531 2683 3585 perversorum
2715 3516 3025 3587 dogmatum
3069 3527 3257 3574 contra
3306 3528 3560 3573 sanctam
3595 3514 3744 3571 Eccle

2189 3607 2325 3662 siam
2354 3607 2528 3671 exorti
2558 3605 2768 3662 fervore
2791 3608 2907 3677 iam
2940 3609 3186 3664 veritatis
3215 3610 3475 3665 exstincti
3501 3617 3638 3673 sunt,
3660 3604 3734 3660 sed

2193 3705 2375 3751 tamen
2407 3710 2596 3751 eorum
2638 3696 2885 3767 discipuli
2917 3713 2980 3755 ea
3011 3715 3130 3769 qum
3155 3700 3231 3754 illi
3261 3700 3564 3755 docuerunt
3595 3709 3747 3753 tenero

2193 3800 2255 3840 ac
2283 3784 2571 3842 defendere
2608 3802 2716 3842 non
2743 3787 3030 3844 desistunt.
3071 3788 3133 3844 Hi
3161 3805 3292 3862 ergo
3317 3790 3412 3860 qui
3453 3790 3655 3845 illorum
3679 3801 3745 3841 se-

2191 3887 2434 3948 quuntur
2462 3894 2678 3935 errores
2712 3882 2767 3934 in
2807 3880 3023 3935 desertis
3069 3882 3378 3936 torrentium
3422 3881 3673 3943 habitant,
3704 3877 3747 3931 id

502 3793 735 3863 piscunt,
752 3793 847 3849 sed
871 3792 940 3849 ad
961 3790 1535 3864 rerumltemporalium
1549 3791 1815 3848 ambitum
1826 3791 2092 3856 serviunt,

505 3900 851 3956 nequaquam
875 3901 1016 3956 pane
1047 3884 1246 3950 tritici,
1280 3884 1376 3941 sed
1412 3883 1597 3939 radice
1625 3882 1864 3954 iuniperi
1891 3883 2094 3937 satian-

506 3983 614 4031 tur.
643 3972 1064 4033 Contemnentes
1109 3990 1346 4045 namque
1375 3974 1546 4029 Deum
1584 3974 1676 4029 hic
1717 3974 1941 4046 minime
1968 3988 2094 4029 sen-
2192 3976 2297 4033 est,
2328 3969 2380 4022 in
2405 3983 2594 4024 eorum
2624 3970 3020 4039 praedicatione
3049 3970 3351 4037 conﬁdunt,
3392 3986 3619 4040 quorum
3659 3966 3746 4022 elo-

504 4067 670 4133 tium,
702 4076 967 4138 quantum
1011 4067 1082 4122 sit
1128 4066 1254 4122 mali
1304 4066 1448 4136 quod
1483 4074 1672 4137 agunt.
1710 4064 1905 4121 Adhuc
1945 4065 2090 4121 enim
2193 4057 2320 4129 quia
2348 4057 2741 4114 catholicorum
2762 4058 2873 4128 iam
2905 4059 3260 4129 responsione
3285 4068 3336 4115 et
3364 4056 3745 4115 ratiocinatione

498 4156 736 4226 juniperi
811 4158 1049 4214 radicem
1125 4158 1418 4216 comedunt
1450 4198 1466 4224 ,
1521 4157 1617 4213 sed
1680 4156 1840 4225 hujus
1894 4157 2094 4214 radicis
2191 4148 2394 4205 siccata
2423 4157 2568 4205 sunt.
2609 4148 2749 4217 Quid
2776 4164 2909 4206 vero
2936 4150 3081 4207 aliud
3110 4166 3375 4207 cavernas
3401 4160 3585 4218 terrae,
3610 4160 3746 4220 quam

483 4244 668 4316 quam
708 4247 817 4303 sint
848 4248 982 4302 rami
1013 4250 1191 4319 asperi
1236 4265 1344 4306 non
1386 4249 1695 4315 attendunt.
1749 4246 1886 4316 Quia
1931 4248 2095 4303 nimi-
2192 4240 2435 4296 occultas
2459 4241 2838 4297 haereticorum
2862 4242 3281 4312 praedicationes
3309 4242 3640 4314 accipimus?
3673 4238 3745 4294 Sic

506 4351 630 4391 rum
668 4350 834 4406 prava
863 4337 1008 4392 actio
1054 4336 1215 4392 modo
1259 4338 1416 4406 quasi
1465 4352 1535 4393 ex
1571 4336 1754 4393 radice
1780 4336 2013 4393 delectat
2038 4336 2093 4392 in
2191 4337 2339 4393 enim
2386 4337 2529 4394 inter
2573 4352 2634 4395 se
2680 4337 2920 4393 haeretici
2989 4337 3342 4396 clandestinis
3393 4334 3747 4396 conventin

506 4426 685 4496 culpa,
720 4428 813 4482 sed
839 4426 1180 4496 postmodum
1206 4428 1361 4497 quasi
1395 4441 1463 4483 ex
1509 4442 1571 4484 se
1606 4428 1776 4485 ramis
1811 4427 2004 4499 pungit
2037 4427 2092 4482 in
2192 4437 2413 4495 coeunt,
2442 4437 2503 4483 ut
2530 4428 2703 4484 errori
2745 4443 2844 4484 suo
2874 4431 3233 4486 reverentiam
3262 4446 3424 4503 quam
3463 4447 3531 4488 ex
3567 4427 3746 4485 ratione

505 4527 688 4585 paena.
726 4514 1030 4585 Sequitur:
2121 4586 2152 4590 _
2195 4535 2303 4576 non
2349 4519 2575 4586 valent,
2622 4520 2906 4590 praebeant
2949 4535 3018 4576 ex
3072 4520 3458 4579 occultatione.
3527 4520 3742 4578 Glaream

582 4604 744 4660 Vens.
789 4605 844 4661 5.
906 4604 1013 4671 Qui
1062 4605 1126 4660 de
1156 4605 1479 4662 convallibus
1510 4608 1612 4662 ista
1659 4608 1937 4679 rapientes,
1975 4622 2101 4663 cum
2120 4586 2172 4646 υ
2197 4610 2394 4682 quippe
2414 4610 2535 4667 illos
2556 4586 2951 4667 mi—nutissimos
2970 4611 3200 4668 dicimus
3222 4611 3446 4682 lapides,
3475 4626 3606 4683 quos
3629 4619 3743 4679 aqua

484 4695 719 4766 singula
765 4697 1105 4767 reperissent,
1147 4713 1264 4751 cum
1311 4697 1540 4753 clamore
1572 4699 1872 4753 currebant.
1911 4729 1981 4739 ——
2018 4698 2096 4754 Dc
2195 4701 2425 4758 fluvialis
2456 4701 2641 4757 trahit.
2672 4702 2930 4757 Doctores
2962 4702 3128 4776 igitur
3149 4717 3530 4773 perversorum
3559 4701 3745 4769 dogma.

508 4786 844 4842 convallibus
895 4786 986 4841 illa
1035 4786 1288 4857 rapiunt,
1352 4787 1479 4857 quia
1525 4788 1642 4842 haec
1684 4786 1755 4843 de
1801 4786 2097 4844 humilibus
2197 4802 2310 4848 tum
2363 4807 2527 4862 super
2567 4791 2803 4863 glaream
2847 4792 3124 4860 habitant,
3167 4793 3295 4864 quia
3339 4791 3456 4848 illas
3498 4790 3743 4847 hominum

507 4877 668 4932 dictis
696 4876 916 4932 Patrum
965 4880 1200 4949 superbo
1247 4878 1441 4948 spiritu
1485 4876 1785 4947 colligunt,
1819 4893 1941 4947 quae
1968 4877 2096 4934 dum
2198 4888 2405 4937 mentes
2451 4881 2710 4949 trahunt,
2759 4898 2881 4953 qua:
2915 4873 2918 4876 ’
2947 4882 3093 4938 nulla
3153 4882 3437 4954 gravitatis
3484 4877 3744 4937 stabilitate

509 4982 607 5036 pro
651 4968 766 5023 suis
819 4982 879 5024 se
924 4970 1168 5039 partibus
1232 4968 1501 5022 invenisse
1548 4966 1873 5038 gloriantur,
1918 4967 1986 5022 ad
2028 4982 2095 5023 ea
2196 4971 2516 5037 solidantur,
2548 4987 2685 5042 quas
2711 4973 2856 5027 velut
2886 4973 2951 5027 de
2976 4973 3096 5029 loco
3133 4989 3347 5045 semper
3374 4974 3439 5028 ad
3470 4971 3635 5027 locum
3661 4965 3744 5022 llu-

508 5074 633 5113 cum
660 5058 993 5115 clamoribus
1030 5067 1272 5115 currunt.
1306 5058 1442 5126 Quia
1474 5057 1727 5111 videlicet
1760 5071 1921 5113 omne
1949 5056 2094 5127 quod
2196 5062 2340 5115 mina
2370 5074 2615 5115 errorum
2655 5062 2877 5117 ducunt.
2923 5060 3077 5119 Unde
3104 5072 3160 5118 et
3186 5062 3506 5133 praedicator
3530 5055 3742 5129 egregi!!!

508 5150 748 5190 cntutinnt
840 5150 1090 5190 nnnatilm
1135 5149 1311 5190 Intuli:
1338 5148 1404 5190 ad
1431 5162 1593 5190 aura:
1629 5147 1907 5190 hnmimrm
1935 5146 2092 5190 (lima-
2195 5164 2315 5190 ntrm
2345 5147 2619 5190 grtdilnrpo
2646 5165 2775 5190 etin:
2813 5165 2917 5190 nnn
2962 5151 3333 5190 Iommrolilm-
3355 5149 3474 5190 dumi
3527 5146 3613 5190 ml
3641 5139 3740 5190 forti
