3948 5398
204 380 309 436 549

955 381 1254 457 ΕᾨΙΤΟΜΕ
1290 384 1656 443 ΜΟΒΑΙΛΠΜ
1693 381 1752 439 S.
1791 380 2001 436 GllEG.
2040 381 2108 437 IN
2146 383 2286 439 JllB.
2327 415 2398 426 —
2436 386 2560 442 LIB.
2603 386 2724 443 XX.

3369 386 3476 444 550

204 510 262 551 se
290 492 642 558 subtrahunt,
668 493 793 565 quia
819 509 943 551 cum
970 505 1187 553 aeternae
1215 499 1401 569 patriae
1426 498 1517 554 lux
1554 496 1793 554 emicue-
1822 492 1869 553 Α
1902 511 1921 544 ι
1961 492 2165 549 Nobilis
2205 495 2259 549 in
2300 497 2473 566 portis
2507 498 2592 553 vir
2632 496 2751 567 ejus
2796 496 2980 569 (Prov.
3014 514 3162 560 sui,
3187 498 3303 567 23).
3342 517 3360 551 ι
3408 497 3475 554 lli

204 586 315 648 rit,
354 584 658 654 przedicare
704 587 1016 643 cessabunt.
1070 587 1272 644 [lorum
1309 596 1549 644 torrenta
1580 588 1793 643 deserta

203 684 330 729 sunt
357 674 486 728 vitae
513 674 823 742 temporalis
849 678 1151 732 commoda.
1180 677 1258 733 Ea
1286 692 1518 748 namque
1541 676 1798 733 deserunt

201 772 256 819 et
307 767 377 819 ad
428 764 578 820 lucra
636 781 695 821 se
748 767 990 824 caelestis
1055 769 1398 840 adipiscenda
1449 777 1794 825 convertunt.

199 855 407 911 Cuncta
449 866 629 912 autem
674 857 790 913 haec
818 867 1031 915 torrens
1062 859 1151 914 ille
1178 861 1492 932 reliquerat,
1526 860 1619 931 qui
1648 860 1796 917 dice-

199 947 295 1001 bat
343 966 357 1002 :
410 967 430 1001 ι
463 948 692 1021 Propter
719 966 839 1022 qua:
899 952 1080 1007 omnia
1110 952 1493 1008 detrimentum
1557 951 1693 1018 l'eci,
1743 960 1798 1007 et

197 1037 443 1096 arbitror
470 1049 529 1095 ut
554 1051 794 1099 stercora
845 1042 1015 1115 (Phil.
1049 1060 1134 1111 ιιι,
1162 1044 1241 1115 8).
1277 1063 1296 1096 ι
1352 1042 1458 1100 Sed
1504 1043 1629 1114 quia
1668 1057 1797 1114 pra—

196 1143 392 1185 vorum
423 1139 634 1188 mentes
661 1146 723 1187 ea
769 1134 821 1189 in
854 1135 953 1190 hac
982 1134 1093 1189 vita
1142 1134 1365 1205 adipisci
1392 1140 1650 1204 appetunt
1674 1146 1794 1202 quae

197 1218 574 1291 despicientes
609 1224 741 1296 justi
781 1225 1161 1295 derelinquunt
1190 1266 1205 1289 ,
1240 1226 1295 1281 in
1330 1225 1548 1280 desertis
1589 1235 1795 1278 torren-

195 1310 330 1365 tium
362 1312 613 1369 habitare
644 1313 982 1382 referuntur;
1028 1315 1119 1370 illa
1148 1316 1293 1372 enim
1324 1330 1446 1385 quae
1477 1316 1680 1370 sanctis
1708 1314 1794 1368 in-

195 1400 360 1469 digna
387 1411 536 1466 sunt,
575 1403 675 1473 ipsi
704 1405 984 1476 percipere
1013 1422 1111 1476 pro
1147 1420 1341 1477 magno
1381 1404 1791 1475 concupiscunt.

194 1492 462 1548 Cavernze
504 1504 684 1550 autem
734 1505 894 1553 terra:
937 1506 1065 1552 sunt
1104 1498 1462 1567 cogitationes
1497 1511 1697 1568 pravaa,
1740 1496 1793 1551 in

194 1583 401 1651 quibus
446 1599 507 1639 se
557 1585 625 1639 ab
667 1586 916 1642 humanis
968 1588 1142 1643 oculis
1202 1587 1563 1643 abscondunt.
1634 1585 1795 1641 Pravi

193 1674 401 1744 quippe
440 1684 498 1729 ut
524 1684 676 1741 sunt,
707 1677 776 1732 ab
804 1678 1115 1735 hominibus
1140 1678 1312 1734 videri
1343 1678 1634 1750 refugiunt.
1664 1677 1794 1735 Gla-

193 1779 293 1819 rea
324 1781 566 1836 namque
605 1776 689 1823 est
731 1769 845 1823 vita
891 1785 1151 1840 prtesens,
1181 1785 1300 1840 qua:
1333 1769 1697 1825 indesinenter
1728 1767 1796 1825 ad

1895 586 2079 657 itaque
2110 588 2201 657 qui
2238 603 2491 657 perversa
2524 588 2822 646 errantium
2850 589 3093 660 exempla
3121 590 3293 646 secuti
3328 598 3475 656 sunt,

1897 677 1991 731 ﬁlii
2061 677 2348 732 stultorum
2409 687 2465 733 et
2537 679 2852 749 ignobilium
2911 694 3034 734 esse
3082 687 3474 734 memorantur.

1896 767 2062 824 Recte
2091 769 2432 839 subiungitur
2465 789 2478 824 :
2507 768 2573 824 Et
2606 772 2660 825 in
2681 781 2821 825 terra
2847 771 3052 840 penitus
3082 787 3186 825 non
3214 782 3474 841 parentes.

1896 890 1965 902 -—
1994 858 2127 928 Quia
2155 860 2281 915 dum
2312 860 2398 915 hic
2426 861 2595 916 videri
2622 860 2822 930 aliquid
2852 870 3131 930 appetunt,
3162 861 3415 916 nimirum
3444 875 3477 914 ι

1900 961 2043 1007 terra
2089 950 2382 1006 viventium
2431 960 2673 1007 exsortes
2707 952 2861 1006 ﬁunt.
2911 951 3084 1005 Aliter
3124 969 3137 1004 :
3181 950 3476 1006 Sciendum

1897 1045 2052 1100 nobis
2079 1054 2162 1099 est
2186 1045 2328 1114 quod
2377 1044 2467 1099 alii
2508 1044 2650 1099 intra
2681 1053 2923 1100 sanctam
2953 1045 3248 1099 Ecclesium
3275 1058 3479 1098 vocan-

1897 1144 1986 1189 tur
2013 1135 2182 1199 stulti,
2213 1135 2306 1191 sed
2348 1144 2526 1191 tamen
2553 1135 2783 1201 nobiles,
2814 1135 2908 1190 alii
2942 1150 3074 1189 vero
3100 1142 3226 1189 sunt
3247 1133 3395 1189 stulti
3424 1141 3482 1188 et

1894 1228 2183 1300 ignobiles.
2220 1227 2385 1284 Stulti
2429 1245 2661 1300 namque
2690 1229 2965 1294 dicuntur,
2997 1230 3090 1285 sed
3127 1243 3247 1284 esse
3274 1227 3483 1299 ignobi-

1895 1317 1973 1372 les
2003 1327 2298 1388 nequeunt,
2326 1319 2417 1389 qui
2448 1318 2630 1374 carnis
2658 1318 3002 1387 prudentiam
3048 1318 3497 1382 contemnentes,’

1893 1408 2234 1478 profuturam
2262 1411 2363 1466 sibi
2395 1410 2678 1466 stultitiam
2707 1420 3000 1481 appetunt,
3042 1421 3096 1467 et
3126 1410 3191 1466 ad
3230 1410 3483 1466 nobilita-

1895 1506 2004 1552 tem
2030 1497 2254 1551 internae
2293 1498 2460 1567 prolis
2497 1500 2696 1553 virtute
2725 1500 2966 1555 novitate
2988 1499 3353 1555 sublevantur.
3379 1497 3483 1563 Qui

1894 1584 2113 1640 stultam
2149 1587 2469 1655 sapientiam
2500 1588 2683 1643 mundi
2718 1589 3040 1659 despiciunt,
3071 1600 3125 1643 et
3164 1588 3484 1657 sapientiam

1895 1674 1994 1730 Dei
2032 1676 2312 1731 stultitiam
2357 1678 2768 1748 concupiscunt.
2816 1677 3089 1748 Scriptum
3127 1677 3326 1748 quippe
3353 1684 3481 1732 est:

1904 1784 1923 1817 ι
1953 1766 2106 1833 Quod
2149 1769 2373 1822 stultum
2421 1778 2505 1823 est
2545 1769 2680 1835 Dei,
2722 1770 3021 1841 sapientius
3051 1779 3137 1826 est
3180 1769 3489 1825 hominibus

193 1857 496 1912 terminum
527 1874 683 1914 suum
715 1858 833 1929 ipso
867 1836 1078 1915 defectu
1110 1836 1485 1916 mutabilitatis
1514 1860 1666 1930 quasi
1697 1861 1796 1914 im-
1826 1836 1873 1896 Β
1902 1856 1955 1929 (1
1974 1857 2094 1912 Cor.
2125 1874 2161 1924 ι,
2190 1858 2305 1930 25).
2344 1878 2362 1911 ι
2419 1856 2573 1914 lianc
2619 1875 2719 1915 nos
2764 1836 3049 1915 stultitiam
3094 1858 3293 1915 Paulus
3337 1872 3487 1913 com-

192 1944 357 2015 pulsu
390 1945 630 2003 ﬂuminis
665 1948 899 2004 ducitur.
952 1949 1128 2019 Super
1154 1950 1391 2018 glaream
1424 1949 1606 2020 itaque
1644 1948 1798 2004 habi-

194 2046 320 2090 tare
375 2044 499 2103 est,
548 2035 717 2093 ﬁuxui
764 2039 891 2095 vita:
937 2040 1221 2110 przesentis
1270 2039 1575 2105 inhaerere,
1625 2048 1681 2097 et
1725 2038 1799 2093 ibi

194 2129 562 2185 intentionem
586 2146 806 2201 ponere,
831 2132 921 2187 ubi
951 2148 1194 2203 gressum
1223 2141 1455 2202 nequeat
1479 2131 1581 2186 ﬁxe
1608 2130 1801 2188 stando

194 2222 461 2279 solidare.
486 2222 585 2278 Est
607 2223 750 2279 aliud
778 2224 831 2280 in
860 2224 1041 2294 glarea
1070 2225 1214 2295 quod
1243 2239 1585 2301 nequaquam
1605 2223 1802 2278 debeat

195 2314 440 2370 tacendo
465 2314 754 2384 prieteriri.
789 2314 926 2381 Quia
956 2330 1079 2369 cum
1125 2330 1223 2384 pes
1270 2316 1322 2369 in
1358 2314 1475 2384 ejus
1514 2313 1803 2384 superﬁcie

195 2405 449 2474 ponitur,
482 2404 744 2475 ipsa-ejus
772 2406 1106 2461 volubilitate
1134 2406 1358 2471 labitur,
1404 2415 1567 2475 atque
1598 2406 1663 2461 ad
1695 2406 1803 2461 ima

196 2494 532 2550 devolvitur.
582 2495 680 2551 Cui
708 2496 962 2552 videlicet
1007 2495 1085 2551 rei
1119 2496 1172 2551 in
1216 2497 1365 2552 nullo
1399 2496 1668 2566 discrepat
1694 2496 1804 2551 vita

196 2601 503 2656 pravorum
529 2627 545 2652 ,
592 2586 718 2656 quia
763 2601 885 2642 cum
928 2602 1025 2657 pro
1055 2602 1239 2642 amore
1272 2587 1455 2642 mundi
1486 2586 1661 2657 aliqua
1693 2595 1805 2642 stu-

200 2678 337 2734 dent
390 2676 545 2732 licita
593 2687 757 2747 atque
800 2678 1029 2733 honesta
1079 2693 1258 2750 agere,
1299 2677 1453 2748 quasi
1502 2677 1716 2747 planum
1750 2678 1803 2732 in

199 2769 501 2839 superﬁcie
526 2769 716 2840 pedem
752 2777 996 2840 ponunt;
1048 2769 1140 2825 sed
1184 2777 1405 2840 repente
1441 2784 1538 2838 pes
1582 2767 1650 2821 ad
1698 2767 1805 2822 ima

201 2862 435 2927 labitur,
489 2862 617 2932 quia
674 2877 865 2918 eorum
935 2861 1122 2927 actio,
1175 2861 1302 2916 dum
1366 2859 1522 2930 plura
1593 2873 1809 2929 semper

205 2953 472 3022 appetit,
522 2966 695 3021 usque
746 2951 812 3007 ad
865 2951 1046 3024 iniqua
1100 2959 1156 3007 et
1211 2949 1398 3007 illicita
1453 2948 1805 3006 descendunt.

205 3041 480 3110 Sequitur
519 3057 535 3094 :

281 3131 451 3185 Vens.
483 3131 538 3185 7.
578 3130 685 3197 Qui
715 3132 850 3186 inter
882 3131 1242 3201 hujuscemodi
1268 3129 1602 3195 lavabantur,
1628 3139 1809 3184 etesse

204 3225 307 3280 sub
349 3226 583 3279 sentibus
627 3225 846 3279 delicias
894 3225 1282 3296 computabant.
1316 3256 1387 3266 —
1418 3224 1554 3294 Quid
1592 3225 1810 3280 nomine

205 3315 478 3379 sentium,
511 3315 616 3370 nisi
667 3331 762 3371 eas
811 3331 947 3386 quas
996 3315 1439 3385 supradiximus,
1488 3316 1812 3386 punctiones

206 3406 573 3477 intelligimus
634 3407 1039 3477 peccaturum?
1113 3407 1248 3475 Quia
1312 3416 1492 3461 autent
1546 3421 1814 3478 perversae

208 3506 432 3552 mentes
483 3497 718 3568 gaudent
746 3497 1125 3567 iniquitatibus
1160 3513 1295 3567 quas
1320 3495 1449 3552 ﬁere
1485 3496 1809 3563 debuerunt,

210 3601 409 3643 omnes
462 3588 700 3643 haeretici
769 3594 919 3643 tanto
983 3603 1043 3643 sc
1100 3588 1245 3643 inani
1293 3587 1476 3643 laetitia
1526 3588 1808 3654 extollunt,

213 3688 424 3751 quanto
453 3680 630 3749 magis
659 3679 725 3733 ad
758 3678 942 3750 pejora
971 3680 1378 3746 convalescunt,
1406 3689 1463 3735 et
1496 3681 1653 3751 quasi
1693 3695 1814 3737 esse

211 3770 318 3825 sub
344 3770 593 3825 sentibus
630 3768 848 3825 delicias
873 3770 1154 3841 deputant,
1185 3771 1310 3841 quia
1351 3771 1475 3827 inde
1502 3787 1814 3842 perversam

215 3860 284 3915 ad
329 3861 589 3931 gaudium
636 3862 965 3927 sublevant,
1011 3862 1154 3918 unde
1217 3863 1401 3933 spinas
1466 3873 1813 3934 peccatorum

214 3960 459 4022 portant.
507 3951 682 4009 Aliter
718 3968 732 4006 :
766 3953 911 4008 Inter
948 3952 1322 4023 hujuscemodi
1353 3955 1502 4025 impii
1541 3955 1811 4024 laetantur,

217 4040 350 4111 quia
376 4040 636 4096 nimirum
668 4041 957 4097 attendunt
987 4043 1298 4098 transitoria
1329 4059 1448 4115 quae
1483 4046 1812 4118 percipiunt,

219 4139 278 4186 et
303 4131 501 4186 intueri
533 4131 810 4203 negligunt
834 4133 1208 4203 permanentia
1233 4148 1352 4203 qua:
1376 4135 1627 4204 perdunt,
1658 4152 1811 4191 cum-

221 4236 332 4292 que
378 4237 568 4277 amore
614 4223 993 4294 temporalium
1032 4222 1262 4296 ﬂagrant
1290 4266 1306 4293 ,
1349 4242 1536 4283 veram
1574 4227 1813 4284 laetitiam

220 4313 469 4371 volentes
498 4315 773 4386 ignorant.
798 4315 1076 4371 Ltetantur
1097 4316 1299 4388 itaque,
1320 4318 1414 4374 sed
1438 4320 1535 4374 sub
1563 4321 1815 4389 sentibus,

220 4404 352 4474 quia
385 4405 552 4459 rebus
577 4404 792 4475 quidem
824 4406 1210 4478 temporalibus
1236 4406 1490 4477 gaudent,
1520 4408 1613 4464 sed
1638 4416 1817 4466 tamen

1899 1950 2239 2020 prehendere
2302 1950 2559 2006 admouet
2626 1951 2814 2007 dicens
2859 1966 2874 2004 :
2928 1969 2947 2002 ι
2990 1950 3055 2019 Si
3105 1951 3228 2020 quis
3270 1950 3487 2005 videtur

1901 2041 2045 2097 inter
2067 2057 2164 2097 vos
2186 2042 2403 2113 sapiens
2429 2056 2551 2097 esse
2586 2041 2641 2096 in
2681 2042 2784 2097 hoc
2824 2043 3042 2107 saeculo,
3070 2041 3266 2097 stultus
3302 2039 3396 2094 ﬁat
3427 2047 3491 2094 ut

1901 2130 1974 2186 sit
2021 2131 2237 2200 sapiens
2291 2129 2344 2202 (Ι
2367 2128 2493 2184 Cor.
2525 2146 2608 2196 ιιι,
2640 2130 2752 2204 18).
2802 2150 2821 2184 ι
2873 2130 3024 2185 lianc
3067 2129 3351 2185 stultitiam
3395 2126 3493 2198 qui

1900 2221 2139 2291 perfecte
2174 2221 2347 2276 secuti
2378 2231 2526 2287 sunt,
2556 2237 2687 2277 voce
2720 2222 2999 2291 sapientia:
3038 2222 3225 2275 audire
3278 2232 3492 2274 merue-

1901 2319 2081 2373 runt;
2130 2330 2149 2362 ι
2184 2312 2290 2366 Vos
2322 2311 2413 2380 qui
2456 2312 2627 2366 secuti
2660 2312 2794 2365 estis
2834 2326 2942 2376 me,
2982 2311 3036 2365 in
3082 2307 3493 2380 regeneratione

1903 2416 2025 2456 cum
2057 2400 2258 2455 sederit
2283 2399 2455 2454 Filius
2498 2400 2735 2455 hominis
2766 2400 2820 2454 iu
2852 2400 2981 2455 sede
3008 2398 3312 2468 maiestatis
3356 2410 3488 2461 sure,

1904 2490 2160 2546 sedebitis
2184 2500 2239 2566 et
2259 2504 2355 2544 vos
2381 2503 2543 2559 super
2565 2489 2849 2543 duodecim
2881 2488 3054 2542 tribus
3076 2486 3238 2543 Israel
3273 2486 3491 2555 (Matth.

1904 2598 2021 2646 XIX,
2060 2580 2175 2651 28).
2212 2599 2232 2633 ι
2276 2579 2415 2636 Ecce
2462 2579 2831 2648 relinquentes
2880 2577 3227 2649 temporalia,
3265 2575 3490 2648 gloriam

1906 2671 2190 2744 potestatis
2230 2679 2448 2726 aeternas
2512 2669 2740 2726 mercati
2797 2678 2943 2723 sunt.
2996 2669 3070 2723 At
3124 2676 3312 2721 contra
3366 2672 3497 2719 sunt

1906 2765 2054 2822 stulti
2104 2775 2161 2820 et
2205 2762 2487 2835 ignobiles,
2532 2761 2625 2832 qui
2661 2761 2790 2814 dum
2831 2772 3120 2828 supernam
3169 2753 3491 2825 sapientiam

1908 2857 2229 2927 semetipsos
2278 2861 2567 2925 sequentes
2619 2850 2880 2922 fugiunt,
2928 2849 2984 2903 in
3033 2862 3131 2903 sua
3186 2842 3494 2916 ignorantia

1907 2951 2060 3023 quasi
2092 2951 2145 3005 in
2171 2948 2393 3017 abiecta:
2420 2944 2585 3017 prolis
2613 2943 2823 2997 vilitate
2845 2940 3148 3011 sopiuntur.
3182 2935 3344 2990 Stulti
3367 2944 3496 2989 sunt

1909 3057 2039 3112 ergo
2082 3050 2136 3096 et
2168 3037 2430 3109 ignobiles
2464 3050 2601 3107 quos
2643 3033 2710 3087 ab
2745 3041 2949 3086 aeterno
2993 3026 3323 3085 hzercditatis
3363 3039 3495 3080 con-

1911 3135 2081 3190 sortio
2110 3131 2319 3203 repellit
2347 3127 2584 3185 servitus
2610 3125 2827 3179 mentis.
2852 3120 3123 3192 Scriptum
3146 3118 3345 3188 quippe
3369 3122 3451 3170 est
3476 3132 3492 3168 :

1917 3244 1934 3277 ‹
1976 3222 2166 3279 Omnis
2208 3219 2302 3290 qui
2357 3216 2488 3272 facit
2538 3222 2821 3285 peccatum
2847 3251 2864 3278 ,
2921 3224 3112 3266 servus
3153 3218 3237 3263 est
3285 3204 3496 3276 peccati

1911 3313 2097 3386 (Joau.
2133 3325 2254 3375 vni,
2286 3308 2399 3379 '54).
2432 3327 2450 3360 ι
2491 3305 2730 3372 Quorum
2769 3303 2895 3358 dum
2922 3300 3165 3373 plerique
3193 3304 3348 3351 actus
3377 3295 3498 3349 imi-

1914 3414 2117 3469 tantur,
2152 3401 2261 3456 ﬁlii
2289 3400 2578 3455 stultorum
2616 3402 2671 3450 et
2708 3392 3023 3464 ignobilium
3066 3387 3223 3452 ﬁunt,
3264 3387 3499 3453 dumque

1911 3506 1966 3552 et
2011 3494 2262 3551 sensibus
2306 3506 2372 3546 ac
2421 3486 2664 3544 moribus
2706 3489 3010 3552 sequuntur
3057 3485 3113 3532 et
3163 3476 3311 3531 stulti
3349 3482 3495 3536 sunt,

1913 3603 2097 3644 veram
2127 3583 2452 3656 sapientiam
2484 3594 2588 3635 non
2619 3575 2945 3645 intelligunt,
2975 3579 3030 3626 et
3060 3567 3345 3642 ignobiles,
3373 3565 3498 3634 quia

1912 3681 2060 3737 nulla
2086 3679 2309 3749 spiritus
2333 3675 2581 3729 libertate
2604 3674 2952 3724 renovantur.
2983 3663 3135 3718 Sicut
3160 3660 3301 3716 enim
3331 3658 3499 3749 pleri-

1912 3788 2018 3845 que
2048 3747 2278 3826 interra
2308 3773 2471 3830 sunt,
2522 3772 2578 3817 et
2620 3776 2649 3815 a
2696 3757 3004 3829 cognitione
3038 3752 3314 3845 hominum
3356 3747 3502 3845 abje-

1913 3840 2095 3921 ctione
2140 3857 2364 3914 vilitatis
2420 3869 2534 3911 suae
2585 3850 2739 3922 quasi
2790 3846 3025 3918 quadam
3079 3840 3500 3913 superductione

1912 3951 2195 4011 velaminis
2227 3944 2664 4008 abscondantur,
2703 3941 2776 3995 ita
2806 3935 3046 3992 nonnulli
3079 3940 3205 3988 sunt
3236 3932 3290 3986 in
3316 3928 3501 3984 Eccle-

1914 4047 2015 4111 sia,
2036 4044 2130 4115 qui
2150 4042 2281 4098 dum
2301 4034 2590 4110 abjectioui
2613 4048 2673 4089 se
2692 4043 2977 4102 pravorum
2999 4038 3221 4096 operum
3243 4020 3500 4115 subdunt,

1915 4110 2097 4192 divino
2125 4131 2236 4188 noti
2263 4126 2573 4200 conspectui
2597 4138 2703 4178 non
2725 4128 2875 4185 sunt,
2895 4117 3090 4207 quibus
3111 4122 3166 4207 et
3176 4110 3503 4207 quandoque

1915 4222 2198 4281 dicendum
2225 4228 2309 4276 est
2338 4238 2352 4274 :
2391 4236 2410 4270 ι
2438 4213 2707 4271 Discedite
2732 4226 2763 4266 a
2790 4224 2896 4274 me,
2918 4200 3151 4277 operarii
3179 4200 3502 4271 iniquitatis,

1915 4314 2099 4373 nescio
2135 4326 2233 4368 vos
2282 4308 2434 4381 (Luc.
2473 4320 2596 4372 xm,
2626 4303 2744 4376 27).
2789 4322 2809 4355 ι
2863 4300 3000 4355 Esse
3028 4311 3157 4368 ergo
3184 4294 3236 4349 in
3277 4302 3422 4348 terra
3451 4298 3508 4344 et

1915 4420 2114 4480 parere
2137 4412 2221 4460 est
2246 4402 2301 4457 in
2329 4400 2433 4456 ﬁde
2463 4406 2610 4455 recta
2636 4410 2734 4468 per
2759 4394 3018 4448 virtutem
3044 4387 3223 4461 operis
3255 4384 3506 4480 nobilita-

225 4492 358 4550 dum
400 4493 718 4564 dispensare
748 4494 864 4550 sine
908 4477 1254 4552 tribulatione
1279 4495 1467 4551 eadem
1500 4498 1820 4569 temporalia
1847 4520 1898 4581 ι)
1919 4477 2032 4556 tem
2064 4495 2263 4553 mentis
2290 4492 2599 4550 ostendere.
2628 4488 2775 4581 E_sse_
2793 4499 2922 4581 vero
2949 4484 3179 4581 interra
3207 4477 3507 4581 ειρεηίιυθ

226 4602 333 4642 non
364 4586 571 4652 valent,
603 4602 666 4643 ea
695 4602 825 4643 cura
858 4597 1170 4659 panguntur
1193 4588 1397 4652 miseri,
1433 4603 1536 4658 qua
1569 4566 1823 4659 premun-
1847 4566 1894 4581 ν
1924 4604 2031 4644 non
2084 4596 2370 4656 apparere,
2412 4589 2498 4636 est
2544 4578 2600 4635 in
2651 4575 2895 4632 Ecclesia
2942 4572 3160 4644 quidem
3218 4566 3323 4622 ﬁde
3374 4581 3507 4620 cou-

226 4684 335 4730 tur.
366 4674 596 4731 Manent
616 4676 712 4730 sub
741 4677 991 4743 sentibus,
1018 4686 1073 4732 et
1097 4678 1200 4732 hoc
1231 4676 1407 4747 ipsum
1436 4677 1651 4734 delicias
1680 4678 1827 4734 msti—

228 4774 402 4832 mant,
434 4767 525 4836 qui
560 4774 616 4822 et
654 4767 785 4821 dura
813 4767 1028 4838 quidem
1074 4782 1142 4821 ex
1179 4767 1462 4836 praesentis
1487 4769 1611 4825 vita:
1638 4783 1826 4827 amore

229 4856 489 4923 tolerant,
521 4866 577 4913 et
610 4867 790 4913 tamen
813 4856 1008 4913 eﬁ‘ectu
1040 4859 1220 4914 nimia:
1248 4860 1555 4929 cupiditatis
1581 4861 1825 4931 obligati,

230 4948 471 5006 laborem
541 4950 783 5022 ejusdem
851 4952 1151 5009 tolerantia:
1222 4953 1551 5025 voluptatem
1608 4963 1825 5027 putant.

236 5038 499 5113 Sequitur
528 5060 543 5098 :

301 5134 474 5190 Vens.
503 5135 558 5191 8.
596 5132 729 5189 Filii
765 5133 1045 5189 stultorum
1076 5144 1125 5189 et
1164 5133 1487 5205 ignobilium.
1522 5166 1591 5178 -—
1621 5136 1822 5191 Eorum

234 5224 486 5281 videlicet
528 5224 620 5280 ﬁlii
669 5223 763 5294 qui
804 5222 1026 5280 fuerunt
1072 5239 1318 5280 errorum
1372 5227 1639 5297 magistri.
1699 5224 1824 5280 Filii

237 5316 398 5389 igitur
427 5317 698 5383 dicuntur,
747 5331 853 5371 non
884 5317 949 5372 de
983 5332 1171 5372 eorum
1202 5316 1432 5383 semine,
1465 5321 1557 5374 sed
1589 5318 1657 5398 de
1697 5315 1821 5371 imi-

1923 4680 2139 4742 sistere,
2166 4676 2261 4731 sed
2285 4672 2419 4729 nihil
2447 4670 2669 4742 dignum
2697 4667 2803 4722 ﬁde
2836 4665 2891 4720 in
2924 4677 3091 4735 opere
3114 4662 3505 4717 demonstrare.

1926 4770 2185 4841 Sequitur
2222 4785 2236 4821 :

2002 4865 2164 4919 Vens.
2198 4859 2254 4916 9.
2297 4857 2457 4913 Nunc
2487 4858 2543 4910 in
2580 4867 2760 4909 eorum
2790 4849 3051 4903 canticum
3087 4858 3261 4899 versus
3299 4852 3435 4899 sum,
3463 4845 3510 4888 et

1927 4952 2102 5023 factus
2154 4967 2270 5003 sum
2329 4947 2403 5001 eis
2459 4942 2809 5017 proverbium.
2878 4968 2952 4980 ——
3010 4934 3217 5002 Quibus
3268 4925 3516 5027 videlicet

1924 5044 2213 5105 versibus,
2272 5038 2403 5095 illud
2454 5046 2656 5093 sanctae
2703 5029 2961 5085 Ecclesiae
3006 5037 3215 5095 tempus
3263 5032 3518 5085 exprimi-

1928 5145 2058 5204 tur,
2114 5133 2259 5203 quod
2310 5128 2531 5199 publice
2578 5144 2610 5184 a
2658 5121 2907 5192 reprobis
2955 5118 3249 5176 irridetur,
3303 5108 3522 5204 quando

1926 5197 2150 5298 iniquis
2176 5197 2558 5277 crescentibus
2600 5218 2655 5273 in
2706 5210 3054 5281 opprobrium
3102 5203 3234 5259 ﬁdes
3277 5205 3332 5298 et
3381 5197 3527 5298 veri-

1930 5289 2142 5374 taserit
2166 5312 2219 5367 in
2247 5309 2506 5369 crimine.
2536 5310 2734 5367 Sancta
2764 5302 2947 5369 itaque
2972 5298 3262 5354 electorum
3285 5289 3527 5346 Ecclesia

3396 5378 3415 5398 r
3460 5381 3505 5398 ηδ
