  <div class='ocr_page' id='page_1' title='image "/cluster/home/n/w/nwhite01/storage/ocr_20150623/133/hvd.32044010035673/179.png"; bbox 0 0 3948 5398; ppageno 0'>
   <div class='ocr_carea' id='block_1_1' title="bbox 463 450 562 507">
    <p class='ocr_par' dir='ltr' id='par_1_1' title="bbox 463 450 562 507">
     <span class='ocr_line' id='line_1_1' title="bbox 463 450 562 507; baseline 0.01 -1"><span class='ocrx_word' id='word_1_1' title='bbox 463 450 562 507; x_wconf 76' lang='grc'><strong>351</strong></span> 
     </span>
    </p>
   </div>
   <div class='ocr_carea' id='block_1_2' title="bbox 1452 445 2736 512">
    <p class='ocr_par' dir='ltr' id='par_1_2' title="bbox 1452 445 2736 512">
     <span class='ocr_line' id='line_1_2' title="bbox 1452 445 2736 512; baseline 0.004 -6"><span class='ocrx_word' id='word_1_2' title='bbox 1452 451 1510 506; x_wconf 90' lang='lat' dir='ltr'><strong>S.</strong></span> <span class='ocrx_word' id='word_1_3' title='bbox 1552 447 1800 508; x_wconf 71' lang='lat' dir='ltr'><strong>ODONIS</strong></span> <span class='ocrx_word' id='word_1_4' title='bbox 1835 445 2125 502; x_wconf 79' lang='lat' dir='ltr'><strong>ABBATIS</strong></span> <span class='ocrx_word' id='word_1_5' title='bbox 2160 447 2657 512; x_wconf 75' lang='lat' dir='ltr'><strong>CLUNIACENSIS</strong></span> <span class='ocrx_word' id='word_1_6' title='bbox 2692 453 2736 511; x_wconf 91' lang='lat' dir='ltr'><strong>ll</strong></span> 
     </span>
    </p>
   </div>
   <div class='ocr_carea' id='block_1_3' title="bbox 462 563 3695 647">
    <p class='ocr_par' dir='ltr' id='par_1_3' title="bbox 462 563 3695 647">
     <span class='ocr_line' id='line_1_3' title="bbox 462 563 3695 647; baseline 0.004 -26"><span class='ocrx_word' id='word_1_7' title='bbox 462 580 509 622; x_wconf 87' lang='lat' dir='ltr'><strong>et</strong></span> <span class='ocrx_word' id='word_1_8' title='bbox 543 569 729 638; x_wconf 80' lang='lat' dir='ltr'><strong>faciem</strong></span> <span class='ocrx_word' id='word_1_9' title='bbox 769 585 934 623; x_wconf 82' lang='lat' dir='ltr'><strong>meum</strong></span> <span class='ocrx_word' id='word_1_10' title='bbox 971 585 1256 638; x_wconf 80' lang='lat' dir='ltr'><strong>conspuere</strong></span> <span class='ocrx_word' id='word_1_11' title='bbox 1287 585 1389 623; x_wconf 82' lang='lat' dir='ltr'><strong>non</strong></span> <span class='ocrx_word' id='word_1_12' title='bbox 1421 580 1676 622; x_wconf 77' lang='lat' dir='ltr'><strong>verentur.</strong></span> <span class='ocrx_word' id='word_1_13' title='bbox 1702 599 1772 608; x_wconf 91' lang='lat'><strong><em>—</em></strong></span> <span class='ocrx_word' id='word_1_14' title='bbox 1801 567 1984 634; x_wconf 78' lang='lat' dir='ltr'><strong>Longe</strong></span> <span class='ocrx_word' id='word_1_15' title='bbox 2014 580 2041 617; x_wconf 92' lang='lat' dir='ltr'><strong>a</strong></span> <span class='ocrx_word' id='word_1_16' title='bbox 2073 563 2117 621; x_wconf 74' lang='grc' dir='ltr'><strong>Α</strong></span> <span class='ocrx_word' id='word_1_17' title='bbox 2149 563 2334 619; x_wconf 84' lang='lat' dir='ltr'><strong>dextra</strong></span> <span class='ocrx_word' id='word_1_18' title='bbox 2364 567 2418 621; x_wconf 89' lang='lat' dir='ltr'><strong>hi</strong></span> <span class='ocrx_word' id='word_1_19' title='bbox 2447 568 2536 639; x_wconf 90' lang='lat' dir='ltr'><strong>qui</strong></span> <span class='ocrx_word' id='word_1_20' title='bbox 2574 570 2840 627; x_wconf 89' lang='lat' dir='ltr'><strong>veraciter</strong></span> <span class='ocrx_word' id='word_1_21' title='bbox 2875 571 3058 630; x_wconf 88' lang='lat' dir='ltr'><strong>ﬁdeles</strong></span> <span class='ocrx_word' id='word_1_22' title='bbox 3084 582 3227 642; x_wconf 88' lang='lat' dir='ltr'><strong>sunt,</strong></span> <span class='ocrx_word' id='word_1_23' title='bbox 3254 575 3597 647; x_wconf 78' lang='lat' dir='ltr'><strong>appellantur,</strong></span> <span class='ocrx_word' id='word_1_24' title='bbox 3617 595 3695 634; x_wconf 85' lang='lat' dir='ltr'><strong>ca-</strong></span> 
     </span>
    </p>
   </div>
   <div class='ocr_carea' id='block_1_4' title="bbox 464 662 2048 733">
    <p class='ocr_par' dir='ltr' id='par_1_4' title="bbox 464 662 2048 733">
     <span class='ocr_line' id='line_1_4' title="bbox 464 662 2048 733; baseline -0.002 -17"><span class='ocrx_word' id='word_1_25' title='bbox 464 673 650 718; x_wconf 89' lang='lat' dir='ltr'><strong>sancla</strong></span> <span class='ocrx_word' id='word_1_26' title='bbox 681 664 921 718; x_wconf 80' lang='lat' dir='ltr'><strong>Ecclesia</strong></span> <span class='ocrx_word' id='word_1_27' title='bbox 954 663 1165 733; x_wconf 80' lang='lat' dir='ltr'><strong>fugiunt</strong></span> <span class='ocrx_word' id='word_1_28' title='bbox 1193 679 1381 719; x_wconf 88' lang='lat' dir='ltr'><strong>omnes</strong></span> <span class='ocrx_word' id='word_1_29' title='bbox 1411 664 1578 733; x_wconf 77' lang='lat' dir='ltr'><strong>iniqui</strong></span> <span class='ocrx_word' id='word_1_30' title='bbox 1605 704 1621 729; x_wconf 93' lang='lat'><strong>,</strong></span> <span class='ocrx_word' id='word_1_31' title='bbox 1666 680 1771 718; x_wconf 90' lang='lat' dir='ltr'><strong>non</strong></span> <span class='ocrx_word' id='word_1_32' title='bbox 1801 662 2048 733; x_wconf 80' lang='lat' dir='ltr'><strong>passibus</strong></span> 
     </span>
    </p>
   </div>
   <div class='ocr_carea' id='block_1_5' title="bbox 464 753 2048 825">
    <p class='ocr_par' dir='ltr' id='par_1_5' title="bbox 464 753 2048 825">
     <span class='ocr_line' id='line_1_5' title="bbox 464 753 2048 825; baseline -0.001 -18"><span class='ocrx_word' id='word_1_33' title='bbox 464 771 770 825; x_wconf 86' lang='lat' dir='ltr'><strong>gressuum,</strong></span> <span class='ocrx_word' id='word_1_34' title='bbox 799 758 891 809; x_wconf 90' lang='lat' dir='ltr'><strong>sed</strong></span> <span class='ocrx_word' id='word_1_35' title='bbox 935 756 1287 824; x_wconf 79' lang='lat' dir='ltr'><strong>qualitatibus</strong></span> <span class='ocrx_word' id='word_1_36' title='bbox 1326 772 1572 820; x_wconf 89' lang='lat' dir='ltr'><strong>morum;</strong></span> <span class='ocrx_word' id='word_1_37' title='bbox 1618 755 1776 825; x_wconf 82' lang='lat' dir='ltr'><strong>longe</strong></span> <span class='ocrx_word' id='word_1_38' title='bbox 1815 753 2048 823; x_wconf 81' lang='lat' dir='ltr'><strong>fugiunt,</strong></span> 
     </span>
    </p>
   </div>
   <div class='ocr_carea' id='block_1_6' title="bbox 465 845 2046 913">
    <p class='ocr_par' dir='ltr' id='par_1_6' title="bbox 465 845 2046 913">
     <span class='ocr_line' id='line_1_6' title="bbox 465 845 2046 913; baseline -0.001 -14"><span class='ocrx_word' id='word_1_39' title='bbox 465 861 570 900; x_wconf 66' lang='lat' dir='ltr'><strong>tuon</strong></span> <span class='ocrx_word' id='word_1_40' title='bbox 601 845 737 910; x_wconf 92' lang='lat' dir='ltr'><strong>loco,</strong></span> <span class='ocrx_word' id='word_1_41' title='bbox 763 847 857 900; x_wconf 88' lang='lat' dir='ltr'><strong>sed</strong></span> <span class='ocrx_word' id='word_1_42' title='bbox 887 848 1105 912; x_wconf 89' lang='lat' dir='ltr'><strong>merito,</strong></span> <span class='ocrx_word' id='word_1_43' title='bbox 1130 849 1254 902; x_wconf 79' lang='lat' dir='ltr'><strong>dum</strong></span> <span class='ocrx_word' id='word_1_44' title='bbox 1282 855 1561 902; x_wconf 90' lang='lat' dir='ltr'><strong>crescente</strong></span> <span class='ocrx_word' id='word_1_45' title='bbox 1585 845 1836 912; x_wconf 75' lang='lat' dir='ltr'><strong>superbia</strong></span> <span class='ocrx_word' id='word_1_46' title='bbox 1863 853 2046 913; x_wconf 90' lang='lat' dir='ltr'><strong>aperta</strong></span> 
     </span>
    </p>
   </div>
   <div class='ocr_carea' id='block_1_7' title="bbox 462 939 2052 1008">
    <p class='ocr_par' dir='ltr' id='par_1_7' title="bbox 462 939 2052 1008">
     <span class='ocr_line' id='line_1_7' title="bbox 462 939 2052 1008; baseline -0.002 -15"><span class='ocrx_word' id='word_1_47' title='bbox 462 939 627 993; x_wconf 86' lang='lat' dir='ltr'><strong>etiam</strong></span> <span class='ocrx_word' id='word_1_48' title='bbox 681 939 1068 1008; x_wconf 88' lang='lat' dir='ltr'><strong>exprobatione</strong></span> <span class='ocrx_word' id='word_1_49' title='bbox 1122 948 1518 1001; x_wconf 89' lang='lat' dir='ltr'><strong>contemnunt;</strong></span> <span class='ocrx_word' id='word_1_50' title='bbox 1575 939 1767 992; x_wconf 80' lang='lat' dir='ltr'><strong>faciem</strong></span> <span class='ocrx_word' id='word_1_51' title='bbox 1821 950 2052 1005; x_wconf 79' lang='lat' dir='ltr'><strong>namque</strong></span> 
     </span>
    </p>
   </div>
   <div class='ocr_carea' id='block_1_8' title="bbox 465 1026 2052 1098">
    <p class='ocr_par' dir='ltr' id='par_1_8' title="bbox 465 1026 2052 1098">
     <span class='ocr_line' id='line_1_8' title="bbox 465 1026 2052 1098; baseline -0.001 -17"><span class='ocrx_word' id='word_1_52' title='bbox 465 1027 580 1097; x_wconf 86' lang='lat' dir='ltr'><strong>ejus</strong></span> <span class='ocrx_word' id='word_1_53' title='bbox 619 1043 922 1098; x_wconf 89' lang='lat' dir='ltr'><strong>conspuere</strong></span> <span class='ocrx_word' id='word_1_54' title='bbox 967 1038 1090 1093; x_wconf 90' lang='lat' dir='ltr'><strong>est,</strong></span> <span class='ocrx_word' id='word_1_55' title='bbox 1141 1044 1246 1083; x_wconf 92' lang='lat' dir='ltr'><strong>non</strong></span> <span class='ocrx_word' id='word_1_56' title='bbox 1296 1037 1502 1082; x_wconf 91' lang='lat' dir='ltr'><strong>tantum</strong></span> <span class='ocrx_word' id='word_1_57' title='bbox 1540 1029 1592 1082; x_wconf 92' lang='lat' dir='ltr'><strong>in</strong></span> <span class='ocrx_word' id='word_1_58' title='bbox 1637 1027 1860 1082; x_wconf 89' lang='lat' dir='ltr'><strong>absente</strong></span> <span class='ocrx_word' id='word_1_59' title='bbox 1896 1026 2052 1081; x_wconf 89' lang='lat' dir='ltr'><strong>bonis</strong></span> 
     </span>
    </p>
   </div>
   <div class='ocr_carea' id='block_1_9' title="bbox 469 1116 2055 1187">
    <p class='ocr_par' dir='ltr' id='par_1_9' title="bbox 469 1116 2055 1187">
     <span class='ocr_line' id='line_1_9' title="bbox 469 1116 2055 1187; baseline 0.001 -17"><span class='ocrx_word' id='word_1_60' title='bbox 469 1117 780 1181; x_wconf 71' lang='lat' dir='ltr'><strong>detrahere,</strong></span> <span class='ocrx_word' id='word_1_61' title='bbox 812 1118 904 1172; x_wconf 90' lang='lat' dir='ltr'><strong>sed</strong></span> <span class='ocrx_word' id='word_1_62' title='bbox 938 1133 1380 1187; x_wconf 82' lang='lat' dir='ltr'><strong>unumquemque</strong></span> <span class='ocrx_word' id='word_1_63' title='bbox 1408 1117 1613 1186; x_wconf 88' lang='lat' dir='ltr'><strong>justum</strong></span> <span class='ocrx_word' id='word_1_64' title='bbox 1641 1117 1804 1172; x_wconf 89' lang='lat' dir='ltr'><strong>etiam</strong></span> <span class='ocrx_word' id='word_1_65' title='bbox 1837 1116 1888 1170; x_wconf 95' lang='lat' dir='ltr'><strong>in</strong></span> <span class='ocrx_word' id='word_1_66' title='bbox 1915 1132 2055 1185; x_wconf 72' lang='lat' dir='ltr'><strong>prte—</strong></span> 
     </span>
    </p>
   </div>
   <div class='ocr_carea' id='block_1_10' title="bbox 469 1206 2056 1279">
    <p class='ocr_par' dir='ltr' id='par_1_10' title="bbox 469 1206 2056 1279">
     <span class='ocr_line' id='line_1_10' title="bbox 469 1206 2056 1279; baseline -0.001 -18"><span class='ocrx_word' id='word_1_67' title='bbox 469 1207 642 1261; x_wconf 86' lang='lat' dir='ltr'><strong>sentia</strong></span> <span class='ocrx_word' id='word_1_68' title='bbox 671 1207 974 1262; x_wconf 79' lang='lat' dir='ltr'><strong>confutare.</strong></span> <span class='ocrx_word' id='word_1_69' title='bbox 1009 1208 1155 1275; x_wconf 89' lang='lat' dir='ltr'><strong>Quos</strong></span> <span class='ocrx_word' id='word_1_70' title='bbox 1187 1217 1313 1265; x_wconf 89' lang='lat' dir='ltr'><strong>tunc</strong></span> <span class='ocrx_word' id='word_1_71' title='bbox 1341 1210 1493 1279; x_wconf 88' lang='lat' dir='ltr'><strong>pravi</strong></span> <span class='ocrx_word' id='word_1_72' title='bbox 1542 1211 1666 1264; x_wconf 90' lang='lat' dir='ltr'><strong>dum</strong></span> <span class='ocrx_word' id='word_1_73' title='bbox 1715 1216 1900 1278; x_wconf 91' lang='lat' dir='ltr'><strong>aperte</strong></span> <span class='ocrx_word' id='word_1_74' title='bbox 1932 1206 2056 1261; x_wconf 88' lang='lat' dir='ltr'><strong>irri-</strong></span> 
     </span>
    </p>
   </div>
   <div class='ocr_carea' id='block_1_11' title="bbox 471 1294 2054 1364">
    <p class='ocr_par' dir='ltr' id='par_1_11' title="bbox 471 1294 2054 1364">
     <span class='ocr_line' id='line_1_11' title="bbox 471 1294 2054 1364; baseline 0 -15"><span class='ocrx_word' id='word_1_75' title='bbox 471 1294 647 1350; x_wconf 91' lang='lat' dir='ltr'><strong>dendo</strong></span> <span class='ocrx_word' id='word_1_76' title='bbox 678 1296 1002 1364; x_wconf 81' lang='lat' dir='ltr'><strong>deSpiciunt,</strong></span> <span class='ocrx_word' id='word_1_77' title='bbox 1031 1297 1083 1350; x_wconf 92' lang='lat' dir='ltr'><strong>in</strong></span> <span class='ocrx_word' id='word_1_78' title='bbox 1114 1311 1300 1352; x_wconf 88' lang='lat' dir='ltr'><strong>eorum</strong></span> <span class='ocrx_word' id='word_1_79' title='bbox 1352 1297 1693 1352; x_wconf 85' lang='lat' dir='ltr'><strong>contumeliis</strong></span> <span class='ocrx_word' id='word_1_80' title='bbox 1719 1295 1863 1352; x_wconf 89' lang='lat' dir='ltr'><strong>ﬂuxa</strong></span> <span class='ocrx_word' id='word_1_81' title='bbox 1891 1297 2054 1352; x_wconf 88' lang='lat' dir='ltr'><strong>verba</strong></span> 
     </span>
    </p>
   </div>
   <div class='ocr_carea' id='block_1_12' title="bbox 475 1385 1804 1458">
    <p class='ocr_par' dir='ltr' id='par_1_12' title="bbox 475 1385 1804 1458">
     <span class='ocr_line' id='line_1_12' title="bbox 475 1385 1804 1458; baseline 0.005 -20"><span class='ocrx_word' id='word_1_82' title='bbox 475 1385 629 1456; x_wconf 90' lang='lat' dir='ltr'><strong>quasi</strong></span> <span class='ocrx_word' id='word_1_83' title='bbox 662 1385 957 1440; x_wconf 89' lang='lat' dir='ltr'><strong>deﬂuentes</strong></span> <span class='ocrx_word' id='word_1_84' title='bbox 991 1387 1193 1442; x_wconf 84' lang='lat' dir='ltr'><strong>salivas</strong></span> <span class='ocrx_word' id='word_1_85' title='bbox 1225 1388 1465 1444; x_wconf 92' lang='lat' dir='ltr'><strong>mittunt.</strong></span> <span class='ocrx_word' id='word_1_86' title='bbox 1501 1387 1762 1458; x_wconf 87' lang='lat' dir='ltr'><strong>Sequitur</strong></span> <span class='ocrx_word' id='word_1_87' title='bbox 1789 1407 1804 1444; x_wconf 89' lang='lat'><strong>:</strong></span> 
     </span>
    </p>
   </div>
   <div class='ocr_carea' id='block_1_13' title="bbox 548 1477 2054 1553">
    <p class='ocr_par' dir='ltr' id='par_1_13' title="bbox 548 1477 2054 1553">
     <span class='ocr_line' id='line_1_13' title="bbox 548 1477 2054 1553; baseline 0 -19"><span class='ocrx_word' id='word_1_88' title='bbox 548 1477 710 1534; x_wconf 70' lang='lat' dir='ltr'><strong>Vens.</strong></span> <span class='ocrx_word' id='word_1_89' title='bbox 755 1480 838 1532; x_wconf 76' lang='grc'><strong>11.</strong></span> <span class='ocrx_word' id='word_1_90' title='bbox 899 1479 1213 1534; x_wconf 76' lang='lat' dir='ltr'><strong>Pltaretram</strong></span> <span class='ocrx_word' id='word_1_91' title='bbox 1249 1497 1399 1536; x_wconf 87' lang='lat' dir='ltr'><strong>suam</strong></span> <span class='ocrx_word' id='word_1_92' title='bbox 1435 1482 1638 1552; x_wconf 86' lang='lat' dir='ltr'><strong>aperuit</strong></span> <span class='ocrx_word' id='word_1_93' title='bbox 1669 1491 1718 1536; x_wconf 89' lang='lat' dir='ltr'><strong>et</strong></span> <span class='ocrx_word' id='word_1_94' title='bbox 1747 1482 1928 1553; x_wconf 76' lang='lat' dir='ltr'><strong>afﬂixit</strong></span> <span class='ocrx_word' id='word_1_95' title='bbox 1955 1499 2054 1536; x_wconf 89' lang='lat' dir='ltr'><strong>me.</strong></span> 
     </span>
    </p>
   </div>
   <div class='ocr_carea' id='block_1_14' title="bbox 475 1568 2057 1640">
    <p class='ocr_par' dir='ltr' id='par_1_14' title="bbox 475 1568 2057 1640">
     <span class='ocr_line' id='line_1_14' title="bbox 475 1568 2057 1640; baseline 0.003 -19"><span class='ocrx_word' id='word_1_96' title='bbox 475 1597 546 1610; x_wconf 88' lang='lat'><strong>-—-</strong></span> <span class='ocrx_word' id='word_1_97' title='bbox 592 1568 730 1635; x_wconf 87' lang='lat' dir='ltr'><strong>Quid</strong></span> <span class='ocrx_word' id='word_1_98' title='bbox 778 1585 877 1640; x_wconf 90' lang='lat' dir='ltr'><strong>per</strong></span> <span class='ocrx_word' id='word_1_99' title='bbox 912 1571 1223 1639; x_wconf 83' lang='lat' dir='ltr'><strong>pharetram</strong></span> <span class='ocrx_word' id='word_1_100' title='bbox 1250 1612 1265 1636; x_wconf 95' lang='lat'><strong>,</strong></span> <span class='ocrx_word' id='word_1_101' title='bbox 1311 1572 1414 1626; x_wconf 89' lang='lat' dir='ltr'><strong>nisi</strong></span> <span class='ocrx_word' id='word_1_102' title='bbox 1455 1571 1725 1627; x_wconf 90' lang='lat' dir='ltr'><strong>occultum</strong></span> <span class='ocrx_word' id='word_1_103' title='bbox 1774 1571 2057 1627; x_wconf 88' lang='lat' dir='ltr'><strong>consilium</strong></span> 
     </span>
    </p>
   </div>
   <div class='ocr_carea' id='block_1_15' title="bbox 478 1658 2061 1732">
    <p class='ocr_par' dir='ltr' id='par_1_15' title="bbox 478 1658 2061 1732">
     <span class='ocr_line' id='line_1_15' title="bbox 478 1658 2061 1732; baseline 0.003 -20"><span class='ocrx_word' id='word_1_104' title='bbox 478 1658 838 1730; x_wconf 82' lang='lat' dir='ltr'><strong>designatur?</strong></span> <span class='ocrx_word' id='word_1_105' title='bbox 891 1660 1154 1730; x_wconf 73' lang='lat' dir='ltr'><strong>Sagittam</strong></span> <span class='ocrx_word' id='word_1_106' title='bbox 1200 1676 1333 1718; x_wconf 90' lang='lat' dir='ltr'><strong>vero</strong></span> <span class='ocrx_word' id='word_1_107' title='bbox 1385 1663 1452 1715; x_wconf 91' lang='lat' dir='ltr'><strong>de</strong></span> <span class='ocrx_word' id='word_1_108' title='bbox 1499 1662 1753 1732; x_wconf 90' lang='lat' dir='ltr'><strong>pharetra</strong></span> <span class='ocrx_word' id='word_1_109' title='bbox 1801 1661 2061 1717; x_wconf 88' lang='lat' dir='ltr'><strong>Dominus</strong></span> 
     </span>
    </p>
   </div>
   <div class='ocr_carea' id='block_1_16' title="bbox 478 1749 2059 1823">
    <p class='ocr_par' dir='ltr' id='par_1_16' title="bbox 478 1749 2059 1823">
     <span class='ocr_line' id='line_1_16' title="bbox 478 1749 2059 1823; baseline 0.004 -20"><span class='ocrx_word' id='word_1_110' title='bbox 478 1749 643 1818; x_wconf 75' lang='lat' dir='ltr'><strong>cjicit,</strong></span> <span class='ocrx_word' id='word_1_111' title='bbox 662 1752 876 1820; x_wconf 89' lang='lat' dir='ltr'><strong>quando</strong></span> <span class='ocrx_word' id='word_1_112' title='bbox 901 1753 966 1808; x_wconf 90' lang='lat' dir='ltr'><strong>de</strong></span> <span class='ocrx_word' id='word_1_113' title='bbox 987 1751 1199 1808; x_wconf 81' lang='lat' dir='ltr'><strong>oeculto</strong></span> <span class='ocrx_word' id='word_1_114' title='bbox 1221 1753 1447 1808; x_wconf 91' lang='lat' dir='ltr'><strong>consilio</strong></span> <span class='ocrx_word' id='word_1_115' title='bbox 1467 1763 1711 1823; x_wconf 89' lang='lat' dir='ltr'><strong>apertam</strong></span> <span class='ocrx_word' id='word_1_116' title='bbox 1735 1754 2059 1809; x_wconf 86' lang='lat' dir='ltr'><strong>sententiam</strong></span> 
     </span>
    </p>
   </div>
   <div class='ocr_carea' id='block_1_17' title="bbox 481 1843 2060 1915">
    <p class='ocr_par' dir='ltr' id='par_1_17' title="bbox 481 1843 2060 1915">
     <span class='ocr_line' id='line_1_17' title="bbox 481 1843 2060 1915; baseline 0.001 -17"><span class='ocrx_word' id='word_1_117' title='bbox 481 1845 698 1898; x_wconf 83' lang='lat' dir='ltr'><strong>emittit.</strong></span> <span class='ocrx_word' id='word_1_118' title='bbox 747 1845 879 1911; x_wconf 88' lang='lat' dir='ltr'><strong>Quia</strong></span> <span class='ocrx_word' id='word_1_119' title='bbox 906 1846 1049 1900; x_wconf 91' lang='lat' dir='ltr'><strong>enim</strong></span> <span class='ocrx_word' id='word_1_120' title='bbox 1075 1843 1379 1915; x_wconf 86' lang='lat' dir='ltr'><strong>ﬂagellatur</strong></span> <span class='ocrx_word' id='word_1_121' title='bbox 1407 1845 1635 1914; x_wconf 90' lang='lat' dir='ltr'><strong>quisque</strong></span> <span class='ocrx_word' id='word_1_122' title='bbox 1663 1845 2060 1915; x_wconf 80' lang='lat' dir='ltr'><strong>cognoscimus,</strong></span> 
     </span>
    </p>
   </div>
   <div class='ocr_carea' id='block_1_18' title="bbox 2151 652 3698 736">
    <p class='ocr_par' dir='ltr' id='par_1_18' title="bbox 2151 652 3698 736">
     <span class='ocr_line' id='line_1_18' title="bbox 2151 652 3698 736; baseline 0.011 -32"><span class='ocrx_word' id='word_1_123' title='bbox 2151 652 2416 710; x_wconf 86' lang='lat' dir='ltr'><strong>lamitates</strong></span> <span class='ocrx_word' id='word_1_124' title='bbox 2446 658 2511 710; x_wconf 91' lang='lat' dir='ltr'><strong>ad</strong></span> <span class='ocrx_word' id='word_1_125' title='bbox 2541 658 2818 714; x_wconf 86' lang='lat' dir='ltr'><strong>dexteram</strong></span> <span class='ocrx_word' id='word_1_126' title='bbox 2855 662 3079 717; x_wconf 88' lang='lat' dir='ltr'><strong>orientis</strong></span> <span class='ocrx_word' id='word_1_127' title='bbox 3113 674 3356 736; x_wconf 87' lang='lat' dir='ltr'><strong>surgunt,</strong></span> <span class='ocrx_word' id='word_1_128' title='bbox 3390 665 3514 735; x_wconf 87' lang='lat' dir='ltr'><strong>quia</strong></span> <span class='ocrx_word' id='word_1_129' title='bbox 3547 679 3698 721; x_wconf 80' lang='lat' dir='ltr'><strong>erum-</strong></span> 
     </span>
    </p>
   </div>
   <div class='ocr_carea' id='block_1_19' title="bbox 2149 745 3701 823">
    <p class='ocr_par' dir='ltr' id='par_1_19' title="bbox 2149 745 3701 823">
     <span class='ocr_line' id='line_1_19' title="bbox 2149 745 3701 823; baseline 0.01 -29"><span class='ocrx_word' id='word_1_130' title='bbox 2149 753 2308 811; x_wconf 87' lang='lat' dir='ltr'><strong>pente</strong></span> <span class='ocrx_word' id='word_1_131' title='bbox 2354 745 2744 812; x_wconf 87' lang='lat' dir='ltr'><strong>persecutionis</strong></span> <span class='ocrx_word' id='word_1_132' title='bbox 2781 749 3010 806; x_wconf 92' lang='lat' dir='ltr'><strong>articulo</strong></span> <span class='ocrx_word' id='word_1_133' title='bbox 3047 752 3292 807; x_wconf 88' lang='lat' dir='ltr'><strong>crudeles</strong></span> <span class='ocrx_word' id='word_1_134' title='bbox 3317 768 3597 823; x_wconf 83' lang='lat' dir='ltr'><strong>pravorum</strong></span> <span class='ocrx_word' id='word_1_135' title='bbox 3619 756 3701 810; x_wconf 88' lang='lat' dir='ltr'><strong>im-</strong></span> 
     </span>
    </p>
   </div>
   <div class='ocr_carea' id='block_1_20' title="bbox 2149 832 3702 910">
    <p class='ocr_par' dir='ltr' id='par_1_20' title="bbox 2149 832 3702 910">
     <span class='ocr_line' id='line_1_20' title="bbox 2149 832 3702 910; baseline 0.012 -26"><span class='ocrx_word' id='word_1_136' title='bbox 2149 832 2452 901; x_wconf 84' lang='lat' dir='ltr'><strong>petusjusti</strong></span> <span class='ocrx_word' id='word_1_137' title='bbox 2475 835 2768 904; x_wconf 90' lang='lat' dir='ltr'><strong>patiuntur.</strong></span> <span class='ocrx_word' id='word_1_138' title='bbox 2811 838 3110 910; x_wconf 89' lang='lat' dir='ltr'><strong>Sequitur:</strong></span> <span class='ocrx_word' id='word_1_139' title='bbox 3139 842 3304 898; x_wconf 83' lang='lat' dir='ltr'><strong>Pedes</strong></span> <span class='ocrx_word' id='word_1_140' title='bbox 3344 860 3486 899; x_wconf 88' lang='lat' dir='ltr'><strong>meos</strong></span> <span class='ocrx_word' id='word_1_141' title='bbox 3528 847 3702 902; x_wconf 73' lang='lat' dir='ltr'><strong>subser-</strong></span> 
     </span>
    </p>
   </div>
   <div class='ocr_carea' id='block_1_21' title="bbox 2151 933 3704 1002">
    <p class='ocr_par' dir='ltr' id='par_1_21' title="bbox 2151 933 3704 1002">
     <span class='ocr_line' id='line_1_21' title="bbox 2151 933 3704 1002; baseline 0.01 -24"><span class='ocrx_word' id='word_1_142' title='bbox 2151 935 2345 990; x_wconf 85' lang='lat' dir='ltr'><strong>terunt,</strong></span> <span class='ocrx_word' id='word_1_143' title='bbox 2381 937 2428 980; x_wconf 92' lang='lat' dir='ltr'><strong>et</strong></span> <span class='ocrx_word' id='word_1_144' title='bbox 2456 940 2817 997; x_wconf 85' lang='lat' dir='ltr'><strong>oppresserunt</strong></span> <span class='ocrx_word' id='word_1_145' title='bbox 2837 933 2989 1002; x_wconf 86' lang='lat' dir='ltr'><strong>quasi</strong></span> <span class='ocrx_word' id='word_1_146' title='bbox 3013 935 3255 1002; x_wconf 82' lang='lat' dir='ltr'><strong>ﬂuctibus</strong></span> <span class='ocrx_word' id='word_1_147' title='bbox 3288 937 3484 992; x_wconf 87' lang='lat' dir='ltr'><strong>semitis</strong></span> <span class='ocrx_word' id='word_1_148' title='bbox 3510 939 3628 992; x_wconf 87' lang='lat' dir='ltr'><strong>suis.</strong></span> <span class='ocrx_word' id='word_1_149' title='bbox 3646 967 3704 981; x_wconf 73' lang='grc' dir='ltr'><strong>-οο</strong></span> 
     </span>
    </p>
   </div>
   <div class='ocr_carea' id='block_1_22' title="bbox 2151 1012 3704 1088">
    <p class='ocr_par' dir='ltr' id='par_1_22' title="bbox 2151 1012 3704 1088">
     <span class='ocr_line' id='line_1_22' title="bbox 2151 1012 3704 1088; baseline 0.012 -22"><span class='ocrx_word' id='word_1_150' title='bbox 2151 1012 2289 1080; x_wconf 84' lang='lat' dir='ltr'><strong>Quid</strong></span> <span class='ocrx_word' id='word_1_151' title='bbox 2320 1031 2416 1085; x_wconf 90' lang='lat' dir='ltr'><strong>per</strong></span> <span class='ocrx_word' id='word_1_152' title='bbox 2442 1019 2606 1088; x_wconf 87' lang='lat' dir='ltr'><strong>pedes</strong></span> <span class='ocrx_word' id='word_1_153' title='bbox 2630 1019 2884 1078; x_wconf 84' lang='lat' dir='ltr'><strong>Ecclesiae</strong></span> <span class='ocrx_word' id='word_1_154' title='bbox 2923 1024 3023 1078; x_wconf 91' lang='lat' dir='ltr'><strong>nisi</strong></span> <span class='ocrx_word' id='word_1_155' title='bbox 3055 1034 3293 1082; x_wconf 87' lang='lat' dir='ltr'><strong>extrema</strong></span> <span class='ocrx_word' id='word_1_156' title='bbox 3323 1025 3467 1083; x_wconf 91' lang='lat' dir='ltr'><strong>illius</strong></span> <span class='ocrx_word' id='word_1_157' title='bbox 3494 1030 3704 1085; x_wconf 81' lang='lat' dir='ltr'><strong>membra</strong></span> 
     </span>
    </p>
   </div>
   <div class='ocr_carea' id='block_1_23' title="bbox 2151 1105 3707 1186">
    <p class='ocr_par' dir='ltr' id='par_1_23' title="bbox 2151 1105 3707 1186">
     <span class='ocr_line' id='line_1_23' title="bbox 2151 1105 3707 1186; baseline 0.01 -26"><span class='ocrx_word' id='word_1_158' title='bbox 2151 1105 2484 1175; x_wconf 87' lang='lat' dir='ltr'><strong>signantur?</strong></span> <span class='ocrx_word' id='word_1_159' title='bbox 2525 1125 2646 1180; x_wconf 71' lang='lat' dir='ltr'><strong>qua:</strong></span> <span class='ocrx_word' id='word_1_160' title='bbox 2687 1112 2812 1168; x_wconf 92' lang='lat' dir='ltr'><strong>dum</strong></span> <span class='ocrx_word' id='word_1_161' title='bbox 2843 1115 2908 1169; x_wconf 90' lang='lat' dir='ltr'><strong>ad</strong></span> <span class='ocrx_word' id='word_1_162' title='bbox 2937 1131 3099 1186; x_wconf 89' lang='lat' dir='ltr'><strong>opera</strong></span> <span class='ocrx_word' id='word_1_163' title='bbox 3141 1127 3352 1174; x_wconf 90' lang='lat' dir='ltr'><strong>terrena</strong></span> <span class='ocrx_word' id='word_1_164' title='bbox 3403 1118 3707 1186; x_wconf 85' lang='lat' dir='ltr'><strong>deserviunt,</strong></span> 
     </span>
    </p>
   </div>
   <div class='ocr_carea' id='block_1_24' title="bbox 2155 1200 3710 1281">
    <p class='ocr_par' dir='ltr' id='par_1_24' title="bbox 2155 1200 3710 1281">
     <span class='ocr_line' id='line_1_24' title="bbox 2155 1200 3710 1281; baseline 0.011 -30"><span class='ocrx_word' id='word_1_165' title='bbox 2155 1205 2304 1253; x_wconf 89' lang='lat' dir='ltr'><strong>tanto</strong></span> <span class='ocrx_word' id='word_1_166' title='bbox 2349 1200 2578 1258; x_wconf 90' lang='lat' dir='ltr'><strong>celerius</strong></span> <span class='ocrx_word' id='word_1_167' title='bbox 2607 1203 2674 1258; x_wconf 91' lang='lat' dir='ltr'><strong>ab</strong></span> <span class='ocrx_word' id='word_1_168' title='bbox 2709 1205 3030 1263; x_wconf 89' lang='lat' dir='ltr'><strong>adversariis</strong></span> <span class='ocrx_word' id='word_1_169' title='bbox 3070 1207 3178 1264; x_wconf 77' lang='lat' dir='ltr'><strong>falli</strong></span> <span class='ocrx_word' id='word_1_170' title='bbox 3230 1218 3489 1280; x_wconf 86' lang='lat' dir='ltr'><strong>possunt,</strong></span> <span class='ocrx_word' id='word_1_171' title='bbox 3537 1223 3710 1281; x_wconf 88' lang='lat' dir='ltr'><strong>quanto</strong></span> 
     </span>
    </p>
   </div>
   <div class='ocr_carea' id='block_1_25' title="bbox 2155 1288 3711 1370">
    <p class='ocr_par' dir='ltr' id='par_1_25' title="bbox 2155 1288 3711 1370">
     <span class='ocr_line' id='line_1_25' title="bbox 2155 1288 3711 1370; baseline 0.008 -28"><span class='ocrx_word' id='word_1_172' title='bbox 2155 1288 2404 1344; x_wconf 89' lang='lat' dir='ltr'><strong>sublimia</strong></span> <span class='ocrx_word' id='word_1_173' title='bbox 2441 1293 2616 1348; x_wconf 90' lang='lat' dir='ltr'><strong>minus</strong></span> <span class='ocrx_word' id='word_1_174' title='bbox 2642 1294 2959 1365; x_wconf 84' lang='lat' dir='ltr'><strong>intelligunt.</strong></span> <span class='ocrx_word' id='word_1_175' title='bbox 3010 1297 3117 1354; x_wconf 83' lang='lat' dir='ltr'><strong>Hos</strong></span> <span class='ocrx_word' id='word_1_176' title='bbox 3147 1299 3330 1370; x_wconf 87' lang='lat' dir='ltr'><strong>itaque</strong></span> <span class='ocrx_word' id='word_1_177' title='bbox 3355 1301 3520 1370; x_wconf 86' lang='lat' dir='ltr'><strong>pedes</strong></span> <span class='ocrx_word' id='word_1_178' title='bbox 3551 1302 3711 1356; x_wconf 87' lang='lat' dir='ltr'><strong>adver-</strong></span> 
     </span>
    </p>
   </div>
   <div class='ocr_carea' id='block_1_26' title="bbox 2157 1378 3712 1448">
    <p class='ocr_par' dir='ltr' id='par_1_26' title="bbox 2157 1378 3712 1448">
     <span class='ocr_line' id='line_1_26' title="bbox 2157 1378 3712 1448; baseline 0.007 -15"><span class='ocrx_word' id='word_1_179' title='bbox 2157 1378 2285 1433; x_wconf 87' lang='lat' dir='ltr'><strong>sarii</strong></span> <span class='ocrx_word' id='word_1_180' title='bbox 2341 1380 2678 1448; x_wconf 91' lang='lat' dir='ltr'><strong>subvertunt,</strong></span> <span class='ocrx_word' id='word_1_181' title='bbox 2728 1386 2982 1442; x_wconf 81' lang='lat' dir='ltr'><strong>videlicet</strong></span> <span class='ocrx_word' id='word_1_182' title='bbox 3026 1403 3147 1443; x_wconf 90' lang='lat' dir='ltr'><strong>cum</strong></span> <span class='ocrx_word' id='word_1_183' title='bbox 3203 1399 3449 1446; x_wconf 85' lang='lat' dir='ltr'><strong>extrema</strong></span> <span class='ocrx_word' id='word_1_184' title='bbox 3501 1390 3712 1445; x_wconf 88' lang='lat' dir='ltr'><strong>membra</strong></span> 
     </span>
    </p>
   </div>
   <div class='ocr_carea' id='block_1_27' title="bbox 2159 1471 3713 1551">
    <p class='ocr_par' dir='ltr' id='par_1_27' title="bbox 2159 1471 3713 1551">
     <span class='ocr_line' id='line_1_27' title="bbox 2159 1471 3713 1551; baseline 0.003 -23"><span class='ocrx_word' id='word_1_185' title='bbox 2159 1471 2301 1528; x_wconf 91' lang='lat' dir='ltr'><strong>illius</strong></span> <span class='ocrx_word' id='word_1_186' title='bbox 2330 1472 2397 1526; x_wconf 90' lang='lat' dir='ltr'><strong>ad</strong></span> <span class='ocrx_word' id='word_1_187' title='bbox 2435 1475 2519 1528; x_wconf 92' lang='lat' dir='ltr'><strong>sui</strong></span> <span class='ocrx_word' id='word_1_188' title='bbox 2549 1475 2817 1547; x_wconf 85' lang='lat' dir='ltr'><strong>dogmatis</strong></span> <span class='ocrx_word' id='word_1_189' title='bbox 2855 1493 3096 1534; x_wconf 90' lang='lat' dir='ltr'><strong>errorem</strong></span> <span class='ocrx_word' id='word_1_190' title='bbox 3132 1481 3390 1546; x_wconf 86' lang='lat' dir='ltr'><strong>trahunt;</strong></span> <span class='ocrx_word' id='word_1_191' title='bbox 3433 1480 3557 1551; x_wconf 88' lang='lat' dir='ltr'><strong>quia</strong></span> <span class='ocrx_word' id='word_1_192' title='bbox 3592 1480 3713 1534; x_wconf 88' lang='lat' dir='ltr'><strong>scili-</strong></span> 
     </span>
    </p>
   </div>
   <div class='ocr_carea' id='block_1_28' title="bbox 2159 1565 3715 1641">
    <p class='ocr_par' dir='ltr' id='par_1_28' title="bbox 2159 1565 3715 1641">
     <span class='ocr_line' id='line_1_28' title="bbox 2159 1565 3715 1641; baseline 0.002 -21"><span class='ocrx_word' id='word_1_193' title='bbox 2159 1573 2247 1620; x_wconf 90' lang='lat' dir='ltr'><strong>cet</strong></span> <span class='ocrx_word' id='word_1_194' title='bbox 2298 1565 2406 1620; x_wconf 92' lang='lat' dir='ltr'><strong>vita</strong></span> <span class='ocrx_word' id='word_1_195' title='bbox 2465 1580 2752 1635; x_wconf 89' lang='lat' dir='ltr'><strong>pravorum</strong></span> <span class='ocrx_word' id='word_1_196' title='bbox 2795 1568 3045 1625; x_wconf 85' lang='lat' dir='ltr'><strong>insolenti</strong></span> <span class='ocrx_word' id='word_1_197' title='bbox 3083 1569 3454 1641; x_wconf 81' lang='lat' dir='ltr'><strong>inquietudine</strong></span> <span class='ocrx_word' id='word_1_198' title='bbox 3501 1569 3715 1635; x_wconf 87' lang='lat' dir='ltr'><strong>molesta,</strong></span> 
     </span>
    </p>
   </div>
   <div class='ocr_carea' id='block_1_29' title="bbox 2162 1655 3718 1730">
    <p class='ocr_par' dir='ltr' id='par_1_29' title="bbox 2162 1655 3718 1730">
     <span class='ocr_line' id='line_1_29' title="bbox 2162 1655 3718 1730; baseline 0.004 -20"><span class='ocrx_word' id='word_1_199' title='bbox 2162 1655 2228 1710; x_wconf 89' lang='lat' dir='ltr'><strong>ad</strong></span> <span class='ocrx_word' id='word_1_200' title='bbox 2255 1655 2613 1724; x_wconf 90' lang='lat' dir='ltr'><strong>obruendum,</strong></span> <span class='ocrx_word' id='word_1_201' title='bbox 2650 1666 2710 1713; x_wconf 90' lang='lat' dir='ltr'><strong>ut</strong></span> <span class='ocrx_word' id='word_1_202' title='bbox 2751 1659 2824 1714; x_wconf 87' lang='lat' dir='ltr'><strong>ita</strong></span> <span class='ocrx_word' id='word_1_203' title='bbox 2870 1661 3118 1727; x_wconf 81' lang='lat' dir='ltr'><strong>dixerim,</strong></span> <span class='ocrx_word' id='word_1_204' title='bbox 3169 1677 3360 1717; x_wconf 85' lang='lat' dir='ltr'><strong>navem</strong></span> <span class='ocrx_word' id='word_1_205' title='bbox 3387 1661 3563 1718; x_wconf 91' lang='lat' dir='ltr'><strong>cordis</strong></span> <span class='ocrx_word' id='word_1_206' title='bbox 3589 1663 3718 1730; x_wconf 89' lang='lat' dir='ltr'><strong>quasi</strong></span> 
     </span>
    </p>
   </div>
   <div class='ocr_carea' id='block_1_30' title="bbox 2163 1753 3720 1828">
    <p class='ocr_par' dir='ltr' id='par_1_30' title="bbox 2163 1753 3720 1828">
     <span class='ocr_line' id='line_1_30' title="bbox 2163 1753 3720 1828; baseline 0.004 -22"><span class='ocrx_word' id='word_1_207' title='bbox 2163 1759 2455 1822; x_wconf 90' lang='lat' dir='ltr'><strong>tempestas</strong></span> <span class='ocrx_word' id='word_1_208' title='bbox 2511 1753 2768 1809; x_wconf 88' lang='lat' dir='ltr'><strong>illabitur.</strong></span> <span class='ocrx_word' id='word_1_209' title='bbox 2839 1754 2915 1810; x_wconf 91' lang='lat' dir='ltr'><strong>De</strong></span> <span class='ocrx_word' id='word_1_210' title='bbox 2977 1771 3082 1826; x_wconf 91' lang='lat' dir='ltr'><strong>qua</strong></span> <span class='ocrx_word' id='word_1_211' title='bbox 3130 1756 3381 1813; x_wconf 83' lang='lat' dir='ltr'><strong>videlicet</strong></span> <span class='ocrx_word' id='word_1_212' title='bbox 3435 1765 3720 1828; x_wconf 86' lang='lat' dir='ltr'><strong>tempestate</strong></span> 
     </span>
    </p>
   </div>
   <div class='ocr_carea' id='block_1_31' title="bbox 2164 1841 3719 1918">
    <p class='ocr_par' dir='ltr' id='par_1_31' title="bbox 2164 1841 3719 1918">
     <span class='ocr_line' id='line_1_31' title="bbox 2164 1841 3719 1918; baseline 0.003 -22"><span class='ocrx_word' id='word_1_213' title='bbox 2164 1856 2262 1911; x_wconf 88' lang='lat' dir='ltr'><strong>per</strong></span> <span class='ocrx_word' id='word_1_214' title='bbox 2286 1841 2630 1898; x_wconf 90' lang='lat' dir='ltr'><strong>Salomonem</strong></span> <span class='ocrx_word' id='word_1_215' title='bbox 2659 1845 2885 1900; x_wconf 91' lang='lat' dir='ltr'><strong>dicitur:</strong></span> <span class='ocrx_word' id='word_1_216' title='bbox 2908 1865 2925 1897; x_wconf 75' lang='grc' dir='ltr'><strong>ι</strong></span> <span class='ocrx_word' id='word_1_217' title='bbox 2949 1845 3110 1914; x_wconf 88' lang='lat' dir='ltr'><strong>Quasi</strong></span> <span class='ocrx_word' id='word_1_218' title='bbox 3145 1856 3436 1918; x_wconf 87' lang='lat' dir='ltr'><strong>tempestas</strong></span> <span class='ocrx_word' id='word_1_219' title='bbox 3461 1848 3719 1915; x_wconf 90' lang='lat' dir='ltr'><strong>transiens,</strong></span> 
     </span>
    </p>
   </div>
   <div class='ocr_carea' id='block_1_32' title="bbox 481 1916 3472 2010">
    <p class='ocr_par' dir='ltr' id='par_1_32' title="bbox 481 1916 3472 2010">
     <span class='ocr_line' id='line_1_32' title="bbox 481 1916 3472 2010; baseline 0.002 -24"><span class='ocrx_word' id='word_1_220' title='bbox 481 1935 575 1987; x_wconf 87' lang='lat' dir='ltr'><strong>sed</strong></span> <span class='ocrx_word' id='word_1_221' title='bbox 602 1948 707 2003; x_wconf 84' lang='lat' dir='ltr'><strong>qua</strong></span> <span class='ocrx_word' id='word_1_222' title='bbox 742 1950 809 1988; x_wconf 90' lang='lat' dir='ltr'><strong>ex</strong></span> <span class='ocrx_word' id='word_1_223' title='bbox 841 1949 1002 1990; x_wconf 89' lang='lat' dir='ltr'><strong>causa</strong></span> <span class='ocrx_word' id='word_1_224' title='bbox 1035 1934 1305 2005; x_wconf 89' lang='lat' dir='ltr'><strong>ﬂagellum</strong></span> <span class='ocrx_word' id='word_1_225' title='bbox 1336 1935 1540 1998; x_wconf 83' lang='lat' dir='ltr'><strong>veniat,</strong></span> <span class='ocrx_word' id='word_1_226' title='bbox 1572 1934 1899 2004; x_wconf 79' lang='lat' dir='ltr'><strong>ignoramus.</strong></span> <span class='ocrx_word' id='word_1_227' title='bbox 1928 1933 2064 1989; x_wconf 90' lang='lat' dir='ltr'><strong>Cum</strong></span> <span class='ocrx_word' id='word_1_228' title='bbox 2096 1916 2141 1975; x_wconf 77' lang='grc' dir='ltr'><strong>Β</strong></span> <span class='ocrx_word' id='word_1_229' title='bbox 2170 1948 2274 1987; x_wconf 91' lang='lat' dir='ltr'><strong>non</strong></span> <span class='ocrx_word' id='word_1_230' title='bbox 2305 1933 2408 1989; x_wconf 93' lang='lat' dir='ltr'><strong>erit</strong></span> <span class='ocrx_word' id='word_1_231' title='bbox 2436 1934 2630 2004; x_wconf 91' lang='lat' dir='ltr'><strong>impius</strong></span> <span class='ocrx_word' id='word_1_232' title='bbox 2659 1932 2842 2004; x_wconf 84' lang='lat' dir='ltr'><strong>(Prov.</strong></span> <span class='ocrx_word' id='word_1_233' title='bbox 2867 1953 2922 2000; x_wconf 87' lang='lat' dir='ltr'><strong>x,</strong></span> <span class='ocrx_word' id='word_1_234' title='bbox 2953 1937 3067 2006; x_wconf 76' lang='lat'><strong>25).</strong></span> <span class='ocrx_word' id='word_1_235' title='bbox 3101 1957 3119 1987; x_wconf 77' lang='grc' dir='ltr'><strong>ι</strong></span> <span class='ocrx_word' id='word_1_236' title='bbox 3171 1916 3429 2010; x_wconf 86' lang='lat' dir='ltr'><strong>Sequitur</strong></span> <span class='ocrx_word' id='word_1_237' title='bbox 3459 1957 3472 1993; x_wconf 91' lang='lat'><strong>:</strong></span> 
     </span>
    </p>
   </div>
   <div class='ocr_carea' id='block_1_33' title="bbox 483 2024 2069 2096">
    <p class='ocr_par' dir='ltr' id='par_1_33' title="bbox 483 2024 2069 2096">
     <span class='ocr_line' id='line_1_33' title="bbox 483 2024 2069 2096; baseline 0.003 -19"><span class='ocrx_word' id='word_1_238' title='bbox 483 2039 612 2078; x_wconf 89' lang='lat' dir='ltr'><strong>vero</strong></span> <span class='ocrx_word' id='word_1_239' title='bbox 641 2035 759 2093; x_wconf 92' lang='lat' dir='ltr'><strong>post</strong></span> <span class='ocrx_word' id='word_1_240' title='bbox 785 2024 988 2095; x_wconf 84' lang='lat' dir='ltr'><strong>ﬂagella</strong></span> <span class='ocrx_word' id='word_1_241' title='bbox 1014 2026 1138 2079; x_wconf 65' lang='lat' dir='ltr'><strong>vitae</strong></span> <span class='ocrx_word' id='word_1_242' title='bbox 1167 2025 1435 2080; x_wconf 88' lang='lat' dir='ltr'><strong>correctio</strong></span> <span class='ocrx_word' id='word_1_243' title='bbox 1461 2026 1726 2096; x_wconf 89' lang='lat' dir='ltr'><strong>sequitur,</strong></span> <span class='ocrx_word' id='word_1_244' title='bbox 1755 2027 1921 2081; x_wconf 90' lang='lat' dir='ltr'><strong>etiam</strong></span> <span class='ocrx_word' id='word_1_245' title='bbox 1952 2027 2069 2096; x_wconf 88' lang='lat' dir='ltr'><strong>ipsa</strong></span> 
     </span>
    </p>
   </div>
   <div class='ocr_carea' id='block_1_34' title="bbox 485 2105 2071 2186">
    <p class='ocr_par' dir='ltr' id='par_1_34' title="bbox 485 2105 2071 2186">
     <span class='ocr_line' id='line_1_34' title="bbox 485 2105 2071 2186; baseline 0 -16"><span class='ocrx_word' id='word_1_246' title='bbox 485 2115 693 2170; x_wconf 87' lang='lat' dir='ltr'><strong>consilii</strong></span> <span class='ocrx_word' id='word_1_247' title='bbox 740 2115 910 2170; x_wconf 90' lang='lat' dir='ltr'><strong>virtus</strong></span> <span class='ocrx_word' id='word_1_248' title='bbox 948 2105 1210 2185; x_wconf 81' lang='lat' dir='ltr'><strong>aperitur.</strong></span> <span class='ocrx_word' id='word_1_249' title='bbox 1245 2115 1508 2170; x_wconf 90' lang='lat' dir='ltr'><strong>Pharetra</strong></span> <span class='ocrx_word' id='word_1_250' title='bbox 1550 2115 1716 2186; x_wconf 89' lang='lat' dir='ltr'><strong>igitur</strong></span> <span class='ocrx_word' id='word_1_251' title='bbox 1755 2115 1942 2171; x_wconf 89' lang='lat' dir='ltr'><strong>clausa</strong></span> <span class='ocrx_word' id='word_1_252' title='bbox 1987 2124 2071 2171; x_wconf 90' lang='lat' dir='ltr'><strong>est</strong></span> 
     </span>
    </p>
   </div>
   <div class='ocr_carea' id='block_1_35' title="bbox 487 2207 2070 2280">
    <p class='ocr_par' dir='ltr' id='par_1_35' title="bbox 487 2207 2070 2280">
     <span class='ocr_line' id='line_1_35' title="bbox 487 2207 2070 2280; baseline 0.003 -20"><span class='ocrx_word' id='word_1_253' title='bbox 487 2207 771 2261; x_wconf 90' lang='lat' dir='ltr'><strong>consilium</strong></span> <span class='ocrx_word' id='word_1_254' title='bbox 794 2207 1085 2274; x_wconf 89' lang='lat' dir='ltr'><strong>occultum,</strong></span> <span class='ocrx_word' id='word_1_255' title='bbox 1129 2209 1222 2264; x_wconf 91' lang='lat' dir='ltr'><strong>sed</strong></span> <span class='ocrx_word' id='word_1_256' title='bbox 1263 2216 1448 2278; x_wconf 90' lang='lat' dir='ltr'><strong>aperta</strong></span> <span class='ocrx_word' id='word_1_257' title='bbox 1473 2207 1727 2278; x_wconf 86' lang='lat' dir='ltr'><strong>pharetra</strong></span> <span class='ocrx_word' id='word_1_258' title='bbox 1758 2209 2070 2280; x_wconf 84' lang='lat' dir='ltr'><strong>aﬂligimur,</strong></span> 
     </span>
    </p>
   </div>
   <div class='ocr_carea' id='block_1_36' title="bbox 487 2299 2072 2373">
    <p class='ocr_par' dir='ltr' id='par_1_36' title="bbox 487 2299 2072 2373">
     <span class='ocr_line' id='line_1_36' title="bbox 487 2299 2072 2373; baseline 0.006 -23"><span class='ocrx_word' id='word_1_259' title='bbox 487 2299 704 2368; x_wconf 88' lang='lat' dir='ltr'><strong>quando</strong></span> <span class='ocrx_word' id='word_1_260' title='bbox 753 2313 850 2368; x_wconf 87' lang='lat' dir='ltr'><strong>per</strong></span> <span class='ocrx_word' id='word_1_261' title='bbox 889 2299 942 2353; x_wconf 89' lang='lat' dir='ltr'><strong>id</strong></span> <span class='ocrx_word' id='word_1_262' title='bbox 991 2299 1132 2369; x_wconf 90' lang='lat' dir='ltr'><strong>quod</strong></span> <span class='ocrx_word' id='word_1_263' title='bbox 1168 2311 1289 2370; x_wconf 90' lang='lat' dir='ltr'><strong>post</strong></span> <span class='ocrx_word' id='word_1_264' title='bbox 1335 2299 1602 2370; x_wconf 88' lang='lat' dir='ltr'><strong>ﬂagellum</strong></span> <span class='ocrx_word' id='word_1_265' title='bbox 1650 2304 1916 2372; x_wconf 90' lang='lat' dir='ltr'><strong>sequitur,</strong></span> <span class='ocrx_word' id='word_1_266' title='bbox 1964 2319 2072 2373; x_wconf 92' lang='lat' dir='ltr'><strong>quo</strong></span> 
     </span>
    </p>
   </div>
   <div class='ocr_carea' id='block_1_37' title="bbox 489 2386 2074 2460">
    <p class='ocr_par' dir='ltr' id='par_1_37' title="bbox 489 2386 2074 2460">
     <span class='ocr_line' id='line_1_37' title="bbox 489 2386 2074 2460; baseline 0.003 -18"><span class='ocrx_word' id='word_1_267' title='bbox 489 2386 714 2442; x_wconf 89' lang='lat' dir='ltr'><strong>consilio</strong></span> <span class='ocrx_word' id='word_1_268' title='bbox 749 2386 1104 2458; x_wconf 86' lang='lat' dir='ltr'><strong>ﬂagellamur,</strong></span> <span class='ocrx_word' id='word_1_269' title='bbox 1140 2388 1408 2445; x_wconf 90' lang='lat' dir='ltr'><strong>videmus.</strong></span> <span class='ocrx_word' id='word_1_270' title='bbox 1447 2389 1647 2445; x_wconf 90' lang='lat' dir='ltr'><strong>Sancta</strong></span> <span class='ocrx_word' id='word_1_271' title='bbox 1680 2391 1846 2460; x_wconf 88' lang='lat' dir='ltr'><strong>igitur</strong></span> <span class='ocrx_word' id='word_1_272' title='bbox 1872 2392 2074 2448; x_wconf 85' lang='lat' dir='ltr'><strong>electo-</strong></span> 
     </span>
    </p>
   </div>
   <div class='ocr_carea' id='block_1_38' title="bbox 491 2479 2076 2540">
    <p class='ocr_par' dir='ltr' id='par_1_38' title="bbox 491 2479 2076 2540">
     <span class='ocr_line' id='line_1_38' title="bbox 491 2479 2076 2540; baseline 0.004 -7"><span class='ocrx_word' id='word_1_273' title='bbox 491 2495 610 2534; x_wconf 88' lang='lat' dir='ltr'><strong>rum</strong></span> <span class='ocrx_word' id='word_1_274' title='bbox 645 2479 884 2534; x_wconf 85' lang='lat' dir='ltr'><strong>Ecclesia</strong></span> <span class='ocrx_word' id='word_1_275' title='bbox 915 2480 1349 2536; x_wconf 87' lang='lat' dir='ltr'><strong>adversariorum</strong></span> <span class='ocrx_word' id='word_1_276' title='bbox 1383 2497 1546 2539; x_wconf 88' lang='lat' dir='ltr'><strong>voces</strong></span> <span class='ocrx_word' id='word_1_277' title='bbox 1582 2483 1877 2540; x_wconf 88' lang='lat' dir='ltr'><strong>insolentes</strong></span> <span class='ocrx_word' id='word_1_278' title='bbox 1911 2483 2076 2540; x_wconf 88' lang='lat' dir='ltr'><strong>susti-</strong></span> 
     </span>
    </p>
   </div>
   <div class='ocr_carea' id='block_1_39' title="bbox 491 2571 2074 2644">
    <p class='ocr_par' dir='ltr' id='par_1_39' title="bbox 491 2571 2074 2644">
     <span class='ocr_line' id='line_1_39' title="bbox 491 2571 2074 2644; baseline 0.004 -20"><span class='ocrx_word' id='word_1_279' title='bbox 491 2584 642 2634; x_wconf 90' lang='lat' dir='ltr'><strong>nens,</strong></span> <span class='ocrx_word' id='word_1_280' title='bbox 674 2571 798 2625; x_wconf 92' lang='lat' dir='ltr'><strong>dum</strong></span> <span class='ocrx_word' id='word_1_281' title='bbox 828 2572 1004 2626; x_wconf 88' lang='lat' dir='ltr'><strong>cernit</strong></span> <span class='ocrx_word' id='word_1_282' title='bbox 1023 2573 1165 2642; x_wconf 90' lang='lat' dir='ltr'><strong>quod</strong></span> <span class='ocrx_word' id='word_1_283' title='bbox 1193 2571 1311 2642; x_wconf 85' lang='lat' dir='ltr'><strong>ejus</strong></span> <span class='ocrx_word' id='word_1_284' title='bbox 1335 2573 1650 2644; x_wconf 69' lang='lat' dir='ltr'><strong>praedicatio</strong></span> <span class='ocrx_word' id='word_1_285' title='bbox 1679 2591 1786 2630; x_wconf 93' lang='lat' dir='ltr'><strong>non</strong></span> <span class='ocrx_word' id='word_1_286' title='bbox 1815 2575 2074 2643; x_wconf 87' lang='lat' dir='ltr'><strong>admittit,</strong></span> 
     </span>
    </p>
   </div>
   <div class='ocr_carea' id='block_1_40' title="bbox 489 2661 2078 2734">
    <p class='ocr_par' dir='ltr' id='par_1_40' title="bbox 489 2661 2078 2734">
     <span class='ocr_line' id='line_1_40' title="bbox 489 2661 2078 2734; baseline 0.007 -21"><span class='ocrx_word' id='word_1_287' title='bbox 489 2661 842 2728; x_wconf 88' lang='lat' dir='ltr'><strong>quorumdam</strong></span> <span class='ocrx_word' id='word_1_288' title='bbox 877 2661 1128 2718; x_wconf 88' lang='lat' dir='ltr'><strong>duritiem</strong></span> <span class='ocrx_word' id='word_1_289' title='bbox 1174 2664 1433 2720; x_wconf 85' lang='lat' dir='ltr'><strong>deserens</strong></span> <span class='ocrx_word' id='word_1_290' title='bbox 1457 2705 1473 2731; x_wconf 93' lang='lat'><strong>,</strong></span> <span class='ocrx_word' id='word_1_291' title='bbox 1513 2665 1918 2734; x_wconf 63' lang='lat' dir='ltr'><strong>prmdicationis</strong></span> <span class='ocrx_word' id='word_1_292' title='bbox 1966 2683 2078 2724; x_wconf 82' lang='lat' dir='ltr'><strong>suae</strong></span> 
     </span>
    </p>
   </div>
   <div class='ocr_carea' id='block_1_41' title="bbox 490 2751 2079 2826">
    <p class='ocr_par' dir='ltr' id='par_1_41' title="bbox 490 2751 2079 2826">
     <span class='ocr_line' id='line_1_41' title="bbox 490 2751 2079 2826; baseline 0.006 -22"><span class='ocrx_word' id='word_1_293' title='bbox 490 2752 652 2805; x_wconf 85' lang='lat' dir='ltr'><strong>verba</strong></span> <span class='ocrx_word' id='word_1_294' title='bbox 691 2751 1021 2808; x_wconf 87' lang='lat' dir='ltr'><strong>moderatur.</strong></span> <span class='ocrx_word' id='word_1_295' title='bbox 1066 2752 1411 2823; x_wconf 87' lang='lat' dir='ltr'><strong>Perpendens</strong></span> <span class='ocrx_word' id='word_1_296' title='bbox 1458 2756 1659 2810; x_wconf 89' lang='lat' dir='ltr'><strong>etenim</strong></span> <span class='ocrx_word' id='word_1_297' title='bbox 1703 2767 2079 2826; x_wconf 88' lang='lat' dir='ltr'><strong>persecutores</strong></span> 
     </span>
    </p>
   </div>
   <div class='ocr_carea' id='block_1_42' title="bbox 492 2843 2073 2910">
    <p class='ocr_par' dir='ltr' id='par_1_42' title="bbox 492 2843 2073 2910">
     <span class='ocr_line' id='line_1_42' title="bbox 492 2843 2073 2910; baseline 0.004 -12"><span class='ocrx_word' id='word_1_298' title='bbox 492 2858 621 2898; x_wconf 89' lang='lat' dir='ltr'><strong>suos</strong></span> <span class='ocrx_word' id='word_1_299' title='bbox 669 2859 735 2897; x_wconf 83' lang='lat' dir='ltr'><strong>ac</strong></span> <span class='ocrx_word' id='word_1_300' title='bbox 780 2843 1146 2900; x_wconf 86' lang='lat' dir='ltr'><strong>exhortationi</strong></span> <span class='ocrx_word' id='word_1_301' title='bbox 1208 2860 1398 2901; x_wconf 89' lang='lat' dir='ltr'><strong>vocem</strong></span> <span class='ocrx_word' id='word_1_302' title='bbox 1465 2846 1770 2904; x_wconf 90' lang='lat' dir='ltr'><strong>deteriores</strong></span> <span class='ocrx_word' id='word_1_303' title='bbox 1818 2849 2073 2910; x_wconf 87' lang='lat' dir='ltr'><strong>existere,</strong></span> 
     </span>
    </p>
   </div>
   <div class='ocr_carea' id='block_1_43' title="bbox 495 2932 2080 3013">
    <p class='ocr_par' dir='ltr' id='par_1_43' title="bbox 495 2932 2080 3013">
     <span class='ocr_line' id='line_1_43' title="bbox 495 2932 2080 3013; baseline 0.005 -28"><span class='ocrx_word' id='word_1_304' title='bbox 495 2932 669 3003; x_wconf 90' lang='lat' dir='ltr'><strong>magis</strong></span> <span class='ocrx_word' id='word_1_305' title='bbox 695 2933 842 3003; x_wconf 85' lang='lat' dir='ltr'><strong>eligit</strong></span> <span class='ocrx_word' id='word_1_306' title='bbox 881 2942 1108 3000; x_wconf 86' lang='lat' dir='ltr'><strong>tacere;</strong></span> <span class='ocrx_word' id='word_1_307' title='bbox 1152 2949 1384 3013; x_wconf 77' lang='lat' dir='ltr'><strong>cumque</strong></span> <span class='ocrx_word' id='word_1_308' title='bbox 1426 2935 1674 3008; x_wconf 87' lang='lat' dir='ltr'><strong>indignos</strong></span> <span class='ocrx_word' id='word_1_309' title='bbox 1710 2937 1801 3008; x_wconf 92' lang='lat' dir='ltr'><strong>qui</strong></span> <span class='ocrx_word' id='word_1_310' title='bbox 1853 2938 2080 2993; x_wconf 89' lang='lat' dir='ltr'><strong>audiunt</strong></span> 
     </span>
    </p>
   </div>
   <div class='ocr_carea' id='block_1_44' title="bbox 495 3025 2080 3093">
    <p class='ocr_par' dir='ltr' id='par_1_44' title="bbox 495 3025 2080 3093">
     <span class='ocr_line' id='line_1_44' title="bbox 495 3025 2080 3093; baseline 0.006 -16"><span class='ocrx_word' id='word_1_311' title='bbox 495 3025 802 3092; x_wconf 82' lang='lat' dir='ltr'><strong>conspicit,</strong></span> <span class='ocrx_word' id='word_1_312' title='bbox 860 3025 1296 3093; x_wconf 65' lang='lat' dir='ltr'><strong>praedicationem</strong></span> <span class='ocrx_word' id='word_1_313' title='bbox 1367 3042 1521 3082; x_wconf 93' lang='lat' dir='ltr'><strong>suam</strong></span> <span class='ocrx_word' id='word_1_314' title='bbox 1586 3027 1822 3086; x_wconf 89' lang='lat' dir='ltr'><strong>obducto</strong></span> <span class='ocrx_word' id='word_1_315' title='bbox 1867 3030 2080 3086; x_wconf 88' lang='lat' dir='ltr'><strong>silentio</strong></span> 
     </span>
    </p>
   </div>
   <div class='ocr_carea' id='block_1_45' title="bbox 496 3113 2082 3191">
    <p class='ocr_par' dir='ltr' id='par_1_45' title="bbox 496 3113 2082 3191">
     <span class='ocr_line' id='line_1_45' title="bbox 496 3113 2082 3191; baseline 0.006 -24"><span class='ocrx_word' id='word_1_316' title='bbox 496 3115 764 3186; x_wconf 85' lang='lat' dir='ltr'><strong>astringit.</strong></span> <span class='ocrx_word' id='word_1_317' title='bbox 811 3113 962 3170; x_wconf 88' lang='lat' dir='ltr'><strong>Unde</strong></span> <span class='ocrx_word' id='word_1_318' title='bbox 1000 3126 1126 3187; x_wconf 87' lang='lat' dir='ltr'><strong>apte</strong></span> <span class='ocrx_word' id='word_1_319' title='bbox 1163 3116 1504 3188; x_wconf 88' lang='lat' dir='ltr'><strong>subjungitur</strong></span> <span class='ocrx_word' id='word_1_320' title='bbox 1530 3136 1544 3174; x_wconf 90' lang='lat'><strong>:</strong></span> <span class='ocrx_word' id='word_1_321' title='bbox 1575 3119 1642 3173; x_wconf 84' lang='lat' dir='ltr'><strong>Et</strong></span> <span class='ocrx_word' id='word_1_322' title='bbox 1674 3120 1879 3191; x_wconf 81' lang='lat' dir='ltr'><strong>frenum</strong></span> <span class='ocrx_word' id='word_1_323' title='bbox 1909 3123 2082 3191; x_wconf 80' lang='lat' dir='ltr'><strong>posuit</strong></span> 
     </span>
    </p>
   </div>
   <div class='ocr_carea' id='block_1_46' title="bbox 495 3205 2079 3278">
    <p class='ocr_par' dir='ltr' id='par_1_46' title="bbox 495 3205 2079 3278">
     <span class='ocr_line' id='line_1_46' title="bbox 495 3205 2079 3278; baseline 0.005 -20"><span class='ocrx_word' id='word_1_324' title='bbox 495 3205 550 3258; x_wconf 83' lang='lat' dir='ltr'><strong>in</strong></span> <span class='ocrx_word' id='word_1_325' title='bbox 581 3222 637 3258; x_wconf 87' lang='lat' dir='ltr'><strong>os</strong></span> <span class='ocrx_word' id='word_1_326' title='bbox 668 3221 934 3258; x_wconf 74' lang='lat' dir='ltr'><strong>mcum.—-</strong></span> <span class='ocrx_word' id='word_1_327' title='bbox 959 3205 1037 3260; x_wconf 72' lang='lat' dir='ltr'><strong>Ac</strong></span> <span class='ocrx_word' id='word_1_328' title='bbox 1068 3207 1113 3261; x_wconf 92' lang='lat' dir='ltr'><strong>si</strong></span> <span class='ocrx_word' id='word_1_329' title='bbox 1143 3216 1327 3276; x_wconf 90' lang='lat' dir='ltr'><strong>aperte</strong></span> <span class='ocrx_word' id='word_1_330' title='bbox 1355 3207 1585 3264; x_wconf 80' lang='lat' dir='ltr'><strong>fateatur</strong></span> <span class='ocrx_word' id='word_1_331' title='bbox 1609 3211 1793 3264; x_wconf 89' lang='lat' dir='ltr'><strong>dicens</strong></span> <span class='ocrx_word' id='word_1_332' title='bbox 1819 3230 1832 3265; x_wconf 90' lang='lat'>:</span> <span class='ocrx_word' id='word_1_333' title='bbox 1862 3210 1997 3278; x_wconf 91' lang='lat' dir='ltr'><strong>Quia</strong></span> <span class='ocrx_word' id='word_1_334' title='bbox 2025 3211 2079 3266; x_wconf 91' lang='lat' dir='ltr'><strong>in</strong></span> 
     </span>
    </p>
   </div>
   <div class='ocr_carea' id='block_1_47' title="bbox 2239 2023 3722 2096">
    <p class='ocr_par' dir='ltr' id='par_1_47' title="bbox 2239 2023 3722 2096">
     <span class='ocr_line' id='line_1_47' title="bbox 2239 2023 3722 2096; baseline 0.001 -18"><span class='ocrx_word' id='word_1_335' title='bbox 2239 2023 2404 2080; x_wconf 72' lang='lat' dir='ltr'><strong>Vens.</strong></span> <span class='ocrx_word' id='word_1_336' title='bbox 2463 2025 2549 2080; x_wconf 78' lang='grc'><strong>15.</strong></span> <span class='ocrx_word' id='word_1_337' title='bbox 2613 2025 3008 2096; x_wconf 81' lang='lat' dir='ltr'><strong>Dissipaverunt</strong></span> <span class='ocrx_word' id='word_1_338' title='bbox 3057 2029 3247 2084; x_wconf 82' lang='lat' dir='ltr'><strong>itinera</strong></span> <span class='ocrx_word' id='word_1_339' title='bbox 3308 2047 3464 2095; x_wconf 88' lang='lat' dir='ltr'><strong>mea,</strong></span> <span class='ocrx_word' id='word_1_340' title='bbox 3521 2029 3722 2084; x_wconf 80' lang='lat' dir='ltr'><strong>insidiati</strong></span> 
     </span>
    </p>
   </div>
   <div class='ocr_carea' id='block_1_48' title="bbox 2169 2114 3725 2190">
    <p class='ocr_par' dir='ltr' id='par_1_48' title="bbox 2169 2114 3725 2190">
     <span class='ocr_line' id='line_1_48' title="bbox 2169 2114 3725 2190; baseline 0.003 -21"><span class='ocrx_word' id='word_1_341' title='bbox 2169 2123 2288 2169; x_wconf 86' lang='lat' dir='ltr'><strong>sunt</strong></span> <span class='ocrx_word' id='word_1_342' title='bbox 2313 2114 2440 2169; x_wconf 80' lang='lat' dir='ltr'><strong>mihi</strong></span> <span class='ocrx_word' id='word_1_343' title='bbox 2463 2125 2508 2170; x_wconf 90' lang='lat' dir='ltr'><strong>et</strong></span> <span class='ocrx_word' id='word_1_344' title='bbox 2533 2115 2940 2185; x_wconf 70' lang='lat' dir='ltr'><strong>prarvaluerunt,</strong></span> <span class='ocrx_word' id='word_1_345' title='bbox 2964 2128 3011 2172; x_wconf 84' lang='lat' dir='ltr'><strong>et</strong></span> <span class='ocrx_word' id='word_1_346' title='bbox 3039 2135 3141 2173; x_wconf 80' lang='lat' dir='ltr'><strong>non</strong></span> <span class='ocrx_word' id='word_1_347' title='bbox 3171 2120 3270 2189; x_wconf 83' lang='lat' dir='ltr'><strong>fuit</strong></span> <span class='ocrx_word' id='word_1_348' title='bbox 3303 2123 3395 2190; x_wconf 85' lang='lat' dir='ltr'><strong>qui</strong></span> <span class='ocrx_word' id='word_1_349' title='bbox 3421 2121 3573 2190; x_wconf 76' lang='lat' dir='ltr'><strong>ferret</strong></span> <span class='ocrx_word' id='word_1_350' title='bbox 3603 2122 3725 2176; x_wconf 78' lang='lat' dir='ltr'><strong>auxi-</strong></span> 
     </span>
    </p>
   </div>
   <div class='ocr_carea' id='block_1_49' title="bbox 2171 2206 3722 2282">
    <p class='ocr_par' dir='ltr' id='par_1_49' title="bbox 2171 2206 3722 2282">
     <span class='ocr_line' id='line_1_49' title="bbox 2171 2206 3722 2282; baseline 0.003 -23"><span class='ocrx_word' id='word_1_351' title='bbox 2171 2206 2320 2260; x_wconf 85' lang='lat' dir='ltr'><strong>lium.</strong></span> <span class='ocrx_word' id='word_1_352' title='bbox 2359 2237 2431 2248; x_wconf 89' lang='lat'><strong>—-</strong></span> <span class='ocrx_word' id='word_1_353' title='bbox 2467 2207 2619 2261; x_wconf 86' lang='lat' dir='ltr'><strong>Dicat</strong></span> <span class='ocrx_word' id='word_1_354' title='bbox 2655 2206 2768 2262; x_wconf 59' lang='lat' dir='ltr'><strong>haec</strong></span> <span class='ocrx_word' id='word_1_355' title='bbox 2807 2207 2997 2262; x_wconf 90' lang='lat' dir='ltr'><strong>beatus</strong></span> <span class='ocrx_word' id='word_1_356' title='bbox 3027 2206 3128 2265; x_wconf 79' lang='lat' dir='ltr'><strong>Job</strong></span> <span class='ocrx_word' id='word_1_357' title='bbox 3164 2209 3230 2264; x_wconf 91' lang='lat' dir='ltr'><strong>de</strong></span> <span class='ocrx_word' id='word_1_358' title='bbox 3266 2210 3516 2282; x_wconf 84' lang='lat' dir='ltr'><strong>malignis</strong></span> <span class='ocrx_word' id='word_1_359' title='bbox 3549 2209 3722 2280; x_wconf 66' lang='grc' dir='ltr'><strong>5ρίιίιὶ-</strong></span> 
     </span>
    </p>
   </div>
   <div class='ocr_carea' id='block_1_50' title="bbox 2172 2295 3726 2362">
    <p class='ocr_par' dir='ltr' id='par_1_50' title="bbox 2172 2295 3726 2362">
     <span class='ocr_line' id='line_1_50' title="bbox 2172 2295 3726 2362; baseline 0.003 -12"><span class='ocrx_word' id='word_1_360' title='bbox 2172 2295 2292 2362; x_wconf 90' lang='lat' dir='ltr'><strong>bus,</strong></span> <span class='ocrx_word' id='word_1_361' title='bbox 2323 2296 2574 2352; x_wconf 90' lang='lat' dir='ltr'><strong>videlicet</strong></span> <span class='ocrx_word' id='word_1_362' title='bbox 2607 2296 2852 2352; x_wconf 87' lang='lat' dir='ltr'><strong>hostibus</strong></span> <span class='ocrx_word' id='word_1_363' title='bbox 2889 2296 3137 2353; x_wconf 91' lang='lat' dir='ltr'><strong>occultis.</strong></span> <span class='ocrx_word' id='word_1_364' title='bbox 3187 2297 3342 2354; x_wconf 87' lang='lat' dir='ltr'><strong>Dicat</strong></span> <span class='ocrx_word' id='word_1_365' title='bbox 3383 2299 3620 2354; x_wconf 89' lang='lat' dir='ltr'><strong>universa</strong></span> <span class='ocrx_word' id='word_1_366' title='bbox 3647 2299 3726 2354; x_wconf 83' lang='lat' dir='ltr'><strong>Ec-</strong></span> 
     </span>
    </p>
   </div>
   <div class='ocr_carea' id='block_1_51' title="bbox 2173 2387 3726 2459">
    <p class='ocr_par' dir='ltr' id='par_1_51' title="bbox 2173 2387 3726 2459">
     <span class='ocr_line' id='line_1_51' title="bbox 2173 2387 3726 2459; baseline 0.001 -16"><span class='ocrx_word' id='word_1_367' title='bbox 2173 2387 2336 2443; x_wconf 88' lang='lat' dir='ltr'><strong>clesia</strong></span> <span class='ocrx_word' id='word_1_368' title='bbox 2361 2388 2428 2442; x_wconf 93' lang='lat' dir='ltr'><strong>de</strong></span> <span class='ocrx_word' id='word_1_369' title='bbox 2449 2388 2631 2457; x_wconf 75' lang='lat' dir='ltr'><strong>pravis</strong></span> <span class='ocrx_word' id='word_1_370' title='bbox 2673 2389 3138 2459; x_wconf 88' lang='lat' dir='ltr'><strong>persequentibus.</strong></span> <span class='ocrx_word' id='word_1_371' title='bbox 3180 2390 3392 2446; x_wconf 87' lang='lat' dir='ltr'><strong>scilicet</strong></span> <span class='ocrx_word' id='word_1_372' title='bbox 3439 2390 3726 2447; x_wconf 88' lang='lat' dir='ltr'><strong>adversariis</strong></span> 
     </span>
    </p>
   </div>
   <div class='ocr_carea' id='block_1_52' title="bbox 2177 2479 3727 2551">
    <p class='ocr_par' dir='ltr' id='par_1_52' title="bbox 2177 2479 3727 2551">
     <span class='ocr_line' id='line_1_52' title="bbox 2177 2479 3727 2551; baseline -0.001 -15"><span class='ocrx_word' id='word_1_373' title='bbox 2177 2480 2400 2550; x_wconf 89' lang='lat' dir='ltr'><strong>apertis.</strong></span> <span class='ocrx_word' id='word_1_374' title='bbox 2439 2479 2543 2549; x_wconf 83' lang='lat' dir='ltr'><strong>Ipsi</strong></span> <span class='ocrx_word' id='word_1_375' title='bbox 2575 2481 2772 2550; x_wconf 90' lang='lat' dir='ltr'><strong>quippe</strong></span> <span class='ocrx_word' id='word_1_376' title='bbox 2800 2481 2916 2550; x_wconf 88' lang='lat' dir='ltr'><strong>ejus</strong></span> <span class='ocrx_word' id='word_1_377' title='bbox 2957 2480 3151 2536; x_wconf 91' lang='lat' dir='ltr'><strong>itinera</strong></span> <span class='ocrx_word' id='word_1_378' title='bbox 3201 2482 3490 2551; x_wconf 89' lang='lat' dir='ltr'><strong>dissipant,</strong></span> <span class='ocrx_word' id='word_1_379' title='bbox 3538 2497 3648 2537; x_wconf 89' lang='lat' dir='ltr'><strong>cum</strong></span> <span class='ocrx_word' id='word_1_380' title='bbox 3685 2481 3727 2536; x_wconf 89' lang='lat' dir='ltr'><strong>in</strong></span> 
     </span>
    </p>
   </div>
   <div class='ocr_carea' id='block_1_53' title="bbox 2175 2570 3728 2642">
    <p class='ocr_par' dir='ltr' id='par_1_53' title="bbox 2175 2570 3728 2642">
     <span class='ocr_line' id='line_1_53' title="bbox 2175 2570 3728 2642; baseline -0.001 -16"><span class='ocrx_word' id='word_1_381' title='bbox 2175 2571 2531 2642; x_wconf 91' lang='lat' dir='ltr'><strong>quorumdam</strong></span> <span class='ocrx_word' id='word_1_382' title='bbox 2572 2570 2906 2626; x_wconf 89' lang='lat' dir='ltr'><strong>inﬁrmorum</strong></span> <span class='ocrx_word' id='word_1_383' title='bbox 2937 2571 3207 2628; x_wconf 90' lang='lat' dir='ltr'><strong>mentibus</strong></span> <span class='ocrx_word' id='word_1_384' title='bbox 3227 2573 3476 2628; x_wconf 83' lang='lat' dir='ltr'><strong>veritatis</strong></span> <span class='ocrx_word' id='word_1_385' title='bbox 3512 2573 3620 2627; x_wconf 87' lang='lat' dir='ltr'><strong>vias</strong></span> <span class='ocrx_word' id='word_1_386' title='bbox 3642 2571 3728 2626; x_wconf 85' lang='lat' dir='ltr'><strong>cal-</strong></span> 
     </span>
    </p>
   </div>
   <div class='ocr_carea' id='block_1_54' title="bbox 2176 2663 3727 2734">
    <p class='ocr_par' dir='ltr' id='par_1_54' title="bbox 2176 2663 3727 2734">
     <span class='ocr_line' id='line_1_54' title="bbox 2176 2663 3727 2734; baseline -0.001 -16"><span class='ocrx_word' id='word_1_387' title='bbox 2176 2663 2282 2728; x_wconf 87' lang='lat' dir='ltr'><strong>lida</strong></span> <span class='ocrx_word' id='word_1_388' title='bbox 2321 2663 2671 2734; x_wconf 84' lang='lat' dir='ltr'><strong>persuasione</strong></span> <span class='ocrx_word' id='word_1_389' title='bbox 2696 2663 3034 2733; x_wconf 88' lang='lat' dir='ltr'><strong>perturbant.</strong></span> <span class='ocrx_word' id='word_1_390' title='bbox 3072 2663 3178 2734; x_wconf 90' lang='lat' dir='ltr'><strong>lpsi</strong></span> <span class='ocrx_word' id='word_1_391' title='bbox 3210 2663 3528 2720; x_wconf 87' lang='lat' dir='ltr'><strong>insidiantes</strong></span> <span class='ocrx_word' id='word_1_392' title='bbox 3551 2677 3727 2734; x_wconf 75' lang='lat' dir='ltr'><strong>praeva-</strong></span> 
     </span>
    </p>
   </div>
   <div class='ocr_carea' id='block_1_55' title="bbox 2179 2752 3732 2823">
    <p class='ocr_par' dir='ltr' id='par_1_55' title="bbox 2179 2752 3732 2823">
     <span class='ocr_line' id='line_1_55' title="bbox 2179 2752 3732 2823; baseline -0.001 -16"><span class='ocrx_word' id='word_1_393' title='bbox 2179 2752 2312 2818; x_wconf 91' lang='lat' dir='ltr'><strong>lent,</strong></span> <span class='ocrx_word' id='word_1_394' title='bbox 2340 2769 2462 2810; x_wconf 91' lang='lat' dir='ltr'><strong>cum</strong></span> <span class='ocrx_word' id='word_1_395' title='bbox 2501 2768 2596 2809; x_wconf 89' lang='lat' dir='ltr'><strong>eos</strong></span> <span class='ocrx_word' id='word_1_396' title='bbox 2638 2768 2773 2822; x_wconf 88' lang='lat' dir='ltr'><strong>quos</strong></span> <span class='ocrx_word' id='word_1_397' title='bbox 2815 2762 3001 2823; x_wconf 89' lang='lat' dir='ltr'><strong>aperte</strong></span> <span class='ocrx_word' id='word_1_398' title='bbox 3047 2754 3115 2810; x_wconf 90' lang='lat' dir='ltr'><strong>ad</strong></span> <span class='ocrx_word' id='word_1_399' title='bbox 3157 2753 3357 2809; x_wconf 88' lang='lat' dir='ltr'><strong>malum</strong></span> <span class='ocrx_word' id='word_1_400' title='bbox 3412 2753 3618 2810; x_wconf 82' lang='lat' dir='ltr'><strong>trahere</strong></span> <span class='ocrx_word' id='word_1_401' title='bbox 3657 2769 3732 2806; x_wconf 88' lang='lat' dir='ltr'><strong>ne-</strong></span> 
     </span>
    </p>
   </div>
   <div class='ocr_carea' id='block_1_56' title="bbox 2179 2842 3730 2916">
    <p class='ocr_par' dir='ltr' id='par_1_56' title="bbox 2179 2842 3730 2916">
     <span class='ocr_line' id='line_1_56' title="bbox 2179 2842 3730 2916; baseline -0.003 -16"><span class='ocrx_word' id='word_1_402' title='bbox 2179 2852 2416 2916; x_wconf 87' lang='lat' dir='ltr'><strong>queunt,</strong></span> <span class='ocrx_word' id='word_1_403' title='bbox 2463 2844 2600 2899; x_wconf 92' lang='lat' dir='ltr'><strong>bona</strong></span> <span class='ocrx_word' id='word_1_404' title='bbox 2656 2843 2960 2899; x_wconf 90' lang='lat' dir='ltr'><strong>simulando</strong></span> <span class='ocrx_word' id='word_1_405' title='bbox 3026 2853 3358 2916; x_wconf 89' lang='lat' dir='ltr'><strong>pervertunt.</strong></span> <span class='ocrx_word' id='word_1_406' title='bbox 3421 2843 3528 2900; x_wconf 90' lang='lat' dir='ltr'><strong>Sed</strong></span> <span class='ocrx_word' id='word_1_407' title='bbox 3566 2842 3730 2898; x_wconf 90' lang='lat' dir='ltr'><strong>mirum</strong></span> 
     </span>
    </p>
   </div>
   <div class='ocr_carea' id='block_1_57' title="bbox 2179 2932 3732 3006">
    <p class='ocr_par' dir='ltr' id='par_1_57' title="bbox 2179 2932 3732 3006">
     <span class='ocr_line' id='line_1_57' title="bbox 2179 2932 3732 3006; baseline -0.002 -17"><span class='ocrx_word' id='word_1_408' title='bbox 2179 2934 2334 2991; x_wconf 87' lang='lat' dir='ltr'><strong>valde</strong></span> <span class='ocrx_word' id='word_1_409' title='bbox 2375 2935 2519 3004; x_wconf 91' lang='lat' dir='ltr'><strong>quod</strong></span> <span class='ocrx_word' id='word_1_410' title='bbox 2555 2932 2809 3003; x_wconf 88' lang='lat' dir='ltr'><strong>subjicit:</strong></span> <span class='ocrx_word' id='word_1_411' title='bbox 2840 2932 2965 2990; x_wconf 86' lang='lat' dir='ltr'><strong>Non</strong></span> <span class='ocrx_word' id='word_1_412' title='bbox 3018 2934 3116 3004; x_wconf 74' lang='lat' dir='ltr'><strong>fuit</strong></span> <span class='ocrx_word' id='word_1_413' title='bbox 3165 2935 3255 3006; x_wconf 79' lang='lat' dir='ltr'><strong>qui</strong></span> <span class='ocrx_word' id='word_1_414' title='bbox 3296 2934 3459 3005; x_wconf 82' lang='lat' dir='ltr'><strong>[erret</strong></span> <span class='ocrx_word' id='word_1_415' title='bbox 3488 2935 3732 3000; x_wconf 76' lang='lat' dir='ltr'><strong>auxilium,</strong></span> 
     </span>
    </p>
   </div>
   <div class='ocr_carea' id='block_1_58' title="bbox 2182 3022 3731 3092">
    <p class='ocr_par' dir='ltr' id='par_1_58' title="bbox 2182 3022 3731 3092">
     <span class='ocr_line' id='line_1_58' title="bbox 2182 3022 3731 3092; baseline -0.003 -11"><span class='ocrx_word' id='word_1_416' title='bbox 2182 3041 2304 3082; x_wconf 92' lang='lat' dir='ltr'><strong>cum</strong></span> <span class='ocrx_word' id='word_1_417' title='bbox 2339 3026 2404 3081; x_wconf 95' lang='lat' dir='ltr'><strong>de</strong></span> <span class='ocrx_word' id='word_1_418' title='bbox 2433 3025 2614 3080; x_wconf 91' lang='lat' dir='ltr'><strong>divino</strong></span> <span class='ocrx_word' id='word_1_419' title='bbox 2647 3022 2915 3092; x_wconf 89' lang='lat' dir='ltr'><strong>adjutorio</strong></span> <span class='ocrx_word' id='word_1_420' title='bbox 2952 3023 3236 3080; x_wconf 84' lang='lat' dir='ltr'><strong>Psalmista</strong></span> <span class='ocrx_word' id='word_1_421' title='bbox 3279 3024 3515 3080; x_wconf 88' lang='lat' dir='ltr'><strong>clamet:</strong></span> <span class='ocrx_word' id='word_1_422' title='bbox 3550 3043 3569 3078; x_wconf 86' lang='grc'><em>‹</em></span> <span class='ocrx_word' id='word_1_423' title='bbox 3593 3022 3731 3092; x_wconf 84' lang='lat' dir='ltr'><strong>Adju-</strong></span> 
     </span>
    </p>
   </div>
   <div class='ocr_carea' id='block_1_59' title="bbox 2184 3117 3731 3190">
    <p class='ocr_par' dir='ltr' id='par_1_59' title="bbox 2184 3117 3731 3190">
     <span class='ocr_line' id='line_1_59' title="bbox 2184 3117 3731 3190; baseline -0.005 -15"><span class='ocrx_word' id='word_1_424' title='bbox 2184 3130 2270 3176; x_wconf 91' lang='lat' dir='ltr'><strong>tor</strong></span> <span class='ocrx_word' id='word_1_425' title='bbox 2323 3120 2377 3174; x_wconf 92' lang='lat' dir='ltr'><strong>in</strong></span> <span class='ocrx_word' id='word_1_426' title='bbox 2433 3118 2928 3190; x_wconf 86' lang='lat' dir='ltr'><strong>opportunitatibus</strong></span> <span class='ocrx_word' id='word_1_427' title='bbox 2976 3117 3030 3172; x_wconf 93' lang='lat' dir='ltr'><strong>in</strong></span> <span class='ocrx_word' id='word_1_428' title='bbox 3082 3118 3430 3174; x_wconf 87' lang='lat' dir='ltr'><strong>tribulatione</strong></span> <span class='ocrx_word' id='word_1_429' title='bbox 3473 3117 3634 3189; x_wconf 87' lang='lat' dir='ltr'><strong>(Psal.</strong></span> <span class='ocrx_word' id='word_1_430' title='bbox 3671 3130 3731 3180; x_wconf 81' lang='grc' dir='ltr'>ιι,</span> 
     </span>
    </p>
   </div>
   <div class='ocr_carea' id='block_1_60' title="bbox 2184 3203 3732 3280">
    <p class='ocr_par' dir='ltr' id='par_1_60' title="bbox 2184 3203 3732 3280">
     <span class='ocr_line' id='line_1_60' title="bbox 2184 3203 3732 3280; baseline -0.005 -16"><span class='ocrx_word' id='word_1_431' title='bbox 2184 3209 2296 3280; x_wconf 78' lang='grc'><strong>10).</strong></span> <span class='ocrx_word' id='word_1_432' title='bbox 2329 3227 2348 3262; x_wconf 74' lang='grc' dir='ltr'><strong>ι</strong></span> <span class='ocrx_word' id='word_1_433' title='bbox 2403 3209 2519 3276; x_wconf 88' lang='lat' dir='ltr'><strong>Qua</strong></span> <span class='ocrx_word' id='word_1_434' title='bbox 2543 3209 2722 3278; x_wconf 87' lang='lat' dir='ltr'><strong>itaque</strong></span> <span class='ocrx_word' id='word_1_435' title='bbox 2749 3207 2955 3262; x_wconf 89' lang='lat' dir='ltr'><strong>ratione</strong></span> <span class='ocrx_word' id='word_1_436' title='bbox 2977 3222 3118 3262; x_wconf 88' lang='lat' dir='ltr'><strong>nunc</strong></span> <span class='ocrx_word' id='word_1_437' title='bbox 3142 3207 3361 3271; x_wconf 90' lang='lat' dir='ltr'><strong>dicitur,</strong></span> <span class='ocrx_word' id='word_1_438' title='bbox 3403 3224 3508 3263; x_wconf 78' lang='lat' dir='ltr'><strong>non</strong></span> <span class='ocrx_word' id='word_1_439' title='bbox 3543 3207 3631 3276; x_wconf 75' lang='lat' dir='ltr'><strong>fuit</strong></span> <span class='ocrx_word' id='word_1_440' title='bbox 3664 3203 3732 3276; x_wconf 80' lang='lat' dir='ltr'><strong>qui</strong></span> 
     </span>
    </p>
   </div>
   <div class='ocr_carea' id='block_1_61' title="bbox 494 3293 3734 3369">
    <p class='ocr_par' dir='ltr' id='par_1_61' title="bbox 494 3293 3734 3369">
     <span class='ocr_line' id='line_1_61' title="bbox 494 3293 3734 3369; baseline -0 -21"><span class='ocrx_word' id='word_1_441' title='bbox 494 3293 814 3362; x_wconf 89' lang='lat' dir='ltr'><strong>quibusdam</strong></span> <span class='ocrx_word' id='word_1_442' title='bbox 845 3295 1142 3365; x_wconf 82' lang='lat' dir='ltr'><strong>profectum</strong></span> <span class='ocrx_word' id='word_1_443' title='bbox 1181 3312 1284 3352; x_wconf 91' lang='lat' dir='ltr'><strong>non</strong></span> <span class='ocrx_word' id='word_1_444' title='bbox 1312 3298 1443 3363; x_wconf 85' lang='lat' dir='ltr'><strong>vidi,</strong></span> <span class='ocrx_word' id='word_1_445' title='bbox 1471 3300 1868 3368; x_wconf 68' lang='lat' dir='ltr'><strong>praedicationis</strong></span> <span class='ocrx_word' id='word_1_446' title='bbox 1898 3302 1966 3356; x_wconf 91' lang='lat' dir='ltr'><strong>ab</strong></span> <span class='ocrx_word' id='word_1_447' title='bbox 1999 3303 2078 3356; x_wconf 90' lang='lat' dir='ltr'><strong>eis</strong></span> <span class='ocrx_word' id='word_1_448' title='bbox 2106 3298 2149 3358; x_wconf 87' lang='lat' dir='ltr'><strong>C</strong></span> <span class='ocrx_word' id='word_1_449' title='bbox 2181 3299 2339 3369; x_wconf 78' lang='lat' dir='ltr'><strong>ferret</strong></span> <span class='ocrx_word' id='word_1_450' title='bbox 2394 3297 2674 3363; x_wconf 73' lang='lat' dir='ltr'><strong>auxilium,</strong></span> <span class='ocrx_word' id='word_1_451' title='bbox 2729 3295 2833 3351; x_wconf 88' lang='lat' dir='ltr'><strong>nisi</strong></span> <span class='ocrx_word' id='word_1_452' title='bbox 2883 3296 3006 3366; x_wconf 86' lang='lat' dir='ltr'><strong>quia</strong></span> <span class='ocrx_word' id='word_1_453' title='bbox 3055 3296 3396 3366; x_wconf 85' lang='lat' dir='ltr'><strong>omnipotens</strong></span> <span class='ocrx_word' id='word_1_454' title='bbox 3452 3295 3618 3360; x_wconf 89' lang='lat' dir='ltr'><strong>Deus,</strong></span> <span class='ocrx_word' id='word_1_455' title='bbox 3661 3307 3734 3348; x_wconf 85' lang='lat' dir='ltr'><strong>eos</strong></span> 
     </span>
    </p>
   </div>
   <div class='ocr_carea' id='block_1_62' title="bbox 499 3387 2081 3461">
    <p class='ocr_par' dir='ltr' id='par_1_62' title="bbox 499 3387 2081 3461">
     <span class='ocr_line' id='line_1_62' title="bbox 499 3387 2081 3461; baseline 0.004 -22"><span class='ocrx_word' id='word_1_456' title='bbox 499 3387 754 3456; x_wconf 88' lang='lat' dir='ltr'><strong>impetum</strong></span> <span class='ocrx_word' id='word_1_457' title='bbox 808 3389 1147 3458; x_wconf 85' lang='lat' dir='ltr'><strong>temperavi,</strong></span> <span class='ocrx_word' id='word_1_458' title='bbox 1199 3399 1258 3444; x_wconf 93' lang='lat' dir='ltr'><strong>ut</strong></span> <span class='ocrx_word' id='word_1_459' title='bbox 1301 3391 1470 3445; x_wconf 91' lang='lat' dir='ltr'><strong>vitam</strong></span> <span class='ocrx_word' id='word_1_460' title='bbox 1515 3405 1693 3445; x_wconf 89' lang='lat' dir='ltr'><strong>meam</strong></span> <span class='ocrx_word' id='word_1_461' title='bbox 1739 3391 1933 3446; x_wconf 90' lang='lat' dir='ltr'><strong>saltem</strong></span> <span class='ocrx_word' id='word_1_462' title='bbox 1983 3406 2081 3461; x_wconf 91' lang='lat' dir='ltr'><strong>per</strong></span> 
     </span>
    </p>
   </div>
   <div class='ocr_carea' id='block_1_63' title="bbox 499 3478 2080 3553">
    <p class='ocr_par' dir='ltr' id='par_1_63' title="bbox 499 3478 2080 3553">
     <span class='ocr_line' id='line_1_63' title="bbox 499 3478 2080 3553; baseline 0.004 -22"><span class='ocrx_word' id='word_1_463' title='bbox 499 3479 814 3548; x_wconf 88' lang='lat' dir='ltr'><strong>patientiam</strong></span> <span class='ocrx_word' id='word_1_464' title='bbox 846 3478 1140 3546; x_wconf 88' lang='lat' dir='ltr'><strong>discerent,</strong></span> <span class='ocrx_word' id='word_1_465' title='bbox 1169 3496 1292 3536; x_wconf 92' lang='lat' dir='ltr'><strong>cum</strong></span> <span class='ocrx_word' id='word_1_466' title='bbox 1321 3482 1486 3537; x_wconf 87' lang='lat' dir='ltr'><strong>verba</strong></span> <span class='ocrx_word' id='word_1_467' title='bbox 1516 3495 1637 3536; x_wconf 89' lang='lat' dir='ltr'><strong>mea</strong></span> <span class='ocrx_word' id='word_1_468' title='bbox 1663 3482 1950 3538; x_wconf 88' lang='lat' dir='ltr'><strong>admittere</strong></span> <span class='ocrx_word' id='word_1_469' title='bbox 1985 3496 2080 3553; x_wconf 90' lang='lat' dir='ltr'><strong>per</strong></span> 
     </span>
    </p>
   </div>
   <div class='ocr_carea' id='block_1_64' title="bbox 497 3569 2011 3643">
    <p class='ocr_par' dir='ltr' id='par_1_64' title="bbox 497 3569 2011 3643">
     <span class='ocr_line' id='line_1_64' title="bbox 497 3569 2011 3643; baseline 0.003 -19"><span class='ocrx_word' id='word_1_470' title='bbox 497 3569 732 3624; x_wconf 88' lang='lat' dir='ltr'><strong>oblatam</strong></span> <span class='ocrx_word' id='word_1_471' title='bbox 765 3571 1203 3640; x_wconf 74' lang='lat' dir='ltr'><strong>przedicationem</strong></span> <span class='ocrx_word' id='word_1_472' title='bbox 1235 3573 1437 3628; x_wconf 93' lang='lat' dir='ltr'><strong>nolent.</strong></span> <span class='ocrx_word' id='word_1_473' title='bbox 1472 3571 1727 3643; x_wconf 88' lang='lat' dir='ltr'><strong>Sequitur</strong></span> <span class='ocrx_word' id='word_1_474' title='bbox 1758 3590 1772 3627; x_wconf 90' lang='lat'><strong>:</strong></span> <span class='ocrx_word' id='word_1_475' title='bbox 2009 3592 2011 3594; x_wconf 88' lang='grc'>·</span> 
     </span>
    </p>
   </div>
   <div class='ocr_carea' id='block_1_65' title="bbox 572 3655 2080 3720">
    <p class='ocr_par' dir='ltr' id='par_1_65' title="bbox 572 3655 2080 3720">
     <span class='ocr_line' id='line_1_65' title="bbox 572 3655 2080 3720; baseline 0.008 -12"><span class='ocrx_word' id='word_1_476' title='bbox 572 3655 737 3714; x_wconf 71' lang='lat' dir='ltr'><strong>Vens.</strong></span> <span class='ocrx_word' id='word_1_477' title='bbox 770 3657 856 3713; x_wconf 71' lang='grc'><strong>12.</strong></span> <span class='ocrx_word' id='word_1_478' title='bbox 906 3659 992 3713; x_wconf 81' lang='lat' dir='ltr'><strong>Ad</strong></span> <span class='ocrx_word' id='word_1_479' title='bbox 1030 3661 1297 3716; x_wconf 73' lang='lat' dir='ltr'><strong>dexteram</strong></span> <span class='ocrx_word' id='word_1_480' title='bbox 1335 3662 1553 3718; x_wconf 80' lang='lat' dir='ltr'><strong>orientis</strong></span> <span class='ocrx_word' id='word_1_481' title='bbox 1585 3662 1911 3719; x_wconf 84' lang='lat' dir='ltr'><strong>calamitates</strong></span> <span class='ocrx_word' id='word_1_482' title='bbox 1951 3680 2080 3720; x_wconf 64' lang='lat' dir='ltr'><strong>mea!</strong></span> 
     </span>
    </p>
   </div>
   <div class='ocr_carea' id='block_1_66' title="bbox 497 3750 2082 3826">
    <p class='ocr_par' dir='ltr' id='par_1_66' title="bbox 497 3750 2082 3826">
     <span class='ocr_line' id='line_1_66' title="bbox 497 3750 2082 3826; baseline 0.003 -20"><span class='ocrx_word' id='word_1_483' title='bbox 497 3750 640 3806; x_wconf 85' lang='lat' dir='ltr'><strong>illico</strong></span> <span class='ocrx_word' id='word_1_484' title='bbox 691 3762 1106 3807; x_wconf 81' lang='lat' dir='ltr'><strong>resurrexerunt.</strong></span> <span class='ocrx_word' id='word_1_485' title='bbox 1147 3783 1217 3795; x_wconf 75' lang='lat'><strong>--</strong></span> <span class='ocrx_word' id='word_1_486' title='bbox 1253 3753 1334 3808; x_wconf 75' lang='lat' dir='ltr'><strong>Ad</strong></span> <span class='ocrx_word' id='word_1_487' title='bbox 1371 3753 1646 3810; x_wconf 87' lang='lat' dir='ltr'><strong>sinistram</strong></span> <span class='ocrx_word' id='word_1_488' title='bbox 1698 3755 1894 3826; x_wconf 82' lang='lat' dir='ltr'><strong>quippe</strong></span> <span class='ocrx_word' id='word_1_489' title='bbox 1936 3755 2082 3811; x_wconf 83' lang='lat' dir='ltr'><strong>cala-</strong></span> 
     </span>
    </p>
   </div>
   <div class='ocr_carea' id='block_1_67' title="bbox 501 3843 2080 3917">
    <p class='ocr_par' dir='ltr' id='par_1_67' title="bbox 501 3843 2080 3917">
     <span class='ocr_line' id='line_1_67' title="bbox 501 3843 2080 3917; baseline 0.001 -17"><span class='ocrx_word' id='word_1_490' title='bbox 501 3843 718 3900; x_wconf 86' lang='lat' dir='ltr'><strong>mitates</strong></span> <span class='ocrx_word' id='word_1_491' title='bbox 747 3851 1051 3914; x_wconf 87' lang='lat' dir='ltr'><strong>surgerent,</strong></span> <span class='ocrx_word' id='word_1_492' title='bbox 1083 3845 1129 3900; x_wconf 87' lang='lat' dir='ltr'><strong>si</strong></span> <span class='ocrx_word' id='word_1_493' title='bbox 1167 3860 1196 3898; x_wconf 92' lang='lat' dir='ltr'><strong>a</strong></span> <span class='ocrx_word' id='word_1_494' title='bbox 1226 3844 1558 3914; x_wconf 82' lang='lat' dir='ltr'><strong>quibuslibet</strong></span> <span class='ocrx_word' id='word_1_495' title='bbox 1581 3855 1736 3900; x_wconf 85' lang='lat' dir='ltr'><strong>extra</strong></span> <span class='ocrx_word' id='word_1_496' title='bbox 1765 3846 2080 3917; x_wconf 87' lang='lat' dir='ltr'><strong>religionem</strong></span> 
     </span>
    </p>
   </div>
   <div class='ocr_carea' id='block_1_68' title="bbox 498 3932 2080 4005">
    <p class='ocr_par' dir='ltr' id='par_1_68' title="bbox 498 3932 2080 4005">
     <span class='ocr_line' id='line_1_68' title="bbox 498 3932 2080 4005; baseline 0 -17"><span class='ocrx_word' id='word_1_497' title='bbox 498 3933 690 4004; x_wconf 86' lang='lat' dir='ltr'><strong>positis</strong></span> <span class='ocrx_word' id='word_1_498' title='bbox 741 3943 794 3990; x_wconf 91' lang='lat' dir='ltr'><strong>et</strong></span> <span class='ocrx_word' id='word_1_499' title='bbox 837 3944 1023 4004; x_wconf 90' lang='lat' dir='ltr'><strong>aperte</strong></span> <span class='ocrx_word' id='word_1_500' title='bbox 1069 3932 1345 3988; x_wconf 85' lang='lat' dir='ltr'><strong>Christum</strong></span> <span class='ocrx_word' id='word_1_501' title='bbox 1389 3934 1710 4005; x_wconf 85' lang='lat' dir='ltr'><strong>negantibus</strong></span> <span class='ocrx_word' id='word_1_502' title='bbox 1744 3936 2080 4004; x_wconf 87' lang='lat' dir='ltr'><strong>persecutio-</strong></span> 
     </span>
    </p>
   </div>
   <div class='ocr_carea' id='block_1_69' title="bbox 500 4023 2083 4095">
    <p class='ocr_par' dir='ltr' id='par_1_69' title="bbox 500 4023 2083 4095">
     <span class='ocr_line' id='line_1_69' title="bbox 500 4023 2083 4095; baseline 0.003 -17"><span class='ocrx_word' id='word_1_503' title='bbox 500 4025 586 4080; x_wconf 89' lang='lat' dir='ltr'><strong>nis</strong></span> <span class='ocrx_word' id='word_1_504' title='bbox 638 4026 863 4080; x_wconf 85' lang='lat' dir='ltr'><strong>adversa</strong></span> <span class='ocrx_word' id='word_1_505' title='bbox 921 4025 1233 4080; x_wconf 87' lang='lat' dir='ltr'><strong>sustineret.</strong></span> <span class='ocrx_word' id='word_1_506' title='bbox 1309 4023 1441 4078; x_wconf 92' lang='lat' dir='ltr'><strong>Cum</strong></span> <span class='ocrx_word' id='word_1_507' title='bbox 1494 4038 1622 4079; x_wconf 92' lang='lat' dir='ltr'><strong>vero</strong></span> <span class='ocrx_word' id='word_1_508' title='bbox 1681 4025 1750 4079; x_wconf 90' lang='lat' dir='ltr'><strong>ab</strong></span> <span class='ocrx_word' id='word_1_509' title='bbox 1813 4025 2083 4095; x_wconf 89' lang='lat' dir='ltr'><strong>aliquibus</strong></span> 
     </span>
    </p>
   </div>
   <div class='ocr_carea' id='block_1_70' title="bbox 500 4115 2079 4187">
    <p class='ocr_par' dir='ltr' id='par_1_70' title="bbox 500 4115 2079 4187">
     <span class='ocr_line' id='line_1_70' title="bbox 500 4115 2079 4187; baseline 0 -16"><span class='ocrx_word' id='word_1_510' title='bbox 500 4117 655 4187; x_wconf 89' lang='lat' dir='ltr'><strong>quasi</strong></span> <span class='ocrx_word' id='word_1_511' title='bbox 686 4117 932 4172; x_wconf 87' lang='lat' dir='ltr'><strong>ﬁdelibus</strong></span> <span class='ocrx_word' id='word_1_512' title='bbox 962 4117 1310 4171; x_wconf 86' lang='lat' dir='ltr'><strong>tentationem</strong></span> <span class='ocrx_word' id='word_1_513' title='bbox 1338 4115 1826 4170; x_wconf 90' lang='lat' dir='ltr'><strong>cruciamentorum</strong></span> <span class='ocrx_word' id='word_1_514' title='bbox 1857 4119 2079 4187; x_wconf 89' lang='lat' dir='ltr'><strong>patitur.</strong></span> 
     </span>
    </p>
   </div>
   <div class='ocr_carea' id='block_1_71' title="bbox 501 4205 2085 4277">
    <p class='ocr_par' dir='ltr' id='par_1_71' title="bbox 501 4205 2085 4277">
     <span class='ocr_line' id='line_1_71' title="bbox 501 4205 2085 4277; baseline 0.001 -17"><span class='ocrx_word' id='word_1_515' title='bbox 501 4209 657 4276; x_wconf 84' lang='lat' dir='ltr'><strong>quasi</strong></span> <span class='ocrx_word' id='word_1_516' title='bbox 696 4208 763 4263; x_wconf 89' lang='lat' dir='ltr'><strong>ad</strong></span> <span class='ocrx_word' id='word_1_517' title='bbox 801 4208 1077 4262; x_wconf 85' lang='lat' dir='ltr'><strong>dexteram</strong></span> <span class='ocrx_word' id='word_1_518' title='bbox 1128 4205 1200 4260; x_wconf 92' lang='lat' dir='ltr'><strong>illi</strong></span> <span class='ocrx_word' id='word_1_519' title='bbox 1250 4205 1587 4263; x_wconf 87' lang='lat' dir='ltr'><strong>calamitates</strong></span> <span class='ocrx_word' id='word_1_520' title='bbox 1636 4206 1903 4270; x_wconf 90' lang='lat' dir='ltr'><strong>oriuntur,</strong></span> <span class='ocrx_word' id='word_1_521' title='bbox 1955 4207 2085 4277; x_wconf 88' lang='lat' dir='ltr'><strong>quia</strong></span> 
     </span>
    </p>
   </div>
   <div class='ocr_carea' id='block_1_72' title="bbox 506 4297 2084 4370">
    <p class='ocr_par' dir='ltr' id='par_1_72' title="bbox 506 4297 2084 4370">
     <span class='ocr_line' id='line_1_72' title="bbox 506 4297 2084 4370; baseline 0.001 -15"><span class='ocrx_word' id='word_1_522' title='bbox 506 4301 563 4356; x_wconf 86' lang='lat' dir='ltr'><strong>hi</strong></span> <span class='ocrx_word' id='word_1_523' title='bbox 602 4299 694 4370; x_wconf 87' lang='lat' dir='ltr'><strong>qui</strong></span> <span class='ocrx_word' id='word_1_524' title='bbox 737 4299 838 4354; x_wconf 84' lang='lat' dir='ltr'><strong>sub</strong></span> <span class='ocrx_word' id='word_1_525' title='bbox 885 4297 1085 4354; x_wconf 82' lang='lat' dir='ltr'><strong>Christi</strong></span> <span class='ocrx_word' id='word_1_526' title='bbox 1133 4298 1348 4353; x_wconf 91' lang='lat' dir='ltr'><strong>nomine</strong></span> <span class='ocrx_word' id='word_1_527' title='bbox 1393 4298 1644 4362; x_wconf 91' lang='lat' dir='ltr'><strong>militant,</strong></span> <span class='ocrx_word' id='word_1_528' title='bbox 1681 4299 1881 4354; x_wconf 86' lang='lat' dir='ltr'><strong>Christi</strong></span> <span class='ocrx_word' id='word_1_529' title='bbox 1917 4301 1969 4355; x_wconf 93' lang='lat' dir='ltr'><strong>in</strong></span> <span class='ocrx_word' id='word_1_530' title='bbox 2021 4316 2084 4356; x_wconf 89' lang='lat' dir='ltr'><strong>ea</strong></span> 
     </span>
    </p>
   </div>
   <div class='ocr_carea' id='block_1_73' title="bbox 509 4388 2087 4462">
    <p class='ocr_par' dir='ltr' id='par_1_73' title="bbox 509 4388 2087 4462">
     <span class='ocr_line' id='line_1_73' title="bbox 509 4388 2087 4462; baseline 0 -15"><span class='ocrx_word' id='word_1_531' title='bbox 509 4405 704 4447; x_wconf 88' lang='lat' dir='ltr'><strong>nomen</strong></span> <span class='ocrx_word' id='word_1_532' title='bbox 762 4389 1091 4458; x_wconf 79' lang='lat' dir='ltr'><strong>impugnant.</strong></span> <span class='ocrx_word' id='word_1_533' title='bbox 1147 4388 1266 4458; x_wconf 89' lang='lat' dir='ltr'><strong>Ipso</strong></span> <span class='ocrx_word' id='word_1_534' title='bbox 1302 4390 1445 4443; x_wconf 89' lang='lat' dir='ltr'><strong>enim</strong></span> <span class='ocrx_word' id='word_1_535' title='bbox 1497 4389 1783 4446; x_wconf 89' lang='lat' dir='ltr'><strong>locutionis</strong></span> <span class='ocrx_word' id='word_1_536' title='bbox 1833 4406 1932 4446; x_wconf 91' lang='lat' dir='ltr'><strong>usu</strong></span> <span class='ocrx_word' id='word_1_537' title='bbox 1989 4407 2087 4462; x_wconf 89' lang='lat' dir='ltr'><strong>pro</strong></span> 
     </span>
    </p>
   </div>
   <div class='ocr_carea' id='block_1_74' title="bbox 509 4481 2086 4552">
    <p class='ocr_par' dir='ltr' id='par_1_74' title="bbox 509 4481 2086 4552">
     <span class='ocr_line' id='line_1_74' title="bbox 509 4481 2086 4552; baseline -0.001 -14"><span class='ocrx_word' id='word_1_538' title='bbox 509 4483 701 4538; x_wconf 86' lang='lat' dir='ltr'><strong>dextro</strong></span> <span class='ocrx_word' id='word_1_539' title='bbox 731 4483 934 4536; x_wconf 88' lang='lat' dir='ltr'><strong>habere</strong></span> <span class='ocrx_word' id='word_1_540' title='bbox 969 4481 1219 4543; x_wconf 83' lang='lat' dir='ltr'><strong>dicimus,</strong></span> <span class='ocrx_word' id='word_1_541' title='bbox 1261 4481 1402 4549; x_wconf 93' lang='lat' dir='ltr'><strong>quod</strong></span> <span class='ocrx_word' id='word_1_542' title='bbox 1430 4497 1530 4550; x_wconf 91' lang='lat' dir='ltr'><strong>pro</strong></span> <span class='ocrx_word' id='word_1_543' title='bbox 1552 4497 1744 4552; x_wconf 88' lang='lat' dir='ltr'><strong>magno</strong></span> <span class='ocrx_word' id='word_1_544' title='bbox 1775 4497 2086 4551; x_wconf 84' lang='lat' dir='ltr'><strong>pensamus,</strong></span> 
     </span>
    </p>
   </div>
   <div class='ocr_carea' id='block_1_75' title="bbox 504 4571 2089 4645">
    <p class='ocr_par' dir='ltr' id='par_1_75' title="bbox 504 4571 2089 4645">
     <span class='ocr_line' id='line_1_75' title="bbox 504 4571 2089 4645; baseline 0.001 -19"><span class='ocrx_word' id='word_1_545' title='bbox 504 4589 604 4645; x_wconf 89' lang='lat' dir='ltr'><strong>pro</strong></span> <span class='ocrx_word' id='word_1_546' title='bbox 641 4573 860 4628; x_wconf 88' lang='lat' dir='ltr'><strong>sinistro</strong></span> <span class='ocrx_word' id='word_1_547' title='bbox 886 4571 1091 4625; x_wconf 81' lang='lat' dir='ltr'><strong>veroid</strong></span> <span class='ocrx_word' id='word_1_548' title='bbox 1121 4571 1262 4640; x_wconf 92' lang='lat' dir='ltr'><strong>quod</strong></span> <span class='ocrx_word' id='word_1_549' title='bbox 1294 4571 1638 4639; x_wconf 86' lang='lat' dir='ltr'><strong>despicimus.</strong></span> <span class='ocrx_word' id='word_1_550' title='bbox 1690 4571 1840 4638; x_wconf 87' lang='lat' dir='ltr'><strong>Quod</strong></span> <span class='ocrx_word' id='word_1_551' title='bbox 1884 4573 2089 4628; x_wconf 86' lang='lat' dir='ltr'><strong>Zacha-</strong></span> 
     </span>
    </p>
   </div>
   <div class='ocr_carea' id='block_1_76' title="bbox 2178 3384 3735 3459">
    <p class='ocr_par' dir='ltr' id='par_1_76' title="bbox 2178 3384 3735 3459">
     <span class='ocr_line' id='line_1_76' title="bbox 2178 3384 3735 3459; baseline -0.003 -17"><span class='ocrx_word' id='word_1_552' title='bbox 2178 3403 2316 3459; x_wconf 89' lang='lat' dir='ltr'><strong>qnos</strong></span> <span class='ocrx_word' id='word_1_553' title='bbox 2345 3389 2396 3442; x_wconf 91' lang='lat' dir='ltr'><strong>in</strong></span> <span class='ocrx_word' id='word_1_554' title='bbox 2425 3397 2686 3443; x_wconf 75' lang='lat' dir='ltr'><strong>aeternum</strong></span> <span class='ocrx_word' id='word_1_555' title='bbox 2719 3387 2926 3458; x_wconf 89' lang='lat' dir='ltr'><strong>diligit,</strong></span> <span class='ocrx_word' id='word_1_556' title='bbox 2951 3386 3239 3457; x_wconf 87' lang='lat' dir='ltr'><strong>aliquando</strong></span> <span class='ocrx_word' id='word_1_557' title='bbox 3267 3386 3336 3441; x_wconf 90' lang='lat' dir='ltr'><strong>ad</strong></span> <span class='ocrx_word' id='word_1_558' title='bbox 3365 3395 3576 3456; x_wconf 89' lang='lat' dir='ltr'><strong>tempus</strong></span> <span class='ocrx_word' id='word_1_559' title='bbox 3602 3384 3735 3440; x_wconf 87' lang='lat' dir='ltr'><strong>relin-</strong></span> 
     </span>
    </p>
   </div>
   <div class='ocr_carea' id='block_1_77' title="bbox 2177 3475 3734 3550">
    <p class='ocr_par' dir='ltr' id='par_1_77' title="bbox 2177 3475 3734 3550">
     <span class='ocr_line' id='line_1_77' title="bbox 2177 3475 3734 3550; baseline -0.003 -19"><span class='ocrx_word' id='word_1_560' title='bbox 2177 3479 2339 3550; x_wconf 83' lang='lat' dir='ltr'><strong>quit?</strong></span> <span class='ocrx_word' id='word_1_561' title='bbox 2380 3476 2530 3534; x_wconf 89' lang='lat' dir='ltr'><strong>Unde</strong></span> <span class='ocrx_word' id='word_1_562' title='bbox 2555 3478 2816 3548; x_wconf 90' lang='lat' dir='ltr'><strong>scriptum</strong></span> <span class='ocrx_word' id='word_1_563' title='bbox 2837 3486 2921 3533; x_wconf 92' lang='lat' dir='ltr'><strong>est</strong></span> <span class='ocrx_word' id='word_1_564' title='bbox 2951 3496 2963 3532; x_wconf 88' lang='lat'><strong>:</strong></span> <span class='ocrx_word' id='word_1_565' title='bbox 3000 3496 3019 3531; x_wconf 86' lang='lat' dir='ltr'><strong>s</strong></span> <span class='ocrx_word' id='word_1_566' title='bbox 3043 3477 3124 3532; x_wconf 83' lang='lat' dir='ltr'><strong>Ad</strong></span> <span class='ocrx_word' id='word_1_567' title='bbox 3161 3485 3423 3546; x_wconf 88' lang='lat' dir='ltr'><strong>punctum</strong></span> <span class='ocrx_word' id='word_1_568' title='bbox 3463 3478 3517 3532; x_wconf 90' lang='lat' dir='ltr'><strong>in</strong></span> <span class='ocrx_word' id='word_1_569' title='bbox 3558 3475 3734 3531; x_wconf 84' lang='lat' dir='ltr'><strong>modico</strong></span> 
     </span>
    </p>
   </div>
   <div class='ocr_carea' id='block_1_78' title="bbox 2179 3566 3735 3642">
    <p class='ocr_par' dir='ltr' id='par_1_78' title="bbox 2179 3566 3735 3642">
     <span class='ocr_line' id='line_1_78' title="bbox 2179 3566 3735 3642; baseline -0.003 -17"><span class='ocrx_word' id='word_1_570' title='bbox 2179 3569 2441 3642; x_wconf 80' lang='lat' dir='ltr'><strong>dereliqui</strong></span> <span class='ocrx_word' id='word_1_571' title='bbox 2465 3579 2536 3636; x_wconf 88' lang='lat' dir='ltr'><strong>te,</strong></span> <span class='ocrx_word' id='word_1_572' title='bbox 2570 3579 2623 3625; x_wconf 90' lang='lat' dir='ltr'><strong>et</strong></span> <span class='ocrx_word' id='word_1_573' title='bbox 2659 3571 2712 3625; x_wconf 92' lang='lat' dir='ltr'><strong>in</strong></span> <span class='ocrx_word' id='word_1_574' title='bbox 2735 3569 3171 3626; x_wconf 85' lang='lat' dir='ltr'><strong>miserationibus</strong></span> <span class='ocrx_word' id='word_1_575' title='bbox 3200 3569 3411 3640; x_wconf 84' lang='lat' dir='ltr'><strong>magnis</strong></span> <span class='ocrx_word' id='word_1_576' title='bbox 3439 3566 3735 3640; x_wconf 85' lang='lat' dir='ltr'><strong>congregabo</strong></span> 
     </span>
    </p>
   </div>
   <div class='ocr_carea' id='block_1_79' title="bbox 2181 3659 3028 3732">
    <p class='ocr_par' dir='ltr' id='par_1_79' title="bbox 2181 3659 3028 3732">
     <span class='ocr_line' id='line_1_79' title="bbox 2181 3659 3028 3732; baseline -0.001 -15"><span class='ocrx_word' id='word_1_577' title='bbox 2181 3670 2234 3717; x_wconf 88' lang='lat' dir='ltr'><strong>te</strong></span> <span class='ocrx_word' id='word_1_578' title='bbox 2261 3660 2394 3732; x_wconf 84' lang='lat' dir='ltr'><strong>(Isa.</strong></span> <span class='ocrx_word' id='word_1_579' title='bbox 2425 3677 2532 3724; x_wconf 84' lang='lat' dir='ltr'><strong>LIV,</strong></span> <span class='ocrx_word' id='word_1_580' title='bbox 2562 3660 2636 3731; x_wconf 87' lang='lat'><strong>7).</strong></span> <span class='ocrx_word' id='word_1_581' title='bbox 2666 3679 2685 3713; x_wconf 82' lang='lat' dir='ltr'><strong>s</strong></span> <span class='ocrx_word' id='word_1_582' title='bbox 2731 3659 3028 3730; x_wconf 81' lang='lat' dir='ltr'><strong>Sequitur:</strong></span> 
     </span>
    </p>
   </div>
   <div class='ocr_carea' id='block_1_80' title="bbox 2252 3748 3736 3821">
    <p class='ocr_par' dir='ltr' id='par_1_80' title="bbox 2252 3748 3736 3821">
     <span class='ocr_line' id='line_1_80' title="bbox 2252 3748 3736 3821; baseline -0.004 -15"><span class='ocrx_word' id='word_1_583' title='bbox 2252 3749 2418 3806; x_wconf 65' lang='lat' dir='ltr'><strong>Vnus.</strong></span> <span class='ocrx_word' id='word_1_584' title='bbox 2444 3749 2529 3803; x_wconf 75' lang='lat' dir='ltr'><strong>ﬂ.</strong></span> <span class='ocrx_word' id='word_1_585' title='bbox 2574 3748 2742 3816; x_wconf 83' lang='lat' dir='ltr'><strong>Quasi</strong></span> <span class='ocrx_word' id='word_1_586' title='bbox 2767 3760 2916 3819; x_wconf 87' lang='lat' dir='ltr'><strong>rupto</strong></span> <span class='ocrx_word' id='word_1_587' title='bbox 2937 3765 3088 3802; x_wconf 86' lang='lat' dir='ltr'><strong>muro</strong></span> <span class='ocrx_word' id='word_1_588' title='bbox 3109 3759 3159 3804; x_wconf 87' lang='lat' dir='ltr'><strong>et</strong></span> <span class='ocrx_word' id='word_1_589' title='bbox 3180 3760 3359 3820; x_wconf 82' lang='lat' dir='ltr'><strong>aperta</strong></span> <span class='ocrx_word' id='word_1_590' title='bbox 3386 3750 3562 3821; x_wconf 71' lang='lat' dir='ltr'><strong>ianua</strong></span> <span class='ocrx_word' id='word_1_591' title='bbox 3600 3749 3736 3802; x_wconf 83' lang='lat' dir='ltr'><strong>irrue-</strong></span> 
     </span>
    </p>
   </div>
   <div class='ocr_carea' id='block_1_81' title="bbox 2181 3838 3736 3908">
    <p class='ocr_par' dir='ltr' id='par_1_81' title="bbox 2181 3838 3736 3908">
     <span class='ocr_line' id='line_1_81' title="bbox 2181 3838 3736 3908; baseline -0.001 -16"><span class='ocrx_word' id='word_1_592' title='bbox 2181 3849 2304 3892; x_wconf 82' lang='lat' dir='ltr'><strong>ruut</strong></span> <span class='ocrx_word' id='word_1_593' title='bbox 2341 3854 2501 3908; x_wconf 85' lang='lat' dir='ltr'><strong>super</strong></span> <span class='ocrx_word' id='word_1_594' title='bbox 2519 3853 2620 3902; x_wconf 85' lang='lat' dir='ltr'><strong>me,</strong></span> <span class='ocrx_word' id='word_1_595' title='bbox 2656 3847 2703 3892; x_wconf 90' lang='lat' dir='ltr'><strong>et</strong></span> <span class='ocrx_word' id='word_1_596' title='bbox 2734 3838 2804 3891; x_wconf 84' lang='lat' dir='ltr'><strong>ad</strong></span> <span class='ocrx_word' id='word_1_597' title='bbox 2829 3854 2971 3892; x_wconf 89' lang='lat' dir='ltr'><strong>meas</strong></span> <span class='ocrx_word' id='word_1_598' title='bbox 3009 3839 3247 3893; x_wconf 80' lang='lat' dir='ltr'><strong>miserias</strong></span> <span class='ocrx_word' id='word_1_599' title='bbox 3275 3839 3506 3894; x_wconf 82' lang='lat' dir='ltr'><strong>devoluti</strong></span> <span class='ocrx_word' id='word_1_600' title='bbox 3540 3846 3736 3892; x_wconf 80' lang='lat' dir='ltr'><strong>sunt.—</strong></span> 
     </span>
    </p>
   </div>
   <div class='ocr_carea' id='block_1_82' title="bbox 2182 3920 3736 3999">
    <p class='ocr_par' dir='ltr' id='par_1_82' title="bbox 2182 3920 3736 3999">
     <span class='ocr_line' id='line_1_82' title="bbox 2182 3920 3736 3999; baseline -0.004 -17"><span class='ocrx_word' id='word_1_601' title='bbox 2182 3925 2321 3995; x_wconf 91' lang='lat' dir='ltr'><strong>Quid</strong></span> <span class='ocrx_word' id='word_1_602' title='bbox 2343 3927 2446 3982; x_wconf 91' lang='lat' dir='ltr'><strong>hoc</strong></span> <span class='ocrx_word' id='word_1_603' title='bbox 2468 3927 2588 3981; x_wconf 93' lang='lat' dir='ltr'><strong>loco</strong></span> <span class='ocrx_word' id='word_1_604' title='bbox 2617 3926 2756 3980; x_wconf 89' lang='lat' dir='ltr'><strong>muri</strong></span> <span class='ocrx_word' id='word_1_605' title='bbox 2784 3926 3024 3993; x_wconf 86' lang='lat' dir='ltr'><strong>nomine,</strong></span> <span class='ocrx_word' id='word_1_606' title='bbox 3064 3926 3166 3982; x_wconf 89' lang='lat' dir='ltr'><strong>nisi</strong></span> <span class='ocrx_word' id='word_1_607' title='bbox 3199 3926 3528 3999; x_wconf 84' lang='lat' dir='ltr'><strong>Redemptor</strong></span> <span class='ocrx_word' id='word_1_608' title='bbox 3553 3920 3736 3980; x_wconf 89' lang='lat' dir='ltr'><strong>humani</strong></span> 
     </span>
    </p>
   </div>
   <div class='ocr_carea' id='block_1_83' title="bbox 2183 4012 3736 4090">
    <p class='ocr_par' dir='ltr' id='par_1_83' title="bbox 2183 4012 3736 4090">
     <span class='ocr_line' id='line_1_83' title="bbox 2183 4012 3736 4090; baseline -0.005 -18"><span class='ocrx_word' id='word_1_609' title='bbox 2183 4016 2396 4090; x_wconf 87' lang='lat' dir='ltr'><strong>generis</strong></span> <span class='ocrx_word' id='word_1_610' title='bbox 2442 4017 2783 4088; x_wconf 86' lang='lat' dir='ltr'><strong>appellatur?</strong></span> <span class='ocrx_word' id='word_1_611' title='bbox 2833 4017 2910 4072; x_wconf 92' lang='lat' dir='ltr'><strong>De</strong></span> <span class='ocrx_word' id='word_1_612' title='bbox 2959 4032 3066 4088; x_wconf 89' lang='lat' dir='ltr'><strong>quo</strong></span> <span class='ocrx_word' id='word_1_613' title='bbox 3123 4031 3222 4088; x_wconf 91' lang='lat' dir='ltr'><strong>pro</strong></span> <span class='ocrx_word' id='word_1_614' title='bbox 3272 4027 3476 4073; x_wconf 80' lang='lat' dir='ltr'><strong>sanctae</strong></span> <span class='ocrx_word' id='word_1_615' title='bbox 3521 4012 3736 4072; x_wconf 76' lang='lat' dir='ltr'><strong>Ecclesia</strong></span> 
     </span>
    </p>
   </div>
   <div class='ocr_carea' id='block_1_84' title="bbox 2183 4106 3736 4181">
    <p class='ocr_par' dir='ltr' id='par_1_84' title="bbox 2183 4106 3736 4181">
     <span class='ocr_line' id='line_1_84' title="bbox 2183 4106 3736 4181; baseline -0.007 -15"><span class='ocrx_word' id='word_1_616' title='bbox 2183 4109 2538 4166; x_wconf 64' lang='lat' dir='ltr'><strong>aediﬁcatione</strong></span> <span class='ocrx_word' id='word_1_617' title='bbox 2573 4123 2672 4181; x_wconf 88' lang='lat' dir='ltr'><strong>per</strong></span> <span class='ocrx_word' id='word_1_618' title='bbox 2710 4109 3026 4180; x_wconf 81' lang='lat' dir='ltr'><strong>prophetam</strong></span> <span class='ocrx_word' id='word_1_619' title='bbox 3066 4109 3302 4165; x_wconf 87' lang='lat' dir='ltr'><strong>dicitur:</strong></span> <span class='ocrx_word' id='word_1_620' title='bbox 3332 4128 3350 4160; x_wconf 74' lang='grc' dir='ltr'><strong>ι</strong></span> <span class='ocrx_word' id='word_1_621' title='bbox 3383 4108 3599 4164; x_wconf 87' lang='lat' dir='ltr'><strong>Ponitur</strong></span> <span class='ocrx_word' id='word_1_622' title='bbox 3620 4106 3665 4160; x_wconf 91' lang='lat' dir='ltr'><strong>in</strong></span> <span class='ocrx_word' id='word_1_623' title='bbox 3687 4114 3736 4156; x_wconf 83' lang='lat' dir='ltr'><strong>ea</strong></span> 
     </span>
    </p>
   </div>
   <div class='ocr_carea' id='block_1_85' title="bbox 2185 4191 3735 4272">
    <p class='ocr_par' dir='ltr' id='par_1_85' title="bbox 2185 4191 3735 4272">
     <span class='ocr_line' id='line_1_85' title="bbox 2185 4191 3735 4272; baseline -0.009 -13"><span class='ocrx_word' id='word_1_624' title='bbox 2185 4216 2372 4259; x_wconf 84' lang='lat' dir='ltr'><strong>murus</strong></span> <span class='ocrx_word' id='word_1_625' title='bbox 2418 4209 2473 4257; x_wconf 89' lang='lat' dir='ltr'><strong>et</strong></span> <span class='ocrx_word' id='word_1_626' title='bbox 2515 4199 2849 4255; x_wconf 89' lang='lat' dir='ltr'><strong>antemurale</strong></span> <span class='ocrx_word' id='word_1_627' title='bbox 2905 4199 3038 4272; x_wconf 85' lang='lat' dir='ltr'><strong>(Isa.</strong></span> <span class='ocrx_word' id='word_1_628' title='bbox 3093 4213 3240 4264; x_wconf 77' lang='lat' dir='ltr'><strong>xxvr,</strong></span> <span class='ocrx_word' id='word_1_629' title='bbox 3289 4199 3365 4269; x_wconf 75' lang='grc'><strong>1).</strong></span> <span class='ocrx_word' id='word_1_630' title='bbox 3397 4218 3418 4251; x_wconf 75' lang='grc' dir='ltr'><strong>ι</strong></span> <span class='ocrx_word' id='word_1_631' title='bbox 3465 4195 3567 4253; x_wconf 88' lang='lat' dir='ltr'><strong>Sed</strong></span> <span class='ocrx_word' id='word_1_632' title='bbox 3612 4191 3735 4263; x_wconf 79' lang='lat' dir='ltr'><strong>quasi</strong></span> 
     </span>
    </p>
   </div>
   <div class='ocr_carea' id='block_1_86' title="bbox 2187 4286 3735 4361">
    <p class='ocr_par' dir='ltr' id='par_1_86' title="bbox 2187 4286 3735 4361">
     <span class='ocr_line' id='line_1_86' title="bbox 2187 4286 3735 4361; baseline -0.008 -11"><span class='ocrx_word' id='word_1_633' title='bbox 2187 4309 2376 4351; x_wconf 92' lang='lat' dir='ltr'><strong>murus</strong></span> <span class='ocrx_word' id='word_1_634' title='bbox 2397 4293 2685 4361; x_wconf 87' lang='lat' dir='ltr'><strong>rumpitur,</strong></span> <span class='ocrx_word' id='word_1_635' title='bbox 2707 4305 2828 4347; x_wconf 90' lang='lat' dir='ltr'><strong>cum</strong></span> <span class='ocrx_word' id='word_1_636' title='bbox 2852 4305 3138 4360; x_wconf 90' lang='lat' dir='ltr'><strong>pravorum</strong></span> <span class='ocrx_word' id='word_1_637' title='bbox 3163 4290 3594 4361; x_wconf 88' lang='lat' dir='ltr'><strong>persuasionibus</strong></span> <span class='ocrx_word' id='word_1_638' title='bbox 3613 4286 3735 4347; x_wconf 87' lang='lat' dir='ltr'><strong>ﬁdes,</strong></span> 
     </span>
    </p>
   </div>
   <div class='ocr_carea' id='block_1_87' title="bbox 2188 4373 3736 4454">
    <p class='ocr_par' dir='ltr' id='par_1_87' title="bbox 2188 4373 3736 4454">
     <span class='ocr_line' id='line_1_87' title="bbox 2188 4373 3736 4454; baseline -0.008 -16"><span class='ocrx_word' id='word_1_639' title='bbox 2188 4399 2308 4454; x_wconf 75' lang='lat' dir='ltr'><strong>qua:</strong></span> <span class='ocrx_word' id='word_1_640' title='bbox 2337 4385 2390 4438; x_wconf 92' lang='lat' dir='ltr'><strong>in</strong></span> <span class='ocrx_word' id='word_1_641' title='bbox 2419 4381 2777 4452; x_wconf 81' lang='lat' dir='ltr'><strong>Redemptore</strong></span> <span class='ocrx_word' id='word_1_642' title='bbox 2808 4391 2997 4435; x_wconf 91' lang='lat' dir='ltr'><strong>nostro</strong></span> <span class='ocrx_word' id='word_1_643' title='bbox 3022 4389 3124 4445; x_wconf 90' lang='lat' dir='ltr'><strong>est,</strong></span> <span class='ocrx_word' id='word_1_644' title='bbox 3152 4381 3204 4434; x_wconf 94' lang='lat' dir='ltr'><strong>in</strong></span> <span class='ocrx_word' id='word_1_645' title='bbox 3233 4379 3581 4450; x_wconf 89' lang='lat' dir='ltr'><strong>quorumdam</strong></span> <span class='ocrx_word' id='word_1_646' title='bbox 3605 4373 3736 4431; x_wconf 79' lang='lat' dir='ltr'><strong>cordo</strong></span> 
     </span>
    </p>
   </div>
   <div class='ocr_carea' id='block_1_88' title="bbox 2190 4469 3736 4546">
    <p class='ocr_par' dir='ltr' id='par_1_88' title="bbox 2190 4469 3736 4546">
     <span class='ocr_line' id='line_1_88' title="bbox 2190 4469 3736 4546; baseline -0.012 -14"><span class='ocrx_word' id='word_1_647' title='bbox 2190 4476 2504 4546; x_wconf 88' lang='lat' dir='ltr'><strong>dissipatur.</strong></span> <span class='ocrx_word' id='word_1_648' title='bbox 2559 4472 2802 4543; x_wconf 89' lang='lat' dir='ltr'><strong>Cumque</strong></span> <span class='ocrx_word' id='word_1_649' title='bbox 2829 4470 3098 4540; x_wconf 86' lang='lat' dir='ltr'><strong>perversis</strong></span> <span class='ocrx_word' id='word_1_650' title='bbox 3142 4470 3197 4524; x_wconf 93' lang='lat' dir='ltr'><strong>in</strong></span> <span class='ocrx_word' id='word_1_651' title='bbox 3246 4469 3347 4524; x_wconf 91' lang='lat' dir='ltr'><strong>hac</strong></span> <span class='ocrx_word' id='word_1_652' title='bbox 3385 4469 3491 4524; x_wconf 91' lang='lat' dir='ltr'><strong>vita</strong></span> <span class='ocrx_word' id='word_1_653' title='bbox 3538 4472 3736 4538; x_wconf 85' lang='lat' dir='ltr'><strong>potestas</strong></span> 
     </span>
    </p>
   </div>
   <div class='ocr_carea' id='block_1_89' title="bbox 2194 4549 3737 4636">
    <p class='ocr_par' dir='ltr' id='par_1_89' title="bbox 2194 4549 3737 4636">
     <span class='ocr_line' id='line_1_89' title="bbox 2194 4549 3737 4636; baseline -0.013 -14"><span class='ocrx_word' id='word_1_654' title='bbox 2194 4567 2469 4631; x_wconf 89' lang='lat' dir='ltr'><strong>tribuitur,</strong></span> <span class='ocrx_word' id='word_1_655' title='bbox 2502 4564 2630 4636; x_wconf 89' lang='lat' dir='ltr'><strong>quid</strong></span> <span class='ocrx_word' id='word_1_656' title='bbox 2659 4563 2802 4617; x_wconf 91' lang='lat' dir='ltr'><strong>aliud</strong></span> <span class='ocrx_word' id='word_1_657' title='bbox 2841 4577 3000 4632; x_wconf 91' lang='lat' dir='ltr'><strong>quam</strong></span> <span class='ocrx_word' id='word_1_658' title='bbox 3041 4561 3207 4632; x_wconf 92' lang='lat' dir='ltr'><strong>janua</strong></span> <span class='ocrx_word' id='word_1_659' title='bbox 3255 4560 3456 4616; x_wconf 91' lang='lat' dir='ltr'><strong>erroris</strong></span> <span class='ocrx_word' id='word_1_660' title='bbox 3491 4549 3737 4628; x_wconf 76' lang='lat' dir='ltr'><strong>aperitur?</strong></span> 
     </span>
    </p>
   </div>
   <div class='ocr_carea' id='block_1_90' title="bbox 505 4635 3736 4735">
    <p class='ocr_par' dir='ltr' id='par_1_90' title="bbox 505 4635 3736 4735">
     <span class='ocr_line' id='line_1_90' title="bbox 505 4635 3736 4735; baseline -0.007 -14"><span class='ocrx_word' id='word_1_661' title='bbox 505 4635 616 4721; x_wconf 71' lang='lat' dir='ltr'><strong>rias</strong></span> <span class='ocrx_word' id='word_1_662' title='bbox 640 4673 823 4735; x_wconf 90' lang='lat' dir='ltr'><strong>aperte</strong></span> <span class='ocrx_word' id='word_1_663' title='bbox 851 4664 1109 4729; x_wconf 90' lang='lat' dir='ltr'><strong>insinuat,</strong></span> <span class='ocrx_word' id='word_1_664' title='bbox 1137 4663 1324 4718; x_wconf 87' lang='lat' dir='ltr'><strong>dicens</strong></span> <span class='ocrx_word' id='word_1_665' title='bbox 1351 4681 1362 4716; x_wconf 94' lang='lat'>:</span> <span class='ocrx_word' id='word_1_666' title='bbox 1399 4682 1416 4713; x_wconf 76' lang='grc' dir='ltr'><strong>ι</strong></span> <span class='ocrx_word' id='word_1_667' title='bbox 1446 4663 1510 4716; x_wconf 84' lang='lat' dir='ltr'><strong>Et</strong></span> <span class='ocrx_word' id='word_1_668' title='bbox 1551 4664 1786 4719; x_wconf 86' lang='lat' dir='ltr'><strong>ostendit</strong></span> <span class='ocrx_word' id='word_1_669' title='bbox 1827 4666 1956 4720; x_wconf 88' lang='lat' dir='ltr'><strong>mihi</strong></span> <span class='ocrx_word' id='word_1_670' title='bbox 1992 4667 2093 4722; x_wconf 86' lang='lat' dir='ltr'><strong>Do-</strong></span> <span class='ocrx_word' id='word_1_671' title='bbox 2119 4635 2171 4697; x_wconf 78' lang='lat' dir='ltr'><strong>D</strong></span> <span class='ocrx_word' id='word_1_672' title='bbox 2196 4660 2358 4728; x_wconf 90' lang='lat' dir='ltr'><strong>Quasi</strong></span> <span class='ocrx_word' id='word_1_673' title='bbox 2391 4668 2548 4729; x_wconf 91' lang='lat' dir='ltr'><strong>rupto</strong></span> <span class='ocrx_word' id='word_1_674' title='bbox 2582 4672 2709 4728; x_wconf 87' lang='lat' dir='ltr'><strong>ergo</strong></span> <span class='ocrx_word' id='word_1_675' title='bbox 2739 4669 2894 4710; x_wconf 91' lang='lat' dir='ltr'><strong>muro</strong></span> <span class='ocrx_word' id='word_1_676' title='bbox 2911 4662 2965 4708; x_wconf 90' lang='lat' dir='ltr'><strong>et</strong></span> <span class='ocrx_word' id='word_1_677' title='bbox 2987 4663 3171 4724; x_wconf 89' lang='lat' dir='ltr'><strong>aperta</strong></span> <span class='ocrx_word' id='word_1_678' title='bbox 3196 4650 3364 4720; x_wconf 76' lang='lat' dir='ltr'><strong>ianua</strong></span> <span class='ocrx_word' id='word_1_679' title='bbox 3409 4665 3566 4722; x_wconf 88' lang='lat' dir='ltr'><strong>super</strong></span> <span class='ocrx_word' id='word_1_680' title='bbox 3601 4647 3736 4700; x_wconf 77' lang='lat' dir='ltr'><strong>bonos</strong></span> 
     </span>
    </p>
   </div>
   <div class='ocr_carea' id='block_1_91' title="bbox 506 4757 2085 4828">
    <p class='ocr_par' dir='ltr' id='par_1_91' title="bbox 506 4757 2085 4828">
     <span class='ocr_line' id='line_1_91' title="bbox 506 4757 2085 4828; baseline 0.001 -15"><span class='ocrx_word' id='word_1_681' title='bbox 506 4758 685 4813; x_wconf 85' lang='lat' dir='ltr'><strong>minus</strong></span> <span class='ocrx_word' id='word_1_682' title='bbox 735 4757 1072 4812; x_wconf 87' lang='lat' dir='ltr'><strong>sacerdotem</strong></span> <span class='ocrx_word' id='word_1_683' title='bbox 1122 4769 1375 4826; x_wconf 91' lang='lat' dir='ltr'><strong>magnum</strong></span> <span class='ocrx_word' id='word_1_684' title='bbox 1426 4764 1658 4810; x_wconf 90' lang='lat' dir='ltr'><strong>stantem</strong></span> <span class='ocrx_word' id='word_1_685' title='bbox 1688 4771 1871 4812; x_wconf 86' lang='lat' dir='ltr'><strong>coram</strong></span> <span class='ocrx_word' id='word_1_686' title='bbox 1904 4759 2085 4828; x_wconf 84' lang='lat' dir='ltr'><strong>angelo</strong></span> 
     </span>
    </p>
   </div>
   <div class='ocr_carea' id='block_1_92' title="bbox 506 4846 2094 4916">
    <p class='ocr_par' dir='ltr' id='par_1_92' title="bbox 506 4846 2094 4916">
     <span class='ocr_line' id='line_1_92' title="bbox 506 4846 2094 4916; baseline -0.001 -11"><span class='ocrx_word' id='word_1_687' title='bbox 506 4851 742 4914; x_wconf 90' lang='lat' dir='ltr'><strong>Domini,</strong></span> <span class='ocrx_word' id='word_1_688' title='bbox 767 4859 822 4904; x_wconf 84' lang='lat' dir='ltr'><strong>et</strong></span> <span class='ocrx_word' id='word_1_689' title='bbox 847 4848 1012 4903; x_wconf 90' lang='lat' dir='ltr'><strong>Satan</strong></span> <span class='ocrx_word' id='word_1_690' title='bbox 1039 4849 1217 4903; x_wconf 89' lang='lat' dir='ltr'><strong>stabat</strong></span> <span class='ocrx_word' id='word_1_691' title='bbox 1245 4863 1274 4902; x_wconf 90' lang='lat' dir='ltr'><strong>a</strong></span> <span class='ocrx_word' id='word_1_692' title='bbox 1301 4847 1505 4902; x_wconf 78' lang='lat' dir='ltr'><strong>dextris</strong></span> <span class='ocrx_word' id='word_1_693' title='bbox 1551 4846 1686 4916; x_wconf 88' lang='lat' dir='ltr'><strong>ejus,</strong></span> <span class='ocrx_word' id='word_1_694' title='bbox 1736 4856 1794 4903; x_wconf 92' lang='lat' dir='ltr'><strong>ut</strong></span> <span class='ocrx_word' id='word_1_695' title='bbox 1838 4849 2094 4904; x_wconf 86' lang='lat' dir='ltr'><strong>adversa-</strong></span> 
     </span>
    </p>
   </div>
   <div class='ocr_carea' id='block_1_93' title="bbox 506 4938 2092 5010">
    <p class='ocr_par' dir='ltr' id='par_1_93' title="bbox 506 4938 2092 5010">
     <span class='ocr_line' id='line_1_93' title="bbox 506 4938 2092 5010; baseline 0.001 -15"><span class='ocrx_word' id='word_1_696' title='bbox 506 4951 656 4996; x_wconf 83' lang='lat' dir='ltr'><strong>retur</strong></span> <span class='ocrx_word' id='word_1_697' title='bbox 701 4941 749 4995; x_wconf 90' lang='lat' dir='ltr'><strong>ei</strong></span> <span class='ocrx_word' id='word_1_698' title='bbox 792 4938 979 5009; x_wconf 82' lang='lat' dir='ltr'><strong>(Zach.</strong></span> <span class='ocrx_word' id='word_1_699' title='bbox 1034 4955 1128 5005; x_wconf 86' lang='grc' dir='ltr'>ιιι,</span> <span class='ocrx_word' id='word_1_700' title='bbox 1184 4938 1258 5010; x_wconf 82' lang='grc'><strong>1).</strong></span> <span class='ocrx_word' id='word_1_701' title='bbox 1293 4959 1311 4991; x_wconf 72' lang='grc' dir='ltr'><strong>ι</strong></span> <span class='ocrx_word' id='word_1_702' title='bbox 1372 4939 1516 4994; x_wconf 87' lang='lat' dir='ltr'><strong>Bene</strong></span> <span class='ocrx_word' id='word_1_703' title='bbox 1563 4948 1741 4994; x_wconf 88' lang='lat' dir='ltr'><strong>autem</strong></span> <span class='ocrx_word' id='word_1_704' title='bbox 1805 4939 1920 4995; x_wconf 72' lang='lat' dir='ltr'><strong>haec</strong></span> <span class='ocrx_word' id='word_1_705' title='bbox 1976 4941 2092 5010; x_wconf 88' lang='lat' dir='ltr'><strong>ipsa</strong></span> 
     </span>
    </p>
   </div>
   <div class='ocr_carea' id='block_1_94' title="bbox 504 5018 2128 5101">
    <p class='ocr_par' dir='ltr' id='par_1_94' title="bbox 504 5018 2128 5101">
     <span class='ocr_line' id='line_1_94' title="bbox 504 5018 2128 5101; baseline 0 -15"><span class='ocrx_word' id='word_1_706' title='bbox 504 5031 698 5086; x_wconf 89' lang='lat' dir='ltr'><strong>dextra</strong></span> <span class='ocrx_word' id='word_1_707' title='bbox 728 5032 950 5086; x_wconf 89' lang='lat' dir='ltr'><strong>orientis</strong></span> <span class='ocrx_word' id='word_1_708' title='bbox 984 5038 1226 5085; x_wconf 89' lang='lat' dir='ltr'><strong>vocatur.</strong></span> <span class='ocrx_word' id='word_1_709' title='bbox 1279 5031 1352 5084; x_wconf 93' lang='lat' dir='ltr'><strong>De</strong></span> <span class='ocrx_word' id='word_1_710' title='bbox 1385 5031 1500 5100; x_wconf 91' lang='lat' dir='ltr'><strong>ipso</strong></span> <span class='ocrx_word' id='word_1_711' title='bbox 1541 5030 1737 5099; x_wconf 92' lang='lat' dir='ltr'><strong>quippe</strong></span> <span class='ocrx_word' id='word_1_712' title='bbox 1773 5030 1889 5101; x_wconf 86' lang='lat' dir='ltr'><strong>ejus</strong></span> <span class='ocrx_word' id='word_1_713' title='bbox 1919 5018 2128 5100; x_wconf 43' lang='lat' dir='ltr'><strong>capite.</strong></span> 
     </span>
    </p>
   </div>
   <div class='ocr_carea' id='block_1_95' title="bbox 505 5118 2091 5192">
    <p class='ocr_par' dir='ltr' id='par_1_95' title="bbox 505 5118 2091 5192">
     <span class='ocr_line' id='line_1_95' title="bbox 505 5118 2091 5192; baseline -0.004 -13"><span class='ocrx_word' id='word_1_714' title='bbox 505 5124 767 5192; x_wconf 86' lang='lat' dir='ltr'><strong>scriptum</strong></span> <span class='ocrx_word' id='word_1_715' title='bbox 817 5131 942 5178; x_wconf 89' lang='lat' dir='ltr'><strong>est:</strong></span> <span class='ocrx_word' id='word_1_716' title='bbox 979 5140 997 5173; x_wconf 72' lang='grc' dir='ltr'><strong>ε</strong></span> <span class='ocrx_word' id='word_1_717' title='bbox 1029 5122 1220 5177; x_wconf 87' lang='lat' dir='ltr'><strong>Oriens</strong></span> <span class='ocrx_word' id='word_1_718' title='bbox 1254 5129 1337 5175; x_wconf 90' lang='lat' dir='ltr'><strong>est</strong></span> <span class='ocrx_word' id='word_1_719' title='bbox 1371 5134 1566 5175; x_wconf 89' lang='lat' dir='ltr'><strong>nomen</strong></span> <span class='ocrx_word' id='word_1_720' title='bbox 1619 5119 1735 5190; x_wconf 87' lang='lat' dir='ltr'><strong>ejus</strong></span> <span class='ocrx_word' id='word_1_721' title='bbox 1785 5118 1968 5191; x_wconf 77' lang='lat' dir='ltr'><strong>(Zacli.</strong></span> <span class='ocrx_word' id='word_1_722' title='bbox 2015 5135 2091 5185; x_wconf 80' lang='lat' dir='ltr'><strong>Vl,</strong></span> 
     </span>
    </p>
   </div>
   <div class='ocr_carea' id='block_1_96' title="bbox 507 5211 2097 5286">
    <p class='ocr_par' dir='ltr' id='par_1_96' title="bbox 507 5211 2097 5286">
     <span class='ocr_line' id='line_1_96' title="bbox 507 5211 2097 5286; baseline -0.003 -15"><span class='ocrx_word' id='word_1_723' title='bbox 507 5215 621 5286; x_wconf 67' lang='lat'>1&#39;2).</span> <span class='ocrx_word' id='word_1_724' title='bbox 659 5234 678 5266; x_wconf 66' lang='grc' dir='ltr'><strong><em>μ</em></strong></span> <span class='ocrx_word' id='word_1_725' title='bbox 743 5213 876 5269; x_wconf 79' lang='lat' dir='ltr'><strong>Nam</strong></span> <span class='ocrx_word' id='word_1_726' title='bbox 908 5216 1032 5286; x_wconf 86' lang='lat' dir='ltr'><strong>quia</strong></span> <span class='ocrx_word' id='word_1_727' title='bbox 1066 5215 1134 5270; x_wconf 93' lang='lat' dir='ltr'><strong>ab</strong></span> <span class='ocrx_word' id='word_1_728' title='bbox 1163 5215 1370 5269; x_wconf 89' lang='lat' dir='ltr'><strong>oriente</strong></span> <span class='ocrx_word' id='word_1_729' title='bbox 1395 5214 1484 5268; x_wconf 93' lang='lat' dir='ltr'><strong>lux</strong></span> <span class='ocrx_word' id='word_1_730' title='bbox 1511 5213 1702 5284; x_wconf 89' lang='lat' dir='ltr'><strong>surgit,</strong></span> <span class='ocrx_word' id='word_1_731' title='bbox 1736 5220 1879 5267; x_wconf 85' lang='lat' dir='ltr'><strong>recte</strong></span> <span class='ocrx_word' id='word_1_732' title='bbox 1904 5211 2097 5267; x_wconf 88' lang='lat' dir='ltr'><strong>Oriens</strong></span> 
     </span>
    </p>
   </div>
   <div class='ocr_carea' id='block_1_97' title="bbox 509 5305 2092 5342">
    <p class='ocr_par' dir='ltr' id='par_1_97' title="bbox 509 5305 2092 5342">
     <span class='ocr_line' id='line_1_97' title="bbox 509 5305 2092 5342; baseline -0.001 0"><span class='ocrx_word' id='word_1_733' title='bbox 509 5307 708 5342; x_wconf 61' lang='grc' dir='ltr'>λὲηἶιιηι</span> <span class='ocrx_word' id='word_1_734' title='bbox 770 5306 919 5342; x_wconf 66' lang='lat' dir='ltr'><strong>mni-sc</strong></span> <span class='ocrx_word' id='word_1_735' title='bbox 973 5307 1189 5342; x_wconf 70' lang='grc' dir='ltr'>ἶιιοοῖίῖιη</span> <span class='ocrx_word' id='word_1_736' title='bbox 1225 5307 1424 5342; x_wconf 61' lang='lat' dir='ltr'><strong>iunxi-sa</strong></span> <span class='ocrx_word' id='word_1_737' title='bbox 1465 5316 1662 5342; x_wconf 66' lang='lat' dir='ltr'><strong>nnclwn</strong></span> <span class='ocrx_word' id='word_1_738' title='bbox 1690 5305 1966 5342; x_wconf 66' lang='grc' dir='ltr'>ἷηῖιιαιίιῖτι</span> <span class='ocrx_word' id='word_1_739' title='bbox 1991 5319 2092 5340; x_wconf 70' lang='lat' dir='ltr'><strong>nnv</strong></span> 
     </span>
    </p>
   </div>
   <div class='ocr_carea' id='block_1_98' title="bbox 2195 4739 3738 4815">
    <p class='ocr_par' dir='ltr' id='par_1_98' title="bbox 2195 4739 3738 4815">
     <span class='ocr_line' id='line_1_98' title="bbox 2195 4739 3738 4815; baseline -0.007 -10"><span class='ocrx_word' id='word_1_740' title='bbox 2195 4752 2321 4806; x_wconf 87' lang='lat' dir='ltr'><strong>mali</strong></span> <span class='ocrx_word' id='word_1_741' title='bbox 2381 4751 2593 4804; x_wconf 88' lang='lat' dir='ltr'><strong>irruunt</strong></span> <span class='ocrx_word' id='word_1_742' title='bbox 2619 4788 2634 4813; x_wconf 96' lang='lat'><strong>,</strong></span> <span class='ocrx_word' id='word_1_743' title='bbox 2677 4761 2798 4801; x_wconf 87' lang='lat' dir='ltr'><strong>cum</strong></span> <span class='ocrx_word' id='word_1_744' title='bbox 2839 4753 3057 4815; x_wconf 88' lang='lat' dir='ltr'><strong>accepta</strong></span> <span class='ocrx_word' id='word_1_745' title='bbox 3107 4742 3470 4813; x_wconf 89' lang='lat' dir='ltr'><strong>temporaliter</strong></span> <span class='ocrx_word' id='word_1_746' title='bbox 3506 4739 3738 4810; x_wconf 70' lang='lat' dir='ltr'><strong>potesla“</strong></span> 
     </span>
    </p>
   </div>
   <div class='ocr_carea' id='block_1_99' title="bbox 2193 4831 3734 4914">
    <p class='ocr_par' dir='ltr' id='par_1_99' title="bbox 2193 4831 3734 4914">
     <span class='ocr_line' id='line_1_99' title="bbox 2193 4831 3734 4914; baseline -0.015 -17"><span class='ocrx_word' id='word_1_747' title='bbox 2193 4839 2434 4914; x_wconf 88' lang='lat' dir='ltr'><strong>perversi</strong></span> <span class='ocrx_word' id='word_1_748' title='bbox 2469 4839 2582 4908; x_wconf 90' lang='lat' dir='ltr'><strong>ipsa</strong></span> <span class='ocrx_word' id='word_1_749' title='bbox 2611 4852 2823 4906; x_wconf 89' lang='lat' dir='ltr'><strong>quoque</strong></span> <span class='ocrx_word' id='word_1_750' title='bbox 2846 4837 2897 4890; x_wconf 94' lang='lat' dir='ltr'><strong>in</strong></span> <span class='ocrx_word' id='word_1_751' title='bbox 2927 4835 3282 4906; x_wconf 86' lang='lat' dir='ltr'><strong>quorumdam</strong></span> <span class='ocrx_word' id='word_1_752' title='bbox 3314 4834 3474 4888; x_wconf 91' lang='lat' dir='ltr'><strong>corde</strong></span> <span class='ocrx_word' id='word_1_753' title='bbox 3499 4831 3734 4886; x_wconf 83' lang='lat' dir='ltr'><strong>destruere</strong></span> 
     </span>
    </p>
   </div>
   <div class='ocr_carea' id='block_1_100' title="bbox 2195 4915 3731 4994">
    <p class='ocr_par' dir='ltr' id='par_1_100' title="bbox 2195 4915 3731 4994">
     <span class='ocr_line' id='line_1_100' title="bbox 2195 4915 3731 4994; baseline -0.016 -8"><span class='ocrx_word' id='word_1_754' title='bbox 2195 4932 2490 4988; x_wconf 89' lang='lat' dir='ltr'><strong>munimina</strong></span> <span class='ocrx_word' id='word_1_755' title='bbox 2521 4929 2642 4984; x_wconf 88' lang='lat' dir='ltr'><strong>ﬁdei</strong></span> <span class='ocrx_word' id='word_1_756' title='bbox 2680 4936 2966 4983; x_wconf 89' lang='lat' dir='ltr'><strong>conantur.</strong></span> <span class='ocrx_word' id='word_1_757' title='bbox 3011 4925 3087 4979; x_wconf 91' lang='lat' dir='ltr'><strong>De</strong></span> <span class='ocrx_word' id='word_1_758' title='bbox 3109 4925 3302 4994; x_wconf 87' lang='lat' dir='ltr'><strong>quibus</strong></span> <span class='ocrx_word' id='word_1_759' title='bbox 3331 4932 3512 4991; x_wconf 89' lang='lat' dir='ltr'><strong>aperte</strong></span> <span class='ocrx_word' id='word_1_760' title='bbox 3535 4915 3731 4972; x_wconf 90' lang='lat' dir='ltr'><strong>dicitur:</strong></span> 
     </span>
    </p>
   </div>
   <div class='ocr_carea' id='block_1_101' title="bbox 2198 5003 3732 5080">
    <p class='ocr_par' dir='ltr' id='par_1_101' title="bbox 2198 5003 3732 5080">
     <span class='ocr_line' id='line_1_101' title="bbox 2198 5003 3732 5080; baseline -0.014 -4"><span class='ocrx_word' id='word_1_761' title='bbox 2198 5021 2264 5078; x_wconf 86' lang='lat' dir='ltr'><strong>Et</strong></span> <span class='ocrx_word' id='word_1_762' title='bbox 2311 5023 2381 5076; x_wconf 80' lang='lat' dir='ltr'><strong>ad</strong></span> <span class='ocrx_word' id='word_1_763' title='bbox 2413 5037 2553 5076; x_wconf 88' lang='lat' dir='ltr'><strong>mens</strong></span> <span class='ocrx_word' id='word_1_764' title='bbox 2601 5019 2837 5073; x_wconf 85' lang='lat' dir='ltr'><strong>miserias</strong></span> <span class='ocrx_word' id='word_1_765' title='bbox 2878 5015 3103 5070; x_wconf 83' lang='lat' dir='ltr'><strong>devoluti</strong></span> <span class='ocrx_word' id='word_1_766' title='bbox 3141 5025 3280 5071; x_wconf 85' lang='lat' dir='ltr'><strong>sunt.</strong></span> <span class='ocrx_word' id='word_1_767' title='bbox 3349 5012 3482 5080; x_wconf 90' lang='lat' dir='ltr'><strong>Quia</strong></span> <span class='ocrx_word' id='word_1_768' title='bbox 3525 5003 3732 5062; x_wconf 79' lang='lat' dir='ltr'><strong>videlicet</strong></span> 
     </span>
    </p>
   </div>
   <div class='ocr_carea' id='block_1_102' title="bbox 2200 5087 3732 5189">
    <p class='ocr_par' dir='ltr' id='par_1_102' title="bbox 2200 5087 3732 5189">
     <span class='ocr_line' id='line_1_102' title="bbox 2200 5087 3732 5189; baseline -0.018 -17"><span class='ocrx_word' id='word_1_769' title='bbox 2200 5117 2357 5189; x_wconf 87' lang='lat' dir='ltr'><strong>prius</strong></span> <span class='ocrx_word' id='word_1_770' title='bbox 2409 5112 2478 5168; x_wconf 92' lang='lat' dir='ltr'><strong>ad</strong></span> <span class='ocrx_word' id='word_1_771' title='bbox 2531 5127 2674 5168; x_wconf 88' lang='lat' dir='ltr'><strong>suas.</strong></span> <span class='ocrx_word' id='word_1_772' title='bbox 2750 5109 2861 5164; x_wconf 84' lang='lat' dir='ltr'><strong>Nisi</strong></span> <span class='ocrx_word' id='word_1_773' title='bbox 2921 5109 3065 5163; x_wconf 90' lang='lat' dir='ltr'><strong>enim</strong></span> <span class='ocrx_word' id='word_1_774' title='bbox 3126 5120 3376 5176; x_wconf 87' lang='lat' dir='ltr'><strong>perverse</strong></span> <span class='ocrx_word' id='word_1_775' title='bbox 3436 5098 3642 5157; x_wconf 89' lang='lat' dir='ltr'><strong>vivendo</strong></span> <span class='ocrx_word' id='word_1_776' title='bbox 3680 5087 3732 5146; x_wconf 87' lang='lat' dir='ltr'><strong>ad</strong></span> 
     </span>
    </p>
   </div>
   <div class='ocr_carea' id='block_1_103' title="bbox 2201 5193 3732 5276">
    <p class='ocr_par' dir='ltr' id='par_1_103' title="bbox 2201 5193 3732 5276">
     <span class='ocr_line' id='line_1_103' title="bbox 2201 5193 3732 5276; baseline -0.016 -14"><span class='ocrx_word' id='word_1_777' title='bbox 2201 5222 2328 5262; x_wconf 89' lang='lat' dir='ltr'><strong>suas</strong></span> <span class='ocrx_word' id='word_1_778' title='bbox 2355 5204 2600 5258; x_wconf 88' lang='lat' dir='ltr'><strong>miserias</strong></span> <span class='ocrx_word' id='word_1_779' title='bbox 2630 5200 2906 5261; x_wconf 87' lang='lat' dir='ltr'><strong>caderent,</strong></span> <span class='ocrx_word' id='word_1_780' title='bbox 2936 5210 3275 5265; x_wconf 91' lang='lat' dir='ltr'><strong>nequaquam</strong></span> <span class='ocrx_word' id='word_1_781' title='bbox 3310 5193 3375 5247; x_wconf 86' lang='lat' dir='ltr'><strong>ad</strong></span> <span class='ocrx_word' id='word_1_782' title='bbox 3411 5206 3500 5247; x_wconf 89' lang='lat' dir='ltr'><strong>eas</strong></span> <span class='ocrx_word' id='word_1_783' title='bbox 3533 5193 3732 5276; x_wconf 53' lang='lat' dir='ltr'><strong>postulo:</strong></span> 
     </span>
    </p>
   </div>
   <div class='ocr_carea' id='block_1_104' title="bbox 2202 5275 3731 5340">
    <p class='ocr_par' dir='ltr' id='par_1_104' title="bbox 2202 5275 3731 5340">
     <span class='ocr_line' id='line_1_104' title="bbox 2202 5275 3731 5340; baseline -0.008 0"><span class='ocrx_word' id='word_1_784' title='bbox 2202 5295 2327 5340; x_wconf 79' lang='lat' dir='ltr'><strong>dum</strong></span> <span class='ocrx_word' id='word_1_785' title='bbox 2357 5302 2412 5340; x_wconf 70' lang='lat' dir='ltr'><strong>et</strong></span> <span class='ocrx_word' id='word_1_786' title='bbox 2439 5292 2572 5338; x_wconf 79' lang='lat' dir='ltr'><strong>alios</strong></span> <span class='ocrx_word' id='word_1_787' title='bbox 2601 5288 2905 5338; x_wconf 87' lang='lat' dir='ltr'><strong>suaderent.</strong></span> <span class='ocrx_word' id='word_1_788' title='bbox 2954 5285 3136 5336; x_wconf 88' lang='lat' dir='ltr'><strong>Potest</strong></span> <span class='ocrx_word' id='word_1_789' title='bbox 3159 5296 3370 5336; x_wconf 84' lang='lat' dir='ltr'><strong>auonue</strong></span> <span class='ocrx_word' id='word_1_790' title='bbox 3399 5275 3731 5334; x_wconf 79' lang='lat' dir='ltr'><strong>intellittitnuﬂ</strong></span> 
     </span>
    </p>
   </div>
  </div>
