  <div class='ocr_page' id='page_1' title='image "/cluster/home/n/w/nwhite01/storage/ocr_20150623/133/hvd.32044010035673/180.png"; bbox 0 0 3948 5398; ppageno 0'>
   <div class='ocr_carea' id='block_1_1' title="bbox 271 261 386 321">
    <p class='ocr_par' dir='ltr' id='par_1_1' title="bbox 271 261 386 321">
     <span class='ocr_line' id='line_1_1' title="bbox 271 261 386 321; baseline 0.026 -3"><span class='ocrx_word' id='word_1_1' title='bbox 271 261 386 321; x_wconf 71' lang='lat'><strong>355</strong></span> 
     </span>
    </p>
   </div>
   <div class='ocr_carea' id='block_1_2' title="bbox 1048 253 2822 316">
    <p class='ocr_par' dir='ltr' id='par_1_2' title="bbox 1048 253 2822 316">
     <span class='ocr_line' id='line_1_2' title="bbox 1048 253 2822 316; baseline -0.005 0"><span class='ocrx_word' id='word_1_2' title='bbox 1048 257 1348 316; x_wconf 66' lang='lat' dir='ltr'><strong>EPITOHE</strong></span> <span class='ocrx_word' id='word_1_3' title='bbox 1385 255 1749 314; x_wconf 75' lang='lat' dir='ltr'><strong>MORALIUM</strong></span> <span class='ocrx_word' id='word_1_4' title='bbox 1789 255 1846 311; x_wconf 83' lang='lat' dir='ltr'><strong>S.</strong></span> <span class='ocrx_word' id='word_1_5' title='bbox 1884 253 2090 311; x_wconf 83' lang='lat' dir='ltr'><strong>GREG.</strong></span> <span class='ocrx_word' id='word_1_6' title='bbox 2130 253 2198 310; x_wconf 78' lang='grc' dir='ltr'><strong>ΙΝ</strong></span> <span class='ocrx_word' id='word_1_7' title='bbox 2231 255 2375 314; x_wconf 76' lang='lat' dir='ltr'><strong>JOB.</strong></span> <span class='ocrx_word' id='word_1_8' title='bbox 2415 285 2485 298; x_wconf 91' lang='lat'><strong>-—-</strong></span> <span class='ocrx_word' id='word_1_9' title='bbox 2533 254 2663 312; x_wconf 85' lang='lat' dir='ltr'><strong>LIB.</strong></span> <span class='ocrx_word' id='word_1_10' title='bbox 2703 255 2822 311; x_wconf 78' lang='lat' dir='ltr'><strong>XX.</strong></span> 
     </span>
    </p>
   </div>
   <div class='ocr_carea' id='block_1_3' title="bbox 3425 261 3532 318">
    <p class='ocr_par' dir='ltr' id='par_1_3' title="bbox 3425 261 3532 318">
     <span class='ocr_line' id='line_1_3' title="bbox 3425 261 3532 318; baseline 0 0"><span class='ocrx_word' id='word_1_11' title='bbox 3425 261 3532 318; x_wconf 65' lang='lat'><strong>554</strong></span> 
     </span>
    </p>
   </div>
   <div class='ocr_carea' id='block_1_4' title="bbox 265 369 3536 450">
    <p class='ocr_par' dir='ltr' id='par_1_4' title="bbox 265 369 3536 450">
     <span class='ocr_line' id='line_1_4' title="bbox 265 369 3536 450; baseline 0.002 -22"><span class='ocrx_word' id='word_1_12' title='bbox 265 374 354 429; x_wconf 78' lang='lat' dir='ltr'><strong>vel</strong></span> <span class='ocrx_word' id='word_1_13' title='bbox 403 386 694 446; x_wconf 85' lang='lat' dir='ltr'><strong>pravorum</strong></span> <span class='ocrx_word' id='word_1_14' title='bbox 749 369 1026 429; x_wconf 80' lang='lat' dir='ltr'><strong>hominum</strong></span> <span class='ocrx_word' id='word_1_15' title='bbox 1070 373 1424 444; x_wconf 83' lang='lat' dir='ltr'><strong>persuasione</strong></span> <span class='ocrx_word' id='word_1_16' title='bbox 1463 373 1654 430; x_wconf 88' lang='lat' dir='ltr'><strong>callida</strong></span> <span class='ocrx_word' id='word_1_17' title='bbox 1695 372 1856 427; x_wconf 85' lang='lat' dir='ltr'><strong>disci-</strong></span> <span class='ocrx_word' id='word_1_18' title='bbox 1883 378 1933 437; x_wconf 75' lang='grc' dir='ltr'>Α</span> <span class='ocrx_word' id='word_1_19' title='bbox 1959 370 2070 425; x_wconf 83' lang='grc' dir='ltr'><strong>Ιυω</strong></span> <span class='ocrx_word' id='word_1_20' title='bbox 2119 369 2417 425; x_wconf 88' lang='lat' dir='ltr'><strong>circumdat</strong></span> <span class='ocrx_word' id='word_1_21' title='bbox 2462 370 2753 437; x_wconf 75' lang='lat' dir='ltr'><strong>induentis,</strong></span> <span class='ocrx_word' id='word_1_22' title='bbox 2783 369 2982 426; x_wconf 88' lang='lat' dir='ltr'><strong>collum</strong></span> <span class='ocrx_word' id='word_1_23' title='bbox 3011 384 3139 430; x_wconf 79' lang='lat' dir='ltr'><strong>vero</strong></span> <span class='ocrx_word' id='word_1_24' title='bbox 3166 385 3290 430; x_wconf 90' lang='lat' dir='ltr'><strong>cum</strong></span> <span class='ocrx_word' id='word_1_25' title='bbox 3314 377 3536 450; x_wconf 78' lang='lat' dir='ltr'><strong>stringi-</strong></span> 
     </span>
    </p>
   </div>
   <div class='ocr_carea' id='block_1_5' title="bbox 263 463 1744 535">
    <p class='ocr_par' dir='ltr' id='par_1_5' title="bbox 263 463 1744 535">
     <span class='ocr_line' id='line_1_5' title="bbox 263 463 1744 535; baseline -0.001 -17"><span class='ocrx_word' id='word_1_26' title='bbox 263 463 429 535; x_wconf 72' lang='lat' dir='ltr'><strong>plinaa</strong></span> <span class='ocrx_word' id='word_1_27' title='bbox 456 463 754 518; x_wconf 84' lang='lat' dir='ltr'><strong>munimina</strong></span> <span class='ocrx_word' id='word_1_28' title='bbox 784 464 840 518; x_wconf 90' lang='lat' dir='ltr'><strong>in</strong></span> <span class='ocrx_word' id='word_1_29' title='bbox 871 466 1032 519; x_wconf 91' lang='lat' dir='ltr'><strong>corde</strong></span> <span class='ocrx_word' id='word_1_30' title='bbox 1053 465 1399 534; x_wconf 78' lang='lat' dir='ltr'><strong>dissipantur.</strong></span> <span class='ocrx_word' id='word_1_31' title='bbox 1441 464 1701 534; x_wconf 74' lang='lat' dir='ltr'><strong>Sequitur</strong></span> <span class='ocrx_word' id='word_1_32' title='bbox 1729 481 1744 518; x_wconf 91' lang='lat'><strong>:</strong></span> 
     </span>
    </p>
   </div>
   <div class='ocr_carea' id='block_1_6' title="bbox 340 551 1854 622">
    <p class='ocr_par' dir='ltr' id='par_1_6' title="bbox 340 551 1854 622">
     <span class='ocr_line' id='line_1_6' title="bbox 340 551 1854 622; baseline 0.001 -16"><span class='ocrx_word' id='word_1_33' title='bbox 340 551 509 608; x_wconf 69' lang='lat' dir='ltr'><strong>Vens.</strong></span> <span class='ocrx_word' id='word_1_34' title='bbox 543 553 630 607; x_wconf 79' lang='grc'><strong>15.</strong></span> <span class='ocrx_word' id='word_1_35' title='bbox 669 552 930 606; x_wconf 80' lang='lat' dir='ltr'><strong>Reductus</strong></span> <span class='ocrx_word' id='word_1_36' title='bbox 951 568 1069 607; x_wconf 87' lang='lat' dir='ltr'><strong>sum</strong></span> <span class='ocrx_word' id='word_1_37' title='bbox 1098 554 1154 607; x_wconf 89' lang='lat' dir='ltr'><strong>in</strong></span> <span class='ocrx_word' id='word_1_38' title='bbox 1182 553 1423 608; x_wconf 76' lang='lat' dir='ltr'><strong>nihilum.</strong></span> <span class='ocrx_word' id='word_1_39' title='bbox 1445 583 1515 594; x_wconf 96' lang='lat'><strong><em>—</em></strong></span> <span class='ocrx_word' id='word_1_40' title='bbox 1536 553 1689 622; x_wconf 85' lang='lat' dir='ltr'><strong>Apud</strong></span> <span class='ocrx_word' id='word_1_41' title='bbox 1711 553 1854 608; x_wconf 58' lang='lat' dir='ltr'><strong>aesti-</strong></span> 
     </span>
    </p>
   </div>
   <div class='ocr_carea' id='block_1_7' title="bbox 263 641 1851 715">
    <p class='ocr_par' dir='ltr' id='par_1_7' title="bbox 263 641 1851 715">
     <span class='ocr_line' id='line_1_7' title="bbox 263 641 1851 715; baseline 0.001 -19"><span class='ocrx_word' id='word_1_42' title='bbox 263 641 566 696; x_wconf 87' lang='lat' dir='ltr'><strong>mationem</strong></span> <span class='ocrx_word' id='word_1_43' title='bbox 609 641 804 712; x_wconf 83' lang='lat' dir='ltr'><strong>quippe</strong></span> <span class='ocrx_word' id='word_1_44' title='bbox 851 643 1116 698; x_wconf 88' lang='lat' dir='ltr'><strong>malorum</strong></span> <span class='ocrx_word' id='word_1_45' title='bbox 1164 643 1219 698; x_wconf 91' lang='lat' dir='ltr'><strong>in</strong></span> <span class='ocrx_word' id='word_1_46' title='bbox 1271 643 1497 699; x_wconf 82' lang='lat' dir='ltr'><strong>nihilum</strong></span> <span class='ocrx_word' id='word_1_47' title='bbox 1537 643 1851 715; x_wconf 77' lang='lat' dir='ltr'><strong>redigimur,</strong></span> 
     </span>
    </p>
   </div>
   <div class='ocr_carea' id='block_1_8' title="bbox 264 732 1852 803">
    <p class='ocr_par' dir='ltr' id='par_1_8' title="bbox 264 732 1852 803">
     <span class='ocr_line' id='line_1_8' title="bbox 264 732 1852 803; baseline 0.003 -20"><span class='ocrx_word' id='word_1_48' title='bbox 264 732 498 801; x_wconf 80' lang='lat' dir='ltr'><strong>quando</strong></span> <span class='ocrx_word' id='word_1_49' title='bbox 535 746 598 786; x_wconf 88' lang='lat' dir='ltr'><strong>ea</strong></span> <span class='ocrx_word' id='word_1_50' title='bbox 655 747 774 801; x_wconf 62' lang='lat' dir='ltr'><strong>qua:</strong></span> <span class='ocrx_word' id='word_1_51' title='bbox 816 733 917 802; x_wconf 87' lang='lat' dir='ltr'><strong>ipsi</strong></span> <span class='ocrx_word' id='word_1_52' title='bbox 965 733 1118 803; x_wconf 88' lang='lat' dir='ltr'><strong>quasi</strong></span> <span class='ocrx_word' id='word_1_53' title='bbox 1167 748 1377 788; x_wconf 90' lang='lat' dir='ltr'><strong>summa</strong></span> <span class='ocrx_word' id='word_1_54' title='bbox 1421 733 1670 803; x_wconf 86' lang='lat' dir='ltr'><strong>diligunt,</strong></span> <span class='ocrx_word' id='word_1_55' title='bbox 1715 736 1852 790; x_wconf 89' lang='lat' dir='ltr'><strong>bona</strong></span> 
     </span>
    </p>
   </div>
   <div class='ocr_carea' id='block_1_9' title="bbox 265 819 1854 894">
    <p class='ocr_par' dir='ltr' id='par_1_9' title="bbox 265 819 1854 894">
     <span class='ocr_line' id='line_1_9' title="bbox 265 819 1854 894; baseline 0.004 -22"><span class='ocrx_word' id='word_1_56' title='bbox 265 819 586 888; x_wconf 75' lang='lat' dir='ltr'><strong>temporalia</strong></span> <span class='ocrx_word' id='word_1_57' title='bbox 615 836 721 874; x_wconf 91' lang='lat' dir='ltr'><strong>non</strong></span> <span class='ocrx_word' id='word_1_58' title='bbox 759 829 1021 877; x_wconf 87' lang='lat' dir='ltr'><strong>tenemus.</strong></span> <span class='ocrx_word' id='word_1_59' title='bbox 1077 821 1368 893; x_wconf 88' lang='lat' dir='ltr'><strong>Sequitur:</strong></span> <span class='ocrx_word' id='word_1_60' title='bbox 1403 823 1676 879; x_wconf 82' lang='lat' dir='ltr'><strong>Abstulisti</strong></span> <span class='ocrx_word' id='word_1_61' title='bbox 1703 825 1854 894; x_wconf 87' lang='lat' dir='ltr'><strong>quasi</strong></span> 
     </span>
    </p>
   </div>
   <div class='ocr_carea' id='block_1_10' title="bbox 264 907 1856 984">
    <p class='ocr_par' dir='ltr' id='par_1_10' title="bbox 264 907 1856 984">
     <span class='ocr_line' id='line_1_10' title="bbox 264 907 1856 984; baseline 0.006 -26"><span class='ocrx_word' id='word_1_62' title='bbox 264 917 450 961; x_wconf 72' lang='lat' dir='ltr'><strong>ventus</strong></span> <span class='ocrx_word' id='word_1_63' title='bbox 489 907 808 961; x_wconf 73' lang='lat' dir='ltr'><strong>desiderium</strong></span> <span class='ocrx_word' id='word_1_64' title='bbox 846 910 1343 967; x_wconf 81' lang='lat' dir='ltr'><strong>meum.—Fidelis</strong></span> <span class='ocrx_word' id='word_1_65' title='bbox 1383 915 1581 983; x_wconf 88' lang='lat' dir='ltr'><strong>quippe</strong></span> <span class='ocrx_word' id='word_1_66' title='bbox 1627 913 1856 984; x_wconf 89' lang='lat' dir='ltr'><strong>populus</strong></span> 
     </span>
    </p>
   </div>
   <div class='ocr_carea' id='block_1_11' title="bbox 262 997 1851 1075">
    <p class='ocr_par' dir='ltr' id='par_1_11' title="bbox 262 997 1851 1075">
     <span class='ocr_line' id='line_1_11' title="bbox 262 997 1851 1075; baseline 0.007 -25"><span class='ocrx_word' id='word_1_67' title='bbox 262 1012 327 1050; x_wconf 89' lang='lat' dir='ltr'><strong>se</strong></span> <span class='ocrx_word' id='word_1_68' title='bbox 359 997 470 1066; x_wconf 89' lang='lat' dir='ltr'><strong>pati</strong></span> <span class='ocrx_word' id='word_1_69' title='bbox 509 998 810 1064; x_wconf 71' lang='lat' dir='ltr'><strong>denuntiat,</strong></span> <span class='ocrx_word' id='word_1_70' title='bbox 853 1003 994 1069; x_wconf 90' lang='lat' dir='ltr'><strong>quod</strong></span> <span class='ocrx_word' id='word_1_71' title='bbox 1022 1017 1116 1058; x_wconf 91' lang='lat' dir='ltr'><strong>eos</strong></span> <span class='ocrx_word' id='word_1_72' title='bbox 1145 1017 1282 1072; x_wconf 91' lang='lat' dir='ltr'><strong>quos</strong></span> <span class='ocrx_word' id='word_1_73' title='bbox 1326 1004 1501 1073; x_wconf 81' lang='lat' dir='ltr'><strong>diligit</strong></span> <span class='ocrx_word' id='word_1_74' title='bbox 1537 1006 1647 1075; x_wconf 90' lang='lat' dir='ltr'><strong>pati</strong></span> <span class='ocrx_word' id='word_1_75' title='bbox 1689 1006 1851 1061; x_wconf 89' lang='lat' dir='ltr'><strong>dolet.</strong></span> 
     </span>
    </p>
   </div>
   <div class='ocr_carea' id='block_1_12' title="bbox 266 1087 1858 1168">
    <p class='ocr_par' dir='ltr' id='par_1_12' title="bbox 266 1087 1858 1168">
     <span class='ocr_line' id='line_1_12' title="bbox 266 1087 1858 1168; baseline 0.008 -28"><span class='ocrx_word' id='word_1_76' title='bbox 266 1087 477 1142; x_wconf 80' lang='lat' dir='ltr'><strong>Ventus</strong></span> <span class='ocrx_word' id='word_1_77' title='bbox 535 1103 666 1158; x_wconf 77' lang='lat' dir='ltr'><strong>ergo</strong></span> <span class='ocrx_word' id='word_1_78' title='bbox 719 1089 1042 1146; x_wconf 86' lang='lat' dir='ltr'><strong>desiderium</strong></span> <span class='ocrx_word' id='word_1_79' title='bbox 1098 1091 1252 1157; x_wconf 89' lang='lat' dir='ltr'><strong>tollit,</strong></span> <span class='ocrx_word' id='word_1_80' title='bbox 1307 1108 1428 1148; x_wconf 91' lang='lat' dir='ltr'><strong>cum</strong></span> <span class='ocrx_word' id='word_1_81' title='bbox 1473 1110 1560 1150; x_wconf 90' lang='lat' dir='ltr'><strong>res</strong></span> <span class='ocrx_word' id='word_1_82' title='bbox 1606 1097 1858 1168; x_wconf 66' lang='lat' dir='ltr'><strong>quaelibet</strong></span> 
     </span>
    </p>
   </div>
   <div class='ocr_carea' id='block_1_13' title="bbox 267 1175 1858 1249">
    <p class='ocr_par' dir='ltr' id='par_1_13' title="bbox 267 1175 1858 1249">
     <span class='ocr_line' id='line_1_13' title="bbox 267 1175 1858 1249; baseline 0.008 -21"><span class='ocrx_word' id='word_1_83' title='bbox 267 1175 584 1230; x_wconf 85' lang='lat' dir='ltr'><strong>transitoria</strong></span> <span class='ocrx_word' id='word_1_84' title='bbox 609 1177 928 1233; x_wconf 82' lang='lat' dir='ltr'><strong>aeternitatis</strong></span> <span class='ocrx_word' id='word_1_85' title='bbox 951 1181 1244 1249; x_wconf 88' lang='lat' dir='ltr'><strong>appetitum</strong></span> <span class='ocrx_word' id='word_1_86' title='bbox 1271 1183 1529 1248; x_wconf 90' lang='lat' dir='ltr'><strong>destruit,</strong></span> <span class='ocrx_word' id='word_1_87' title='bbox 1557 1184 1648 1240; x_wconf 92' lang='lat' dir='ltr'><strong>ubi</strong></span> <span class='ocrx_word' id='word_1_88' title='bbox 1681 1187 1858 1242; x_wconf 86' lang='lat' dir='ltr'><strong>adhuc</strong></span> 
     </span>
    </p>
   </div>
   <div class='ocr_carea' id='block_1_14' title="bbox 266 1267 1858 1344">
    <p class='ocr_par' dir='ltr' id='par_1_14' title="bbox 266 1267 1858 1344">
     <span class='ocr_line' id='line_1_14' title="bbox 266 1267 1858 1344; baseline 0.006 -22"><span class='ocrx_word' id='word_1_89' title='bbox 266 1281 510 1338; x_wconf 75' lang='lat' dir='ltr'><strong>congrue</strong></span> <span class='ocrx_word' id='word_1_90' title='bbox 539 1267 871 1324; x_wconf 75' lang='lat' dir='ltr'><strong>subinl‘ertur</strong></span> <span class='ocrx_word' id='word_1_91' title='bbox 898 1284 915 1324; x_wconf 90' lang='lat'><strong>:</strong></span> <span class='ocrx_word' id='word_1_92' title='bbox 941 1271 1022 1324; x_wconf 87' lang='lat' dir='ltr'><strong>Ea</strong></span> <span class='ocrx_word' id='word_1_93' title='bbox 1061 1272 1198 1326; x_wconf 83' lang='lat' dir='ltr'><strong>velut</strong></span> <span class='ocrx_word' id='word_1_94' title='bbox 1241 1274 1399 1328; x_wconf 84' lang='lat' dir='ltr'><strong>nubes</strong></span> <span class='ocrx_word' id='word_1_95' title='bbox 1435 1278 1735 1344; x_wconf 74' lang='lat' dir='ltr'><strong>pertransiit</strong></span> <span class='ocrx_word' id='word_1_96' title='bbox 1774 1295 1858 1331; x_wconf 85' lang='lat' dir='ltr'><strong>sa-</strong></span> 
     </span>
    </p>
   </div>
   <div class='ocr_carea' id='block_1_15' title="bbox 268 1356 1858 1430">
    <p class='ocr_par' dir='ltr' id='par_1_15' title="bbox 268 1356 1858 1430">
     <span class='ocr_line' id='line_1_15' title="bbox 268 1356 1858 1430; baseline 0.008 -21"><span class='ocrx_word' id='word_1_97' title='bbox 268 1371 353 1424; x_wconf 69' lang='lat' dir='ltr'><strong>(us</strong></span> <span class='ocrx_word' id='word_1_98' title='bbox 375 1373 511 1410; x_wconf 81' lang='lat' dir='ltr'><strong>mea.</strong></span> <span class='ocrx_word' id='word_1_99' title='bbox 533 1356 802 1414; x_wconf 82' lang='lat' dir='ltr'><strong>-—Nubes</strong></span> <span class='ocrx_word' id='word_1_100' title='bbox 839 1359 1033 1430; x_wconf 83' lang='lat' dir='ltr'><strong>quippe</strong></span> <span class='ocrx_word' id='word_1_101' title='bbox 1063 1361 1116 1416; x_wconf 92' lang='lat' dir='ltr'><strong>in</strong></span> <span class='ocrx_word' id='word_1_102' title='bbox 1153 1361 1318 1416; x_wconf 90' lang='lat' dir='ltr'><strong>altum</strong></span> <span class='ocrx_word' id='word_1_103' title='bbox 1347 1365 1569 1430; x_wconf 88' lang='lat' dir='ltr'><strong>eminet,</strong></span> <span class='ocrx_word' id='word_1_104' title='bbox 1597 1367 1690 1421; x_wconf 89' lang='lat' dir='ltr'><strong>sed</strong></span> <span class='ocrx_word' id='word_1_105' title='bbox 1721 1366 1858 1422; x_wconf 87' lang='lat' dir='ltr'><strong>hanc</strong></span> 
     </span>
    </p>
   </div>
   <div class='ocr_carea' id='block_1_16' title="bbox 265 1449 1860 1520">
    <p class='ocr_par' dir='ltr' id='par_1_16' title="bbox 265 1449 1860 1520">
     <span class='ocr_line' id='line_1_16' title="bbox 265 1449 1860 1520; baseline 0.007 -18"><span class='ocrx_word' id='word_1_106' title='bbox 265 1450 340 1502; x_wconf 82' lang='lat' dir='ltr'><strong>ad</strong></span> <span class='ocrx_word' id='word_1_107' title='bbox 385 1465 603 1504; x_wconf 83' lang='lat' dir='ltr'><strong>cursum</strong></span> <span class='ocrx_word' id='word_1_108' title='bbox 653 1449 812 1506; x_wconf 80' lang='lat' dir='ltr'><strong>ﬂatus</strong></span> <span class='ocrx_word' id='word_1_109' title='bbox 860 1451 1122 1520; x_wconf 86' lang='lat' dir='ltr'><strong>impellit:</strong></span> <span class='ocrx_word' id='word_1_110' title='bbox 1154 1453 1233 1507; x_wconf 90' lang='lat' dir='ltr'><strong>sic</strong></span> <span class='ocrx_word' id='word_1_111' title='bbox 1277 1455 1552 1516; x_wconf 83' lang='lat' dir='ltr'><strong>nimirum,</strong></span> <span class='ocrx_word' id='word_1_112' title='bbox 1615 1457 1692 1512; x_wconf 90' lang='lat' dir='ltr'><strong>sic</strong></span> <span class='ocrx_word' id='word_1_113' title='bbox 1733 1467 1860 1513; x_wconf 82' lang='lat' dir='ltr'><strong>sunt</strong></span> 
     </span>
    </p>
   </div>
   <div class='ocr_carea' id='block_1_17' title="bbox 268 1541 1859 1618">
    <p class='ocr_par' dir='ltr' id='par_1_17' title="bbox 268 1541 1859 1618">
     <span class='ocr_line' id='line_1_17' title="bbox 268 1541 1859 1618; baseline 0.005 -22"><span class='ocrx_word' id='word_1_114' title='bbox 268 1541 590 1609; x_wconf 81' lang='lat' dir='ltr'><strong>temporalia</strong></span> <span class='ocrx_word' id='word_1_115' title='bbox 639 1542 942 1612; x_wconf 87' lang='lat' dir='ltr'><strong>iniquorum</strong></span> <span class='ocrx_word' id='word_1_116' title='bbox 990 1544 1149 1599; x_wconf 80' lang='lat' dir='ltr'><strong>bona.</strong></span> <span class='ocrx_word' id='word_1_117' title='bbox 1200 1545 1381 1600; x_wconf 86' lang='lat' dir='ltr'><strong>Altum</strong></span> <span class='ocrx_word' id='word_1_118' title='bbox 1416 1547 1612 1618; x_wconf 88' lang='lat' dir='ltr'><strong>quippe</strong></span> <span class='ocrx_word' id='word_1_119' title='bbox 1639 1549 1859 1618; x_wconf 81' lang='lat' dir='ltr'><strong>perho-</strong></span> 
     </span>
    </p>
   </div>
   <div class='ocr_carea' id='block_1_18' title="bbox 266 1630 1858 1713">
    <p class='ocr_par' dir='ltr' id='par_1_18' title="bbox 266 1630 1858 1713">
     <span class='ocr_line' id='line_1_18' title="bbox 266 1630 1858 1713; baseline 0.008 -31"><span class='ocrx_word' id='word_1_120' title='bbox 266 1631 422 1684; x_wconf 89' lang='lat' dir='ltr'><strong>noris</strong></span> <span class='ocrx_word' id='word_1_121' title='bbox 458 1630 829 1686; x_wconf 86' lang='lat' dir='ltr'><strong>celsitudinem</strong></span> <span class='ocrx_word' id='word_1_122' title='bbox 877 1633 1074 1713; x_wconf 73' lang='lat' dir='ltr'><strong>degere</strong></span> <span class='ocrx_word' id='word_1_123' title='bbox 1119 1633 1396 1701; x_wconf 83' lang='lat' dir='ltr'><strong>videntur,</strong></span> <span class='ocrx_word' id='word_1_124' title='bbox 1441 1646 1496 1691; x_wconf 91' lang='lat' dir='ltr'><strong>et</strong></span> <span class='ocrx_word' id='word_1_125' title='bbox 1537 1641 1602 1692; x_wconf 89' lang='lat' dir='ltr'><strong>ad</strong></span> <span class='ocrx_word' id='word_1_126' title='bbox 1638 1654 1858 1695; x_wconf 89' lang='lat' dir='ltr'><strong>cursum</strong></span> 
     </span>
    </p>
   </div>
   <div class='ocr_carea' id='block_1_19' title="bbox 1952 453 3534 523">
    <p class='ocr_par' dir='ltr' id='par_1_19' title="bbox 1952 453 3534 523">
     <span class='ocr_line' id='line_1_19' title="bbox 1952 453 3534 523; baseline 0.006 -10"><span class='ocrx_word' id='word_1_127' title='bbox 1952 468 2059 522; x_wconf 87' lang='lat' dir='ltr'><strong>tur,</strong></span> <span class='ocrx_word' id='word_1_128' title='bbox 2101 459 2248 512; x_wconf 83' lang='lat' dir='ltr'><strong>vocis</strong></span> <span class='ocrx_word' id='word_1_129' title='bbox 2290 473 2420 514; x_wconf 91' lang='lat' dir='ltr'><strong>usus</strong></span> <span class='ocrx_word' id='word_1_130' title='bbox 2464 467 2519 513; x_wconf 87' lang='lat' dir='ltr'><strong>et</strong></span> <span class='ocrx_word' id='word_1_131' title='bbox 2568 453 2942 515; x_wconf 32' lang='lat' dir='ltr'><strong>vitalis‘ﬂatus</strong></span> <span class='ocrx_word' id='word_1_132' title='bbox 2991 470 3236 518; x_wconf 85' lang='lat' dir='ltr'><strong>necatur.</strong></span> <span class='ocrx_word' id='word_1_133' title='bbox 3278 463 3534 523; x_wconf 87' lang='lat' dir='ltr'><strong>Sanctam</strong></span> 
     </span>
    </p>
   </div>
   <div class='ocr_carea' id='block_1_20' title="bbox 1951 547 3536 621">
    <p class='ocr_par' dir='ltr' id='par_1_20' title="bbox 1951 547 3536 621">
     <span class='ocr_line' id='line_1_20' title="bbox 1951 547 3536 621; baseline 0.007 -19"><span class='ocrx_word' id='word_1_134' title='bbox 1951 561 2080 618; x_wconf 76' lang='lat' dir='ltr'><strong>ergo</strong></span> <span class='ocrx_word' id='word_1_135' title='bbox 2102 547 2397 604; x_wconf 85' lang='lat' dir='ltr'><strong>Ecclesiam</strong></span> <span class='ocrx_word' id='word_1_136' title='bbox 2424 550 2634 620; x_wconf 90' lang='lat' dir='ltr'><strong>reprobi</strong></span> <span class='ocrx_word' id='word_1_137' title='bbox 2658 552 2807 620; x_wconf 85' lang='lat' dir='ltr'><strong>quasi</strong></span> <span class='ocrx_word' id='word_1_138' title='bbox 2833 551 3030 621; x_wconf 90' lang='lat' dir='ltr'><strong>capitio</strong></span> <span class='ocrx_word' id='word_1_139' title='bbox 3055 553 3247 610; x_wconf 60' lang='lat' dir='ltr'><strong>tunica:</strong></span> <span class='ocrx_word' id='word_1_140' title='bbox 3264 559 3536 613; x_wconf 84' lang='lat' dir='ltr'><strong>constrin-</strong></span> 
     </span>
    </p>
   </div>
   <div class='ocr_carea' id='block_1_21' title="bbox 1953 639 3537 709">
    <p class='ocr_par' dir='ltr' id='par_1_21' title="bbox 1953 639 3537 709">
     <span class='ocr_line' id='line_1_21' title="bbox 1953 639 3537 709; baseline 0.008 -18"><span class='ocrx_word' id='word_1_141' title='bbox 1953 647 2123 708; x_wconf 77' lang='lat' dir='ltr'><strong>gunt,</strong></span> <span class='ocrx_word' id='word_1_142' title='bbox 2163 639 2337 708; x_wconf 92' lang='lat' dir='ltr'><strong>quiin</strong></span> <span class='ocrx_word' id='word_1_143' title='bbox 2377 655 2439 696; x_wconf 88' lang='lat' dir='ltr'><strong>ea</strong></span> <span class='ocrx_word' id='word_1_144' title='bbox 2476 641 2939 709; x_wconf 90' lang='lat' dir='ltr'><strong>persecutionibus</strong></span> <span class='ocrx_word' id='word_1_145' title='bbox 2974 644 3086 700; x_wconf 88' lang='lat' dir='ltr'><strong>suis</strong></span> <span class='ocrx_word' id='word_1_146' title='bbox 3123 646 3288 701; x_wconf 86' lang='lat' dir='ltr'><strong>vitam</strong></span> <span class='ocrx_word' id='word_1_147' title='bbox 3329 647 3450 705; x_wconf 82' lang='lat' dir='ltr'><strong>ﬁdei</strong></span> <span class='ocrx_word' id='word_1_148' title='bbox 3480 659 3537 706; x_wconf 90' lang='lat' dir='ltr'><strong>et</strong></span> 
     </span>
    </p>
   </div>
   <div class='ocr_carea' id='block_1_22' title="bbox 1953 727 3538 803">
    <p class='ocr_par' dir='ltr' id='par_1_22' title="bbox 1953 727 3538 803">
     <span class='ocr_line' id='line_1_22' title="bbox 1953 727 3538 803; baseline 0.008 -22"><span class='ocrx_word' id='word_1_149' title='bbox 1953 727 2355 797; x_wconf 86' lang='lat' dir='ltr'><strong>praedicationis</strong></span> <span class='ocrx_word' id='word_1_150' title='bbox 2421 744 2608 786; x_wconf 89' lang='lat' dir='ltr'><strong>vocem</strong></span> <span class='ocrx_word' id='word_1_151' title='bbox 2671 732 3015 803; x_wconf 79' lang='lat' dir='ltr'><strong>exstinguere</strong></span> <span class='ocrx_word' id='word_1_152' title='bbox 3081 743 3367 792; x_wconf 90' lang='lat' dir='ltr'><strong>conantur.</strong></span> <span class='ocrx_word' id='word_1_153' title='bbox 3437 736 3538 793; x_wconf 90' lang='lat' dir='ltr'><strong>Se-</strong></span> 
     </span>
    </p>
   </div>
   <div class='ocr_carea' id='block_1_23' title="bbox 1955 817 2181 887">
    <p class='ocr_par' dir='ltr' id='par_1_23' title="bbox 1955 817 2181 887">
     <span class='ocr_line' id='line_1_23' title="bbox 1955 817 2181 887; baseline 0.013 -18"><span class='ocrx_word' id='word_1_154' title='bbox 1955 817 2138 887; x_wconf 89' lang='lat' dir='ltr'><strong>quitur</strong></span> <span class='ocrx_word' id='word_1_155' title='bbox 2165 834 2181 872; x_wconf 94' lang='lat'><strong>:</strong></span> 
     </span>
    </p>
   </div>
   <div class='ocr_carea' id='block_1_24' title="bbox 2033 906 3538 978">
    <p class='ocr_par' dir='ltr' id='par_1_24' title="bbox 2033 906 3538 978">
     <span class='ocr_line' id='line_1_24' title="bbox 2033 906 3538 978; baseline 0.007 -17"><span class='ocrx_word' id='word_1_156' title='bbox 2033 906 2189 962; x_wconf 72' lang='lat' dir='ltr'><strong>Vens.</strong></span> <span class='ocrx_word' id='word_1_157' title='bbox 2241 908 2325 964; x_wconf 88' lang='lat' dir='ltr'><strong>l9.</strong></span> <span class='ocrx_word' id='word_1_158' title='bbox 2387 907 2733 978; x_wconf 85' lang='lat' dir='ltr'><strong>Comparatus</strong></span> <span class='ocrx_word' id='word_1_159' title='bbox 2772 926 2887 964; x_wconf 90' lang='lat' dir='ltr'><strong>sum</strong></span> <span class='ocrx_word' id='word_1_160' title='bbox 2932 911 3081 978; x_wconf 89' lang='lat' dir='ltr'><strong>luto,</strong></span> <span class='ocrx_word' id='word_1_161' title='bbox 3125 922 3173 967; x_wconf 90' lang='lat' dir='ltr'><strong>et</strong></span> <span class='ocrx_word' id='word_1_162' title='bbox 3217 915 3538 971; x_wconf 88' lang='lat' dir='ltr'><strong>assimilatus</strong></span> 
     </span>
    </p>
   </div>
   <div class='ocr_carea' id='block_1_25' title="bbox 1955 997 3539 1075">
    <p class='ocr_par' dir='ltr' id='par_1_25' title="bbox 1955 997 3539 1075">
     <span class='ocr_line' id='line_1_25' title="bbox 1955 997 3539 1075; baseline 0.005 -25"><span class='ocrx_word' id='word_1_163' title='bbox 1955 1013 2070 1052; x_wconf 89' lang='lat' dir='ltr'><strong>sum</strong></span> <span class='ocrx_word' id='word_1_164' title='bbox 2099 997 2294 1066; x_wconf 81' lang='lat' dir='ltr'><strong>favilla:</strong></span> <span class='ocrx_word' id='word_1_165' title='bbox 2329 1007 2375 1052; x_wconf 89' lang='lat' dir='ltr'><strong>et</strong></span> <span class='ocrx_word' id='word_1_166' title='bbox 2413 999 2592 1054; x_wconf 88' lang='lat' dir='ltr'><strong>cineri.</strong></span> <span class='ocrx_word' id='word_1_167' title='bbox 2614 1029 2682 1038; x_wconf 91' lang='lat'><strong><em>—</em></strong></span> <span class='ocrx_word' id='word_1_168' title='bbox 2702 998 2758 1054; x_wconf 85' lang='lat' dir='ltr'><strong>In</strong></span> <span class='ocrx_word' id='word_1_169' title='bbox 2790 998 3138 1071; x_wconf 85' lang='lat' dir='ltr'><strong>reproborum</strong></span> <span class='ocrx_word' id='word_1_170' title='bbox 3169 1004 3364 1074; x_wconf 90' lang='lat' dir='ltr'><strong>quippe</strong></span> <span class='ocrx_word' id='word_1_171' title='bbox 3394 1004 3539 1075; x_wconf 89' lang='lat' dir='ltr'><strong>judi-</strong></span> 
     </span>
    </p>
   </div>
   <div class='ocr_carea' id='block_1_26' title="bbox 1955 1088 3535 1163">
    <p class='ocr_par' dir='ltr' id='par_1_26' title="bbox 1955 1088 3535 1163">
     <span class='ocr_line' id='line_1_26' title="bbox 1955 1088 3535 1163; baseline 0.003 -20"><span class='ocrx_word' id='word_1_172' title='bbox 1955 1089 2043 1145; x_wconf 90' lang='lat' dir='ltr'><strong>cio</strong></span> <span class='ocrx_word' id='word_1_173' title='bbox 2068 1098 2252 1144; x_wconf 89' lang='lat' dir='ltr'><strong>sancta</strong></span> <span class='ocrx_word' id='word_1_174' title='bbox 2283 1088 2573 1145; x_wconf 86' lang='lat' dir='ltr'><strong>electorum</strong></span> <span class='ocrx_word' id='word_1_175' title='bbox 2604 1089 2841 1145; x_wconf 85' lang='lat' dir='ltr'><strong>Ecclesia</strong></span> <span class='ocrx_word' id='word_1_176' title='bbox 2871 1091 2983 1145; x_wconf 92' lang='lat' dir='ltr'><strong>luto</strong></span> <span class='ocrx_word' id='word_1_177' title='bbox 3010 1102 3372 1161; x_wconf 87' lang='lat' dir='ltr'><strong>comparatur,</strong></span> <span class='ocrx_word' id='word_1_178' title='bbox 3409 1093 3535 1163; x_wconf 91' lang='lat' dir='ltr'><strong>quia</strong></span> 
     </span>
    </p>
   </div>
   <div class='ocr_carea' id='block_1_27' title="bbox 1957 1179 3538 1253">
    <p class='ocr_par' dir='ltr' id='par_1_27' title="bbox 1957 1179 3538 1253">
     <span class='ocr_line' id='line_1_27' title="bbox 1957 1179 3538 1253; baseline 0.005 -21"><span class='ocrx_word' id='word_1_179' title='bbox 1957 1179 2324 1249; x_wconf 89' lang='lat' dir='ltr'><strong>temporaliter</strong></span> <span class='ocrx_word' id='word_1_180' title='bbox 2361 1180 2675 1235; x_wconf 87' lang='lat' dir='ltr'><strong>conculcata</strong></span> <span class='ocrx_word' id='word_1_181' title='bbox 2721 1181 3052 1252; x_wconf 85' lang='lat' dir='ltr'><strong>despicitur:</strong></span> <span class='ocrx_word' id='word_1_182' title='bbox 3082 1183 3276 1253; x_wconf 76' lang='lat' dir='ltr'><strong>[avillce</strong></span> <span class='ocrx_word' id='word_1_183' title='bbox 3327 1186 3538 1241; x_wconf 85' lang='lat' dir='ltr'><strong>assimi-</strong></span> 
     </span>
    </p>
   </div>
   <div class='ocr_carea' id='block_1_28' title="bbox 1957 1268 3539 1342">
    <p class='ocr_par' dir='ltr' id='par_1_28' title="bbox 1957 1268 3539 1342">
     <span class='ocr_line' id='line_1_28' title="bbox 1957 1268 3539 1342; baseline 0.005 -20"><span class='ocrx_word' id='word_1_184' title='bbox 1957 1268 2097 1323; x_wconf 89' lang='lat' dir='ltr'><strong>latur</strong></span> <span class='ocrx_word' id='word_1_185' title='bbox 2130 1278 2184 1324; x_wconf 90' lang='lat' dir='ltr'><strong>et</strong></span> <span class='ocrx_word' id='word_1_186' title='bbox 2212 1271 2394 1338; x_wconf 87' lang='lat' dir='ltr'><strong>cineri,</strong></span> <span class='ocrx_word' id='word_1_187' title='bbox 2437 1271 2564 1342; x_wconf 90' lang='lat' dir='ltr'><strong>quia</strong></span> <span class='ocrx_word' id='word_1_188' title='bbox 2611 1272 2736 1327; x_wconf 92' lang='lat' dir='ltr'><strong>dum</strong></span> <span class='ocrx_word' id='word_1_189' title='bbox 2777 1273 2915 1328; x_wconf 87' lang='lat' dir='ltr'><strong>bona</strong></span> <span class='ocrx_word' id='word_1_190' title='bbox 2952 1271 3068 1342; x_wconf 87' lang='lat' dir='ltr'><strong>ejus</strong></span> <span class='ocrx_word' id='word_1_191' title='bbox 3123 1274 3382 1330; x_wconf 89' lang='lat' dir='ltr'><strong>interiora</strong></span> <span class='ocrx_word' id='word_1_192' title='bbox 3432 1291 3539 1330; x_wconf 90' lang='lat' dir='ltr'><strong>non</strong></span> 
     </span>
    </p>
   </div>
   <div class='ocr_carea' id='block_1_29' title="bbox 1956 1359 3539 1434">
    <p class='ocr_par' dir='ltr' id='par_1_29' title="bbox 1956 1359 3539 1434">
     <span class='ocr_line' id='line_1_29' title="bbox 1956 1359 3539 1434; baseline 0.005 -22"><span class='ocrx_word' id='word_1_193' title='bbox 1956 1359 2184 1425; x_wconf 88' lang='lat' dir='ltr'><strong>vident,</strong></span> <span class='ocrx_word' id='word_1_194' title='bbox 2243 1361 2310 1415; x_wconf 92' lang='lat' dir='ltr'><strong>ad</strong></span> <span class='ocrx_word' id='word_1_195' title='bbox 2350 1361 2463 1416; x_wconf 88' lang='lat' dir='ltr'><strong>sola</strong></span> <span class='ocrx_word' id='word_1_196' title='bbox 2511 1362 2650 1417; x_wconf 85' lang='lat' dir='ltr'><strong>hanc</strong></span> <span class='ocrx_word' id='word_1_197' title='bbox 2698 1363 2837 1418; x_wconf 87' lang='lat' dir='ltr'><strong>mala</strong></span> <span class='ocrx_word' id='word_1_198' title='bbox 2887 1365 3196 1434; x_wconf 88' lang='lat' dir='ltr'><strong>pervenisse</strong></span> <span class='ocrx_word' id='word_1_199' title='bbox 3249 1367 3539 1433; x_wconf 66' lang='lat' dir='ltr'><strong>aestimant,</strong></span> 
     </span>
    </p>
   </div>
   <div class='ocr_carea' id='block_1_30' title="bbox 1957 1454 3335 1526">
    <p class='ocr_par' dir='ltr' id='par_1_30' title="bbox 1957 1454 3335 1526">
     <span class='ocr_line' id='line_1_30' title="bbox 1957 1454 3335 1526; baseline 0.004 -22"><span class='ocrx_word' id='word_1_200' title='bbox 1957 1467 2076 1522; x_wconf 69' lang='lat' dir='ltr'><strong>qua:</strong></span> <span class='ocrx_word' id='word_1_201' title='bbox 2113 1454 2368 1509; x_wconf 77' lang='lat' dir='ltr'><strong>exhibere</strong></span> <span class='ocrx_word' id='word_1_202' title='bbox 2405 1455 2759 1524; x_wconf 88' lang='lat' dir='ltr'><strong>corporaliter</strong></span> <span class='ocrx_word' id='word_1_203' title='bbox 2793 1455 2994 1511; x_wconf 86' lang='lat' dir='ltr'><strong>vident.</strong></span> <span class='ocrx_word' id='word_1_204' title='bbox 3037 1454 3335 1526; x_wconf 89' lang='lat' dir='ltr'><strong>Sequitur:</strong></span> 
     </span>
    </p>
   </div>
   <div class='ocr_carea' id='block_1_31' title="bbox 2033 1535 3543 1616">
    <p class='ocr_par' dir='ltr' id='par_1_31' title="bbox 2033 1535 3543 1616">
     <span class='ocr_line' id='line_1_31' title="bbox 2033 1535 3543 1616; baseline 0.001 -16"><span class='ocrx_word' id='word_1_205' title='bbox 2033 1545 2190 1600; x_wconf 76' lang='lat' dir='ltr'><strong>Vens.</strong></span> <span class='ocrx_word' id='word_1_206' title='bbox 2219 1546 2310 1600; x_wconf 77' lang='lat'><strong>20.</strong></span> <span class='ocrx_word' id='word_1_207' title='bbox 2348 1546 2530 1600; x_wconf 82' lang='lat' dir='ltr'><strong>Clamo</strong></span> <span class='ocrx_word' id='word_1_208' title='bbox 2557 1547 2626 1601; x_wconf 89' lang='lat' dir='ltr'><strong>ad</strong></span> <span class='ocrx_word' id='word_1_209' title='bbox 2662 1558 2729 1613; x_wconf 86' lang='lat' dir='ltr'><strong>te,</strong></span> <span class='ocrx_word' id='word_1_210' title='bbox 2763 1557 2810 1601; x_wconf 87' lang='lat' dir='ltr'><strong>et</strong></span> <span class='ocrx_word' id='word_1_211' title='bbox 2851 1535 2953 1601; x_wconf 80' lang='lat' dir='ltr'><strong>non</strong></span> <span class='ocrx_word' id='word_1_212' title='bbox 2974 1549 3224 1614; x_wconf 79' lang='lat' dir='ltr'><strong>exaudis;</strong></span> <span class='ocrx_word' id='word_1_213' title='bbox 3248 1558 3347 1616; x_wconf 90' lang='lat' dir='ltr'><strong>sto,</strong></span> <span class='ocrx_word' id='word_1_214' title='bbox 3370 1557 3543 1603; x_wconf 86' lang='lat' dir='ltr'><strong>etnon</strong></span> 
     </span>
    </p>
   </div>
   <div class='ocr_carea' id='block_1_32' title="bbox 1959 1631 3541 1710">
    <p class='ocr_par' dir='ltr' id='par_1_32' title="bbox 1959 1631 3541 1710">
     <span class='ocr_line' id='line_1_32' title="bbox 1959 1631 3541 1710; baseline 0.003 -19"><span class='ocrx_word' id='word_1_215' title='bbox 1959 1640 2171 1709; x_wconf 81' lang='lat' dir='ltr'><strong>respicis</strong></span> <span class='ocrx_word' id='word_1_216' title='bbox 2216 1655 2315 1694; x_wconf 88' lang='lat' dir='ltr'><strong>me.</strong></span> <span class='ocrx_word' id='word_1_217' title='bbox 2348 1669 2420 1679; x_wconf 90' lang='lat'><strong>-—</strong></span> <span class='ocrx_word' id='word_1_218' title='bbox 2455 1641 2656 1695; x_wconf 86' lang='lat' dir='ltr'><strong>Sancta</strong></span> <span class='ocrx_word' id='word_1_219' title='bbox 2695 1631 2894 1710; x_wconf 72' lang='lat' dir='ltr'><strong>quippe</strong></span> <span class='ocrx_word' id='word_1_220' title='bbox 2931 1640 3170 1695; x_wconf 85' lang='lat' dir='ltr'><strong>Ecclesia</strong></span> <span class='ocrx_word' id='word_1_221' title='bbox 3211 1641 3541 1710; x_wconf 87' lang='lat' dir='ltr'><strong>persecutio-</strong></span> 
     </span>
    </p>
   </div>
   <div class='ocr_carea' id='block_1_33' title="bbox 265 1721 3542 1803">
    <p class='ocr_par' dir='ltr' id='par_1_33' title="bbox 265 1721 3542 1803">
     <span class='ocr_line' id='line_1_33' title="bbox 265 1721 3542 1803; baseline 0.004 -29"><span class='ocrx_word' id='word_1_222' title='bbox 265 1721 396 1776; x_wconf 79' lang='lat' dir='ltr'><strong>viue</strong></span> <span class='ocrx_word' id='word_1_223' title='bbox 430 1737 541 1776; x_wconf 73' lang='lat' dir='ltr'><strong>suae</strong></span> <span class='ocrx_word' id='word_1_224' title='bbox 566 1723 806 1791; x_wconf 89' lang='lat' dir='ltr'><strong>quotidie</strong></span> <span class='ocrx_word' id='word_1_225' title='bbox 846 1724 998 1794; x_wconf 90' lang='lat' dir='ltr'><strong>quasi</strong></span> <span class='ocrx_word' id='word_1_226' title='bbox 1033 1725 1353 1794; x_wconf 86' lang='lat' dir='ltr'><strong>quibusdam</strong></span> <span class='ocrx_word' id='word_1_227' title='bbox 1380 1728 1722 1796; x_wconf 80' lang='lat' dir='ltr'><strong>mortalitatis</strong></span> <span class='ocrx_word' id='word_1_228' title='bbox 1747 1745 1859 1786; x_wconf 84' lang='lat' dir='ltr'><strong>suae</strong></span> <span class='ocrx_word' id='word_1_229' title='bbox 1891 1737 1933 1796; x_wconf 84' lang='grc' dir='ltr'><strong>Β</strong></span> <span class='ocrx_word' id='word_1_230' title='bbox 1961 1732 2046 1788; x_wconf 92' lang='lat' dir='ltr'><strong>nis</strong></span> <span class='ocrx_word' id='word_1_231' title='bbox 2082 1747 2192 1787; x_wconf 81' lang='lat' dir='ltr'><strong>suae</strong></span> <span class='ocrx_word' id='word_1_232' title='bbox 2239 1742 2497 1803; x_wconf 88' lang='lat' dir='ltr'><strong>tempore,</strong></span> <span class='ocrx_word' id='word_1_233' title='bbox 2541 1732 2645 1788; x_wconf 88' lang='lat' dir='ltr'><strong>lide</strong></span> <span class='ocrx_word' id='word_1_234' title='bbox 2681 1739 2805 1798; x_wconf 89' lang='lat' dir='ltr'><strong>stat,</strong></span> <span class='ocrx_word' id='word_1_235' title='bbox 2856 1731 3139 1788; x_wconf 87' lang='lat' dir='ltr'><strong>desideriis</strong></span> <span class='ocrx_word' id='word_1_236' title='bbox 3183 1732 3402 1797; x_wconf 90' lang='lat' dir='ltr'><strong>clamat,</strong></span> <span class='ocrx_word' id='word_1_237' title='bbox 3449 1732 3542 1787; x_wconf 89' lang='lat' dir='ltr'><strong>sed</strong></span> 
     </span>
    </p>
   </div>
   <div class='ocr_carea' id='block_1_34' title="bbox 264 1808 1241 1884">
    <p class='ocr_par' dir='ltr' id='par_1_34' title="bbox 264 1808 1241 1884">
     <span class='ocr_line' id='line_1_34' title="bbox 264 1808 1241 1884; baseline 0.006 -20"><span class='ocrx_word' id='word_1_238' title='bbox 264 1808 487 1866; x_wconf 79' lang='lat' dir='ltr'><strong>ﬂatibus</strong></span> <span class='ocrx_word' id='word_1_239' title='bbox 516 1812 886 1881; x_wconf 90' lang='lat' dir='ltr'><strong>impelluntur.</strong></span> <span class='ocrx_word' id='word_1_240' title='bbox 945 1813 1201 1884; x_wconf 91' lang='lat' dir='ltr'><strong>Sequitur</strong></span> <span class='ocrx_word' id='word_1_241' title='bbox 1227 1834 1241 1870; x_wconf 91' lang='lat'><strong>:</strong></span> 
     </span>
    </p>
   </div>
   <div class='ocr_carea' id='block_1_35' title="bbox 342 1902 1858 1979">
    <p class='ocr_par' dir='ltr' id='par_1_35' title="bbox 342 1902 1858 1979">
     <span class='ocr_line' id='line_1_35' title="bbox 342 1902 1858 1979; baseline 0.005 -21"><span class='ocrx_word' id='word_1_242' title='bbox 342 1902 506 1960; x_wconf 70' lang='lat' dir='ltr'><strong>Vens.</strong></span> <span class='ocrx_word' id='word_1_243' title='bbox 555 1904 641 1959; x_wconf 80' lang='grc'><strong>16.</strong></span> <span class='ocrx_word' id='word_1_244' title='bbox 696 1902 853 1960; x_wconf 86' lang='lat' dir='ltr'><strong>Nunc</strong></span> <span class='ocrx_word' id='word_1_245' title='bbox 897 1918 1072 1960; x_wconf 86' lang='lat' dir='ltr'><strong>autem</strong></span> <span class='ocrx_word' id='word_1_246' title='bbox 1129 1909 1186 1962; x_wconf 87' lang='lat' dir='ltr'><strong>in</strong></span> <span class='ocrx_word' id='word_1_247' title='bbox 1234 1911 1532 1979; x_wconf 89' lang='lat' dir='ltr'><strong>memetipso</strong></span> <span class='ocrx_word' id='word_1_248' title='bbox 1586 1911 1858 1966; x_wconf 84' lang='lat' dir='ltr'><strong>marcescit</strong></span> 
     </span>
    </p>
   </div>
   <div class='ocr_carea' id='block_1_36' title="bbox 262 1996 1860 2073">
    <p class='ocr_par' dir='ltr' id='par_1_36' title="bbox 262 1996 1860 2073">
     <span class='ocr_line' id='line_1_36' title="bbox 262 1996 1860 2073; baseline 0.005 -23"><span class='ocrx_word' id='word_1_249' title='bbox 262 1996 452 2051; x_wconf 79' lang='lat' dir='ltr'><strong>anima</strong></span> <span class='ocrx_word' id='word_1_250' title='bbox 491 2013 630 2063; x_wconf 86' lang='lat' dir='ltr'><strong>mea,</strong></span> <span class='ocrx_word' id='word_1_251' title='bbox 667 2007 716 2052; x_wconf 86' lang='lat' dir='ltr'><strong>et</strong></span> <span class='ocrx_word' id='word_1_252' title='bbox 756 1999 1020 2068; x_wconf 82' lang='lat' dir='ltr'><strong>possident</strong></span> <span class='ocrx_word' id='word_1_253' title='bbox 1055 2017 1138 2054; x_wconf 87' lang='lat' dir='ltr'><strong>me</strong></span> <span class='ocrx_word' id='word_1_254' title='bbox 1175 2002 1284 2056; x_wconf 87' lang='lat' dir='ltr'><strong>dies</strong></span> <span class='ocrx_word' id='word_1_255' title='bbox 1317 2003 1628 2073; x_wconf 72' lang='lat' dir='ltr'><strong>amictionis.</strong></span> <span class='ocrx_word' id='word_1_256' title='bbox 1657 2003 1860 2058; x_wconf 86' lang='lat' dir='ltr'><strong>—Ele-</strong></span> 
     </span>
    </p>
   </div>
   <div class='ocr_carea' id='block_1_37' title="bbox 264 2090 1858 2164">
    <p class='ocr_par' dir='ltr' id='par_1_37' title="bbox 264 2090 1858 2164">
     <span class='ocr_line' id='line_1_37' title="bbox 264 2090 1858 2164; baseline 0.004 -21"><span class='ocrx_word' id='word_1_257' title='bbox 264 2095 484 2144; x_wconf 85' lang='lat' dir='ltr'><strong>ctorum</strong></span> <span class='ocrx_word' id='word_1_258' title='bbox 516 2090 713 2161; x_wconf 88' lang='lat' dir='ltr'><strong>quippe</strong></span> <span class='ocrx_word' id='word_1_259' title='bbox 749 2090 928 2145; x_wconf 86' lang='lat' dir='ltr'><strong>anima</strong></span> <span class='ocrx_word' id='word_1_260' title='bbox 960 2107 1102 2146; x_wconf 91' lang='lat' dir='ltr'><strong>nunc</strong></span> <span class='ocrx_word' id='word_1_261' title='bbox 1148 2093 1456 2159; x_wconf 86' lang='lat' dir='ltr'><strong>marcescit,</strong></span> <span class='ocrx_word' id='word_1_262' title='bbox 1504 2094 1628 2164; x_wconf 88' lang='lat' dir='ltr'><strong>quia</strong></span> <span class='ocrx_word' id='word_1_263' title='bbox 1669 2095 1723 2148; x_wconf 92' lang='lat' dir='ltr'><strong>in</strong></span> <span class='ocrx_word' id='word_1_264' title='bbox 1769 2095 1858 2150; x_wconf 83' lang='lat' dir='ltr'><strong>illa</strong></span> 
     </span>
    </p>
   </div>
   <div class='ocr_carea' id='block_1_38' title="bbox 263 2179 1860 2248">
    <p class='ocr_par' dir='ltr' id='par_1_38' title="bbox 263 2179 1860 2248">
     <span class='ocr_line' id='line_1_38' title="bbox 263 2179 1860 2248; baseline 0.004 -16"><span class='ocrx_word' id='word_1_265' title='bbox 263 2179 611 2248; x_wconf 91' lang='lat' dir='ltr'><strong>postmodum</strong></span> <span class='ocrx_word' id='word_1_266' title='bbox 663 2189 866 2234; x_wconf 74' lang='lat' dir='ltr'><strong>aeterna</strong></span> <span class='ocrx_word' id='word_1_267' title='bbox 919 2181 1276 2237; x_wconf 89' lang='lat' dir='ltr'><strong>exsultatione</strong></span> <span class='ocrx_word' id='word_1_268' title='bbox 1337 2183 1630 2238; x_wconf 85' lang='lat' dir='ltr'><strong>viridescit.</strong></span> <span class='ocrx_word' id='word_1_269' title='bbox 1705 2183 1860 2239; x_wconf 78' lang='lat' dir='ltr'><strong>Modo</strong></span> 
     </span>
    </p>
   </div>
   <div class='ocr_carea' id='block_1_39' title="bbox 262 2269 1864 2344">
    <p class='ocr_par' dir='ltr' id='par_1_39' title="bbox 262 2269 1864 2344">
     <span class='ocr_line' id='line_1_39' title="bbox 262 2269 1864 2344; baseline 0.001 -17"><span class='ocrx_word' id='word_1_270' title='bbox 262 2285 366 2327; x_wconf 81' lang='lat' dir='ltr'><strong>eos</strong></span> <span class='ocrx_word' id='word_1_271' title='bbox 403 2272 520 2326; x_wconf 91' lang='lat' dir='ltr'><strong>dies</strong></span> <span class='ocrx_word' id='word_1_272' title='bbox 546 2269 847 2327; x_wconf 83' lang='lat' dir='ltr'><strong>alllictionis</strong></span> <span class='ocrx_word' id='word_1_273' title='bbox 874 2273 1175 2342; x_wconf 87' lang='lat' dir='ltr'><strong>possident,</strong></span> <span class='ocrx_word' id='word_1_274' title='bbox 1206 2273 1333 2342; x_wconf 90' lang='lat' dir='ltr'><strong>quia</strong></span> <span class='ocrx_word' id='word_1_275' title='bbox 1371 2273 1484 2330; x_wconf 90' lang='lat' dir='ltr'><strong>dies</strong></span> <span class='ocrx_word' id='word_1_276' title='bbox 1511 2273 1709 2329; x_wconf 81' lang='lat' dir='ltr'><strong>laetitiae</strong></span> <span class='ocrx_word' id='word_1_277' title='bbox 1740 2283 1864 2344; x_wconf 91' lang='lat' dir='ltr'><strong>post</strong></span> 
     </span>
    </p>
   </div>
   <div class='ocr_carea' id='block_1_40' title="bbox 264 2363 1861 2435">
    <p class='ocr_par' dir='ltr' id='par_1_40' title="bbox 264 2363 1861 2435">
     <span class='ocr_line' id='line_1_40' title="bbox 264 2363 1861 2435; baseline 0.001 -17"><span class='ocrx_word' id='word_1_278' title='bbox 264 2371 593 2435; x_wconf 85' lang='lat' dir='ltr'><strong>sequuntur.</strong></span> <span class='ocrx_word' id='word_1_279' title='bbox 650 2363 920 2433; x_wconf 84' lang='lat' dir='ltr'><strong>Scriptum</strong></span> <span class='ocrx_word' id='word_1_280' title='bbox 952 2364 1150 2433; x_wconf 91' lang='lat' dir='ltr'><strong>quippe</strong></span> <span class='ocrx_word' id='word_1_281' title='bbox 1177 2373 1260 2418; x_wconf 90' lang='lat' dir='ltr'><strong>est</strong></span> <span class='ocrx_word' id='word_1_282' title='bbox 1289 2378 1304 2418; x_wconf 92' lang='lat'><strong>:</strong></span> <span class='ocrx_word' id='word_1_283' title='bbox 1349 2381 1368 2416; x_wconf 72' lang='grc' dir='ltr'><em>α</em></span> <span class='ocrx_word' id='word_1_284' title='bbox 1397 2365 1630 2420; x_wconf 88' lang='lat' dir='ltr'><strong>Timenti</strong></span> <span class='ocrx_word' id='word_1_285' title='bbox 1674 2365 1861 2420; x_wconf 90' lang='lat' dir='ltr'><strong>Domi-</strong></span> 
     </span>
    </p>
   </div>
   <div class='ocr_carea' id='block_1_41' title="bbox 263 2455 1859 2530">
    <p class='ocr_par' dir='ltr' id='par_1_41' title="bbox 263 2455 1859 2530">
     <span class='ocr_line' id='line_1_41' title="bbox 263 2455 1859 2530; baseline 0.002 -20"><span class='ocrx_word' id='word_1_286' title='bbox 263 2470 401 2510; x_wconf 87' lang='lat' dir='ltr'><strong>num</strong></span> <span class='ocrx_word' id='word_1_287' title='bbox 433 2455 572 2511; x_wconf 86' lang='lat' dir='ltr'><strong>bene</strong></span> <span class='ocrx_word' id='word_1_288' title='bbox 603 2455 708 2510; x_wconf 92' lang='lat' dir='ltr'><strong>erit</strong></span> <span class='ocrx_word' id='word_1_289' title='bbox 742 2457 795 2511; x_wconf 91' lang='lat' dir='ltr'><strong>in</strong></span> <span class='ocrx_word' id='word_1_290' title='bbox 837 2459 1096 2512; x_wconf 77' lang='lat' dir='ltr'><strong>extremis</strong></span> <span class='ocrx_word' id='word_1_291' title='bbox 1133 2457 1322 2530; x_wconf 85' lang='lat' dir='ltr'><strong>(Eccli.</strong></span> <span class='ocrx_word' id='word_1_292' title='bbox 1359 2474 1403 2524; x_wconf 80' lang='lat' dir='ltr'><strong>t,</strong></span> <span class='ocrx_word' id='word_1_293' title='bbox 1436 2459 1544 2530; x_wconf 82' lang='lat' dir='ltr'><strong>l3).</strong></span> <span class='ocrx_word' id='word_1_294' title='bbox 1580 2478 1600 2511; x_wconf 74' lang='grc' dir='ltr'><strong><em>ι</em></strong></span> <span class='ocrx_word' id='word_1_295' title='bbox 1643 2459 1709 2514; x_wconf 84' lang='lat' dir='ltr'><strong>Et</strong></span> <span class='ocrx_word' id='word_1_296' title='bbox 1738 2475 1859 2513; x_wconf 91' lang='lat' dir='ltr'><strong>rur-</strong></span> 
     </span>
    </p>
   </div>
   <div class='ocr_carea' id='block_1_42' title="bbox 265 2547 1862 2606">
    <p class='ocr_par' dir='ltr' id='par_1_42' title="bbox 265 2547 1862 2606">
     <span class='ocr_line' id='line_1_42' title="bbox 265 2547 1862 2606; baseline 0.003 -5"><span class='ocrx_word' id='word_1_297' title='bbox 265 2561 394 2601; x_wconf 87' lang='lat' dir='ltr'><strong>sum</strong></span> <span class='ocrx_word' id='word_1_298' title='bbox 423 2547 489 2602; x_wconf 90' lang='lat' dir='ltr'><strong>de</strong></span> <span class='ocrx_word' id='word_1_299' title='bbox 513 2547 754 2602; x_wconf 86' lang='lat' dir='ltr'><strong>Ecclesia</strong></span> <span class='ocrx_word' id='word_1_300' title='bbox 778 2549 979 2604; x_wconf 90' lang='lat' dir='ltr'><strong>dicitur</strong></span> <span class='ocrx_word' id='word_1_301' title='bbox 1007 2567 1020 2603; x_wconf 89' lang='lat'><strong>:</strong></span> <span class='ocrx_word' id='word_1_302' title='bbox 1054 2568 1072 2601; x_wconf 83' lang='grc'><strong>‹</strong></span> <span class='ocrx_word' id='word_1_303' title='bbox 1100 2549 1312 2604; x_wconf 80' lang='lat' dir='ltr'><strong>Ridebit</strong></span> <span class='ocrx_word' id='word_1_304' title='bbox 1357 2551 1411 2605; x_wconf 94' lang='lat' dir='ltr'><strong>in</strong></span> <span class='ocrx_word' id='word_1_305' title='bbox 1446 2551 1533 2606; x_wconf 89' lang='lat' dir='ltr'><strong>die</strong></span> <span class='ocrx_word' id='word_1_306' title='bbox 1567 2552 1862 2606; x_wconf 92' lang='lat' dir='ltr'><strong>novissimo</strong></span> 
     </span>
    </p>
   </div>
   <div class='ocr_carea' id='block_1_43' title="bbox 266 2637 1858 2712">
    <p class='ocr_par' dir='ltr' id='par_1_43' title="bbox 266 2637 1858 2712">
     <span class='ocr_line' id='line_1_43' title="bbox 266 2637 1858 2712; baseline 0.003 -21"><span class='ocrx_word' id='word_1_307' title='bbox 266 2637 455 2709; x_wconf 75' lang='lat' dir='ltr'><strong>(Prov.</strong></span> <span class='ocrx_word' id='word_1_308' title='bbox 482 2654 634 2705; x_wconf 75' lang='lat' dir='ltr'><strong>xxxx,</strong></span> <span class='ocrx_word' id='word_1_309' title='bbox 659 2639 774 2709; x_wconf 74' lang='lat'><strong>25).</strong></span> <span class='ocrx_word' id='word_1_310' title='bbox 809 2659 828 2693; x_wconf 75' lang='grc' dir='ltr'><strong><em>ι</em></strong></span> <span class='ocrx_word' id='word_1_311' title='bbox 872 2637 978 2695; x_wconf 90' lang='lat' dir='ltr'><strong>Sed</strong></span> <span class='ocrx_word' id='word_1_312' title='bbox 1013 2640 1128 2696; x_wconf 65' lang='lat' dir='ltr'><strong>haec</strong></span> <span class='ocrx_word' id='word_1_313' title='bbox 1166 2656 1285 2712; x_wconf 70' lang='lat' dir='ltr'><strong>qua:</strong></span> <span class='ocrx_word' id='word_1_314' title='bbox 1322 2639 1606 2712; x_wconf 80' lang='lat' dir='ltr'><strong>allegorica</strong></span> <span class='ocrx_word' id='word_1_315' title='bbox 1639 2641 1858 2712; x_wconf 82' lang='lat' dir='ltr'><strong>indaga-</strong></span> 
     </span>
    </p>
   </div>
   <div class='ocr_carea' id='block_1_44' title="bbox 267 2729 1864 2809">
    <p class='ocr_par' dir='ltr' id='par_1_44' title="bbox 267 2729 1864 2809">
     <span class='ocr_line' id='line_1_44' title="bbox 267 2729 1864 2809; baseline 0.001 -27"><span class='ocrx_word' id='word_1_316' title='bbox 267 2729 424 2783; x_wconf 88' lang='lat' dir='ltr'><strong>tione</strong></span> <span class='ocrx_word' id='word_1_317' title='bbox 471 2729 934 2798; x_wconf 87' lang='lat' dir='ltr'><strong>transcurrimus,</strong></span> <span class='ocrx_word' id='word_1_318' title='bbox 983 2739 1197 2809; x_wconf 83' lang='lat' dir='ltr'><strong>oportet</strong></span> <span class='ocrx_word' id='word_1_319' title='bbox 1243 2740 1303 2786; x_wconf 93' lang='lat' dir='ltr'><strong>ut</strong></span> <span class='ocrx_word' id='word_1_320' title='bbox 1350 2745 1448 2802; x_wconf 85' lang='lat' dir='ltr'><strong>per</strong></span> <span class='ocrx_word' id='word_1_321' title='bbox 1487 2732 1666 2786; x_wconf 90' lang='lat' dir='ltr'><strong>omnia</strong></span> <span class='ocrx_word' id='word_1_322' title='bbox 1700 2731 1864 2785; x_wconf 90' lang='lat' dir='ltr'><strong>etiam</strong></span> 
     </span>
    </p>
   </div>
   <div class='ocr_carea' id='block_1_45' title="bbox 260 2820 1866 2891">
    <p class='ocr_par' dir='ltr' id='par_1_45' title="bbox 260 2820 1866 2891">
     <span class='ocr_line' id='line_1_45' title="bbox 260 2820 1866 2891; baseline 0.001 -16"><span class='ocrx_word' id='word_1_323' title='bbox 260 2820 425 2891; x_wconf 89' lang='lat' dir='ltr'><strong>juxta</strong></span> <span class='ocrx_word' id='word_1_324' title='bbox 463 2822 744 2878; x_wconf 89' lang='lat' dir='ltr'><strong>historiam</strong></span> <span class='ocrx_word' id='word_1_325' title='bbox 781 2830 1079 2878; x_wconf 88' lang='lat' dir='ltr'><strong>teneamus.</strong></span> <span class='ocrx_word' id='word_1_326' title='bbox 1121 2822 1250 2890; x_wconf 65' lang='lat' dir='ltr'><strong>Quae</strong></span> <span class='ocrx_word' id='word_1_327' title='bbox 1277 2831 1454 2878; x_wconf 86' lang='lat' dir='ltr'><strong>tamen</strong></span> <span class='ocrx_word' id='word_1_328' title='bbox 1489 2837 1631 2876; x_wconf 89' lang='lat' dir='ltr'><strong>nunc</strong></span> <span class='ocrx_word' id='word_1_329' title='bbox 1665 2822 1866 2877; x_wconf 90' lang='lat' dir='ltr'><strong>idcirco</strong></span> 
     </span>
    </p>
   </div>
   <div class='ocr_carea' id='block_1_46' title="bbox 230 2914 1865 2986">
    <p class='ocr_par' dir='ltr' id='par_1_46' title="bbox 230 2914 1865 2986">
     <span class='ocr_line' id='line_1_46' title="bbox 230 2914 1865 2986; baseline 0 -18"><span class='ocrx_word' id='word_1_330' title='bbox 230 2921 558 2983; x_wconf 62' lang='lat' dir='ltr'><strong>praetereo,</strong></span> <span class='ocrx_word' id='word_1_331' title='bbox 601 2914 726 2984; x_wconf 90' lang='lat' dir='ltr'><strong>quia</strong></span> <span class='ocrx_word' id='word_1_332' title='bbox 778 2915 892 2970; x_wconf 68' lang='lat' dir='ltr'><strong>haec</strong></span> <span class='ocrx_word' id='word_1_333' title='bbox 931 2924 986 2969; x_wconf 89' lang='lat' dir='ltr'><strong>et</strong></span> <span class='ocrx_word' id='word_1_334' title='bbox 1015 2922 1201 2984; x_wconf 86' lang='lat' dir='ltr'><strong>aperta</strong></span> <span class='ocrx_word' id='word_1_335' title='bbox 1251 2928 1370 2970; x_wconf 91' lang='lat' dir='ltr'><strong>esse</strong></span> <span class='ocrx_word' id='word_1_336' title='bbox 1412 2914 1713 2986; x_wconf 80' lang='lat' dir='ltr'><strong>legentibus</strong></span> <span class='ocrx_word' id='word_1_337' title='bbox 1758 2928 1865 2968; x_wconf 93' lang='lat' dir='ltr'><strong>non</strong></span> 
     </span>
    </p>
   </div>
   <div class='ocr_carea' id='block_1_47' title="bbox 269 3003 827 3077">
    <p class='ocr_par' dir='ltr' id='par_1_47' title="bbox 269 3003 827 3077">
     <span class='ocr_line' id='line_1_47' title="bbox 269 3003 827 3077; baseline -0.004 -16"><span class='ocrx_word' id='word_1_338' title='bbox 269 3007 486 3077; x_wconf 78' lang='lat' dir='ltr'><strong>ignoro.</strong></span> <span class='ocrx_word' id='word_1_339' title='bbox 529 3003 785 3074; x_wconf 90' lang='lat' dir='ltr'><strong>Sequitur</strong></span> <span class='ocrx_word' id='word_1_340' title='bbox 814 3023 827 3059; x_wconf 87' lang='lat'><strong>:</strong></span> 
     </span>
    </p>
   </div>
   <div class='ocr_carea' id='block_1_48' title="bbox 1959 1823 3544 1893">
    <p class='ocr_par' dir='ltr' id='par_1_48' title="bbox 1959 1823 3544 1893">
     <span class='ocr_line' id='line_1_48' title="bbox 1959 1823 3544 1893; baseline -0.001 -15"><span class='ocrx_word' id='word_1_341' title='bbox 1959 1823 2104 1878; x_wconf 86' lang='lat' dir='ltr'><strong>dolet</strong></span> <span class='ocrx_word' id='word_1_342' title='bbox 2137 1838 2195 1878; x_wconf 90' lang='lat' dir='ltr'><strong>se</strong></span> <span class='ocrx_word' id='word_1_343' title='bbox 2219 1823 2373 1892; x_wconf 89' lang='lat' dir='ltr'><strong>quasi</strong></span> <span class='ocrx_word' id='word_1_344' title='bbox 2403 1839 2509 1878; x_wconf 91' lang='lat' dir='ltr'><strong>non</strong></span> <span class='ocrx_word' id='word_1_345' title='bbox 2539 1823 2756 1893; x_wconf 89' lang='lat' dir='ltr'><strong>respici,</strong></span> <span class='ocrx_word' id='word_1_346' title='bbox 2782 1825 2906 1877; x_wconf 92' lang='lat' dir='ltr'><strong>dum</strong></span> <span class='ocrx_word' id='word_1_347' title='bbox 2943 1839 3039 1878; x_wconf 90' lang='lat' dir='ltr'><strong>sua</strong></span> <span class='ocrx_word' id='word_1_348' title='bbox 3070 1824 3211 1878; x_wconf 83' lang='lat' dir='ltr'><strong>videt</strong></span> <span class='ocrx_word' id='word_1_349' title='bbox 3238 1824 3291 1878; x_wconf 90' lang='lat' dir='ltr'><strong>in</strong></span> <span class='ocrx_word' id='word_1_350' title='bbox 3317 1823 3544 1878; x_wconf 87' lang='lat' dir='ltr'><strong>tribula-</strong></span> 
     </span>
    </p>
   </div>
   <div class='ocr_carea' id='block_1_49' title="bbox 1958 1911 2948 1981">
    <p class='ocr_par' dir='ltr' id='par_1_49' title="bbox 1958 1911 2948 1981">
     <span class='ocr_line' id='line_1_49' title="bbox 1958 1911 2948 1981; baseline 0 -14"><span class='ocrx_word' id='word_1_351' title='bbox 1958 1914 2193 1969; x_wconf 89' lang='lat' dir='ltr'><strong>tionibus</strong></span> <span class='ocrx_word' id='word_1_352' title='bbox 2219 1922 2341 1968; x_wconf 88' lang='lat' dir='ltr'><strong>vota</strong></span> <span class='ocrx_word' id='word_1_353' title='bbox 2372 1911 2594 1967; x_wconf 79' lang='lat' dir='ltr'><strong>dill‘erri.</strong></span> <span class='ocrx_word' id='word_1_354' title='bbox 2647 1913 2904 1981; x_wconf 85' lang='lat' dir='ltr'><strong>Sequitur</strong></span> <span class='ocrx_word' id='word_1_355' title='bbox 2934 1930 2948 1967; x_wconf 94' lang='lat'><strong>:</strong></span> 
     </span>
    </p>
   </div>
   <div class='ocr_carea' id='block_1_50' title="bbox 2037 2001 3546 2060">
    <p class='ocr_par' dir='ltr' id='par_1_50' title="bbox 2037 2001 3546 2060">
     <span class='ocr_line' id='line_1_50' title="bbox 2037 2001 3546 2060; baseline -0.001 0"><span class='ocrx_word' id='word_1_356' title='bbox 2037 2005 2196 2060; x_wconf 74' lang='lat' dir='ltr'><strong>Vsus.</strong></span> <span class='ocrx_word' id='word_1_357' title='bbox 2239 2004 2328 2058; x_wconf 71' lang='grc'><strong>21.</strong></span> <span class='ocrx_word' id='word_1_358' title='bbox 2379 2003 2616 2059; x_wconf 76' lang='lat' dir='ltr'><strong>Mutatus</strong></span> <span class='ocrx_word' id='word_1_359' title='bbox 2643 2020 2696 2058; x_wconf 86' lang='lat' dir='ltr'><strong>es</strong></span> <span class='ocrx_word' id='word_1_360' title='bbox 2721 2003 2846 2057; x_wconf 79' lang='lat' dir='ltr'><strong>mihi</strong></span> <span class='ocrx_word' id='word_1_361' title='bbox 2888 2003 2943 2058; x_wconf 87' lang='lat' dir='ltr'><strong>in</strong></span> <span class='ocrx_word' id='word_1_362' title='bbox 2983 2001 3451 2058; x_wconf 65' lang='lat' dir='ltr'><strong>crudelem—Ac</strong></span> <span class='ocrx_word' id='word_1_363' title='bbox 3497 2002 3546 2058; x_wconf 84' lang='lat' dir='ltr'><strong>si</strong></span> 
     </span>
    </p>
   </div>
   <div class='ocr_carea' id='block_1_51' title="bbox 1961 2092 3543 2169">
    <p class='ocr_par' dir='ltr' id='par_1_51' title="bbox 1961 2092 3543 2169">
     <span class='ocr_line' id='line_1_51' title="bbox 1961 2092 3543 2169; baseline -0.003 -19"><span class='ocrx_word' id='word_1_364' title='bbox 1961 2103 2146 2167; x_wconf 88' lang='lat' dir='ltr'><strong>aperte</strong></span> <span class='ocrx_word' id='word_1_365' title='bbox 2184 2096 2367 2150; x_wconf 89' lang='lat' dir='ltr'><strong>dicat:</strong></span> <span class='ocrx_word' id='word_1_366' title='bbox 2399 2094 2500 2161; x_wconf 86' lang='lat' dir='ltr'><strong>Qui</strong></span> <span class='ocrx_word' id='word_1_367' title='bbox 2537 2094 2590 2148; x_wconf 93' lang='lat' dir='ltr'><strong>in</strong></span> <span class='ocrx_word' id='word_1_368' title='bbox 2629 2102 2681 2149; x_wconf 91' lang='lat' dir='ltr'><strong>te</strong></span> <span class='ocrx_word' id='word_1_369' title='bbox 2705 2094 2821 2169; x_wconf 91' lang='lat' dir='ltr'><strong>ipso</strong></span> <span class='ocrx_word' id='word_1_370' title='bbox 2851 2094 3189 2150; x_wconf 89' lang='lat' dir='ltr'><strong>crudelitatis</strong></span> <span class='ocrx_word' id='word_1_371' title='bbox 3236 2092 3311 2147; x_wconf 91' lang='lat' dir='ltr'><strong>nil</strong></span> <span class='ocrx_word' id='word_1_372' title='bbox 3355 2093 3543 2156; x_wconf 86' lang='lat' dir='ltr'><strong>habes,</strong></span> 
     </span>
    </p>
   </div>
   <div class='ocr_carea' id='block_1_52' title="bbox 1960 2183 3548 2258">
    <p class='ocr_par' dir='ltr' id='par_1_52' title="bbox 1960 2183 3548 2258">
     <span class='ocr_line' id='line_1_52' title="bbox 1960 2183 3548 2258; baseline -0.003 -17"><span class='ocrx_word' id='word_1_373' title='bbox 1960 2186 2112 2251; x_wconf 89' lang='lat' dir='ltr'><strong>mihi,</strong></span> <span class='ocrx_word' id='word_1_374' title='bbox 2137 2200 2296 2255; x_wconf 88' lang='lat' dir='ltr'><strong>quem</strong></span> <span class='ocrx_word' id='word_1_375' title='bbox 2329 2187 2595 2256; x_wconf 88' lang='lat' dir='ltr'><strong>respirare</strong></span> <span class='ocrx_word' id='word_1_376' title='bbox 2619 2200 2650 2239; x_wconf 87' lang='lat' dir='ltr'><strong>a</strong></span> <span class='ocrx_word' id='word_1_377' title='bbox 2678 2186 3024 2256; x_wconf 89' lang='lat' dir='ltr'><strong>percussione</strong></span> <span class='ocrx_word' id='word_1_378' title='bbox 3043 2200 3147 2240; x_wconf 89' lang='lat' dir='ltr'><strong>non</strong></span> <span class='ocrx_word' id='word_1_379' title='bbox 3177 2184 3328 2249; x_wconf 86' lang='lat' dir='ltr'><strong>sinis,</strong></span> <span class='ocrx_word' id='word_1_380' title='bbox 3358 2183 3548 2258; x_wconf 49' lang='lat' dir='ltr'><strong>crudee</strong></span> 
     </span>
    </p>
   </div>
   <div class='ocr_carea' id='block_1_53' title="bbox 1960 2277 3546 2346">
    <p class='ocr_par' dir='ltr' id='par_1_53' title="bbox 1960 2277 3546 2346">
     <span class='ocr_line' id='line_1_53' title="bbox 1960 2277 3546 2346; baseline -0.001 -15"><span class='ocrx_word' id='word_1_381' title='bbox 1960 2277 2028 2333; x_wconf 88' lang='lat' dir='ltr'><strong>lis</strong></span> <span class='ocrx_word' id='word_1_382' title='bbox 2061 2279 2278 2334; x_wconf 89' lang='lat' dir='ltr'><strong>videris.</strong></span> <span class='ocrx_word' id='word_1_383' title='bbox 2311 2277 2390 2332; x_wconf 86' lang='lat' dir='ltr'><strong>lta</strong></span> <span class='ocrx_word' id='word_1_384' title='bbox 2416 2278 2559 2333; x_wconf 91' lang='lat' dir='ltr'><strong>enim</strong></span> <span class='ocrx_word' id='word_1_385' title='bbox 2599 2277 2740 2333; x_wconf 90' lang='lat' dir='ltr'><strong>Deus</strong></span> <span class='ocrx_word' id='word_1_386' title='bbox 2775 2293 2894 2334; x_wconf 88' lang='lat' dir='ltr'><strong>esse</strong></span> <span class='ocrx_word' id='word_1_387' title='bbox 2933 2277 3166 2332; x_wconf 84' lang='lat' dir='ltr'><strong>crudelis</strong></span> <span class='ocrx_word' id='word_1_388' title='bbox 3203 2291 3308 2332; x_wconf 92' lang='lat' dir='ltr'><strong>non</strong></span> <span class='ocrx_word' id='word_1_389' title='bbox 3349 2284 3546 2346; x_wconf 87' lang='lat' dir='ltr'><strong>potest,</strong></span> 
     </span>
    </p>
   </div>
   <div class='ocr_carea' id='block_1_54' title="bbox 1963 2368 3549 2440">
    <p class='ocr_par' dir='ltr' id='par_1_54' title="bbox 1963 2368 3549 2440">
     <span class='ocr_line' id='line_1_54' title="bbox 1963 2368 3549 2440; baseline -0.001 -16"><span class='ocrx_word' id='word_1_390' title='bbox 1963 2369 2103 2424; x_wconf 88' lang='lat' dir='ltr'><strong>sicut</strong></span> <span class='ocrx_word' id='word_1_391' title='bbox 2139 2385 2238 2424; x_wconf 91' lang='lat' dir='ltr'><strong>nec</strong></span> <span class='ocrx_word' id='word_1_392' title='bbox 2273 2369 2471 2424; x_wconf 91' lang='lat' dir='ltr'><strong>mutari</strong></span> <span class='ocrx_word' id='word_1_393' title='bbox 2498 2368 2764 2424; x_wconf 89' lang='lat' dir='ltr'><strong>ullatenus</strong></span> <span class='ocrx_word' id='word_1_394' title='bbox 2789 2378 2984 2440; x_wconf 88' lang='lat' dir='ltr'><strong>potest.</strong></span> <span class='ocrx_word' id='word_1_395' title='bbox 3031 2369 3138 2425; x_wconf 90' lang='lat' dir='ltr'><strong>Sed</strong></span> <span class='ocrx_word' id='word_1_396' title='bbox 3173 2370 3297 2440; x_wconf 86' lang='lat' dir='ltr'><strong>quia</strong></span> <span class='ocrx_word' id='word_1_397' title='bbox 3327 2369 3549 2423; x_wconf 92' lang='lat' dir='ltr'><strong>omnino</strong></span> 
     </span>
    </p>
   </div>
   <div class='ocr_carea' id='block_1_55' title="bbox 1964 2460 3549 2530">
    <p class='ocr_par' dir='ltr' id='par_1_55' title="bbox 1964 2460 3549 2530">
     <span class='ocr_line' id='line_1_55' title="bbox 1964 2460 3549 2530; baseline 0 -16"><span class='ocrx_word' id='word_1_398' title='bbox 1964 2461 2018 2514; x_wconf 92' lang='lat' dir='ltr'><strong>in</strong></span> <span class='ocrx_word' id='word_1_399' title='bbox 2069 2460 2178 2513; x_wconf 92' lang='lat' dir='ltr'><strong>Deo</strong></span> <span class='ocrx_word' id='word_1_400' title='bbox 2225 2473 2502 2530; x_wconf 90' lang='lat' dir='ltr'><strong>nunquam</strong></span> <span class='ocrx_word' id='word_1_401' title='bbox 2561 2474 2660 2514; x_wconf 89' lang='lat' dir='ltr'><strong>nec</strong></span> <span class='ocrx_word' id='word_1_402' title='bbox 2709 2461 3001 2516; x_wconf 88' lang='lat' dir='ltr'><strong>crudelitas</strong></span> <span class='ocrx_word' id='word_1_403' title='bbox 3062 2475 3162 2516; x_wconf 91' lang='lat' dir='ltr'><strong>nec</strong></span> <span class='ocrx_word' id='word_1_404' title='bbox 3217 2461 3549 2516; x_wconf 89' lang='lat' dir='ltr'><strong>mutabilitas</strong></span> 
     </span>
    </p>
   </div>
   <div class='ocr_carea' id='block_1_56' title="bbox 1964 2547 3552 2619">
    <p class='ocr_par' dir='ltr' id='par_1_56' title="bbox 1964 2547 3552 2619">
     <span class='ocr_line' id='line_1_56' title="bbox 1964 2547 3552 2619; baseline 0.002 -19"><span class='ocrx_word' id='word_1_405' title='bbox 1964 2547 2130 2613; x_wconf 90' lang='lat' dir='ltr'><strong>venit,</strong></span> <span class='ocrx_word' id='word_1_406' title='bbox 2161 2548 2284 2602; x_wconf 91' lang='lat' dir='ltr'><strong>dum</strong></span> <span class='ocrx_word' id='word_1_407' title='bbox 2318 2548 2450 2602; x_wconf 90' lang='lat' dir='ltr'><strong>mihi</strong></span> <span class='ocrx_word' id='word_1_408' title='bbox 2481 2549 2628 2613; x_wconf 90' lang='lat' dir='ltr'><strong>dicit,</strong></span> <span class='ocrx_word' id='word_1_409' title='bbox 2661 2550 2803 2618; x_wconf 90' lang='lat' dir='ltr'><strong>quod</strong></span> <span class='ocrx_word' id='word_1_410' title='bbox 2844 2550 2896 2604; x_wconf 91' lang='lat' dir='ltr'><strong>in</strong></span> <span class='ocrx_word' id='word_1_411' title='bbox 2935 2549 3225 2619; x_wconf 81' lang='lat' dir='ltr'><strong>semetipso</strong></span> <span class='ocrx_word' id='word_1_412' title='bbox 3252 2551 3418 2605; x_wconf 90' lang='lat' dir='ltr'><strong>Deum</strong></span> <span class='ocrx_word' id='word_1_413' title='bbox 3450 2564 3552 2604; x_wconf 88' lang='lat' dir='ltr'><strong>nec</strong></span> 
     </span>
    </p>
   </div>
   <div class='ocr_carea' id='block_1_57' title="bbox 1963 2637 3550 2694">
    <p class='ocr_par' dir='ltr' id='par_1_57' title="bbox 1963 2637 3550 2694">
     <span class='ocr_line' id='line_1_57' title="bbox 1963 2637 3550 2694; baseline 0.001 -2"><span class='ocrx_word' id='word_1_414' title='bbox 1963 2637 2236 2692; x_wconf 87' lang='lat' dir='ltr'><strong>crudelem</strong></span> <span class='ocrx_word' id='word_1_415' title='bbox 2261 2652 2360 2692; x_wconf 88' lang='lat' dir='ltr'><strong>nec</strong></span> <span class='ocrx_word' id='word_1_416' title='bbox 2384 2638 2697 2694; x_wconf 88' lang='lat' dir='ltr'><strong>mutabilem</strong></span> <span class='ocrx_word' id='word_1_417' title='bbox 2727 2639 2925 2693; x_wconf 90' lang='lat' dir='ltr'><strong>sentiat</strong></span> <span class='ocrx_word' id='word_1_418' title='bbox 2953 2639 3207 2693; x_wconf 90' lang='lat' dir='ltr'><strong>ostendit.</strong></span> <span class='ocrx_word' id='word_1_419' title='bbox 3250 2637 3384 2693; x_wconf 85' lang='lat' dir='ltr'><strong>Nam</strong></span> <span class='ocrx_word' id='word_1_420' title='bbox 3423 2640 3550 2694; x_wconf 91' lang='lat' dir='ltr'><strong>dum</strong></span> 
     </span>
    </p>
   </div>
   <div class='ocr_carea' id='block_1_58' title="bbox 1965 2729 3548 2800">
    <p class='ocr_par' dir='ltr' id='par_1_58' title="bbox 1965 2729 3548 2800">
     <span class='ocr_line' id='line_1_58' title="bbox 1965 2729 3548 2800; baseline -0.001 -16"><span class='ocrx_word' id='word_1_421' title='bbox 1965 2729 2111 2784; x_wconf 89' lang='lat' dir='ltr'><strong>circa</strong></span> <span class='ocrx_word' id='word_1_422' title='bbox 2149 2743 2249 2783; x_wconf 88' lang='lat' dir='ltr'><strong>nos</strong></span> <span class='ocrx_word' id='word_1_423' title='bbox 2285 2729 2531 2800; x_wconf 72' lang='lat' dir='ltr'><strong>quzedam</strong></span> <span class='ocrx_word' id='word_1_424' title='bbox 2571 2745 2830 2800; x_wconf 91' lang='lat' dir='ltr'><strong>prospera</strong></span> <span class='ocrx_word' id='word_1_425' title='bbox 2866 2738 2922 2785; x_wconf 92' lang='lat' dir='ltr'><strong>et</strong></span> <span class='ocrx_word' id='word_1_426' title='bbox 2971 2731 3198 2785; x_wconf 87' lang='lat' dir='ltr'><strong>adversa</strong></span> <span class='ocrx_word' id='word_1_427' title='bbox 3248 2731 3548 2795; x_wconf 89' lang='lat' dir='ltr'><strong>variantur,</strong></span> 
     </span>
    </p>
   </div>
   <div class='ocr_carea' id='block_1_59' title="bbox 1967 2820 3548 2892">
    <p class='ocr_par' dir='ltr' id='par_1_59' title="bbox 1967 2820 3548 2892">
     <span class='ocr_line' id='line_1_59' title="bbox 1967 2820 3548 2892; baseline 0.002 -19"><span class='ocrx_word' id='word_1_428' title='bbox 1967 2820 2020 2874; x_wconf 91' lang='lat' dir='ltr'><strong>in</strong></span> <span class='ocrx_word' id='word_1_429' title='bbox 2050 2834 2115 2874; x_wconf 91' lang='lat' dir='ltr'><strong>eo</strong></span> <span class='ocrx_word' id='word_1_430' title='bbox 2150 2820 2294 2889; x_wconf 89' lang='lat' dir='ltr'><strong>quod</strong></span> <span class='ocrx_word' id='word_1_431' title='bbox 2325 2835 2424 2875; x_wconf 92' lang='lat' dir='ltr'><strong>nos</strong></span> <span class='ocrx_word' id='word_1_432' title='bbox 2461 2829 2757 2887; x_wconf 90' lang='lat' dir='ltr'><strong>mutamur,</strong></span> <span class='ocrx_word' id='word_1_433' title='bbox 2788 2822 2942 2891; x_wconf 89' lang='lat' dir='ltr'><strong>quasi</strong></span> <span class='ocrx_word' id='word_1_434' title='bbox 2976 2821 3094 2892; x_wconf 85' lang='lat' dir='ltr'><strong>ejus</strong></span> <span class='ocrx_word' id='word_1_435' title='bbox 3124 2822 3268 2877; x_wconf 91' lang='lat' dir='ltr'><strong>circa</strong></span> <span class='ocrx_word' id='word_1_436' title='bbox 3299 2838 3396 2878; x_wconf 91' lang='lat' dir='ltr'><strong>nos</strong></span> <span class='ocrx_word' id='word_1_437' title='bbox 3427 2839 3548 2876; x_wconf 87' lang='lat' dir='ltr'><strong>mu-</strong></span> 
     </span>
    </p>
   </div>
   <div class='ocr_carea' id='block_1_60' title="bbox 1969 2913 3554 2985">
    <p class='ocr_par' dir='ltr' id='par_1_60' title="bbox 1969 2913 3554 2985">
     <span class='ocr_line' id='line_1_60' title="bbox 1969 2913 3554 2985; baseline 0.003 -19"><span class='ocrx_word' id='word_1_438' title='bbox 1969 2920 2139 2966; x_wconf 86' lang='lat' dir='ltr'><strong>tatum</strong></span> <span class='ocrx_word' id='word_1_439' title='bbox 2168 2913 2407 2967; x_wconf 90' lang='lat' dir='ltr'><strong>animum</strong></span> <span class='ocrx_word' id='word_1_440' title='bbox 2447 2913 2802 2983; x_wconf 86' lang='lat' dir='ltr'><strong>suspicamur.</strong></span> <span class='ocrx_word' id='word_1_441' title='bbox 2866 2914 2984 2985; x_wconf 84' lang='lat' dir='ltr'><strong>ipse</strong></span> <span class='ocrx_word' id='word_1_442' title='bbox 3026 2929 3155 2970; x_wconf 90' lang='lat' dir='ltr'><strong>vero</strong></span> <span class='ocrx_word' id='word_1_443' title='bbox 3200 2915 3252 2969; x_wconf 91' lang='lat' dir='ltr'><strong>in</strong></span> <span class='ocrx_word' id='word_1_444' title='bbox 3295 2931 3354 2971; x_wconf 92' lang='lat' dir='ltr'><strong>se</strong></span> <span class='ocrx_word' id='word_1_445' title='bbox 3405 2931 3554 2970; x_wconf 86' lang='lat' dir='ltr'><strong>com-</strong></span> 
     </span>
    </p>
   </div>
   <div class='ocr_carea' id='block_1_61' title="bbox 1971 3001 3556 3075">
    <p class='ocr_par' dir='ltr' id='par_1_61' title="bbox 1971 3001 3556 3075">
     <span class='ocr_line' id='line_1_61' title="bbox 1971 3001 3556 3075; baseline 0.001 -18"><span class='ocrx_word' id='word_1_446' title='bbox 1971 3001 2241 3058; x_wconf 89' lang='lat' dir='ltr'><strong>mutabilis</strong></span> <span class='ocrx_word' id='word_1_447' title='bbox 2264 3017 2609 3072; x_wconf 88' lang='lat' dir='ltr'><strong>permanens,</strong></span> <span class='ocrx_word' id='word_1_448' title='bbox 2655 3004 2813 3058; x_wconf 90' lang='lat' dir='ltr'><strong>aliter</strong></span> <span class='ocrx_word' id='word_1_449' title='bbox 2841 3014 3004 3074; x_wconf 89' lang='lat' dir='ltr'><strong>atque</strong></span> <span class='ocrx_word' id='word_1_450' title='bbox 3047 3005 3205 3060; x_wconf 88' lang='lat' dir='ltr'><strong>aliter</strong></span> <span class='ocrx_word' id='word_1_451' title='bbox 3252 3005 3305 3060; x_wconf 87' lang='lat' dir='ltr'><strong>in</strong></span> <span class='ocrx_word' id='word_1_452' title='bbox 3354 3007 3556 3075; x_wconf 83' lang='lat' dir='ltr'><strong>cogita-</strong></span> 
     </span>
    </p>
   </div>
   <div class='ocr_carea' id='block_1_62' title="bbox 350 3093 3554 3167">
    <p class='ocr_par' dir='ltr' id='par_1_62' title="bbox 350 3093 3554 3167">
     <span class='ocr_line' id='line_1_62' title="bbox 350 3093 3554 3167; baseline 0.001 -22"><span class='ocrx_word' id='word_1_453' title='bbox 350 3093 514 3150; x_wconf 75' lang='lat' dir='ltr'><strong>Vens.</strong></span> <span class='ocrx_word' id='word_1_454' title='bbox 553 3095 638 3149; x_wconf 84' lang='lat' dir='ltr'><strong>l7.</strong></span> <span class='ocrx_word' id='word_1_455' title='bbox 696 3094 764 3148; x_wconf 86' lang='lat' dir='ltr'><strong>Et</strong></span> <span class='ocrx_word' id='word_1_456' title='bbox 811 3105 958 3150; x_wconf 87' lang='lat' dir='ltr'><strong>nocte</strong></span> <span class='ocrx_word' id='word_1_457' title='bbox 1011 3113 1068 3150; x_wconf 88' lang='lat' dir='ltr'><strong>os</strong></span> <span class='ocrx_word' id='word_1_458' title='bbox 1116 3113 1284 3150; x_wconf 90' lang='lat' dir='ltr'><strong>meum</strong></span> <span class='ocrx_word' id='word_1_459' title='bbox 1329 3097 1628 3166; x_wconf 80' lang='lat' dir='ltr'><strong>perforatur</strong></span> <span class='ocrx_word' id='word_1_460' title='bbox 1670 3093 1865 3151; x_wconf 87' lang='lat' dir='ltr'><strong>dolori-</strong></span> <span class='ocrx_word' id='word_1_461' title='bbox 1893 3095 1939 3158; x_wconf 86' lang='lat' dir='ltr'>C</span> <span class='ocrx_word' id='word_1_462' title='bbox 1971 3096 2118 3150; x_wconf 91' lang='lat' dir='ltr'><strong>tione</strong></span> <span class='ocrx_word' id='word_1_463' title='bbox 2167 3095 2398 3150; x_wconf 88' lang='lat' dir='ltr'><strong>sentitur</strong></span> <span class='ocrx_word' id='word_1_464' title='bbox 2444 3097 2722 3151; x_wconf 85' lang='lat' dir='ltr'><strong>hominum</strong></span> <span class='ocrx_word' id='word_1_465' title='bbox 2769 3110 2867 3165; x_wconf 87' lang='lat' dir='ltr'><strong>pro</strong></span> <span class='ocrx_word' id='word_1_466' title='bbox 2911 3095 3170 3167; x_wconf 88' lang='lat' dir='ltr'><strong>qualitate</strong></span> <span class='ocrx_word' id='word_1_467' title='bbox 3216 3097 3554 3150; x_wconf 78' lang='lat' dir='ltr'><strong>meritorum.</strong></span> 
     </span>
    </p>
   </div>
   <div class='ocr_carea' id='block_1_63' title="bbox 271 3186 1867 3257">
    <p class='ocr_par' dir='ltr' id='par_1_63' title="bbox 271 3186 1867 3257">
     <span class='ocr_line' id='line_1_63' title="bbox 271 3186 1867 3257; baseline -0.001 -15"><span class='ocrx_word' id='word_1_468' title='bbox 271 3189 394 3242; x_wconf 81' lang='lat' dir='ltr'><strong>bus.</strong></span> <span class='ocrx_word' id='word_1_469' title='bbox 418 3187 647 3255; x_wconf 91' lang='lat' dir='ltr'><strong>--Quid</strong></span> <span class='ocrx_word' id='word_1_470' title='bbox 683 3202 780 3257; x_wconf 90' lang='lat' dir='ltr'><strong>per</strong></span> <span class='ocrx_word' id='word_1_471' title='bbox 809 3202 954 3253; x_wconf 88' lang='lat' dir='ltr'><strong>ossa,</strong></span> <span class='ocrx_word' id='word_1_472' title='bbox 987 3188 1088 3242; x_wconf 90' lang='lat' dir='ltr'><strong>nisi</strong></span> <span class='ocrx_word' id='word_1_473' title='bbox 1129 3186 1297 3242; x_wconf 78' lang='lat' dir='ltr'><strong>fortes</strong></span> <span class='ocrx_word' id='word_1_474' title='bbox 1329 3187 1528 3257; x_wconf 90' lang='lat' dir='ltr'><strong>quique</strong></span> <span class='ocrx_word' id='word_1_475' title='bbox 1562 3188 1616 3242; x_wconf 92' lang='lat' dir='ltr'><strong>in</strong></span> <span class='ocrx_word' id='word_1_476' title='bbox 1666 3195 1867 3240; x_wconf 75' lang='lat' dir='ltr'><strong>sancta:</strong></span> 
     </span>
    </p>
   </div>
   <div class='ocr_carea' id='block_1_64' title="bbox 268 3277 1867 3350">
    <p class='ocr_par' dir='ltr' id='par_1_64' title="bbox 268 3277 1867 3350">
     <span class='ocr_line' id='line_1_64' title="bbox 268 3277 1867 3350; baseline -0.003 -14"><span class='ocrx_word' id='word_1_477' title='bbox 268 3279 530 3336; x_wconf 68' lang='lat' dir='ltr'><strong>Ecclesiae</strong></span> <span class='ocrx_word' id='word_1_478' title='bbox 573 3293 799 3349; x_wconf 89' lang='lat' dir='ltr'><strong>corpore</strong></span> <span class='ocrx_word' id='word_1_479' title='bbox 835 3279 1226 3349; x_wconf 82' lang='lat' dir='ltr'><strong>designantur?</strong></span> <span class='ocrx_word' id='word_1_480' title='bbox 1254 3280 1344 3348; x_wconf 92' lang='lat' dir='ltr'><strong>qui</strong></span> <span class='ocrx_word' id='word_1_481' title='bbox 1375 3279 1530 3350; x_wconf 90' lang='lat' dir='ltr'><strong>quasi</strong></span> <span class='ocrx_word' id='word_1_482' title='bbox 1555 3293 1616 3332; x_wconf 93' lang='lat' dir='ltr'><strong>os</strong></span> <span class='ocrx_word' id='word_1_483' title='bbox 1651 3277 1718 3331; x_wconf 89' lang='lat' dir='ltr'><strong>ab</strong></span> <span class='ocrx_word' id='word_1_484' title='bbox 1744 3292 1867 3332; x_wconf 90' lang='lat' dir='ltr'><strong>osse</strong></span> 
     </span>
    </p>
   </div>
   <div class='ocr_carea' id='block_1_65' title="bbox 274 3368 1873 3436">
    <p class='ocr_par' dir='ltr' id='par_1_65' title="bbox 274 3368 1873 3436">
     <span class='ocr_line' id='line_1_65' title="bbox 274 3368 1873 3436; baseline -0.005 -8"><span class='ocrx_word' id='word_1_485' title='bbox 274 3371 532 3428; x_wconf 85' lang='lat' dir='ltr'><strong>membra</strong></span> <span class='ocrx_word' id='word_1_486' title='bbox 557 3371 855 3436; x_wconf 87' lang='lat' dir='ltr'><strong>continent,</strong></span> <span class='ocrx_word' id='word_1_487' title='bbox 888 3371 1014 3425; x_wconf 91' lang='lat' dir='ltr'><strong>dum</strong></span> <span class='ocrx_word' id='word_1_488' title='bbox 1045 3385 1224 3426; x_wconf 90' lang='lat' dir='ltr'><strong>mores</strong></span> <span class='ocrx_word' id='word_1_489' title='bbox 1250 3369 1639 3424; x_wconf 82' lang='lat' dir='ltr'><strong>inﬁrmantium</strong></span> <span class='ocrx_word' id='word_1_490' title='bbox 1671 3368 1873 3424; x_wconf 87' lang='lat' dir='ltr'><strong>stabili-</strong></span> 
     </span>
    </p>
   </div>
   <div class='ocr_carea' id='block_1_66' title="bbox 271 3462 1869 3536">
    <p class='ocr_par' dir='ltr' id='par_1_66' title="bbox 271 3462 1869 3536">
     <span class='ocr_line' id='line_1_66' title="bbox 271 3462 1869 3536; baseline -0.004 -16"><span class='ocrx_word' id='word_1_491' title='bbox 271 3479 364 3526; x_wconf 72' lang='lat' dir='ltr'><strong>ter</strong></span> <span class='ocrx_word' id='word_1_492' title='bbox 410 3474 648 3536; x_wconf 91' lang='lat' dir='ltr'><strong>portant.</strong></span> <span class='ocrx_word' id='word_1_493' title='bbox 707 3463 813 3519; x_wconf 89' lang='lat' dir='ltr'><strong>Sed</strong></span> <span class='ocrx_word' id='word_1_494' title='bbox 862 3478 984 3519; x_wconf 90' lang='lat' dir='ltr'><strong>cum</strong></span> <span class='ocrx_word' id='word_1_495' title='bbox 1036 3462 1396 3519; x_wconf 89' lang='lat' dir='ltr'><strong>tribulationis</strong></span> <span class='ocrx_word' id='word_1_496' title='bbox 1436 3462 1641 3517; x_wconf 67' lang='lat' dir='ltr'><strong>ultima:</strong></span> <span class='ocrx_word' id='word_1_497' title='bbox 1680 3469 1869 3516; x_wconf 90' lang='lat' dir='ltr'><strong>contra</strong></span> 
     </span>
    </p>
   </div>
   <div class='ocr_carea' id='block_1_67' title="bbox 274 3553 1871 3626">
    <p class='ocr_par' dir='ltr' id='par_1_67' title="bbox 274 3553 1871 3626">
     <span class='ocr_line' id='line_1_67' title="bbox 274 3553 1871 3626; baseline -0.006 -12"><span class='ocrx_word' id='word_1_498' title='bbox 274 3573 403 3614; x_wconf 90' lang='lat' dir='ltr'><strong>eam</strong></span> <span class='ocrx_word' id='word_1_499' title='bbox 440 3557 623 3615; x_wconf 77' lang='lat' dir='ltr'><strong>fervor</strong></span> <span class='ocrx_word' id='word_1_500' title='bbox 649 3557 967 3621; x_wconf 84' lang='lat' dir='ltr'><strong>excreverit,</strong></span> <span class='ocrx_word' id='word_1_501' title='bbox 998 3556 1051 3610; x_wconf 92' lang='lat' dir='ltr'><strong>in</strong></span> <span class='ocrx_word' id='word_1_502' title='bbox 1087 3565 1234 3610; x_wconf 84' lang='lat' dir='ltr'><strong>nocte</strong></span> <span class='ocrx_word' id='word_1_503' title='bbox 1274 3573 1331 3612; x_wconf 87' lang='lat' dir='ltr'><strong>os</strong></span> <span class='ocrx_word' id='word_1_504' title='bbox 1378 3555 1521 3610; x_wconf 90' lang='lat' dir='ltr'><strong>illius</strong></span> <span class='ocrx_word' id='word_1_505' title='bbox 1570 3553 1871 3626; x_wconf 76' lang='lat' dir='ltr'><strong>perforatur</strong></span> 
     </span>
    </p>
   </div>
   <div class='ocr_carea' id='block_1_68' title="bbox 275 3645 1870 3718">
    <p class='ocr_par' dir='ltr' id='par_1_68' title="bbox 275 3645 1870 3718">
     <span class='ocr_line' id='line_1_68' title="bbox 275 3645 1870 3718; baseline -0.003 -16"><span class='ocrx_word' id='word_1_506' title='bbox 275 3649 572 3713; x_wconf 83' lang='lat' dir='ltr'><strong>doloribus,</strong></span> <span class='ocrx_word' id='word_1_507' title='bbox 616 3648 741 3718; x_wconf 89' lang='lat' dir='ltr'><strong>quia</strong></span> <span class='ocrx_word' id='word_1_508' title='bbox 778 3662 1160 3717; x_wconf 89' lang='lat' dir='ltr'><strong>nonnunquam</strong></span> <span class='ocrx_word' id='word_1_509' title='bbox 1207 3647 1490 3702; x_wconf 90' lang='lat' dir='ltr'><strong>tormentis</strong></span> <span class='ocrx_word' id='word_1_510' title='bbox 1533 3645 1663 3701; x_wconf 80' lang='lat' dir='ltr'><strong>victi</strong></span> <span class='ocrx_word' id='word_1_511' title='bbox 1707 3645 1870 3699; x_wconf 90' lang='lat' dir='ltr'><strong>etiam</strong></span> 
     </span>
    </p>
   </div>
   <div class='ocr_carea' id='block_1_69' title="bbox 273 3736 1873 3812">
    <p class='ocr_par' dir='ltr' id='par_1_69' title="bbox 273 3736 1873 3812">
     <span class='ocr_line' id='line_1_69' title="bbox 273 3736 1873 3812; baseline -0.003 -17"><span class='ocrx_word' id='word_1_512' title='bbox 273 3742 380 3812; x_wconf 90' lang='lat' dir='ltr'><strong>ipsi</strong></span> <span class='ocrx_word' id='word_1_513' title='bbox 418 3741 486 3794; x_wconf 89' lang='lat' dir='ltr'><strong>ad</strong></span> <span class='ocrx_word' id='word_1_514' title='bbox 515 3740 797 3810; x_wconf 90' lang='lat' dir='ltr'><strong>perlldiam</strong></span> <span class='ocrx_word' id='word_1_515' title='bbox 827 3739 1087 3805; x_wconf 82' lang='lat' dir='ltr'><strong>deﬂuunt,</strong></span> <span class='ocrx_word' id='word_1_516' title='bbox 1119 3738 1209 3808; x_wconf 92' lang='lat' dir='ltr'><strong>qui</strong></span> <span class='ocrx_word' id='word_1_517' title='bbox 1235 3739 1300 3793; x_wconf 91' lang='lat' dir='ltr'><strong>ad</strong></span> <span class='ocrx_word' id='word_1_518' title='bbox 1332 3737 1490 3792; x_wconf 83' lang='lat' dir='ltr'><strong>ﬁdem</strong></span> <span class='ocrx_word' id='word_1_519' title='bbox 1520 3736 1655 3790; x_wconf 90' lang='lat' dir='ltr'><strong>alios</strong></span> <span class='ocrx_word' id='word_1_520' title='bbox 1689 3745 1873 3790; x_wconf 91' lang='lat' dir='ltr'><strong>tenere</strong></span> 
     </span>
    </p>
   </div>
   <div class='ocr_carea' id='block_1_70' title="bbox 275 3825 1871 3900">
    <p class='ocr_par' dir='ltr' id='par_1_70' title="bbox 275 3825 1871 3900">
     <span class='ocr_line' id='line_1_70' title="bbox 275 3825 1871 3900; baseline -0.003 -16"><span class='ocrx_word' id='word_1_521' title='bbox 275 3829 620 3885; x_wconf 87' lang='lat' dir='ltr'><strong>videbantur.</strong></span> <span class='ocrx_word' id='word_1_522' title='bbox 655 3828 911 3900; x_wconf 89' lang='lat' dir='ltr'><strong>Sequitur</strong></span> <span class='ocrx_word' id='word_1_523' title='bbox 938 3846 951 3883; x_wconf 90' lang='lat'><strong>:</strong></span> <span class='ocrx_word' id='word_1_524' title='bbox 981 3827 1048 3881; x_wconf 87' lang='lat' dir='ltr'><strong>Et</strong></span> <span class='ocrx_word' id='word_1_525' title='bbox 1085 3829 1174 3898; x_wconf 87' lang='lat' dir='ltr'><strong>qui</strong></span> <span class='ocrx_word' id='word_1_526' title='bbox 1203 3843 1283 3881; x_wconf 90' lang='lat' dir='ltr'><strong>me</strong></span> <span class='ocrx_word' id='word_1_527' title='bbox 1319 3827 1592 3882; x_wconf 84' lang='lat' dir='ltr'><strong>comedunt</strong></span> <span class='ocrx_word' id='word_1_528' title='bbox 1615 3843 1718 3880; x_wconf 86' lang='lat' dir='ltr'><strong>non</strong></span> <span class='ocrx_word' id='word_1_529' title='bbox 1744 3825 1871 3879; x_wconf 89' lang='lat' dir='ltr'><strong>dor-</strong></span> 
     </span>
    </p>
   </div>
   <div class='ocr_carea' id='block_1_71' title="bbox 274 3915 1872 3992">
    <p class='ocr_par' dir='ltr' id='par_1_71' title="bbox 274 3915 1872 3992">
     <span class='ocr_line' id='line_1_71' title="bbox 274 3915 1872 3992; baseline -0.004 -15"><span class='ocrx_word' id='word_1_530' title='bbox 274 3922 468 3977; x_wconf 88' lang='lat' dir='ltr'><strong>miunt.</strong></span> <span class='ocrx_word' id='word_1_531' title='bbox 511 3920 647 3988; x_wconf 88' lang='lat' dir='ltr'><strong>Quia</strong></span> <span class='ocrx_word' id='word_1_532' title='bbox 674 3920 892 3992; x_wconf 75' lang='lat' dir='ltr'><strong>maligni</strong></span> <span class='ocrx_word' id='word_1_533' title='bbox 920 3920 1163 3992; x_wconf 84' lang='lat' dir='ltr'><strong>spiritus,</strong></span> <span class='ocrx_word' id='word_1_534' title='bbox 1186 3919 1277 3989; x_wconf 89' lang='lat' dir='ltr'><strong>qui</strong></span> <span class='ocrx_word' id='word_1_535' title='bbox 1302 3919 1550 3974; x_wconf 89' lang='lat' dir='ltr'><strong>carnales</strong></span> <span class='ocrx_word' id='word_1_536' title='bbox 1571 3931 1785 3988; x_wconf 89' lang='lat' dir='ltr'><strong>quoque</strong></span> <span class='ocrx_word' id='word_1_537' title='bbox 1807 3915 1872 3971; x_wconf 90' lang='lat' dir='ltr'><strong>de</strong></span> 
     </span>
    </p>
   </div>
   <div class='ocr_carea' id='block_1_72' title="bbox 275 4010 1873 4080">
    <p class='ocr_par' dir='ltr' id='par_1_72' title="bbox 275 4010 1873 4080">
     <span class='ocr_line' id='line_1_72' title="bbox 275 4010 1873 4080; baseline -0.006 -12"><span class='ocrx_word' id='word_1_538' title='bbox 275 4010 523 4068; x_wconf 84' lang='lat' dir='ltr'><strong>Ecclesia</strong></span> <span class='ocrx_word' id='word_1_539' title='bbox 563 4019 906 4073; x_wconf 89' lang='lat' dir='ltr'><strong>consumunt,</strong></span> <span class='ocrx_word' id='word_1_540' title='bbox 955 4018 1102 4065; x_wconf 89' lang='lat' dir='ltr'><strong>tanto</strong></span> <span class='ocrx_word' id='word_1_541' title='bbox 1145 4010 1316 4080; x_wconf 85' lang='lat' dir='ltr'><strong>magis</strong></span> <span class='ocrx_word' id='word_1_542' title='bbox 1364 4011 1643 4079; x_wconf 88' lang='lat' dir='ltr'><strong>quiescere</strong></span> <span class='ocrx_word' id='word_1_543' title='bbox 1687 4023 1717 4061; x_wconf 92' lang='lat' dir='ltr'><strong>a</strong></span> <span class='ocrx_word' id='word_1_544' title='bbox 1757 4015 1873 4061; x_wconf 85' lang='lat' dir='ltr'><strong>ten-</strong></span> 
     </span>
    </p>
   </div>
   <div class='ocr_carea' id='block_1_73' title="bbox 275 4099 1875 4174">
    <p class='ocr_par' dir='ltr' id='par_1_73' title="bbox 275 4099 1875 4174">
     <span class='ocr_line' id='line_1_73' title="bbox 275 4099 1875 4174; baseline -0.004 -14"><span class='ocrx_word' id='word_1_545' title='bbox 275 4106 489 4160; x_wconf 82' lang='lat' dir='ltr'><strong>tatione</strong></span> <span class='ocrx_word' id='word_1_546' title='bbox 526 4105 796 4170; x_wconf 89' lang='lat' dir='ltr'><strong>nesciunt,</strong></span> <span class='ocrx_word' id='word_1_547' title='bbox 835 4110 1038 4174; x_wconf 84' lang='lat' dir='ltr'><strong>quanto</strong></span> <span class='ocrx_word' id='word_1_548' title='bbox 1079 4101 1222 4157; x_wconf 91' lang='lat' dir='ltr'><strong>nullo</strong></span> <span class='ocrx_word' id='word_1_549' title='bbox 1259 4101 1439 4157; x_wconf 89' lang='lat' dir='ltr'><strong>carnis</strong></span> <span class='ocrx_word' id='word_1_550' title='bbox 1476 4099 1714 4171; x_wconf 90' lang='lat' dir='ltr'><strong>pondere</strong></span> <span class='ocrx_word' id='word_1_551' title='bbox 1751 4113 1875 4169; x_wconf 78' lang='lat' dir='ltr'><strong>gra-</strong></span> 
     </span>
    </p>
   </div>
   <div class='ocr_carea' id='block_1_74' title="bbox 279 4193 814 4264">
    <p class='ocr_par' dir='ltr' id='par_1_74' title="bbox 279 4193 814 4264">
     <span class='ocr_line' id='line_1_74' title="bbox 279 4193 814 4264; baseline -0.006 -14"><span class='ocrx_word' id='word_1_552' title='bbox 279 4205 463 4250; x_wconf 80' lang='lat' dir='ltr'><strong>vatur.</strong></span> <span class='ocrx_word' id='word_1_553' title='bbox 515 4193 771 4264; x_wconf 90' lang='lat' dir='ltr'><strong>Sequitur</strong></span> <span class='ocrx_word' id='word_1_554' title='bbox 800 4211 814 4248; x_wconf 92' lang='lat'><strong>:</strong></span> 
     </span>
    </p>
   </div>
   <div class='ocr_carea' id='block_1_75' title="bbox 353 4279 1874 4342">
    <p class='ocr_par' dir='ltr' id='par_1_75' title="bbox 353 4279 1874 4342">
     <span class='ocr_line' id='line_1_75' title="bbox 353 4279 1874 4342; baseline -0.006 0"><span class='ocrx_word' id='word_1_555' title='bbox 353 4287 520 4342; x_wconf 75' lang='lat' dir='ltr'><strong>Vens.</strong></span> <span class='ocrx_word' id='word_1_556' title='bbox 559 4285 648 4340; x_wconf 83' lang='grc'><strong>18.</strong></span> <span class='ocrx_word' id='word_1_557' title='bbox 703 4283 772 4338; x_wconf 87' lang='lat' dir='ltr'><strong>In</strong></span> <span class='ocrx_word' id='word_1_558' title='bbox 809 4283 1144 4339; x_wconf 80' lang='lat' dir='ltr'><strong>multitudine</strong></span> <span class='ocrx_word' id='word_1_559' title='bbox 1174 4299 1354 4338; x_wconf 88' lang='lat' dir='ltr'><strong>eorum</strong></span> <span class='ocrx_word' id='word_1_560' title='bbox 1379 4282 1706 4338; x_wconf 84' lang='lat' dir='ltr'><strong>consumitur</strong></span> <span class='ocrx_word' id='word_1_561' title='bbox 1726 4279 1874 4334; x_wconf 86' lang='lat' dir='ltr'><strong>vesti-</strong></span> 
     </span>
    </p>
   </div>
   <div class='ocr_carea' id='block_1_76' title="bbox 277 4373 1872 4446">
    <p class='ocr_par' dir='ltr' id='par_1_76' title="bbox 277 4373 1872 4446">
     <span class='ocr_line' id='line_1_76' title="bbox 277 4373 1872 4446; baseline -0.006 -14"><span class='ocrx_word' id='word_1_562' title='bbox 277 4388 511 4433; x_wconf 83' lang='lat' dir='ltr'><strong>mentum</strong></span> <span class='ocrx_word' id='word_1_563' title='bbox 538 4391 732 4440; x_wconf 87' lang='lat' dir='ltr'><strong>meum,</strong></span> <span class='ocrx_word' id='word_1_564' title='bbox 773 4385 823 4428; x_wconf 82' lang='lat' dir='ltr'><strong>et</strong></span> <span class='ocrx_word' id='word_1_565' title='bbox 867 4376 1018 4446; x_wconf 85' lang='lat' dir='ltr'><strong>quasi</strong></span> <span class='ocrx_word' id='word_1_566' title='bbox 1051 4373 1243 4444; x_wconf 86' lang='lat' dir='ltr'><strong>capitio</strong></span> <span class='ocrx_word' id='word_1_567' title='bbox 1275 4375 1464 4428; x_wconf 80' lang='lat' dir='ltr'><strong>tunica:</strong></span> <span class='ocrx_word' id='word_1_568' title='bbox 1503 4373 1872 4427; x_wconf 78' lang='lat' dir='ltr'><strong>succinxerunt</strong></span> 
     </span>
    </p>
   </div>
   <div class='ocr_carea' id='block_1_77' title="bbox 1975 3185 3558 3258">
    <p class='ocr_par' dir='ltr' id='par_1_77' title="bbox 1975 3185 3558 3258">
     <span class='ocr_line' id='line_1_77' title="bbox 1975 3185 3558 3258; baseline -0.001 -16"><span class='ocrx_word' id='word_1_569' title='bbox 1975 3186 2258 3258; x_wconf 86' lang='lat' dir='ltr'><strong>Sequitur:</strong></span> <span class='ocrx_word' id='word_1_570' title='bbox 2279 3185 2347 3241; x_wconf 85' lang='lat' dir='ltr'><strong>Et</strong></span> <span class='ocrx_word' id='word_1_571' title='bbox 2372 3188 2426 3241; x_wconf 89' lang='lat' dir='ltr'><strong>in</strong></span> <span class='ocrx_word' id='word_1_572' title='bbox 2451 3189 2649 3242; x_wconf 86' lang='lat' dir='ltr'><strong>duritia</strong></span> <span class='ocrx_word' id='word_1_573' title='bbox 2670 3204 2857 3242; x_wconf 85' lang='lat' dir='ltr'><strong>manus</strong></span> <span class='ocrx_word' id='word_1_574' title='bbox 2879 3197 2984 3241; x_wconf 80' lang='lat' dir='ltr'><strong>tute</strong></span> <span class='ocrx_word' id='word_1_575' title='bbox 3006 3187 3305 3240; x_wconf 84' lang='lat' dir='ltr'><strong>adversario</strong></span> <span class='ocrx_word' id='word_1_576' title='bbox 3326 3187 3472 3240; x_wconf 83' lang='lat' dir='ltr'><strong>mihi.</strong></span> <span class='ocrx_word' id='word_1_577' title='bbox 3489 3217 3558 3227; x_wconf 90' lang='lat'>—</span> 
     </span>
    </p>
   </div>
   <div class='ocr_carea' id='block_1_78' title="bbox 1973 3277 3558 3342">
    <p class='ocr_par' dir='ltr' id='par_1_78' title="bbox 1973 3277 3558 3342">
     <span class='ocr_line' id='line_1_78' title="bbox 1973 3277 3558 3342; baseline -0.001 -10"><span class='ocrx_word' id='word_1_578' title='bbox 1973 3277 2161 3333; x_wconf 83' lang='lat' dir='ltr'><strong>Manus</strong></span> <span class='ocrx_word' id='word_1_579' title='bbox 2187 3279 2330 3332; x_wconf 90' lang='lat' dir='ltr'><strong>enim</strong></span> <span class='ocrx_word' id='word_1_580' title='bbox 2361 3279 2454 3333; x_wconf 90' lang='lat' dir='ltr'><strong>Dei</strong></span> <span class='ocrx_word' id='word_1_581' title='bbox 2486 3279 2617 3334; x_wconf 92' lang='lat' dir='ltr'><strong>dura</strong></span> <span class='ocrx_word' id='word_1_582' title='bbox 2642 3279 2898 3342; x_wconf 89' lang='lat' dir='ltr'><strong>creditur,</strong></span> <span class='ocrx_word' id='word_1_583' title='bbox 2927 3293 3049 3332; x_wconf 91' lang='lat' dir='ltr'><strong>cum</strong></span> <span class='ocrx_word' id='word_1_584' title='bbox 3073 3278 3332 3333; x_wconf 79' lang='lat' dir='ltr'><strong>voluntati</strong></span> <span class='ocrx_word' id='word_1_585' title='bbox 3358 3289 3558 3333; x_wconf 75' lang='lat' dir='ltr'><strong>nostra:</strong></span> 
     </span>
    </p>
   </div>
   <div class='ocr_carea' id='block_1_79' title="bbox 1973 3367 3559 3438">
    <p class='ocr_par' dir='ltr' id='par_1_79' title="bbox 1973 3367 3559 3438">
     <span class='ocr_line' id='line_1_79' title="bbox 1973 3367 3559 3438; baseline -0.001 -15"><span class='ocrx_word' id='word_1_586' title='bbox 1973 3369 2245 3423; x_wconf 89' lang='lat' dir='ltr'><strong>contraria</strong></span> <span class='ocrx_word' id='word_1_587' title='bbox 2289 3368 2391 3424; x_wconf 91' lang='lat' dir='ltr'><strong>hoc</strong></span> <span class='ocrx_word' id='word_1_588' title='bbox 2425 3368 2568 3438; x_wconf 93' lang='lat' dir='ltr'><strong>quod</strong></span> <span class='ocrx_word' id='word_1_589' title='bbox 2614 3368 2664 3422; x_wconf 91' lang='lat' dir='ltr'><strong>ei</strong></span> <span class='ocrx_word' id='word_1_590' title='bbox 2715 3369 2768 3422; x_wconf 90' lang='lat' dir='ltr'><strong>in</strong></span> <span class='ocrx_word' id='word_1_591' title='bbox 2825 3367 2979 3422; x_wconf 88' lang='lat' dir='ltr'><strong>nobis</strong></span> <span class='ocrx_word' id='word_1_592' title='bbox 3013 3367 3276 3438; x_wconf 90' lang='lat' dir='ltr'><strong>displicet,</strong></span> <span class='ocrx_word' id='word_1_593' title='bbox 3314 3367 3559 3422; x_wconf 76' lang='lat' dir='ltr'><strong>feriendo</strong></span> 
     </span>
    </p>
   </div>
   <div class='ocr_carea' id='block_1_80' title="bbox 1972 3460 3562 3532">
    <p class='ocr_par' dir='ltr' id='par_1_80' title="bbox 1972 3460 3562 3532">
     <span class='ocr_line' id='line_1_80' title="bbox 1972 3460 3562 3532; baseline 0.001 -16"><span class='ocrx_word' id='word_1_594' title='bbox 1972 3463 2352 3532; x_wconf 89' lang='lat' dir='ltr'><strong>persequitur,</strong></span> <span class='ocrx_word' id='word_1_595' title='bbox 2402 3470 2460 3517; x_wconf 82' lang='lat' dir='ltr'><strong>et</strong></span> <span class='ocrx_word' id='word_1_596' title='bbox 2509 3460 2717 3532; x_wconf 82' lang='lat' dir='ltr'><strong>ﬂagella</strong></span> <span class='ocrx_word' id='word_1_597' title='bbox 2779 3461 3111 3532; x_wconf 88' lang='lat' dir='ltr'><strong>ingeminat,</strong></span> <span class='ocrx_word' id='word_1_598' title='bbox 3155 3477 3277 3516; x_wconf 91' lang='lat' dir='ltr'><strong>cum</strong></span> <span class='ocrx_word' id='word_1_599' title='bbox 3331 3461 3562 3517; x_wconf 88' lang='lat' dir='ltr'><strong>dolentis</strong></span> 
     </span>
    </p>
   </div>
   <div class='ocr_carea' id='block_1_81' title="bbox 1973 3553 3564 3626">
    <p class='ocr_par' dir='ltr' id='par_1_81' title="bbox 1973 3553 3564 3626">
     <span class='ocr_line' id='line_1_81' title="bbox 1973 3553 3564 3626; baseline -0.002 -15"><span class='ocrx_word' id='word_1_600' title='bbox 1973 3557 2150 3611; x_wconf 90' lang='lat' dir='ltr'><strong>anima</strong></span> <span class='ocrx_word' id='word_1_601' title='bbox 2177 3556 2520 3611; x_wconf 87' lang='lat' dir='ltr'><strong>clementiam</strong></span> <span class='ocrx_word' id='word_1_602' title='bbox 2547 3563 2844 3626; x_wconf 81' lang='lat' dir='ltr'><strong>exspectat.</strong></span> <span class='ocrx_word' id='word_1_603' title='bbox 2878 3555 3007 3621; x_wconf 77' lang='lat' dir='ltr'><strong>Qua:</strong></span> <span class='ocrx_word' id='word_1_604' title='bbox 3035 3564 3210 3610; x_wconf 90' lang='lat' dir='ltr'><strong>tamen</strong></span> <span class='ocrx_word' id='word_1_605' title='bbox 3232 3553 3388 3622; x_wconf 82' lang='lat' dir='ltr'><strong>juxta</strong></span> <span class='ocrx_word' id='word_1_606' title='bbox 3432 3554 3564 3608; x_wconf 82' lang='lat' dir='ltr'><strong>alle-</strong></span> 
     </span>
    </p>
   </div>
   <div class='ocr_carea' id='block_1_82' title="bbox 1973 3645 3565 3721">
    <p class='ocr_par' dir='ltr' id='par_1_82' title="bbox 1973 3645 3565 3721">
     <span class='ocr_line' id='line_1_82' title="bbox 1973 3645 3565 3721; baseline -0.004 -17"><span class='ocrx_word' id='word_1_607' title='bbox 1973 3650 2137 3721; x_wconf 67' lang='lat' dir='ltr'><strong>goria:</strong></span> <span class='ocrx_word' id='word_1_608' title='bbox 2163 3649 2476 3720; x_wconf 84' lang='lat' dir='ltr'><strong>mysterium</strong></span> <span class='ocrx_word' id='word_1_609' title='bbox 2505 3651 2639 3702; x_wconf 88' lang='lat' dir='ltr'><strong>bene</strong></span> <span class='ocrx_word' id='word_1_610' title='bbox 2667 3657 2867 3701; x_wconf 76' lang='lat' dir='ltr'><strong>sancta:</strong></span> <span class='ocrx_word' id='word_1_611' title='bbox 2905 3645 3163 3700; x_wconf 85' lang='lat' dir='ltr'><strong>Ecclesiae</strong></span> <span class='ocrx_word' id='word_1_612' title='bbox 3205 3645 3384 3699; x_wconf 90' lang='lat' dir='ltr'><strong>verbis</strong></span> <span class='ocrx_word' id='word_1_613' title='bbox 3428 3661 3565 3699; x_wconf 88' lang='lat' dir='ltr'><strong>cou-</strong></span> 
     </span>
    </p>
   </div>
   <div class='ocr_carea' id='block_1_83' title="bbox 1973 3735 3562 3808">
    <p class='ocr_par' dir='ltr' id='par_1_83' title="bbox 1973 3735 3562 3808">
     <span class='ocr_line' id='line_1_83' title="bbox 1973 3735 3562 3808; baseline 0 -18"><span class='ocrx_word' id='word_1_614' title='bbox 1973 3747 2191 3808; x_wconf 82' lang='lat' dir='ltr'><strong>gruunt,</strong></span> <span class='ocrx_word' id='word_1_615' title='bbox 2239 3753 2302 3792; x_wconf 82' lang='lat' dir='ltr'><strong>ex</strong></span> <span class='ocrx_word' id='word_1_616' title='bbox 2361 3737 2581 3791; x_wconf 90' lang='lat' dir='ltr'><strong>vocibus</strong></span> <span class='ocrx_word' id='word_1_617' title='bbox 2624 3736 2962 3790; x_wconf 81' lang='lat' dir='ltr'><strong>inﬁrmorum</strong></span> <span class='ocrx_word' id='word_1_618' title='bbox 3009 3735 3101 3804; x_wconf 90' lang='lat' dir='ltr'><strong>qui</strong></span> <span class='ocrx_word' id='word_1_619' title='bbox 3145 3735 3458 3804; x_wconf 89' lang='lat' dir='ltr'><strong>plerumque</strong></span> <span class='ocrx_word' id='word_1_620' title='bbox 3503 3750 3562 3789; x_wconf 87' lang='lat' dir='ltr'><strong>se</strong></span> 
     </span>
    </p>
   </div>
   <div class='ocr_carea' id='block_1_84' title="bbox 1972 3829 3560 3900">
    <p class='ocr_par' dir='ltr' id='par_1_84' title="bbox 1972 3829 3560 3900">
     <span class='ocr_line' id='line_1_84' title="bbox 1972 3829 3560 3900; baseline 0.001 -18"><span class='ocrx_word' id='word_1_621' title='bbox 1972 3829 2094 3900; x_wconf 89' lang='lat' dir='ltr'><strong>plus</strong></span> <span class='ocrx_word' id='word_1_622' title='bbox 2122 3830 2270 3883; x_wconf 80' lang='lat' dir='ltr'><strong>feriri</strong></span> <span class='ocrx_word' id='word_1_623' title='bbox 2297 3830 2582 3894; x_wconf 64' lang='lat' dir='ltr'><strong>aestimant,</strong></span> <span class='ocrx_word' id='word_1_624' title='bbox 2626 3845 2786 3900; x_wconf 87' lang='lat' dir='ltr'><strong>quam</strong></span> <span class='ocrx_word' id='word_1_625' title='bbox 2827 3830 3020 3884; x_wconf 88' lang='lat' dir='ltr'><strong>mereri</strong></span> <span class='ocrx_word' id='word_1_626' title='bbox 3055 3837 3268 3898; x_wconf 88' lang='lat' dir='ltr'><strong>putant,</strong></span> <span class='ocrx_word' id='word_1_627' title='bbox 3305 3839 3359 3882; x_wconf 89' lang='lat' dir='ltr'><strong>ct</strong></span> <span class='ocrx_word' id='word_1_628' title='bbox 3405 3831 3560 3897; x_wconf 86' lang='lat' dir='ltr'><strong>quasi</strong></span> 
     </span>
    </p>
   </div>
   <div class='ocr_carea' id='block_1_85' title="bbox 1973 3919 3564 3990">
    <p class='ocr_par' dir='ltr' id='par_1_85' title="bbox 1973 3919 3564 3990">
     <span class='ocr_line' id='line_1_85' title="bbox 1973 3919 3564 3990; baseline -0.001 -14"><span class='ocrx_word' id='word_1_629' title='bbox 1973 3921 2346 3976; x_wconf 87' lang='lat' dir='ltr'><strong>credulitatem</strong></span> <span class='ocrx_word' id='word_1_630' title='bbox 2369 3922 2700 3976; x_wconf 88' lang='lat' dir='ltr'><strong>arbitrantur</strong></span> <span class='ocrx_word' id='word_1_631' title='bbox 2717 3919 2936 3990; x_wconf 90' lang='lat' dir='ltr'><strong>judicis,</strong></span> <span class='ocrx_word' id='word_1_632' title='bbox 2959 3922 3344 3975; x_wconf 88' lang='lat' dir='ltr'><strong>districtioncm</strong></span> <span class='ocrx_word' id='word_1_633' title='bbox 3367 3922 3564 3990; x_wconf 66' lang='lat' dir='ltr'><strong>atquis-</strong></span> 
     </span>
    </p>
   </div>
   <div class='ocr_carea' id='block_1_86' title="bbox 1974 4005 3560 4083">
    <p class='ocr_par' dir='ltr' id='par_1_86' title="bbox 1974 4005 3560 4083">
     <span class='ocr_line' id='line_1_86' title="bbox 1974 4005 3560 4083; baseline -0.001 -15"><span class='ocrx_word' id='word_1_634' title='bbox 1974 4015 2166 4069; x_wconf 88' lang='lat' dir='ltr'><strong>simam</strong></span> <span class='ocrx_word' id='word_1_635' title='bbox 2191 4014 2437 4069; x_wconf 86' lang='lat' dir='ltr'><strong>rationis.</strong></span> <span class='ocrx_word' id='word_1_636' title='bbox 2488 4013 2623 4081; x_wconf 83' lang='lat' dir='ltr'><strong>Quia</strong></span> <span class='ocrx_word' id='word_1_637' title='bbox 2649 4023 2704 4070; x_wconf 89' lang='lat' dir='ltr'><strong>et</strong></span> <span class='ocrx_word' id='word_1_638' title='bbox 2730 4029 2852 4069; x_wconf 92' lang='lat' dir='ltr'><strong>cum</strong></span> <span class='ocrx_word' id='word_1_639' title='bbox 2879 4013 3073 4068; x_wconf 88' lang='lat' dir='ltr'><strong>vulnus</strong></span> <span class='ocrx_word' id='word_1_640' title='bbox 3096 4012 3224 4083; x_wconf 73' lang='lat' dir='ltr'><strong>mgri</strong></span> <span class='ocrx_word' id='word_1_641' title='bbox 3253 4005 3560 4067; x_wconf 77' lang='lat' dir='ltr'><strong>titediciitali</strong></span> 
     </span>
    </p>
   </div>
   <div class='ocr_carea' id='block_1_87' title="bbox 1974 4104 3558 4171">
    <p class='ocr_par' dir='ltr' id='par_1_87' title="bbox 1974 4104 3558 4171">
     <span class='ocr_line' id='line_1_87' title="bbox 1974 4104 3558 4171; baseline -0.001 -12"><span class='ocrx_word' id='word_1_642' title='bbox 1974 4104 2305 4161; x_wconf 80' lang='lat' dir='ltr'><strong>ferramento</strong></span> <span class='ocrx_word' id='word_1_643' title='bbox 2351 4105 2684 4171; x_wconf 89' lang='lat' dir='ltr'><strong>absciditur,</strong></span> <span class='ocrx_word' id='word_1_644' title='bbox 2727 4104 2968 4159; x_wconf 89' lang='lat' dir='ltr'><strong>medicus</strong></span> <span class='ocrx_word' id='word_1_645' title='bbox 3006 4104 3243 4158; x_wconf 88' lang='lat' dir='ltr'><strong>crudelis</strong></span> <span class='ocrx_word' id='word_1_646' title='bbox 3284 4113 3558 4158; x_wconf 89' lang='lat' dir='ltr'><strong>vocatur:</strong></span> 
     </span>
    </p>
   </div>
   <div class='ocr_carea' id='block_1_88' title="bbox 1975 4196 3564 4267">
    <p class='ocr_par' dir='ltr' id='par_1_88' title="bbox 1975 4196 3564 4267">
     <span class='ocr_line' id='line_1_88' title="bbox 1975 4196 3564 4267; baseline 0.001 -18"><span class='ocrx_word' id='word_1_647' title='bbox 1975 4197 2066 4266; x_wconf 92' lang='lat' dir='ltr'><strong>qui</strong></span> <span class='ocrx_word' id='word_1_648' title='bbox 2099 4205 2279 4252; x_wconf 90' lang='lat' dir='ltr'><strong>tamen</strong></span> <span class='ocrx_word' id='word_1_649' title='bbox 2323 4212 2422 4267; x_wconf 90' lang='lat' dir='ltr'><strong>per</strong></span> <span class='ocrx_word' id='word_1_650' title='bbox 2449 4197 2684 4252; x_wconf 89' lang='lat' dir='ltr'><strong>secantis</strong></span> <span class='ocrx_word' id='word_1_651' title='bbox 2727 4211 2918 4250; x_wconf 89' lang='lat' dir='ltr'><strong>manus</strong></span> <span class='ocrx_word' id='word_1_652' title='bbox 2956 4196 3210 4250; x_wconf 89' lang='lat' dir='ltr'><strong>duritiam</strong></span> <span class='ocrx_word' id='word_1_653' title='bbox 3246 4197 3564 4252; x_wconf 90' lang='lat' dir='ltr'><strong>adversatur</strong></span> 
     </span>
    </p>
   </div>
   <div class='ocr_carea' id='block_1_89' title="bbox 1974 4284 3231 4356">
    <p class='ocr_par' dir='ltr' id='par_1_89' title="bbox 1974 4284 3231 4356">
     <span class='ocr_line' id='line_1_89' title="bbox 1974 4284 3231 4356; baseline -0.002 -14"><span class='ocrx_word' id='word_1_654' title='bbox 1974 4287 2209 4351; x_wconf 86' lang='lat' dir='ltr'><strong>vulneri,</strong></span> <span class='ocrx_word' id='word_1_655' title='bbox 2239 4287 2332 4342; x_wconf 90' lang='lat' dir='ltr'><strong>sed</strong></span> <span class='ocrx_word' id='word_1_656' title='bbox 2356 4286 2653 4341; x_wconf 87' lang='lat' dir='ltr'><strong>concordat</strong></span> <span class='ocrx_word' id='word_1_657' title='bbox 2688 4285 2870 4344; x_wconf 91' lang='lat' dir='ltr'><strong>saluti.</strong></span> <span class='ocrx_word' id='word_1_658' title='bbox 2929 4284 3187 4356; x_wconf 89' lang='lat' dir='ltr'><strong>Sequitur</strong></span> <span class='ocrx_word' id='word_1_659' title='bbox 3217 4303 3231 4340; x_wconf 72' lang='grc' dir='ltr'>ε</span> 
     </span>
    </p>
   </div>
   <div class='ocr_carea' id='block_1_90' title="bbox 2048 4377 3563 4449">
    <p class='ocr_par' dir='ltr' id='par_1_90' title="bbox 2048 4377 3563 4449">
     <span class='ocr_line' id='line_1_90' title="bbox 2048 4377 3563 4449; baseline -0.001 -14"><span class='ocrx_word' id='word_1_660' title='bbox 2048 4379 2214 4435; x_wconf 74' lang='lat' dir='ltr'><strong>Vens.</strong></span> <span class='ocrx_word' id='word_1_661' title='bbox 2262 4378 2355 4433; x_wconf 70' lang='lat'><strong>2‘2.</strong></span> <span class='ocrx_word' id='word_1_662' title='bbox 2397 4377 2626 4432; x_wconf 80' lang='lat' dir='ltr'><strong>Elevasti</strong></span> <span class='ocrx_word' id='word_1_663' title='bbox 2666 4395 2775 4445; x_wconf 89' lang='lat' dir='ltr'><strong>me,</strong></span> <span class='ocrx_word' id='word_1_664' title='bbox 2803 4389 2848 4433; x_wconf 90' lang='lat' dir='ltr'><strong>et</strong></span> <span class='ocrx_word' id='word_1_665' title='bbox 2878 4380 3028 4447; x_wconf 83' lang='lat' dir='ltr'><strong>quasi</strong></span> <span class='ocrx_word' id='word_1_666' title='bbox 3059 4395 3211 4448; x_wconf 88' lang='lat' dir='ltr'><strong>super</strong></span> <span class='ocrx_word' id='word_1_667' title='bbox 3236 4389 3438 4432; x_wconf 85' lang='lat' dir='ltr'><strong>ventum</strong></span> <span class='ocrx_word' id='word_1_668' title='bbox 3467 4397 3563 4449; x_wconf 85' lang='lat' dir='ltr'><strong>po-</strong></span> 
     </span>
    </p>
   </div>
   <div class='ocr_carea' id='block_1_91' title="bbox 278 4439 3561 4540">
    <p class='ocr_par' dir='ltr' id='par_1_91' title="bbox 278 4439 3561 4540">
     <span class='ocr_line' id='line_1_91' title="bbox 278 4439 3561 4540; baseline -0.003 -5"><span class='ocrx_word' id='word_1_669' title='bbox 278 4485 384 4522; x_wconf 73' lang='grc' dir='ltr'><strong>ηιεο</strong></span> <span class='ocrx_word' id='word_1_670' title='bbox 405 4467 552 4523; x_wconf 71' lang='grc' dir='ltr'><strong>-δί</strong></span> <span class='ocrx_word' id='word_1_671' title='bbox 575 4467 818 4522; x_wconf 67' lang='grc' dir='ltr'><strong>Ῑὶὶδιοτίίθ</strong></span> <span class='ocrx_word' id='word_1_672' title='bbox 859 4466 1208 4531; x_wconf 56' lang='lat' dir='ltr'><strong>intendimus,</strong></span> <span class='ocrx_word' id='word_1_673' title='bbox 1240 4465 1369 4535; x_wconf 72' lang='grc' dir='ltr'><strong>(ἰυίά</strong></span> <span class='ocrx_word' id='word_1_674' title='bbox 1396 4464 1542 4518; x_wconf 67' lang='lat' dir='ltr'><strong>aliud</strong></span> <span class='ocrx_word' id='word_1_675' title='bbox 1579 4463 1873 4519; x_wconf 73' lang='grc' dir='ltr'><strong>νεεῑίηιεη·</strong></span> <span class='ocrx_word' id='word_1_676' title='bbox 1900 4439 1952 4499; x_wconf 81' lang='lat' dir='ltr'><strong>D</strong></span> <span class='ocrx_word' id='word_1_677' title='bbox 1978 4489 2102 4527; x_wconf 86' lang='lat' dir='ltr'><strong>nens</strong></span> <span class='ocrx_word' id='word_1_678' title='bbox 2131 4470 2314 4525; x_wconf 88' lang='lat' dir='ltr'><strong>elisisti</strong></span> <span class='ocrx_word' id='word_1_679' title='bbox 2342 4487 2423 4525; x_wconf 91' lang='lat' dir='ltr'><strong>me</strong></span> <span class='ocrx_word' id='word_1_680' title='bbox 2443 4471 2632 4525; x_wconf 81' lang='lat' dir='ltr'><strong>valide.</strong></span> <span class='ocrx_word' id='word_1_681' title='bbox 2656 4501 2727 4510; x_wconf 97' lang='lat'><em>—</em></span> <span class='ocrx_word' id='word_1_682' title='bbox 2754 4470 2889 4538; x_wconf 91' lang='lat' dir='ltr'><strong>Quia</strong></span> <span class='ocrx_word' id='word_1_683' title='bbox 2910 4439 3193 4540; x_wconf 71' lang='lat' dir='ltr'><strong>przesentis</strong></span> <span class='ocrx_word' id='word_1_684' title='bbox 3217 4470 3342 4524; x_wconf 85' lang='lat' dir='ltr'><strong>vitae</strong></span> <span class='ocrx_word' id='word_1_685' title='bbox 3371 4439 3561 4538; x_wconf 73' lang='lat' dir='ltr'><strong>gloria,</strong></span> 
     </span>
    </p>
   </div>
   <div class='ocr_carea' id='block_1_92' title="bbox 285 4554 1872 4628">
    <p class='ocr_par' dir='ltr' id='par_1_92' title="bbox 285 4554 1872 4628">
     <span class='ocr_line' id='line_1_92' title="bbox 285 4554 1872 4628; baseline -0.004 -12"><span class='ocrx_word' id='word_1_686' title='bbox 285 4573 399 4617; x_wconf 90' lang='lat' dir='ltr'><strong>tum</strong></span> <span class='ocrx_word' id='word_1_687' title='bbox 425 4562 616 4616; x_wconf 90' lang='lat' dir='ltr'><strong>beatus</strong></span> <span class='ocrx_word' id='word_1_688' title='bbox 641 4557 764 4625; x_wconf 84' lang='lat' dir='ltr'><strong>Job,</strong></span> <span class='ocrx_word' id='word_1_689' title='bbox 791 4573 953 4628; x_wconf 89' lang='lat' dir='ltr'><strong>quam</strong></span> <span class='ocrx_word' id='word_1_690' title='bbox 979 4556 1095 4627; x_wconf 90' lang='lat' dir='ltr'><strong>ejus</strong></span> <span class='ocrx_word' id='word_1_691' title='bbox 1121 4571 1315 4627; x_wconf 89' lang='lat' dir='ltr'><strong>corpus</strong></span> <span class='ocrx_word' id='word_1_692' title='bbox 1345 4555 1684 4626; x_wconf 84' lang='lat' dir='ltr'><strong>accipimus?</strong></span> <span class='ocrx_word' id='word_1_693' title='bbox 1717 4554 1872 4624; x_wconf 91' lang='lat' dir='ltr'><strong>cujus</strong></span> 
     </span>
    </p>
   </div>
   <div class='ocr_carea' id='block_1_93' title="bbox 283 4646 1875 4714">
    <p class='ocr_par' dir='ltr' id='par_1_93' title="bbox 283 4646 1875 4714">
     <span class='ocr_line' id='line_1_93' title="bbox 283 4646 1875 4714; baseline -0.006 -5"><span class='ocrx_word' id='word_1_694' title='bbox 283 4653 534 4710; x_wconf 87' lang='lat' dir='ltr'><strong>videlicet</strong></span> <span class='ocrx_word' id='word_1_695' title='bbox 563 4651 940 4706; x_wconf 90' lang='lat' dir='ltr'><strong>vestimentum</strong></span> <span class='ocrx_word' id='word_1_696' title='bbox 965 4649 1322 4714; x_wconf 88' lang='lat' dir='ltr'><strong>consumitur,</strong></span> <span class='ocrx_word' id='word_1_697' title='bbox 1355 4647 1479 4703; x_wconf 92' lang='lat' dir='ltr'><strong>dum</strong></span> <span class='ocrx_word' id='word_1_698' title='bbox 1511 4662 1640 4703; x_wconf 89' lang='lat' dir='ltr'><strong>caro</strong></span> <span class='ocrx_word' id='word_1_699' title='bbox 1663 4646 1875 4701; x_wconf 88' lang='lat' dir='ltr'><strong>crucia-</strong></span> 
     </span>
    </p>
   </div>
   <div class='ocr_carea' id='block_1_94' title="bbox 286 4739 1873 4812">
    <p class='ocr_par' dir='ltr' id='par_1_94' title="bbox 286 4739 1873 4812">
     <span class='ocr_line' id='line_1_94' title="bbox 286 4739 1873 4812; baseline -0.005 -12"><span class='ocrx_word' id='word_1_700' title='bbox 286 4754 399 4800; x_wconf 88' lang='lat' dir='ltr'><strong>tur.</strong></span> <span class='ocrx_word' id='word_1_701' title='bbox 434 4743 597 4799; x_wconf 81' lang='lat' dir='ltr'><strong>Juxta</strong></span> <span class='ocrx_word' id='word_1_702' title='bbox 627 4742 895 4812; x_wconf 69' lang='lat' dir='ltr'><strong>allegorize</strong></span> <span class='ocrx_word' id='word_1_703' title='bbox 943 4755 1074 4796; x_wconf 89' lang='lat' dir='ltr'><strong>vero</strong></span> <span class='ocrx_word' id='word_1_704' title='bbox 1120 4739 1457 4811; x_wconf 88' lang='lat' dir='ltr'><strong>mysterium,</strong></span> <span class='ocrx_word' id='word_1_705' title='bbox 1496 4739 1873 4794; x_wconf 89' lang='lat' dir='ltr'><strong>vestimentum</strong></span> 
     </span>
    </p>
   </div>
   <div class='ocr_carea' id='block_1_95' title="bbox 285 4831 1873 4894">
    <p class='ocr_par' dir='ltr' id='par_1_95' title="bbox 285 4831 1873 4894">
     <span class='ocr_line' id='line_1_95' title="bbox 285 4831 1873 4894; baseline -0.006 0"><span class='ocrx_word' id='word_1_706' title='bbox 285 4846 596 4894; x_wconf 84' lang='lat' dir='ltr'><strong>estsanctae</strong></span> <span class='ocrx_word' id='word_1_707' title='bbox 631 4835 884 4890; x_wconf 63' lang='lat' dir='ltr'><strong>Ecclesiae</strong></span> <span class='ocrx_word' id='word_1_708' title='bbox 925 4833 1160 4888; x_wconf 82' lang='lat' dir='ltr'><strong>ﬁdelium</strong></span> <span class='ocrx_word' id='word_1_709' title='bbox 1199 4833 1328 4888; x_wconf 89' lang='lat' dir='ltr'><strong>vita.</strong></span> <span class='ocrx_word' id='word_1_710' title='bbox 1389 4831 1524 4886; x_wconf 83' lang='lat' dir='ltr'><strong>Nam</strong></span> <span class='ocrx_word' id='word_1_711' title='bbox 1570 4831 1711 4887; x_wconf 86' lang='lat' dir='ltr'><strong>sicut</strong></span> <span class='ocrx_word' id='word_1_712' title='bbox 1762 4838 1873 4886; x_wconf 91' lang='lat' dir='ltr'><strong>tota</strong></span> 
     </span>
    </p>
   </div>
   <div class='ocr_carea' id='block_1_96' title="bbox 287 4923 1876 4992">
    <p class='ocr_par' dir='ltr' id='par_1_96' title="bbox 287 4923 1876 4992">
     <span class='ocr_line' id='line_1_96' title="bbox 287 4923 1876 4992; baseline -0.006 -6"><span class='ocrx_word' id='word_1_713' title='bbox 287 4929 450 4986; x_wconf 89' lang='lat' dir='ltr'><strong>simul</strong></span> <span class='ocrx_word' id='word_1_714' title='bbox 476 4926 721 4984; x_wconf 89' lang='lat' dir='ltr'><strong>Ecclesia</strong></span> <span class='ocrx_word' id='word_1_715' title='bbox 759 4926 1143 4982; x_wconf 89' lang='lat' dir='ltr'><strong>vestimentum</strong></span> <span class='ocrx_word' id='word_1_716' title='bbox 1181 4925 1404 4989; x_wconf 89' lang='lat' dir='ltr'><strong>Christi,</strong></span> <span class='ocrx_word' id='word_1_717' title='bbox 1437 4925 1509 4980; x_wconf 88' lang='lat' dir='ltr'><strong>ita</strong></span> <span class='ocrx_word' id='word_1_718' title='bbox 1541 4923 1726 4980; x_wconf 84' lang='lat' dir='ltr'><strong>ﬁdeles</strong></span> <span class='ocrx_word' id='word_1_719' title='bbox 1753 4924 1876 4992; x_wconf 91' lang='lat' dir='ltr'><strong>qui-</strong></span> 
     </span>
    </p>
   </div>
   <div class='ocr_carea' id='block_1_97' title="bbox 289 5015 1881 5090">
    <p class='ocr_par' dir='ltr' id='par_1_97' title="bbox 289 5015 1881 5090">
     <span class='ocr_line' id='line_1_97' title="bbox 289 5015 1881 5090; baseline -0.004 -16"><span class='ocrx_word' id='word_1_720' title='bbox 289 5037 398 5090; x_wconf 90' lang='lat' dir='ltr'><strong>que</strong></span> <span class='ocrx_word' id='word_1_721' title='bbox 427 5019 670 5089; x_wconf 90' lang='lat' dir='ltr'><strong>ejusdem</strong></span> <span class='ocrx_word' id='word_1_722' title='bbox 709 5017 964 5072; x_wconf 74' lang='lat' dir='ltr'><strong>Ecclesize</strong></span> <span class='ocrx_word' id='word_1_723' title='bbox 999 5017 1316 5071; x_wconf 89' lang='lat' dir='ltr'><strong>vestimenta</strong></span> <span class='ocrx_word' id='word_1_724' title='bbox 1347 5017 1689 5087; x_wconf 90' lang='lat' dir='ltr'><strong>deputantur.</strong></span> <span class='ocrx_word' id='word_1_725' title='bbox 1742 5015 1881 5069; x_wconf 87' lang='lat' dir='ltr'><strong>Hinc</strong></span> 
     </span>
    </p>
   </div>
   <div class='ocr_carea' id='block_1_98' title="bbox 291 5106 1878 5178">
    <p class='ocr_par' dir='ltr' id='par_1_98' title="bbox 291 5106 1878 5178">
     <span class='ocr_line' id='line_1_98' title="bbox 291 5106 1878 5178; baseline -0.005 -12"><span class='ocrx_word' id='word_1_726' title='bbox 291 5111 490 5168; x_wconf 80' lang='lat' dir='ltr'><strong>Paulus</strong></span> <span class='ocrx_word' id='word_1_727' title='bbox 527 5113 603 5167; x_wconf 90' lang='lat' dir='ltr'><strong>ait</strong></span> <span class='ocrx_word' id='word_1_728' title='bbox 635 5129 649 5165; x_wconf 92' lang='lat'><strong>:</strong></span> <span class='ocrx_word' id='word_1_729' title='bbox 691 5127 710 5161; x_wconf 84' lang='grc'><strong><em>‹</em></strong></span> <span class='ocrx_word' id='word_1_730' title='bbox 741 5108 811 5164; x_wconf 87' lang='lat' dir='ltr'><strong>Ut</strong></span> <span class='ocrx_word' id='word_1_731' title='bbox 838 5109 1118 5165; x_wconf 87' lang='lat' dir='ltr'><strong>exhiberet</strong></span> <span class='ocrx_word' id='word_1_732' title='bbox 1144 5108 1243 5163; x_wconf 91' lang='lat' dir='ltr'><strong>sibi</strong></span> <span class='ocrx_word' id='word_1_733' title='bbox 1269 5108 1554 5178; x_wconf 81' lang='lat' dir='ltr'><strong>gloriosam</strong></span> <span class='ocrx_word' id='word_1_734' title='bbox 1585 5106 1878 5162; x_wconf 82' lang='lat' dir='ltr'><strong>Ecclesium</strong></span> 
     </span>
    </p>
   </div>
   <div class='ocr_carea' id='block_1_99' title="bbox 293 5199 1874 5270">
    <p class='ocr_par' dir='ltr' id='par_1_99' title="bbox 293 5199 1874 5270">
     <span class='ocr_line' id='line_1_99' title="bbox 293 5199 1874 5270; baseline -0.004 -14"><span class='ocrx_word' id='word_1_735' title='bbox 293 5218 400 5258; x_wconf 85' lang='lat' dir='ltr'><strong>non</strong></span> <span class='ocrx_word' id='word_1_736' title='bbox 425 5205 717 5260; x_wconf 87' lang='lat' dir='ltr'><strong>habentem</strong></span> <span class='ocrx_word' id='word_1_737' title='bbox 749 5199 1011 5254; x_wconf 91' lang='lat' dir='ltr'><strong>maculam</strong></span> <span class='ocrx_word' id='word_1_738' title='bbox 1042 5207 1133 5252; x_wconf 89' lang='lat' dir='ltr'><strong>aut</strong></span> <span class='ocrx_word' id='word_1_739' title='bbox 1163 5215 1349 5270; x_wconf 80' lang='lat' dir='ltr'><strong>rugam</strong></span> <span class='ocrx_word' id='word_1_740' title='bbox 1381 5199 1595 5270; x_wconf 85' lang='lat' dir='ltr'><strong>(Ephes.</strong></span> <span class='ocrx_word' id='word_1_741' title='bbox 1629 5214 1683 5262; x_wconf 78' lang='grc' dir='ltr'><strong>ν,</strong></span> <span class='ocrx_word' id='word_1_742' title='bbox 1710 5199 1822 5267; x_wconf 72' lang='lat'><strong>27).</strong></span> <span class='ocrx_word' id='word_1_743' title='bbox 1855 5214 1874 5248; x_wconf 70' lang='grc' dir='ltr'><strong><em>ι</em></strong></span> 
     </span>
    </p>
   </div>
   <div class='ocr_carea' id='block_1_100' title="bbox 295 5287 1882 5364">
    <p class='ocr_par' dir='ltr' id='par_1_100' title="bbox 295 5287 1882 5364">
     <span class='ocr_line' id='line_1_100' title="bbox 295 5287 1882 5364; baseline -0.003 -19"><span class='ocrx_word' id='word_1_744' title='bbox 295 5290 432 5348; x_wconf 81' lang='lat' dir='ltr'><strong>Hinc</strong></span> <span class='ocrx_word' id='word_1_745' title='bbox 465 5309 562 5364; x_wconf 88' lang='lat' dir='ltr'><strong>per</strong></span> <span class='ocrx_word' id='word_1_746' title='bbox 604 5289 930 5363; x_wconf 89' lang='lat' dir='ltr'><strong>prophetam</strong></span> <span class='ocrx_word' id='word_1_747' title='bbox 959 5289 1217 5344; x_wconf 90' lang='lat' dir='ltr'><strong>Dominus</strong></span> <span class='ocrx_word' id='word_1_748' title='bbox 1254 5289 1367 5342; x_wconf 91' lang='lat' dir='ltr'><strong>ait:</strong></span> <span class='ocrx_word' id='word_1_749' title='bbox 1405 5308 1422 5340; x_wconf 78' lang='grc' dir='ltr'>ι</span> <span class='ocrx_word' id='word_1_750' title='bbox 1455 5290 1585 5347; x_wconf 79' lang='lat' dir='ltr'><strong>Vivo</strong></span> <span class='ocrx_word' id='word_1_751' title='bbox 1619 5303 1722 5358; x_wconf 82' lang='lat' dir='ltr'><strong>ego</strong></span> <span class='ocrx_word' id='word_1_752' title='bbox 1751 5287 1882 5357; x_wconf 87' lang='lat' dir='ltr'><strong>quia</strong></span> 
     </span>
    </p>
   </div>
   <div class='ocr_carea' id='block_1_101' title="bbox 1976 4561 3562 4634">
    <p class='ocr_par' dir='ltr' id='par_1_101' title="bbox 1976 4561 3562 4634">
     <span class='ocr_line' id='line_1_101' title="bbox 1976 4561 3562 4634; baseline -0.001 -18"><span class='ocrx_word' id='word_1_753' title='bbox 1976 4562 2130 4634; x_wconf 90' lang='lat' dir='ltr'><strong>quasi</strong></span> <span class='ocrx_word' id='word_1_754' title='bbox 2158 4561 2209 4616; x_wconf 92' lang='lat' dir='ltr'><strong>in</strong></span> <span class='ocrx_word' id='word_1_755' title='bbox 2236 4561 2344 4616; x_wconf 91' lang='lat' dir='ltr'><strong>alto</strong></span> <span class='ocrx_word' id='word_1_756' title='bbox 2366 4561 2627 4628; x_wconf 89' lang='lat' dir='ltr'><strong>cernitur,</strong></span> <span class='ocrx_word' id='word_1_757' title='bbox 2654 4561 2747 4616; x_wconf 90' lang='lat' dir='ltr'><strong>sed</strong></span> <span class='ocrx_word' id='word_1_758' title='bbox 2775 4561 2919 4615; x_wconf 92' lang='lat' dir='ltr'><strong>nulla</strong></span> <span class='ocrx_word' id='word_1_759' title='bbox 2948 4562 3240 4616; x_wconf 87' lang='lat' dir='ltr'><strong>stabilitate</strong></span> <span class='ocrx_word' id='word_1_760' title='bbox 3265 4561 3527 4615; x_wconf 89' lang='lat' dir='ltr'><strong>solidatur</strong></span> <span class='ocrx_word' id='word_1_761' title='bbox 3545 4601 3562 4626; x_wconf 90' lang='lat'><strong>,</strong></span> 
     </span>
    </p>
   </div>
   <div class='ocr_carea' id='block_1_102' title="bbox 1975 4653 3570 4723">
    <p class='ocr_par' dir='ltr' id='par_1_102' title="bbox 1975 4653 3570 4723">
     <span class='ocr_line' id='line_1_102' title="bbox 1975 4653 3570 4723; baseline -0.001 -15"><span class='ocrx_word' id='word_1_762' title='bbox 1975 4654 2122 4711; x_wconf 87' lang='lat' dir='ltr'><strong>velut</strong></span> <span class='ocrx_word' id='word_1_763' title='bbox 2143 4653 2385 4709; x_wconf 90' lang='lat' dir='ltr'><strong>elevatur</strong></span> <span class='ocrx_word' id='word_1_764' title='bbox 2414 4662 2468 4708; x_wconf 90' lang='lat' dir='ltr'><strong>et</strong></span> <span class='ocrx_word' id='word_1_765' title='bbox 2503 4667 2664 4723; x_wconf 85' lang='lat' dir='ltr'><strong>super</strong></span> <span class='ocrx_word' id='word_1_766' title='bbox 2689 4663 2909 4709; x_wconf 88' lang='lat' dir='ltr'><strong>ventum</strong></span> <span class='ocrx_word' id='word_1_767' title='bbox 2944 4655 3180 4723; x_wconf 91' lang='lat' dir='ltr'><strong>ponitur,</strong></span> <span class='ocrx_word' id='word_1_768' title='bbox 3211 4653 3303 4722; x_wconf 83' lang='lat' dir='ltr'><strong>qui</strong></span> <span class='ocrx_word' id='word_1_769' title='bbox 3342 4667 3570 4721; x_wconf 83' lang='lat' dir='ltr'><strong>prospe-</strong></span> 
     </span>
    </p>
   </div>
   <div class='ocr_carea' id='block_1_103' title="bbox 1977 4743 3568 4818">
    <p class='ocr_par' dir='ltr' id='par_1_103' title="bbox 1977 4743 3568 4818">
     <span class='ocr_line' id='line_1_103' title="bbox 1977 4743 3568 4818; baseline -0.004 -16"><span class='ocrx_word' id='word_1_770' title='bbox 1977 4747 2139 4802; x_wconf 85' lang='lat' dir='ltr'><strong>ritate</strong></span> <span class='ocrx_word' id='word_1_771' title='bbox 2175 4746 2482 4801; x_wconf 90' lang='lat' dir='ltr'><strong>transitoria</strong></span> <span class='ocrx_word' id='word_1_772' title='bbox 2526 4746 2754 4800; x_wconf 68' lang='lat' dir='ltr'><strong>laalatur.</strong></span> <span class='ocrx_word' id='word_1_773' title='bbox 2815 4746 3077 4813; x_wconf 89' lang='lat' dir='ltr'><strong>Quoniam</strong></span> <span class='ocrx_word' id='word_1_774' title='bbox 3133 4746 3198 4798; x_wconf 92' lang='lat' dir='ltr'><strong>ad</strong></span> <span class='ocrx_word' id='word_1_775' title='bbox 3242 4745 3344 4798; x_wconf 88' lang='lat' dir='ltr'><strong>hoc</strong></span> <span class='ocrx_word' id='word_1_776' title='bbox 3393 4743 3568 4818; x_wconf 87' lang='lat' dir='ltr'><strong>solum</strong></span> 
     </span>
    </p>
   </div>
   <div class='ocr_carea' id='block_1_104' title="bbox 1978 4835 3572 4907">
    <p class='ocr_par' dir='ltr' id='par_1_104' title="bbox 1978 4835 3572 4907">
     <span class='ocr_line' id='line_1_104' title="bbox 1978 4835 3572 4907; baseline -0.003 -14"><span class='ocrx_word' id='word_1_777' title='bbox 1978 4838 2123 4893; x_wconf 86' lang='lat' dir='ltr'><strong>hunc</strong></span> <span class='ocrx_word' id='word_1_778' title='bbox 2161 4835 2394 4907; x_wconf 56' lang='lat' dir='ltr'><strong>fugitiva;</strong></span> <span class='ocrx_word' id='word_1_779' title='bbox 2431 4835 2707 4891; x_wconf 75' lang='lat' dir='ltr'><strong>felicitatis</strong></span> <span class='ocrx_word' id='word_1_780' title='bbox 2754 4851 2880 4889; x_wconf 88' lang='lat' dir='ltr'><strong>aura</strong></span> <span class='ocrx_word' id='word_1_781' title='bbox 2930 4835 3192 4898; x_wconf 84' lang='lat' dir='ltr'><strong>sublevat,</strong></span> <span class='ocrx_word' id='word_1_782' title='bbox 3247 4843 3306 4886; x_wconf 91' lang='lat' dir='ltr'><strong>ut</strong></span> <span class='ocrx_word' id='word_1_783' title='bbox 3347 4840 3572 4901; x_wconf 84' lang='lat' dir='ltr'><strong>repente</strong></span> 
     </span>
    </p>
   </div>
   <div class='ocr_carea' id='block_1_105' title="bbox 1982 4922 3571 4992">
    <p class='ocr_par' dir='ltr' id='par_1_105' title="bbox 1982 4922 3571 4992">
     <span class='ocr_line' id='line_1_105' title="bbox 1982 4922 3571 4992; baseline -0.004 -10"><span class='ocrx_word' id='word_1_784' title='bbox 1982 4927 2219 4983; x_wconf 85' lang='lat' dir='ltr'><strong>deterius</strong></span> <span class='ocrx_word' id='word_1_785' title='bbox 2247 4926 2301 4979; x_wconf 91' lang='lat' dir='ltr'><strong>in</strong></span> <span class='ocrx_word' id='word_1_786' title='bbox 2335 4925 2533 4980; x_wconf 76' lang='lat' dir='ltr'><strong>inlimis</strong></span> <span class='ocrx_word' id='word_1_787' title='bbox 2559 4935 2784 4980; x_wconf 83' lang='lat' dir='ltr'><strong>Sternat.</strong></span> <span class='ocrx_word' id='word_1_788' title='bbox 2821 4925 2958 4992; x_wconf 89' lang='lat' dir='ltr'><strong>Quia</strong></span> <span class='ocrx_word' id='word_1_789' title='bbox 2993 4926 3134 4980; x_wconf 89' lang='lat' dir='ltr'><strong>enim</strong></span> <span class='ocrx_word' id='word_1_790' title='bbox 3165 4930 3349 4978; x_wconf 87' lang='lat' dir='ltr'><strong>sancta</strong></span> <span class='ocrx_word' id='word_1_791' title='bbox 3377 4922 3571 4976; x_wconf 80' lang='lat' dir='ltr'><strong>Eccle-</strong></span> 
     </span>
    </p>
   </div>
   <div class='ocr_carea' id='block_1_106' title="bbox 1982 5010 3573 5082">
    <p class='ocr_par' dir='ltr' id='par_1_106' title="bbox 1982 5010 3573 5082">
     <span class='ocr_line' id='line_1_106' title="bbox 1982 5010 3573 5082; baseline -0.003 -11"><span class='ocrx_word' id='word_1_792' title='bbox 1982 5017 2059 5071; x_wconf 88' lang='lat' dir='ltr'><strong>sia</strong></span> <span class='ocrx_word' id='word_1_793' title='bbox 2096 5015 2307 5070; x_wconf 89' lang='lat' dir='ltr'><strong>cunctis</strong></span> <span class='ocrx_word' id='word_1_794' title='bbox 2334 5015 2386 5067; x_wconf 90' lang='lat' dir='ltr'><strong>in</strong></span> <span class='ocrx_word' id='word_1_795' title='bbox 2414 5013 2616 5069; x_wconf 89' lang='lat' dir='ltr'><strong>honore</strong></span> <span class='ocrx_word' id='word_1_796' title='bbox 2645 5022 2748 5077; x_wconf 91' lang='lat' dir='ltr'><strong>est,</strong></span> <span class='ocrx_word' id='word_1_797' title='bbox 2797 5013 2996 5068; x_wconf 81' lang='lat' dir='ltr'><strong>inﬁrmi</strong></span> <span class='ocrx_word' id='word_1_798' title='bbox 3037 5013 3234 5082; x_wconf 89' lang='lat' dir='ltr'><strong>quique</strong></span> <span class='ocrx_word' id='word_1_799' title='bbox 3270 5010 3321 5061; x_wconf 90' lang='lat' dir='ltr'><strong>in</strong></span> <span class='ocrx_word' id='word_1_800' title='bbox 3353 5024 3440 5074; x_wconf 90' lang='lat' dir='ltr'><strong>ea,</strong></span> <span class='ocrx_word' id='word_1_801' title='bbox 3475 5013 3573 5078; x_wconf 90' lang='lat' dir='ltr'><strong>qui</strong></span> 
     </span>
    </p>
   </div>
   <div class='ocr_carea' id='block_1_107' title="bbox 1984 5099 3574 5170">
    <p class='ocr_par' dir='ltr' id='par_1_107' title="bbox 1984 5099 3574 5170">
     <span class='ocr_line' id='line_1_107' title="bbox 1984 5099 3574 5170; baseline -0.004 -11"><span class='ocrx_word' id='word_1_802' title='bbox 1984 5103 2308 5159; x_wconf 89' lang='lat' dir='ltr'><strong>transitoriis</strong></span> <span class='ocrx_word' id='word_1_803' title='bbox 2342 5105 2682 5160; x_wconf 89' lang='lat' dir='ltr'><strong>successibus</strong></span> <span class='ocrx_word' id='word_1_804' title='bbox 2704 5102 2976 5168; x_wconf 57' lang='lat' dir='ltr'><strong>limantur,</strong></span> <span class='ocrx_word' id='word_1_805' title='bbox 3002 5117 3106 5170; x_wconf 88' lang='lat' dir='ltr'><strong>quo</strong></span> <span class='ocrx_word' id='word_1_806' title='bbox 3131 5099 3230 5153; x_wconf 90' lang='lat' dir='ltr'><strong>nisi</strong></span> <span class='ocrx_word' id='word_1_807' title='bbox 3258 5113 3419 5166; x_wconf 79' lang='lat' dir='ltr'><strong>super</strong></span> <span class='ocrx_word' id='word_1_808' title='bbox 3440 5115 3574 5154; x_wconf 88' lang='lat' dir='ltr'><strong>ven-</strong></span> 
     </span>
    </p>
   </div>
   <div class='ocr_carea' id='block_1_108' title="bbox 1987 5190 3575 5261">
    <p class='ocr_par' dir='ltr' id='par_1_108' title="bbox 1987 5190 3575 5261">
     <span class='ocr_line' id='line_1_108' title="bbox 1987 5190 3575 5261; baseline -0.004 -10"><span class='ocrx_word' id='word_1_809' title='bbox 1987 5206 2096 5252; x_wconf 90' lang='lat' dir='ltr'><strong>tum</strong></span> <span class='ocrx_word' id='word_1_810' title='bbox 2147 5195 2397 5249; x_wconf 87' lang='lat' dir='ltr'><strong>videntur</strong></span> <span class='ocrx_word' id='word_1_811' title='bbox 2446 5195 2686 5251; x_wconf 87' lang='lat' dir='ltr'><strong>elevati?</strong></span> <span class='ocrx_word' id='word_1_812' title='bbox 2723 5193 2824 5260; x_wconf 91' lang='lat' dir='ltr'><strong>Qui</strong></span> <span class='ocrx_word' id='word_1_813' title='bbox 2853 5197 3212 5261; x_wconf 87' lang='lat' dir='ltr'><strong>subsequente</strong></span> <span class='ocrx_word' id='word_1_814' title='bbox 3239 5190 3575 5258; x_wconf 81' lang='lat' dir='ltr'><strong>persecutio-</strong></span> 
     </span>
    </p>
   </div>
   <div class='ocr_carea' id='block_1_109' title="bbox 1985 5281 3574 5358">
    <p class='ocr_par' dir='ltr' id='par_1_109' title="bbox 1985 5281 3574 5358">
     <span class='ocr_line' id='line_1_109' title="bbox 1985 5281 3574 5358; baseline -0.005 -19"><span class='ocrx_word' id='word_1_815' title='bbox 1985 5285 2069 5340; x_wconf 91' lang='lat' dir='ltr'><strong>nis</strong></span> <span class='ocrx_word' id='word_1_816' title='bbox 2093 5295 2354 5354; x_wconf 89' lang='lat' dir='ltr'><strong>tempore,</strong></span> <span class='ocrx_word' id='word_1_817' title='bbox 2381 5282 2509 5340; x_wconf 82' lang='lat' dir='ltr'><strong>dum</strong></span> <span class='ocrx_word' id='word_1_818' title='bbox 2547 5285 2921 5358; x_wconf 87' lang='lat' dir='ltr'><strong>prosperitatis</strong></span> <span class='ocrx_word' id='word_1_819' title='bbox 2957 5296 3089 5337; x_wconf 90' lang='lat' dir='ltr'><strong>aura</strong></span> <span class='ocrx_word' id='word_1_820' title='bbox 3131 5281 3444 5349; x_wconf 85' lang='lat' dir='ltr'><strong>pertransit,</strong></span> <span class='ocrx_word' id='word_1_821' title='bbox 3476 5297 3574 5337; x_wconf 78' lang='lat' dir='ltr'><strong>eo-</strong></span> 
     </span>
    </p>
   </div>
   <div class='ocr_carea' id='block_1_110' title="bbox 2001 5369 3576 5398">
    <p class='ocr_par' dir='ltr' id='par_1_110' title="bbox 2001 5369 3576 5398">
     <span class='ocr_line' id='line_1_110' title="bbox 2001 5369 3576 5398; baseline 0 0"><span class='ocrx_word' id='word_1_822' title='bbox 2001 5393 2099 5398; x_wconf 79' lang='grc'><strong>---..-</strong></span> <span class='ocrx_word' id='word_1_823' title='bbox 2152 5375 2395 5398; x_wconf 66' lang='grc' dir='ltr'><strong>-..Αιῖ--.-η</strong></span> <span class='ocrx_word' id='word_1_824' title='bbox 2446 5377 2665 5398; x_wconf 66' lang='grc' dir='ltr'><strong>..1----ιῖιι</strong></span> <span class='ocrx_word' id='word_1_825' title='bbox 2710 5373 2909 5398; x_wconf 62' lang='grc' dir='ltr'><strong>ΛΑ--ιι-το</strong></span> <span class='ocrx_word' id='word_1_826' title='bbox 2979 5380 3024 5398; x_wconf 80' lang='grc' dir='ltr'><strong>Λ.</strong></span> <span class='ocrx_word' id='word_1_827' title='bbox 3071 5379 3290 5398; x_wconf 64' lang='grc' dir='ltr'><strong>..Ληιὶιὶιη</strong></span> <span class='ocrx_word' id='word_1_828' title='bbox 3322 5369 3576 5398; x_wconf 65' lang='lat' dir='ltr'><strong>nnl&#39;nnlnn</strong></span> 
     </span>
    </p>
   </div>
  </div>
