3948 5398
479 326 601 387 535
1465 328 1523 385 S.
1578 328 1826 386 ODONIS
1863 316 2165 400 ABBATIS.
2202 329 2702 388 CLUNIACENSIS
2740 332 2784 389 II
3633 346 3720 403 εδδ

478 448 783 506 videbatur.
835 446 935 516 Qui
986 443 1141 519 quasi
1193 461 1357 519 super
1396 456 1617 503 ventum
1646 449 1856 520 positus
1902 447 2069 503 elisus
2095 452 2141 510 Α
2168 447 2441 504 aestimant
2482 447 2668 505 licere.
2726 448 2834 505 Sed
2864 450 2989 506 boni
3021 462 3207 508 contra
3239 462 3420 512 actum
3470 457 3725 523 multorum

479 551 565 599 est
599 534 785 609 valde;
812 541 937 612 quia
961 541 1121 595 rebus
1144 540 1502 596 exterioribus
1542 541 1706 616 fultus
1744 541 1887 596 unde
1933 542 2076 595 aesti-
2173 538 2516 594 insolentium
2565 539 2857 595 clamorem
2905 542 3124 609 habent,
3161 553 3214 599 et
3248 545 3485 601 furorem
3529 565 3625 606 non
3649 553 3728 607 ba-

480 632 731 688 mabatur
791 645 1012 701 surgere
1041 670 1057 696 ,
1125 629 1406 685 videbatur
1456 629 1580 687 inde
1629 629 1905 685 cecidisse.
1969 627 2067 684 Se-
2173 628 2321 695 bent,
2350 630 2604 699 quoniam
2634 646 2770 700 quos
2800 631 3091 687 clementer
3129 634 3386 701 tolerant,
3427 637 3611 696 docere
3638 657 3727 698 non

478 721 703 793 quin”:
2172 726 2409 773 cessant.
2449 719 2554 775 Sed
2594 720 2710 775 haec
2755 736 2877 790 qua:
2899 719 3054 789 juxta
3085 723 3365 780 historiam
3392 727 3458 783 de
3486 743 3594 783 uno
3616 730 3729 786 dixi-

548 813 712 870 Vsns.
742 811 835 870 25.
881 810 1005 867 Scio
1030 811 1155 883 quia
1189 812 1342 865 morti
1372 813 1544 866 trades
1567 828 1646 867 me
1677 813 1763 865 ubi
1790 812 2068 865 constituta
2171 826 2312 876 mus,
2350 811 2505 882 juxta
2554 811 2864 885 allegoriam
2913 828 3138 871 necesse
3173 824 3282 881 est,
3329 826 3390 872 ut
3435 818 3503 873 de
3533 820 3730 877 diversis

474 912 553 959 est
592 903 779 958 domus
817 903 961 957 omni
1003 902 1208 955 viventi.
1237 932 1305 941 —
1330 901 1498 958 Recte
1531 903 1722 958 beatus
1756 900 1857 956 Joh
1905 903 2067 955 etiam
2170 902 2426 961 Ecclesia:
2470 904 2659 959 electis
2700 907 3017 961 sentiamus.
3072 906 3192 977 Ipsa
3243 910 3447 980 quippe
3479 911 3532 965 in
3573 913 3739 973 electi:

470 995 624 1066 juxta
656 992 934 1049 historiam
973 992 1241 1064 congruit,
1277 993 1669 1047 dummimium
1705 1002 1917 1047 constat
1941 992 2066 1061 quia
2168 993 2283 1046 suis
2310 993 2473 1046 etiam
2514 1008 2612 1064 per
2658 1009 2919 1065 prospera
2958 995 3159 1051 incedit
3204 1012 3462 1062 mmrcns,
3513 1001 3629 1069 quia
3670 1003 3717 1057 ni

477 1095 603 1142 ante
640 1084 1017 1155 Redemptoris
1042 1084 1292 1155 gratiam,
1321 1084 1390 1138 ad
1419 1081 1612 1139 inferni
1643 1082 1878 1138 claustra
1905 1084 2066 1137 etiam
2169 1081 2272 1136 sibi
2331 1097 2457 1137 vere
2508 1098 2824 1152 prosperum
2878 1084 3141 1156 deputat,
3199 1101 3481 1156 (ιιιοιιείμιθ
3528 1089 3728 1156 bonum,

463 1177 600 1249 justi
630 1177 1042 1234 deducerentur.
1102 1172 1223 1244 Ipsa
1249 1173 1447 1244 quippe
1476 1172 1670 1227 inferni
1701 1172 1940 1243 receptio
1970 1172 2067 1226 do—
2168 1161 2607 1240 quod'securitcr
2634 1174 2845 1243 quaerit,
2886 1175 3273 1253 apprehendat.
3326 1176 3449 1246 Ipsa
3495 1178 3646 1232 etiam
3686 1180 3731 1235 in

474 1284 599 1324 mus
627 1266 868 1322 omnium
891 1264 1210 1327 viventium,
1239 1278 1345 1318 non
1374 1262 1498 1333 illuc
1539 1263 1657 1332 ipsa
1705 1262 2068 1332 corruptionis
2170 1262 2323 1317 turba
2353 1261 2469 1318 sine
2499 1262 2681 1319 furore
2708 1266 2988 1337 consurgit
3031 1274 3086 1321 et
3124 1265 3351 1332 “clamat,
3399 1268 3527 1337 quia
3568 1284 3731 1339 pravo-

471 1374 588 1415 sua:
644 1357 954 1414 conditione
996 1353 1331 1427 pertransiit.
1385 1351 1574 1408 Nullus
1609 1352 1716 1408 huc
1768 1353 1940 1416 venit,
1973 1351 2065 1423 qui
2171 1367 2288 1407 rum
2318 1352 2481 1408 vitam
2510 1355 2687 1410 studio
2716 1365 2879 1411 recta:
2897 1356 3273 1424 scutulalionis,
3303 1373 3413 1413 non
3441 1370 3613 1415 autem
3656 1376 3731 1417 ve-

472 1452 544 1507 ad
568 1450 748 1507 carnis
787 1460 1018 1506 mortem
1043 1450 1285 1520 ejusdem
1311 1446 1675 1517 corruptionis
1710 1460 1821 1501 suae
1851 1459 1960 1499 non
1990 1452 2066 1500 te-
2167 1445 2320 1500 sania
2354 1445 2553 1502 furoris
2584 1447 2904 1519 insequitur.
2960 1450 3238 1519 Irascitur,
3278 1461 3334 1508 et
3367 1462 3542 1521 amat;
3585 1456 3729 1522 sauit,

474 1543 668 1597 tendit.
710 1541 786 1597 De
824 1556 928 1611 qua
967 1540 1216 1595 videlicet
1245 1547 1417 1594 morte
1444 1552 1540 1608 per
1565 1535 1904 1592 Psalmistam
1932 1533 2065 1589 dici-
2168 1545 2224 1592 et
2264 1539 2552 1609 tranquilla
2585 1548 2687 1595 est.
2733 1539 3026 1611 Sequitur:
3366 1604 3373 1610 ,

478 1639 566 1685 tur
599 1648 611 1683 :
651 1648 669 1682 ι
700 1629 833 1697 Quis
861 1638 945 1684 est
966 1627 1128 1682 homo
1149 1626 1240 1697 qui
1262 1626 1426 1693 vivet,
1464 1635 1518 1680 et
1554 1640 1659 1680 non
1692 1624 1892 1678 videbit
1921 1637 2064 1677 mor—
2240 1627 2405 1683 Vsus.
2438 1629 2528 1684 29.
2568 1628 2762 1685 Frater
2788 1630 2869 1700 fui
2896 1632 3206 1701 draconum,
3231 1644 3281 1689 et
3306 1635 3486 1690 socius
3514 1637 3731 1692 struthio.

475 1720 626 1776 tem?
660 1741 679 1774 ι
737 1717 909 1791 (Psal.
954 1732 1232 1784 Lxxxvm,
1275 1715 1390 1789 49.)
1429 1714 1785 1771 Αιιεςοκιοε.
1849 1711 2034 1767 Sancta

2170 1719 2568 1786 num—Quid
2608 1720 2903 1776 draconum
2952 1722 3171 1779 nomine
3218 1725 3322 1780 nisi
3372 1725 3729 1782 malitiosorutn

472 1813 727 1869 Ecclesia
751 1813 973 1867 vocibus
1015 1825 1081 1866 ex
1131 1823 1364 1880 persona
1404 1808 1652 1879 congruit
1700 1804 2060 1868 inﬁrmorum,
2095 1803 2139 1863 Β
2168 1808 2448 1864 hominum
2479 1808 2583 1863 vita
2609 1808 2899 1880 signatur?
2945 1811 3022 1868 De
3061 1814 3256 1882 quibus
3297 1825 3352 1870 et
3392 1832 3490 1887 per
3530 1819 3728 1887 prophe-

471 1902 597 1973 quia
627 1902 768 1957 enim
801 1900 997 1955 mullos
1026 1899 1080 1954 in
1113 1914 1173 1954 se
1209 1896 1575 1967 voluptatibus
1608 1893 1818 1950 deditos
1854 1891 2067 1962 conspi-
2168 1909 2279 1956 iam
2320 1902 2518 1958 dicitur
2553 1915 2569 1955 ε
2619 1919 2639 1953 ι
2673 1900 2984 1959 Traxerunt
3026 1913 3245 1961 ventum
3293 1909 3452 1978 quasi
3502 1910 3730 1965 dracones

469 1995 566 2060 cit,
605 2006 901 2062 eorumque
934 1988 1049 2059 jam
1092 1988 1369 2044 interitum
1406 1985 1653 2057 prmscit,
1686 1992 1878 2055 pensat
1923 1998 2028 2054 quo

2169 1993 2304 2060 (Jer.
2363 2009 2492 2060 xtv,
2556 1993 2634 2064 6).
2666 2013 2684 2047 ›
2737 1993 2989 2050 Perversi
3044 1998 3245 2053 etenim
3291 1999 3496 2069 quique
3542 2010 3728 2056 ventum

472 2084 527 2139 in
567 2086 652 2139 via
693 2085 815 2138 vitae
852 2081 1158 2153 praesentis,
1206 2080 1320 2136 suis
1365 2079 1583 2150 quidem
1635 2076 1916 2133 desideriis
1953 2091 2067 2131 ser-
2166 2085 2319 2154 quasi
2348 2084 2613 2159 dracones
2643 2086 2884 2151 trahunt,
2928 2102 3049 2141 cum
3095 2087 3364 2144 malitiosa
3407 2091 3642 2159 superbia
3666 2091 3730 2147 in-

472 2176 645 2243 viunt,
676 2175 772 2231 sed
808 2184 987 2229 tamen
1014 2174 1082 2230 ad
1115 2172 1304 2229 mortis
1345 2174 1564 2228 domum
1603 2171 2066 2243 perveniuntom-
2165 2173 2383 2230 ﬁantur.
2435 2174 2539 2242 Qui
2590 2184 2771 2230 autem
2817 2177 3182 2231 struthiouum
3235 2178 3610 2248 appellatione,
3647 2180 3728 2235 nisi

471 2284 568 2322 nes
593 2266 685 2339 qui
720 2267 772 2321 in
794 2281 857 2323 ea
890 2266 1183 2322 carnaliter
1210 2266 1415 2320 vivunt.
1460 2264 1719 2335 Sequitur
1759 2282 1773 2318 :
2164 2263 2510 2320 simulatores
2553 2264 2777 2336 intelligi
2805 2265 3025 2320 solent?
3063 2265 3309 2322 Struthio
3334 2270 3537 2324 etenim
3559 2285 3729 2339 pennas

541 2361 707 2418 Vsus.
747 2360 836 2415 24.
889 2358 1251 2414 Verumtamen
1290 2373 1394 2412 non
1438 2357 1508 2410 ad
1559 2355 2063 2410 consummationem
2166 2352 2348 2418 habet,
2376 2356 2470 2410 sed
2498 2354 2733 2410 volatum
2762 2371 2867 2411 non
2899 2356 3078 2423 habet,
3121 2360 3246 2427 quia
3285 2360 3624 2416 simulatores
3641 2361 3729 2432 qui-

466 2470 648 2509 eorum
676 2452 868 2507 emittis
892 2467 1103 2505 manum
1127 2460 1295 2516 luam,
1331 2458 1378 2504 et
1411 2450 1456 2505 si
1485 2450 1779 2504 corruerint
1813 2450 1922 2520 ipse
1951 2448 2062 2502 θαι·
2165 2462 2270 2518 que
2296 2449 2531 2517 speciem
2574 2448 2880 2503 sanctitatis
2907 2449 3127 2517 habent,
3160 2452 3254 2507 sed
3279 2453 3540 2507 virtutem
3561 2454 3728 2507 sancti-

467 2547 631 2601 vabis.
676 2575 747 2584 —
782 2542 838 2599 ln
893 2542 1090 2613 quibus
1141 2539 1387 2613 profecto
1444 2540 1626 2597 verbis
1687 2541 1792 2596 hoc
1833 2540 2065 2595 solerter
2168 2536 2293 2591 tatis
2334 2552 2440 2591 non
2474 2537 2695 2593 habent.
2750 2537 2900 2593 Visio
2943 2540 3143 2611 quippe
3186 2555 3281 2597 eos
3327 2542 3488 2598 bonae
3535 2542 3727 2597 actionis

467 2636 628 2692 debet
669 2634 915 2706 intelligi,
958 2633 1099 2705 quod
1122 2633 1312 2690 beatus
1335 2631 1460 2697 Job,
1484 2632 1611 2686 dum
1638 2645 1735 2686 sua
1769 2638 1972 2694 narrat,
2006 2628 2063 2684 in
2165 2628 2407 2695 decorat,
2445 2629 2540 2684 sed
2572 2646 2603 2684 a
2635 2639 2781 2686 terra
2816 2632 3037 2687 minime
3087 2648 3266 2703 penna
3327 2634 3549 2689 virtutis
3591 2634 3726 2689 levat.

466 2745 526 2784 se
563 2729 698 2784 alios
728 2727 1094 2796 transﬁgurat.
1135 2723 1353 2779 Manum
1398 2724 1579 2795 itaque
1624 2738 1775 2779 suam
1804 2721 2063 2778 Dominus
2162 2717 2379 2774 Electus
2409 2719 2591 2790 itaque
2619 2731 2821 2777 sanctze
2855 2722 3114 2779 Ecclesia:
3150 2723 3402 2794 populus,
3449 2724 3572 2796 quia
3604 2724 3729 2796 pacis

467 2818 533 2873 ad
573 2816 1095 2873 consummationem
1140 2813 1485 2885 peccantium
1531 2829 1637 2870 non
1669 2813 1890 2878 emittit,
1936 2828 2061 2868 cum
2163 2822 2275 2862 sua:
2300 2816 2541 2879 tempore
2578 2809 2721 2864 intra
2754 2824 2812 2866 se
2837 2812 3096 2881 quosdam
3123 2813 3430 2869 malitiosos
3457 2829 3521 2869 ac
3545 2812 3728 2869 simula-

466 2907 708 2962 feriendo
756 2921 787 2959 a
831 2905 1070 2975 peccatis
1112 2904 1355 2974 corripit,
1401 2912 1457 2958 et
1500 2913 1818 2959 corruentes
1867 2901 2059 2970 salvat,
2166 2906 2311 2955 tores
2334 2901 2560 2970 patitur,
2600 2901 2781 2957 dicat:
2813 2899 3006 2957 Frater
3031 2902 3113 2973 [ui
3134 2904 3452 2971 draconum,
3494 2915 3542 2959 et
3585 2904 3729 2959 socius

468 2998 595 3050 dum
625 2996 883 3052 cadentes
910 2996 975 3050 ad
999 2994 1210 3066 culpam
1243 2994 1296 3050 in
1322 2994 1552 3051 salutem
1585 2995 1828 3066 corporis
1868 2994 2059 3051 vulne-
2162 2995 2548 3057 struthiouum,
2601 2996 2744 3063 quod
2798 2996 2992 3052 beatus
3036 2994 3140 3050 Job
3192 2998 3419 3053 vocibus
3463 2997 3727 3069 specialiter

468 3094 572 3151 rat,
596 3095 656 3139 ut
680 3086 937 3155 prostrati
966 3085 1229 3150 exterius,
1258 3084 1486 3140 interius
1516 3094 1766 3156 surgant,
1794 3094 2060 3155 quatenus
2103 3153 2133 3157 _
2163 3082 2433 3152 congruit,
2466 3082 2592 3152 quia
2625 3083 2692 3139 ad
2719 3083 2930 3139 culmen
2980 3100 3190 3157 magna:
3227 3087 3562 3144 fortitudinis
3586 3088 3726 3144 bonus

461 3153 710 3242 iacentes
733 3191 982 3246 corpore,
1015 3176 1080 3230 ad
1110 3175 1423 3231 interiorem
1451 3153 1650 3230 statum
1692 3153 1935 3240 redeant,
1968 3175 2059 3246 qui
2090 3153 2134 3215 (ἶ
2165 3174 2311 3230 inter
2343 3175 2514 3230 malos
2550 3174 2671 3231 fuit.
2714 3176 2972 3247 Sequitur
3000 3194 3015 3233 :

454 3256 675 3321 stantes
709 3266 947 3322 exterius
969 3266 1037 3321 ab
1059 3274 1204 3321 statu
1229 3267 1424 3321 mentis
1441 3266 1721 3337 jacebant.
1753 3265 2012 3336 Sequitur
2040 3283 2054 3320 :
2240 3266 2397 3323 Vsus.
2439 3267 2528 3322 '50.
2571 3267 2718 3323 Cutis
2761 3285 2876 3324 mea
2923 3269 3198 3340 denigrata
3250 3281 3325 3325 est
3359 3288 3521 3342 super
3555 3288 3655 3335 me,
3686 3279 3725 3325 ct

538 3356 701 3411 Vsus.
733 3355 823 3411 25.
864 3354 1083 3411 Flebant
1121 3356 1386 3429 quondam
1413 3373 1569 3427 super
1603 3372 1663 3412 eo
1709 3356 1799 3426 qui
1840 3356 2061 3428 amictus
2161 3375 2280 3414 ossa
2308 3376 2421 3414 mea
2456 3369 2709 3415 aruerunt
2738 3376 2847 3433 pra:
2876 3370 3135 3415 caumate.
3163 3391 3232 3401 —
3258 3361 3385 3417 Hec
3412 3362 3564 3431 juxta
3589 3363 3723 3418 histo-

463 3452 605 3511 erat,
634 3455 678 3500 et
706 3445 1118 3516 compatiebatur
1161 3446 1341 3500 anima
1385 3462 1500 3500 mea
1546 3446 1878 3516 pauperi.—
1908 3446 2061 3501 Scire
2162 3452 2298 3506 riam
2349 3466 2578 3522 pensare
2621 3452 2976 3524 negligimus,
3022 3452 3147 3523 quia
3192 3454 3447 3510 videlicet
3496 3454 3726 3510 sermonis

465 3537 609 3593 enim
640 3551 863 3593 necesse
895 3535 1125 3607 estquia
1152 3535 1241 3591 ille
1269 3535 1507 3606 perfecte
1553 3536 1763 3604 tribuit,
1800 3536 1891 3608 qui
1934 3552 2059 3593 cum
2160 3543 2336 3597 virtus
2378 3551 2529 3612 patet
2564 3557 2629 3598 ex
2674 3557 2835 3612 poena
2875 3542 3163 3612 passionis.
3212 3541 3318 3598 Sed
3357 3544 3509 3613 quia,
3537 3552 3591 3597 ut
3610 3555 3725 3613 saepe

466 3625 663 3682 alliicto
699 3627 945 3697 porrigit,
977 3625 1159 3682 amicti
1198 3642 1413 3697 quoque
1444 3627 1683 3683 animum
1715 3628 1768 3683 in
1792 3644 1851 3684 se
1872 3628 2055 3693 sumit,
2156 3626 2267 3698 jam
2294 3632 2551 3697 diximus,
2590 3631 2904 3702 plerumque
2935 3633 3124 3688 beatus
3155 3630 3256 3688 .lob
3285 3634 3366 3688 sic
3392 3642 3577 3690 narrat
3601 3640 3724 3705 gesta

464 3726 522 3771 ut
547 3716 697 3786 prius
724 3716 777 3772 in
806 3731 864 3772 se
890 3716 1121 3773 dolentis
1149 3719 1456 3787 passionem
1499 3718 1816 3786 transferat,
1840 3729 1897 3775 et
1929 3728 2058 3776 tunc
2159 3734 2222 3781 ut
2263 3724 2501 3796 gerenda
2527 3731 2880 3794 praamoneat,
2923 3724 3059 3779 bene
3105 3725 3208 3780 hoc
3253 3734 3460 3781 sanctae
3506 3724 3725 3780 Ecclesiae

462 3821 653 3870 contra
700 3811 940 3869 dolorem
993 3812 1134 3869 illius
1179 3829 1278 3883 per
1322 3813 1683 3869 ministerium
1750 3820 2055 3868 concurrat.
2158 3816 2384 3873 vocibus
2412 3815 2681 3886 congruit,
2709 3830 2829 3885 quae
2857 3814 3095 3871 dolorem
3131 3817 3528 3886 persecutionis
3555 3816 3724 3872 ultima!

460 3902 598 3958 Nam
628 3917 789 3973 saepe,
834 3911 893 3957 ut
937 3903 1301 3973 prmdiximus,
1342 3902 1655 3974 largitorem
1693 3903 1937 3960 muneris
1979 3917 2060 3958 re-
2159 3903 2391 3960 inﬁrmis
2436 3902 2676 3975 graviter
2714 3902 2901 3969 sentit,
2929 3917 3161 3974 cumque
3188 3904 3256 3960 ab
3288 3903 3377 3959 illa
3407 3905 3499 3960 alii
3530 3911 3724 3976 pereunt

461 4008 582 4053 rum
613 3992 741 4047 facit
765 3992 1136 4059 abundantia,
1179 4002 1233 4048 et
1279 4008 1387 4048 non
1426 3994 1601 4049 virtus
1646 3993 2055 4063 compassionis.
2158 3995 2486 4050 valentiores
2537 3994 2740 4065 quique
2790 4007 3029 4049 maerore
3095 3997 3428 4054 cruciantur.
3505 3995 3722 4052 Exterior

460 4082 860 4140 Persecutionis
900 4083 1064 4155 igitur
1103 4084 1306 4140 ultimae
1346 4093 1532 4141 sancta
1565 4083 1806 4140 Ecclesia
1839 4083 2060 4139 tribula-
2159 4087 2358 4158 quippe
2386 4101 2550 4142 causa
2578 4085 2695 4156 ejus
2741 4094 2829 4141 est
2876 4095 3092 4142 terrena
3130 4086 3483 4158 dispensatio,
3528 4085 3723 4143 interior

460 4174 611 4231 tione
659 4176 1016 4246 deprehensa,
1050 4178 1275 4234 reducat
1299 4178 1368 4234 ad
1399 4179 1719 4234 memoriam
1748 4178 1899 4249 pacis
1925 4187 2059 4234 tem-
2159 4193 2288 4234 vero
2325 4192 2457 4233 cura
2499 4176 2756 4233 caelestis.
2811 4176 2964 4233 Cutis
3005 4192 3136 4249 ergo
3174 4180 3395 4237 nomine
3443 4179 3632 4235 inﬁrmi
3665 4175 3722 4231 si-

460 4279 594 4336 pore
621 4268 764 4323 bona
801 4283 921 4338 quae
950 4270 1137 4340 gessit,
1169 4271 1356 4327 dicens
1389 4289 1402 4326 :
1430 4269 1652 4326 Flebam
1678 4270 1943 4343 quondam
1970 4289 2060 4327 su—
2159 4276 2417 4341 gnantur,
2446 4268 2538 4339 qui
2567 4266 2791 4324 nuncin
2811 4282 2876 4325 ea
2897 4269 3157 4324 exteriori
3183 4269 3400 4326 utilitati
3424 4269 3719 4328 deserviunt.

463 4372 559 4428 per
593 4372 654 4411 eo
685 4356 778 4428 qui
804 4357 1024 4429 amictus
1048 4369 1200 4427 erat,
1227 4371 1275 4416 et
1295 4362 1711 4433 compatiebatur
1738 4362 1918 4416 anima
1943 4378 2060 4418 mea
2160 4357 2263 4416 Per
2301 4373 2425 4416 ossa
2470 4372 2602 4413 vero
2641 4357 2809 4415 fortes
2860 4357 2978 4429 ejus
3030 4358 3244 4431 ﬁgurati
3288 4370 3440 4426 sunt,
3472 4361 3523 4416 in
3554 4358 3719 4431 quibus

461 4445 703 4514 pauperi.
745 4442 1003 4512 Sequitur
1024 4446 1186 4519 (58):
1984 4438 1994 4443 ”
2082 4503 2136 4523 ﬁ
2160 4450 2406 4523 corporis
2475 4450 2618 4515 illius
2692 4456 2805 4507 tota
2868 4464 3132 4523 compago
3199 4452 3482 4509 solidatur.
3553 4448 3719 4519 Sequi-

570 4503 581 4514 .
840 4503 851 4512 .
1028 4503 1043 4519 .
1118 4503 1132 4517 ,
2168 4503 2307 4523 -ν-τς

532 4533 697 4590 Vsus.
736 4533 826 4589 28.
865 4534 1091 4592 Matrem
1118 4538 1416 4594 incedebam
1452 4540 1563 4596 sine
1601 4540 1802 4612 furare,
1838 4558 2057 4598 consur-
2082 4503 2139 4565 Β
2165 4551 2253 4600 tur
2293 4561 2307 4599 :

461 4637 587 4694 gens
612 4623 666 4677 in
690 4624 844 4679 turba
871 4625 1181 4681 clamabam.
1210 4658 1281 4669 —
1300 4628 1628 4699 Notandum,
1656 4633 1884 4691 sollicite
1901 4632 2059 4705 juxta
2232 4633 2398 4691 Vsus.
2426 4632 2517 4689 3i.
2592 4628 2756 4687 Versa
2784 4640 2861 4688 est
2891 4632 2949 4687 in
2975 4631 3165 4688 lectum
3189 4633 3394 4688 cithara
3421 4650 3552 4700 mea,
3576 4641 3619 4686 et
3650 4644 3701 4684 ar

463 4713 746 4769 historiam
780 4715 956 4782 video,
984 4719 1127 4788 quod
1157 4728 1375 4775 sanctus
1404 4720 1487 4776 vir
1510 4722 1601 4792 qui
1624 4724 1784 4794 paulo
1804 4726 2059 4797 superius
2158 4740 2357 4796 ganum
2394 4739 2565 4779 meum
2601 4724 2658 4778 in
2706 4740 2878 4779 vocem
2916 4726 3176 4795 ﬂentium.
3207 4756 3279 4766 —
3307 4725 3442 4795 Quia
3488 4733 3713 4799 organum

463 4804 621 4873 dixit,
656 4804 866 4861 elevasti
900 4824 1001 4873 me,
1034 4808 1258 4866 inferius
1286 4811 1552 4883 atljunxit,
1594 4831 1811 4870 maerens
1852 4816 2061 4871 incede-
2158 4831 2257 4887 per
2287 4814 2516 4881 ﬁstulas,
2543 4824 2599 4870 et
2617 4815 2825 4872 cithara
2849 4830 2947 4887 per
2962 4817 3196 4872 chordas
3236 4826 3412 4883 sonat,
3454 4823 3619 4886 potest
3638 4824 3714 4882 per

464 4896 609 4952 bam.
659 4897 794 4955 Miro
836 4901 1036 4955 etenim
1084 4902 1273 4959 ordine
1321 4922 1427 4961 uno
1475 4907 1775 4978 eodemque
1813 4918 2057 4979 tempore
2160 4907 2426 4963 citharam
2473 4914 2624 4962 recta
2671 4909 2935 4978 Operatio,
2976 4921 3076 4977 per
3111 4922 3372 4978 organum
3402 4922 3526 4963 vero
3558 4911 3714 4961 sancta

464 4988 755 5045 convenire
788 4991 841 5044 in
872 4992 1082 5048 actibus
1109 4993 1373 5050 bonorum
1410 4996 1564 5064 solet,
1602 5005 1662 5053 et
1705 4997 1840 5054 foris
1881 5000 2060 5056 honor
2162 4998 2476 5072 praedicatio
2534 4998 2825 5071 designari.
2887 4998 2991 5055 Per
3033 4998 3241 5057 ﬁstulas
3294 5003 3487 5073 quippe
3533 4994 3710 5068 organi.

463 5079 737 5148 culminis,
769 5092 823 5137 et
851 5082 998 5140 intus
1022 5083 1234 5142 amicta:
1274 5101 1480 5145 maeror
1518 5088 1861 5146 humilitatis.
1904 5090 2059 5163 Saepe
2163 5104 2258 5145 ora
2288 5089 2714 5159 praedicandum,
2742 5105 2841 5161 per
2865 5091 3104 5147 chordas
3128 5108 3259 5149 vero
3289 5094 3507 5148 cithara:
3527 5132 3541 5153 .
3565 5091 3712 5145 inten-

466 5186 701 5224 nemeae
739 5173 1119 5224 sedilinsnrnm
1159 5178 1716 5224 lnmnltnelmminnm
1747 5183 2060 5224 nrmmcitn.
2165 5179 2364 5224 linnem
2408 5187 2570 5224 raptas
2602 5179 2892 5224 viventium
2934 5196 3039 5224 nnn
3069 5182 3505 5224 innnnvnninnlnr
3545 5175 3711 5224 arpini-
