3948 5398
193 261 301 319 357

907 258 1217 316 EPITOME
1251 256 1614 315 MORALIUM
1652 256 1709 312 5.
1752 257 1961 315 GREO.
2004 258 2069 313 1N
2104 256 2244 315 JOB.
2286 287 2354 299 —
2393 258 2521 315 LIB.
2568 260 2706 315 XXI.

3360 270 3465 329 558

192 372 293 437 tuti
327 370 627 444 subjiciunt
666 376 827 439 atque
871 371 940 427 ab
981 370 1181 426 inlimis
1227 370 1296 425 ad
1338 368 1618 439 superiora
1669 376 1780 422 ten-
1806 375 1858 433 Α
1884 368 2066 425 dicens
2093 386 2105 423 :
2139 367 2297 425 Pacis
2325 369 2541 440 quidem
2565 384 2696 426 mea:
2726 378 2987 442 tempore,
3016 385 3114 443 per
3141 372 3277 432 alios
3304 390 3471 446 parva

188 461 416 516 duntur.
478 460 820 516 Pensandum
871 475 1087 530 quoque
1146 469 1231 516 est
1287 460 1432 530 quod
1475 459 1676 514 chorda
1729 459 1785 514 in

187 550 405 606 cithara
457 551 505 605 si
552 550 730 605 minus
762 550 1017 616 tenditur,
1059 566 1167 606 non
1217 561 1394 615 sonat,
1449 550 1495 606 si
1535 549 1783 618 amplius,

187 654 419 695 raucum
462 651 641 694 sonat.
680 638 814 706 Quia
841 639 1094 694 nimirum
1120 639 1290 695 virtus
1319 641 1657 695 abstinentia:
1693 648 1787 693 aut

185 728 417 784 omnino
453 728 598 783 nulla
641 737 745 794 est,
801 728 848 783 si
899 736 1108 783 tantum
1154 730 1383 800 quisque
1431 744 1629 800 corpus
1676 743 1782 783 non

183 818 409 873 edomat
441 827 703 888 quantum
733 817 903 884 valet;
937 829 1031 874 aut
1063 820 1220 875 valde
1265 821 1569 875 inordinata
1602 830 1704 887 est,
1737 821 1783 875 si

183 922 388 976 corpus
423 909 612 963 atterit
647 909 765 977 plus
798 924 961 980 quam
1001 910 1158 965 valet.
1202 911 1280 965 Ac
1332 912 1376 966 si
1429 926 1559 981 ergo
1599 920 1783 966 sancta

183 999 436 1057 Ecclesia
474 1000 734 1056 extremis
777 1002 1245 1071 perseeutionibus
1288 1017 1475 1073 pressa
1525 1003 1783 1069 fateatur,

1888 476 2042 518 more
2084 462 2332 527 citharae,
2379 477 2476 532 per
2521 461 2657 518 alios
2697 477 2827 518 vero
2865 478 3016 520 more
3046 466 3238 537 organi
3275 483 3474 539 magna

1886 562 1942 609 et
1971 567 2167 608 sonora
2196 553 2573 624 praedicabam.
2616 553 2722 610 Sed
2771 571 2933 621 nunc,
2979 555 3034 611 in
3079 556 3227 613 luctu
3264 558 3475 613 cithara

1888 653 1942 699 et
1965 659 2231 715 organum
2265 661 2483 701 versum
2536 654 2640 711 est,
2690 648 2837 717 quia,
2894 649 3021 704 dum
3062 664 3149 705 me
3200 650 3479 706 contemni

1888 736 2184 805 conspicio,
2237 750 2333 792 eos
2376 737 2471 807 qui
2525 737 2923 807 praedicationis
2965 747 3182 794 cantum
3222 754 3332 794 non
3379 754 3481 796 au-

1890 823 2044 878 diunt
2081 823 2320 895 deploro.
2384 826 2511 881 Haec
2549 841 2648 896 per
2683 827 2948 895 quosdam
2994 836 3184 885 sancta
3232 828 3475 885 Ecclesia

1891 915 1945 969 in
1980 916 2088 970 line
2120 916 2331 974 factura
2370 928 2456 974 est
2489 935 2502 972 :
2546 919 2661 975 hare
2697 934 2798 990 per
2827 920 3088 991 quosdam
3124 921 3180 976 in
3218 921 3332 977 suis
3364 920 3479 992 jam

1889 1006 2127 1062 exordiis
2159 1006 2305 1062 fecit.

187 1211 3465 1248 —_.________..____.__.______..______________________

1164 1383 1462 1462 LIBER
1520 1383 1940 1464 VICESIM
1957 1385 2078 1463 US
2131 1387 2544 1466 PRIMUS.

755 1686 986 1744 CAPUT
1028 1686 1221 1743 XXXI.

259 1784 382 1852 Qua
412 1783 595 1852 itaque
632 1789 852 1837 sanctus
898 1782 983 1836 vir
1020 1780 1335 1838 fortitudine
1368 1782 1437 1836 ab
1464 1781 1611 1837 omni
1635 1780 1788 1851 lapsu

185 1877 469 1934 exteriora
495 1889 596 1930 sua
626 1874 882 1929 custodiae
906 1874 1181 1930 interioris
1210 1873 1489 1945 disciplina
1517 1874 1790 1929 constrin-

189 1970 362 2033 xerit,
390 1967 635 2023 insinuat
662 1966 849 2022 dicens
881 1980 896 2020 :

263 2058 431 2113 Vens.
465 2057 517 2111 1.
564 2054 746 2127 Pepigi
772 2055 940 2126 {cedas
968 2071 1087 2109 cum
1111 2054 1279 2110 oculis
1301 2055 1522 2121 meis,ut
1554 2071 1617 2110 ne
1642 2050 1809 2126 cogi?

188 2159 364 2204 tarem
392 2148 606 2220 quidem
636 2147 701 2201 de
732 2146 950 2217 virgine.
981 2137 1213 2202 —Cum
1252 2146 1322 2202 sit
1353 2147 1640 2204 invisibilis
1673 2148 1789 2203 ani-

188 2256 307 2306 ma,
339 2254 680 2311 nequaquam
709 2253 806 2293 cor
837 2252 1026 2292 earum
1059 2253 1243 2294 rerum
1269 2238 1625 2295 delectatione
1672 2248 1789 2294 tan-

186 2334 361 2405 gitur,
394 2332 497 2388 nisi
526 2332 672 2403 quod
712 2331 981 2385 inhaerens
1034 2330 1275 2402 corpori,
1333 2330 1491 2400 quasi
1543 2331 1785 2401 quaedam

188 2421 513 2493 egrediendi
541 2420 807 2476 foramina
844 2418 1085 2489 ejusdem
1107 2420 1352 2490 corporis
1381 2436 1571 2477 sensus
1598 2421 1783 2477 habet.

188 2512 363 2568 Visus
386 2513 607 2584 quippe,
638 2512 878 2578 auditus,
909 2520 1121 2581 gustus,
1169 2510 1431 2567 odoratus
1483 2519 1540 2567 et
1588 2520 1784 2577 tactus,

190 2600 357 2670 quasi
386 2599 631 2669 quaedam
662 2598 762 2653 viae
793 2598 990 2653 mentis
1017 2605 1163 2663 sunt,
1193 2598 1388 2667 quibus
1411 2597 1553 2653 foras
1582 2599 1783 2669 veniat,

190 2700 252 2746 et
277 2705 345 2745 ea
372 2704 496 2759 qtae
524 2699 677 2744 extra
703 2685 820 2755 ejus
847 2695 971 2742 sunt
1009 2688 1369 2742 substantiam
1414 2687 1783 2757 concupiscat.

191 2780 305 2836 Per
331 2780 431 2835 hos
458 2778 661 2835 etenim
689 2778 932 2849 corporis
957 2791 1168 2843 sensus,
1199 2777 1356 2849 quasi
1397 2793 1494 2847 per
1518 2777 1786 2833 fenestras

192 2872 466 2941 quasdam
496 2868 766 2924 exteriora
817 2871 1043 2938 qumtjue
1094 2867 1271 2921 anima
1319 2867 1559 2936 respicit,
1609 2868 1782 2937 respi-

191 2962 352 3018 ciens
381 2956 887 3029 concupiscit.llinc
919 2957 1064 3011 enim
1098 2948 1361 3011 Jeremias
1390 2956 1466 3009 ait
1490 2970 1505 3009 :
1529 2974 1548 3006 ί
1579 2956 1782 3010 Ascen-

1812 1698 1861 1759 Β
1890 1694 1972 1744 tes
2007 1698 2346 1746 amaverant.
2387 1691 2540 1759 Quod
2570 1692 2819 1750 videlicet
2860 1694 3204 1754 alienationis
3250 1696 3505 1756 verbum'

1890 1777 2078 1835 durius
2110 1789 2350 1847 sonaret,
2379 1782 2425 1837 si
2454 1782 2558 1838 hoc
2590 1783 2857 1855 interpres
2884 1784 2935 1840 in
2966 1802 3077 1842 suae
3108 1787 3300 1860 linguae
3341 1803 3476 1846 voce

1888 1872 2170 1929 tenuisset.
2197 1872 2349 1941 Quod
2380 1876 2521 1931 enim
2563 1879 2702 1948 apud
2742 1895 2839 1935 nos
2866 1880 3137 1949 alienatio,
3174 1884 3277 1939 hoc
3322 1879 3471 1956 apud

1885 1957 2151 2017 Hebrmos
2181 1964 2471 2019 anathema
2496 1966 2715 2020 dicitur.
2747 1966 2897 2024 Tunc
2934 1985 3065 2041 ergo
3092 1971 3346 2029 alienatio
3374 1973 3480 2028 erit

1888 2050 2162 2118 reprobis,
2192 2065 2317 2106 cum
2339 2053 2481 2123 apud
2511 2052 2885 2112 haere‘ditatem
2911 2059 3138 2115 districti
3161 2060 3379 2130 judicis,
3416 2077 3479 2120 se

1886 2138 2177 2194 anathema
2208 2154 2331 2195 esse
2356 2143 2723 2212 conspiciunt,
2752 2145 2877 2215 quia
2902 2146 2991 2203 hic
3037 2163 3160 2203 eum
3207 2152 3478 2220 perversis

1885 2227 2127 2284 moribus
2156 2238 2617 2300 contempserunt.
2646 2234 2908 2306 Sequitur
2938 2253 2954 2293 :

1867 2378 1885 2398 ο
1954 2318 2121 2374 Vens.
2154 2321 2209 2376 4.
2243 2322 2436 2377 Nonne
2456 2324 2567 2394 ipse
2591 2329 2885 2382 considerat
2925 2332 3033 2384 vias
3069 2348 3239 2399 meas,
3254 2343 3303 2388 et
3350 2352 3477 2391 cun-

1885 2422 1996 2469 ctos
2022 2429 2231 2483 gressus
2259 2430 2401 2470 meos
2422 2415 2721 2472 dinumerat
2739 2420 2991 2488 ?—Quid
3009 2424 3212 2479 viarum
3236 2429 3477 2494 nomine,

1885 2506 1991 2560 nisi
2020 2506 2265 2563 actiones
2286 2507 2606 2563 denuntiat?
2641 2510 2780 2566 Hinc
2828 2514 2973 2567 enim
3031 2530 3129 2584 per
3181 2516 3475 2576 Jeremiam

1885 2596 2125 2652 dicitur:
2163 2616 2182 2649 ι
2216 2597 2396 2655 Bonas
2418 2601 2579 2655 facite
2605 2603 2720 2657 vias
2746 2614 2974 2672 vestras,
3004 2616 3058 2662 et
3082 2610 3259 2663 studia
3295 2620 3477 2668 vestra

1885 2685 2169 2757 (Jer._vu,
2201 2687 2279 2761 5).
2320 2708 2340 2741 ι
2398 2690 2539 2757 Quid
2581 2707 2713 2747 vero
2759 2694 3119 2765 appellatione
3168 2714 3476 2770 gressuum,

1883 2775 1989 2831 nisi
2015 2786 2196 2832 motus
2223 2779 2483 2833 mentium
2508 2821 2522 2846 ,
2547 2781 2630 2835 vel
2660 2782 2935 2852 profectus
2973 2789 3270 2858 accipimus
3288 2782 3482 2847 'meri-

1883 2866 2104 2919 torum?
2146 2865 2356 2931 Quibus
2405 2868 2650 2937 proiecto
2694 2874 2989 2941 gressibus,
3022 2877 3088 2930 ad
3132 2881 3478 2950 semetipsam

1882 2969 1983 3008 nos
2013 2953 2227 3009 Veritas
2251 2967 2411 3011 vocat
2438 2956 2628 3015 dicens
2661 2977 2676 3014 :
2712 2979 2732 3012 ι
2767 2955 2961 3019 Venite
3007 2967 3073 3020 ad
3131 2960 3236 3033 me,
3284 2987 3475 3027 omnes

192 3051 277 3106 dit
308 3063 456 3104 mors
480 3063 579 3120 per
626 3047 892 3103 fenestras
937 3054 1171 3111 nostras,
1206 3047 1446 3117 ingressa
1482 3055 1565 3101 est
1594 3048 1785 3101 domus
1811 3040 1856 3102 C
1887 3045 1978 3114 qui
2009 3044 2287 3109 laboratis,
2318 3055 2374 3102 et
2394 3051 2603 3105 onerati
2629 3051 2761 3108 estis
2820 3053 3035 3125 (Matth.
3067 3075 3141 3125 χι,
3164 3060 3276 3130 28).
3315 3081 3335 3114 ι
3386 3062 3478 3118 Sic

193 3151 423 3199 nostras
460 3140 595 3212 (Jer.
629 3156 706 3204 lx,
728 3139 843 3208 2i).
881 3157 900 3190 ι
935 3137 1190 3207 Quisquis
1212 3152 1343 3191 vero
1369 3152 1467 3206 per
1516 3140 1614 3193 has
1659 3153 1783 3194 cor-

191 3234 350 3306 poris
371 3232 639 3287 fenestras
668 3231 882 3286 incaute
909 3228 1151 3283 exterius
1181 3227 1424 3298 respicit,
1466 3226 1786 3297 plerumque

193 3326 252 3380 in
294 3323 711 3380 delectationem
738 3320 943 3391 peccati
985 3320 1149 3375 etiam
1190 3319 1380 3375 nolens
1431 3319 1593 3383 cadit,
1623 3327 1786 3388 atque

191 3416 468 3489 obligatus
511 3414 818 3479 desideriis,
866 3412 1053 3482 incipit
1099 3411 1237 3467 velle
1278 3411 1421 3482 quod
1471 3409 1659 3465 noluit.
1716 3409 1788 3465 Ut.

194 3506 344 3561 cnim
369 3515 595 3561 sanctus
632 3503 713 3558 vir
741 3503 1097 3573 cogitationes
1152 3501 1332 3556 cordis
1380 3509 1529 3556 caste
1567 3514 1787 3556 servare

194 3600 485 3669 potuisset,
524 3596 700 3650 ftcdus
735 3611 858 3651 cum
907 3594 1079 3649 oculis
1128 3593 1350 3664 pepigit,
1400 3608 1469 3646 ne
1512 3593 1660 3662 prius
1707 3591 1788 3646 in-

196 3698 360 3746 caute
383 3689 651 3763 aspiceret
681 3686 822 3756 quod
861 3684 1204 3757 postmodum
1237 3684 1483 3738 incautus
1520 3692 1728 3737 amaret
1768 3700 1784 3737 :

198 3791 258 3838 et
291 3781 419 3853 quia
446 3796 552 3836 non
582 3780 635 3833 in
664 3794 723 3834 se
754 3779 1025 3833 actionem
1057 3776 1446 3840 tantummodo,
1479 3774 1571 3829 sed
1621 3775 1784 3830 etiam

195 3874 586 3947 cogitationem
615 3871 845 3926 luxuriae
873 3868 1156 3932 exstinxit,
1207 3876 1427 3922 secutus
1471 3867 1719 3939 adjunxit
1772 3886 1783 3922 :

198 3964 273 4020 Ut
304 3981 369 4019 ne
396 3965 676 4033 cogitarent
698 3963 906 4033 quidem
935 3961 999 4014 de
1022 3959 1241 4030 virgine.
1266 3957 1526 4027 Sequitur
1559 3975 1573 4013 :

274 4054 439 4110 Vens.
470 4053 524 4107 2.
559 4051 732 4120 Quam
758 4052 895 4106 enim
922 4059 1122 4120 partem
1170 4049 1380 4104 haberet
1424 4050 1477 4104 in
1520 4065 1601 4104 me
1652 4048 1790 4106 Deus

196 4147 445 4214 desuper,
469 4152 517 4198 et
546 4142 905 4197 haereditatem
946 4138 1286 4210 Omnipotens
1339 4139 1404 4193 de
1445 4139 1676 4195 excelsis.
1721 4171 1793 4181 —

198 4238 283 4292 Ac
317 4236 366 4291 si
399 4242 585 4305 aperte
616 4232 803 4288 dicat:
846 4230 902 4287 Si
941 4239 1173 4286 mentem
1219 4231 1270 4285 in
1311 4231 1639 4301 cogitatione
1678 4231 1793 4301 pol-

198 4325 389 4391 luerit,
415 4324 534 4395 ejus
570 4323 664 4394 qui
692 4322 971 4379 munditiae
995 4331 1186 4377 auctor
1212 4332 1296 4378 est
1328 4337 1450 4378 esse
1503 4321 1791 4378 haereditas

1888 3143 2066 3219 autem
2097 3134 2357 3193 Dominus
2384 3139 2807 3213 uniuscujusque
2852 3147 3163 3204 considerat
3209 3154 3348 3218 vias,
3397 3153 3477 3209 sic

1878 3227 2193 3283 dinumerat
2218 3245 2455 3300 gressus,
2490 3242 2549 3286 ut
2580 3250 2648 3289 ne
2679 3236 3058 3294 minutissima:
3080 3242 3299 3310 quidem
3330 3246 3477 3316 (βοεί-

1891 3319 2127 3375 tationes
2160 3321 2214 3375 in
2251 3322 2369 3392 ejus
2391 3321 2619 3391 judicio,
2659 3340 2723 3382 ac
2783 3330 2945 3384 verba
2992 3334 3330 3396 tenuissima,
3361 3350 3482 3404 qua:

1884 3410 2024 3480 apud
2052 3425 2151 3465 nos
2179 3426 2277 3466 usu
2303 3412 2603 3479 viluerunt,
2634 3416 2930 3473 indiscussa
2962 3432 3299 3478 remaneant.
3332 3423 3474 3480 Hinc

1886 3500 2090 3555 etenim
2116 3501 2246 3557 dicit
2280 3519 2294 3556 :
2325 3522 2344 3555 ι
2381 3503 2483 3571 Qui
2532 3505 2788 3562 irascitur
2836 3509 2989 3565 fratri
3038 3504 3139 3568 suo
3203 3528 3326 3570 reus
3372 3518 3478 3572 erit

1878 3588 2086 3659 judicio
2113 3591 2328 3663 (Matth.
2351 3595 2532 3664 v,22).
2565 3616 2583 3649 ι
2615 3597 2872 3668 Sequitur
2901 3620 2913 3655 :

1960 3680 2124 3735 Vens.
2150 3682 2206 3746 5,
2224 3681 2276 3737 6.
2304 3683 2364 3737 Si
2391 3686 2652 3740 ambulavi
2678 3690 2730 3742 in
2755 3691 3108 3756 vanitate,aut
3135 3694 3398 3764 festinavit
3420 3700 3477 3753 in

1888 3772 2008 3826 dolo
2035 3789 2125 3842 pes
2162 3790 2327 3840 meus,
2353 3777 2612 3844 appendat
2640 3795 2720 3832 me
2748 3780 2802 3833 in
2833 3791 3030 3836 statera
3050 3784 3232 3853 justa,
3257 3795 3306 3840 et
3344 3788 3478 3843 sciat

1890 3863 2031 3918 Deus
2055 3863 2447 3934 simplicitatem
2486 3882 2674 3922 meam.
2710 3900 2780 3909 —
2807 3870 2960 3927 Scire
2992 3872 3083 3929 Dei
3114 3874 3312 3931 dicitur
3338 3877 3481 3934 scire

1890 3968 1989 4008 nos
2018 3952 2219 4008 facere.
2252 3954 2386 4020 Quis
2416 3971 2546 4010 vero
2575 3964 2792 4013 staterae
2819 3962 3056 4027 nomine,
3085 3963 3185 4018 nisi
3217 3965 3482 4022 mediator

1892 4042 2009 4108 Dei,
2036 4054 2090 4097 ct
2116 4043 2396 4098 hominum
2439 4044 2792 4119 designatur?
2842 4049 2893 4104 in
2954 4066 3059 4120 quo
3114 4067 3268 4124 aequa
3324 4054 3483 4113 lance

1891 4136 2073 4190 omnia
2113 4138 2305 4192 merita
2335 4148 2520 4194 nostra
2550 4154 2867 4211 pensantur,
2893 4155 2948 4200 et
2979 4145 3029 4199 iu
3078 4146 3233 4216 cujus
3276 4163 3480 4220 praece-

1891 4226 2000 4294 ptis
2030 4229 2388 4298 agnoscimus,
2422 4232 2549 4301 qnid
2582 4233 2633 4286 in
2668 4242 2851 4289 nostra
2886 4238 2993 4291 vita
3043 4239 3223 4296 minus
3278 4243 3479 4299 habea-

1898 4331 2036 4371 mus.
2072 4317 2128 4372 ln
2157 4320 2259 4374 hac
2289 4328 2473 4374 autem
2506 4331 2705 4377 statera
2729 4326 3113 4395 appendimur,
3147 4331 3359 4401 quoties
3411 4333 3481 4389 ad

199 4390 547 4485 nequaquam
575 4390 815 4483 possum.
852 4408 1009 4466 Nulla
1035 4410 1178 4466 enim
1222 4412 1360 4466 bona
1404 4418 1531 4465 sunt
1566 4417 1785 4475 caetera,
1816 4390 1867 4452 D
1892 4407 2014 4462 vitae
2041 4407 2159 4479 ejus
2189 4410 2434 4480 exempla
2482 4390 2863 4482 provocamus.
2918 4435 2935 4469 ι
2994 4390 3244 4476 Christus
3286 4437 3480 4492 passus

198 4505 249 4560 si
300 4502 500 4559 occulti
545 4502 746 4573 judicis
791 4500 963 4557 oculis
991 4501 1257 4557 castitatis
1286 4500 1440 4556 testis
1478 4501 1789 4556 testimonio

200 4609 316 4651 non
345 4594 738 4666 approbantur,
762 4609 825 4649 ac
856 4592 903 4649 si
931 4600 1119 4663 aperte
1140 4590 1393 4656 fateatur,
1424 4592 1609 4647 dicens
1634 4609 1647 4645 :
1675 4591 1786 4647 lla-

200 4688 335 4744 bere
372 4702 462 4743 me
488 4687 885 4757 possessionem
932 4700 1088 4742 suam
1144 4682 1481 4741 excelsorum
1540 4684 1789 4740 conditor

202 4778 406 4843 renuit,
434 4779 480 4833 si
503 4793 656 4833 mens
686 4791 806 4832 mea
829 4785 954 4832 ante
982 4782 1330 4846 conspectum
1370 4774 1514 4831 illius
1545 4776 1598 4831 in
1628 4774 1783 4830 inﬁr-

200 4870 309 4926 mis
336 4869 619 4924 desideriis
643 4869 889 4925 tabcscit.
915 4867 1173 4939 Sequitur
1199 4886 1213 4923 :

275 4957 445 5013 Vens.
473 4957 529 5013 5.
562 4958 819 5030 Nunquid
845 4974 946 5012 non
972 4959 1197 5030 perditio
1227 4969 1302 5014 est
1327 4961 1529 5031 iniquo,
1556 4970 1603 5016 et
1654 4958 1789 5014 alie-

199 5049 352 5104 natio
395 5049 732 5119 operantibus
771 5048 1236 5119 iniquitatem?——
1275 5049 1495 5106 Festina
1541 5050 1790 5108 consola-

197 5140 353 5195 tione
388 5138 648 5196 bonorum
697 5138 1068 5195 consideratur
1117 5141 1243 5196 linis
1305 5141 1591 5198 malorum.
1648 5139 1787 5195 Dum

182 5227 350 5283 enim
376 5242 446 5282 ex
481 5243 666 5284 eorum
726 5226 948 5283 interitu
995 5228 1195 5285 malum
1251 5230 1587 5300 conspiciunt
1643 5230 1789 5298 quod

198 5317 462 5382 evadunt,
503 5318 617 5376 leve
639 5316 960 5375 existimant
985 5320 1247 5392 quidquid
1270 5320 1556 5379 adversum
1587 5325 1645 5380 in
1687 5321 1792 5377 hac

1892 4506 1975 4552 est
1995 4512 2095 4568 pro
2123 4498 2297 4565 nobis,
2331 4501 2483 4557 vobis
2505 4502 2816 4573 relinquens
2838 4509 3168 4579 exemplum,
3198 4518 3259 4565 ut
3287 4509 3497 4587 seque?

1892 4588 2023 4642 mini
2050 4589 2277 4661 vestigia
2303 4589 2440 4660 ejus,
2471 4593 2559 4662 qui
2592 4605 2874 4665 peccatum
2904 4614 3011 4653 non
3040 4598 3305 4665 fecit,ncc
3330 4603 3483 4659 dolus

1890 4676 2140 4734 inventus
2168 4689 2251 4734 est
2290 4681 2342 4734 in
2374 4696 2470 4737 ore
2493 4684 2611 4754 ejus
2636 4683 2691 4755 (Ι
2725 4683 2872 4740 Petr.
2902 4703 2965 4753 ιι,
2994 4688 3084 4755 21,
3107 4689 3221 4760 22).
3252 4710 3271 4743 ι
3318 4691 3398 4745 Ac
3434 4691 3481 4745 si

1891 4777 2077 4838 aperte
2102 4770 2245 4825 dicat
2276 4790 2288 4823 :
2328 4771 2386 4825 Si
2422 4786 2527 4840 qua
2566 4789 2801 4843 unquam
2828 4776 3041 4843 leviter,
3067 4779 3112 4832 si
3149 4795 3253 4848 qua
3293 4779 3479 4849 perni-

1895 4860 2040 4917 ciose
2069 4862 2394 4943 perpetravi,
2427 4864 2521 4919 Dei
2549 4874 2603 4920 et
2623 4864 2901 4922 hominum
2926 4868 3191 4925 mediator
3207 4877 3479 4939 appareat,

1895 4951 2032 5005 utin
2059 4951 2174 5022 ejus
2198 4952 2311 5007 vita
2340 4968 2664 5024 cognoscam
2698 4969 2765 5008 an
2795 4970 2897 5028 ego
2941 4959 3210 5014 veraciter
3253 4950 3481 5027 simplex

1896 5041 1992 5096 fui.
2024 5044 2247 5099 Vanitas
2275 5044 2477 5115 quippe
2531 5047 2597 5102 ad
2654 5045 2969 5113 levitatem,
3027 5046 3181 5102 dolus
3241 5060 3367 5100 vero
3413 5047 3484 5103 ad

1894 5138 2154 5193 malitiam
2178 5140 2433 5209 pertinet.
2455 5141 2519 5194 Et
2539 5141 2857 5212 plerumque
2882 5137 3124 5196 nonnulli
3147 5138 3211 5193 ad
3238 5138 3484 5207 quaedam

1894 5237 2018 5297 post
2045 5228 2311 5284 malitiosa
2341 5231 2685 5298 perveniunt,
2711 5228 2839 5297 quia
2873 5231 3025 5300 prius
3060 5227 3200 5283 levia
3244 5242 3350 5282 non
3391 5228 3488 5285 de-

1893 5318 2121 5376 clinant.
2156 5320 2415 5391 Sequitur
2451 5339 2464 5375 :
