3948 5398
547 302 653 360 359

1574 303 1635 361 S.
1674 304 1926 365 ODOMS
1958 301 2253 363 ABBATIS
2287 303 2784 364 CLUNIACENSIS
2819 302 2864 364 11
3680 310 3760 373 ιω

556 430 689 473 vero
713 423 792 472 tot
811 429 1030 489 gressus
1055 422 1209 472 extra
1237 416 1379 470 viam
1412 420 1688 487 ponimus,
1711 424 1844 485 quot
1870 415 2143 486 perversis
2170 418 2218 477 Α
2246 414 2362 471 haec
2387 415 2577 472 beatus
2604 415 2705 472 Job
2738 416 2944 483 dicens,
2986 423 3236 489 patenter
3278 416 3574 488 inualescit,
3605 425 3722 493 Quod
3739 442 3763 484 ι

548 507 838 566 desideriis
869 506 1109 563 caelestis
1135 506 1259 562 vita:
1304 506 1663 562 delectatione
1694 523 2031 578 separamur.
2067 507 2139 563 Ut

548 602 692 658 enim
719 598 926 671 pnefati
951 614 1155 663 sumus,
1184 600 1362 655 adhuc
1387 599 1572 655 carnis
1601 599 2135 670 corruptibilis‘pon-

547 691 676 745 dere
702 688 909 761 gravati
933 696 1275 760 nequaquam
1304 688 1548 745 valemus
1574 689 1655 745 sic
1675 690 1882 757 vivere,
1913 700 1968 745 ut
1994 690 2139 746 nulla

544 797 645 838 nos
672 781 843 852 possit
874 781 1028 851 culpa
1059 781 1421 836 delectatione
1450 781 1690 850 pulsare.
1732 781 1838 837 Sed
1882 782 2027 838 aliud
2057 790 2141 838 est

544 848 843 927 nolentem.
870 848 1044 941 tangi,
1095 870 1241 925 aliud
1292 878 1377 925 est
1419 871 1851 926 consentientem
1900 872 2138 926 animam

541 960 754 1032 perimi.
807 958 1065 1028 Sequitur
1106 977 1118 1013 :
1161 956 1222 1013 Si
1271 968 1483 1014 secutus
1528 968 1603 1012 est
1640 960 1823 1015 oculus
1853 976 1999 1015 meus
2047 976 2140 1015 cor

544 1066 740 1105 meum.
775 1078 841 1089 —
878 1049 1017 1104 Ecce
1049 1056 1247 1103 iterum
1280 1063 1378 1119 per
1409 1047 1685 1103 interioris
1713 1049 1916 1118 vigoris
1950 1056 2134 1104 custo-

545 1139 715 1205 diam,
759 1139 827 1194 ad
847 1137 1184 1193 exteriorum
1215 1137 1461 1192 membra
1494 1137 1774 1207 disciplina
1803 1139 1960 1203 redit,
1991 1148 2051 1193 ut
2089 1138 2137 1194 si

545 1230 674 1299 quid
705 1228 945 1284 fortasse
996 1243 1093 1284 cor
1118 1227 1385 1298 illicitum
1432 1230 1871 1297 concupisceret,
1916 1243 2137 1299 pressus

545 1336 644 1392 per
672 1321 968 1390 disciplinae
998 1319 1367 1390 magisterium
1407 1320 1598 1375 oculus
1626 1321 1811 1376 videre
1836 1330 2131 1376 recusaret.

545 1410 701 1466 Sicut
730 1410 876 1466 enim
924 1424 1065 1480 saepe
1112 1410 1340 1465 tentatio
1379 1424 1476 1478 per
1522 1411 1708 1465 oculos
1740 1412 1999 1476 trahitur,
2053 1412 2134 1468 sic

548 1515 940 1573 nonnunquam
998 1508 1257 1570 concepta
1320 1500 1648 1557 intrinsecus
1715 1502 1991 1571 compellit
2030 1501 2133 1557 sibi

546 1594 891 1649 extrinsecus
935 1593 1120 1648 oculos
1163 1593 1463 1648 deservire.
1499 1592 1635 1647 Nam
1681 1592 2001 1664 plerumque
2046 1609 2133 1650 res

548 1687 803 1758 quaelibet
836 1687 1111 1741 innocenti
1150 1694 1329 1741 mente
1373 1685 1683 1755 respicitur,
1728 1686 1823 1741 sed
1858 1686 1975 1757 ipso
2001 1702 2133 1743 con-

2244 516 2399 562 reatu
2429 506 2600 577 culpa:
2638 508 2890 564 adulterii
2929 508 3071 564 liber
3105 507 3226 574 fuit,
3251 509 3340 581 qui
3372 508 3475 566 hoc
3500 512 3544 568 si
3571 528 3762 584 unquam

2241 594 2452 662 fecerit,
2477 597 2721 652 eamdem
2744 598 2958 667 culpam
2983 596 3118 653 verti
3150 597 3251 654 sibi
3276 598 3476 669 expetit
3499 599 3550 656 in
3571 614 3763 674 ptenam,

2240 688 2426 743 dicens
2460 702 2476 742 :

2316 776 2477 832 Vsus.
2520 776 2611 832 10.
2659 773 2903 832 Scortum
2949 778 3017 832 sit
3048 777 3204 835 alteri
3255 795 3392 835 uxor
3426 797 3558 848 nica,
3583 792 3767 856 διαίρειν

2238 866 2385 921 illam
2424 868 2763 922 incurventur
2794 866 2965 921 multi.
2989 898 3061 907 ——
3084 868 3154 923 Et
3177 868 3305 938 quia
3351 869 3459 926 hoc
3501 870 3768 945 plerumque

2239 956 2381 1026 quod
2436 956 2682 1011 faciendo
2734 970 2842 1011 non
2894 957 3300 1027 perpendimus,
3344 973 3509 1029 quam
3544 962 3697 1030 gravis
3716 964 3769 1018 sit

2238 1046 2490 1117 patiendo
2520 1047 2890 1118 pensavimus,
2930 1046 3177 1118 ejusdem
3219 1048 3355 1103 tanti
3398 1048 3642 1105 facinoris
3659 1053 3768 1122 quod

2238 1135 2348 1205 pati
2407 1151 2532 1191 reus
2564 1136 2724 1192 debet
2759 1136 3045 1192 denuntiat
3079 1138 3438 1208 exprimendo
3489 1141 3767 1209 manifestat,

2238 1226 2423 1281 dicens
2452 1243 2467 1279 :
3754 1298 3761 1314 .

2306 1317 2469 1372 Vsus.
2506 1317 2592 1382 11,
2636 1317 2722 1372 12.
2762 1317 2879 1373 Hoc
2911 1318 3063 1390 :enim
3120 1319 3269 1391 nefas
3319 1331 3419 1389 est,
3468 1332 3517 1378 et
3564 1320 3766 1396 iniquitai

2236 1408 2488 1462 maxima.
2525 1407 2673 1479 Ignis
2695 1419 2768 1464 est
2790 1427 2953 1483 usque
2974 1412 3046 1465 ad
3084 1413 3426 1483 perditionem
3452 1414 3701 1480 devorans,
3729 1428 3765 1470 et

2235 1498 2412 1552 omnia
2437 1499 2716 1553 eradicans
2760 1501 3046 1571 genimina.
3083 1530 3155 1543 —-—
3192 1501 3306 1558 Hoc
3351 1503 3494 1558 inter
3534 1514 3765 1575 peccatum

2236 1589 2401 1644 distat
2430 1598 2487 1646 et
2511 1591 2740 1658 crimen,
2773 1595 2917 1664 quod
2940 1609 3102 1651 omne
3132 1596 3336 1652 crimen
3388 1606 3653 1667 peccatum
3689 1605 3767 1664 est,

2236 1693 2342 1734 non
2381 1687 2561 1736 tamen
2604 1696 2765 1737 omne
2795 1692 3075 1753 peccatum
3121 1686 3353 1741 crimen.
3396 1686 3466 1741 Et
3505 1688 3556 1741 in
3584 1687 3673 1742 hac
3689 1688 3769 1743 vita

546 1787 733 1847 spectu
795 1778 1011 1833 animus
1073 1776 1525 1847 concupiscentiae
1575 1776 1755 1847 gladio
1806 1776 2130 1834 confoditur.

2239 1768 2392 1823 multi
2443 1769 2561 1826 sine
2605 1771 2856 1839 crimine,
2896 1773 3078 1831 nullus
3116 1789 3246 1832 vero
3280 1790 3406 1833 esse
3445 1779 3559 1834 sine
3581 1780 3769 1849 peccatis

545 1865 664 1924 Non
691 1866 861 1933 enim,
902 1877 962 1924 ut
995 1867 1229 1939 exempli
1278 1882 1442 1923 causa
1487 1868 1753 1934 dicamus,
1797 1871 1963 1925 David
1993 1869 2135 1928 Uria:

542 1959 830 2031 conjugem
881 1959 1004 2015 ideo
1039 1959 1283 2015 studiose
1328 1960 1590 2030 respexit,
1636 1961 1760 2032 quia
1803 1962 1849 2017 si
1898 1978 2134 2033 unquam

541 2051 819 2106 subtiliter
845 2050 1109 2106 custodiri
1154 2049 1459 2121 negligitur,
1511 2051 1856 2118 cogitationis
1903 2053 2137 2109 immun-

544 2140 677 2195 ditia
702 2140 951 2211 protinus
978 2140 1044 2195 ad
1080 2141 1451 2211 operationem
1497 2142 1711 2199 transit.
1743 2143 1897 2200 Unde
1924 2155 1981 2200 et
2007 2160 2130 2201 mox

543 2228 795 2284 subditur
825 2246 839 2282 :
870 2230 936 2284 Et
968 2231 1016 2285 si
1038 2230 1091 2284 in
1113 2230 1356 2285 manibus
1385 2230 1512 2286 meis
1551 2232 1774 2288 adhn'sit
1805 2236 2036 2290 macula.
2063 2267 2134 2278 —

543 2315 683 2384 Quia
713 2332 843 2373 vero
861 2318 945 2372 vir
973 2328 1195 2375 sanctus
1218 2320 1269 2374 in
1303 2320 1583 2392 superiora
1610 2322 1792 2379 omnia
1819 2326 1920 2382 sub
1943 2327 2130 2382 condi-

542 2407 692 2464 tione
723 2408 922 2476 intulit,
950 2410 993 2464 si
1020 2409 1136 2466 hazc
1155 2426 1391 2480 unquam
1419 2415 1837 2482 perpetraverit,
1864 2419 2132 2473 sententia

538 2512 601 2555 se
631 2499 1025 2558 maledictionis
1052 2503 1305 2574 astringit
1341 2504 1528 2560 dicens
1555 2522 1571 2559 :

612 2586 774 2644 Vsus.
806 2591 859 2646 8.
893 2589 1099 2659 Seram,
1126 2602 1173 2647 et
1200 2594 1339 2648 alius
1362 2596 1621 2662 comedat,
1647 2606 1697 2652 et
1726 2600 1996 2670 progenies
2017 2617 2132 2657 mea

538 2680 855 2735 eradicatur.
898 2712 969 2721 —
1004 2682 1154 2740 More
1200 2685 1342 2741 sacri
1386 2686 1589 2756 eloquii
1639 2703 1826 2746 serere
1875 2691 2127 2758 dicimus,

542 2773 709 2827 verba
761 2772 885 2826 vitae
930 2774 1245 2843 praedicare.
1276 2775 1417 2841 Hinc
1458 2778 1659 2833 etenim
1704 2781 1971 2851 propheta
2006 2784 2128 2838 ait:

540 2880 564 2912 ‹
593 2862 741 2917 Beati
766 2864 857 2933 qui
883 2864 1169 2921 seminatis
1192 2880 1355 2935 super
1376 2882 1567 2923 omnes
1591 2884 1762 2940 aquas
1793 2872 1931 2943 (Isa.
1957 2891 2127 2939 xxx",

536 2952 649 3025 20).
683 2973 701 3006 ι
746 2954 1046 3011 Comedere
1090 2966 1272 3012 autem
1307 2973 1410 3023 ρει,
1451 2960 1608 3016 bouis
1635 2964 1890 3033 operibus
1918 2966 2128 3021 satiari.

539 3043 694 3100 Unde
733 3060 831 3115 per
879 3045 1224 3116 semetipsam
1258 3046 1478 3105 Veritas
1521 3051 1699 3106 dicit:
1738 3070 1757 3104 ι
1785 3053 1936 3111 Meus
1976 3057 2130 3113 cibus

535 3143 623 3190 est
642 3144 701 3189 ut
718 3107 915 3190 faciam
937 3107 1267 3192 voluntatem
1297 3137 1413 3208 ejus
1439 3140 1530 3209 qui
1561 3142 1707 3197 misit
1726 3158 1813 3199 me
1843 3145 2025 3215 (lacn.
2051 3162 2130 3215 tv,
2157 3107 2202 3172 C

532 3222 653 3296 54).
686 3242 706 3277 ι
751 3225 809 3281 Si
849 3239 979 3296 ergo
1005 3239 1069 3281 ea
1113 3241 1233 3297 qua:
1277 3229 1517 3297 praetulit
1541 3229 1725 3287 facere
1761 3216 2131 3302 praetermisit,

536 3314 655 3369 ait:
690 3311 897 3379 Seram,
928 3323 977 3369 ct
1010 3313 1149 3368 alius
1207 3316 1468 3371 comedat.
1507 3317 1584 3374 Ac
1638 3320 1684 3374 si
1729 3330 1914 3391 aperte
1940 3322 2125 3377 dicat:

541 3403 693 3473 Quod
717 3420 780 3461 os
798 3420 977 3460 meum
1005 3404 1265 3475 loquitur,
1289 3422 1397 3462 non
1420 3423 1543 3479 ego,
1570 3410 1665 3465 sed
1693 3411 1832 3466 alter
1850 3423 2128 3482 operetur.

538 3492 791 3549 Doctoris
833 3494 979 3549 enim
1013 3494 1300 3566 progenies
1328 3498 1658 3565 eradicatur,
1691 3501 1907 3570 quando
1942 3502 1989 3557 is
2034 3503 2128 3572 qui

540 3597 640 3653 per
670 3583 895 3637 verbum
940 3583 1203 3650 nascitur,
1237 3600 1334 3655 per
1365 3588 1671 3657 exemplum
1703 3598 1950 3657 necatur,
2004 3592 2130 3662 quia

543 3692 706 3748 quem
739 3677 920 3749 lingua
946 3677 1174 3749 vigilans
1198 3678 1364 3743 acuit,
1402 3680 1525 3734 vita:
1555 3681 2124 3752 negligentiaroccidit.

541 3763 729 3836 Neque
786 3766 931 3821 enim
985 3766 1217 3844 torpenti
1266 3767 1421 3822 nobis
1463 3776 1545 3823 est
1595 3780 1776 3827 mente
1843 3780 2126 3828 transeun-

537 3859 687 3925 dum,
719 3858 863 3927 quod
906 3858 1047 3928 apud
1077 3857 1442 3925 Salomonetn,
1493 3860 1686 3916 mulier
1726 3863 1918 3930 filium,
1964 3881 2125 3935 quem

539 3950 769 4022 vigilans
818 3950 1022 4006 lactare
1072 3960 1267 4006 conata
1309 3950 1508 4019 fuerat,
1552 3952 1826 4009 dormiens
1852 3955 2130 4012 interemit

534 4039 654 4114 (Ill
688 4041 816 4112 Reg.
843 4056 923 4105 ιιι,
958 4040 1067 4111 19).
1095 4040 1353 4110 Sequitur
1382 4056 1397 4095 :

607 4126 768 4185 Vens.
789 4128 843 4183 9.
870 4128 932 4185 Si
954 4129 1220 4198 deceptum
1246 4140 1319 4184 est
1345 4146 1619 4185 cormcum
1643 4147 1799 4203 super
1821 4131 2059 4201 muliere,
2076 4142 2126 4189 et

533 4218 579 4276 si
598 4219 669 4276 ad
689 4220 879 4273 ostium
902 4220 1057 4273 amici
1083 4219 1184 4274 mei
1208 4220 1489 4277 insidiatus
1510 4223 2126 4282 sum.—Fornicatioais

533 4314 715 4385 culpa,
742 4313 871 4383 quia
900 4313 970 4369 ab
996 4313 1249 4369 adulterii
1279 4324 1430 4370 reatu
1460 4317 1824 4386 discernitur,
1856 4319 2123 4389 praedica-

535 4405 669 4461 toris
694 4404 896 4474 egregii
941 4403 1123 4476 lingua
1170 4412 1422 4472 testatur,
1466 4422 1587 4477 quae
1614 4408 1757 4464 inter
1797 4420 1993 4467 caetera
2030 4426 2118 4467 as-

533 4495 687 4560 serit,
719 4494 906 4550 dicens
935 4510 949 4548 :
984 4511 1003 4545 l
1032 4491 1217 4564 Neque
1243 4493 1544 4563 fornicarii,
1585 4513 1764 4569 neque
1805 4498 1965 4556 idolis
2006 4515 2125 4557 ser-

527 4585 784 4651 vientes,
837 4600 1013 4656 neque
1065 4584 1297 4640 adulteri
1354 4600 1579 4657 regnum
1633 4587 1727 4643 Dei
1774 4590 2125 4661 possidebunt

526 4679 585 4750 (Ι
613 4679 738 4733 Cor.
768 4693 846 4743 vt,
876 4676 932 4743 9,
965 4676 1076 4741 10).
1106 4694 1126 4729 ι
1166 4676 1425 4743 Quamvis
1474 4694 1860 4750 nonnunquam
1907 4698 1938 4737 a
1969 4691 2124 4739 reatu

532 4759 785 4824 adulterii
835 4781 1177 4837 nequaquam
1208 4767 1479 4839 discrepet
1520 4769 1675 4841 culpa
1725 4771 2120 4841 fornicationis,

530 4874 654 4914 cum
685 4857 902 4913 Veritas
935 4859 1084 4913 dicat
1110 4876 1125 4912 :
1167 4876 1185 4910 ι
1217 4857 1319 4926 Qui
1350 4859 1549 4915 viderit
1589 4861 1870 4918 mulierem
1893 4864 1961 4918 ad
1992 4877 2122 4919 con-

534 4948 919 5018 cupiscendum
953 4963 1095 5012 eam,
1124 4947 1235 5017 jam
1269 4951 1569 5007 moechatus
1605 4961 1690 5007 est
1716 4966 1836 5007 eam
1877 4954 1930 5008 in
1960 4954 2126 5009 corde

2233 1859 2398 1915 valet.
2426 1858 2582 1917 Unde
2602 1874 2658 1917 et
2678 1864 3004 1933 praedicator
3022 1875 3242 1924 sanctus
3263 1882 3390 1923 cum
3414 1869 3581 1924 virum
3595 1871 3768 1940 dignum

2234 1951 2411 2021 gratia
2444 1951 2771 2009 sacerdotali
2802 1954 3158 2025 describeret,
3205 1974 3546 2030 nequaquam
3574 1961 3705 2027 dixit,
3734 1961 3767 2017 si

2233 2040 2357 2111 quis
2404 2041 2521 2098 sine
2561 2052 2804 2113 peccato,
2852 2045 3003 2101 sedc
3036 2046 3081 2101 si
3132 2047 3254 2117 quis
3302 2048 3426 2105 sine
3466 2049 3676 2105 crimine
3707 2059 3768 2106 est

2235 2133 2364 2205 (Tit.
2393 2150 2432 2202 ι,
2456 2134 2531 2207 6).
2571 2154 2589 2189 ι
2623 2134 2755 2203 Quis
2783 2150 2911 2193 vero
2939 2152 3060 2195 esse
3083 2138 3201 2194 sine
3225 2149 3455 2211 peccato
3481 2140 3658 2208 valeat,
3677 2156 3768 2196 cum

2231 2223 2467 2281 Joannes
2508 2225 2656 2282 dicat
2685 2243 2698 2280 :
2729 2244 2747 2279 ι
2783 2225 2843 2282 Si
2898 2227 3199 2285 dixerimus
3241 2230 3373 2301 quia
3403 2240 3666 2302 peccatum
3690 2247 3768 2288 non

2235 2316 2516 2379 habemus.
2550 2331 2649 2373 nos
2690 2317 2838 2387 ipsos
2885 2318 3213 2387 seducimus,
3245 2328 3300 2376 et
3333 2321 3539 2377 veritas
3575 2322 3625 2377 in
3655 2321 3770 2378 nobis

2232 2421 2338 2461 non
2365 2408 2487 2463 est?
2505 2428 2523 2459 ι
2552 2406 2608 2479 (I
2625 2407 2788 2463 loan.
2813 2423 2853 2475 ι,
2876 2407 2957 2480 8.)
2980 2409 3036 2464 lu
3054 2425 3161 2481 qua
3187 2410 3443 2469 videlicet
3456 2422 3767 2483 peccatorum,

2232 2505 2288 2553 et
2328 2498 2617 2554 criminum
2662 2498 3001 2556 districtione
3052 2498 3443 2576 [distinctione]
3491 2503 3767 2575 pensandum

2231 2597 2336 2655 est,
2379 2589 2507 2659 quia
2545 2589 2801 2646 nonnulla
2845 2601 3071 2663 peccata
3103 2593 3342 2649 animum
3393 2594 3642 2665 polluunt,
3676 2609 3768 2650 nam

2231 2679 2463 2734 crimina
2489 2680 2861 2753 exstinguunt.
2893 2680 3046 2739 Unde
3073 2684 3265 2740 beatus
3286 2683 3395 2742 Job
3433 2685 3630 2742 crimen
3653 2685 3769 2740 lunt-

2233 2769 2328 2825 riae
2355 2771 2618 2828 definiens
2643 2773 2721 2827 ait
2746 2791 2761 2828 :
2787 2772 2935 2846 Ignis
2962 2782 3038 2829 est
3067 2791 3228 2846 usque
3253 2777 3324 2831 ad
3345 2773 3674 2848 perditionem
3702 2777 3769 2831 dt-

2233 2876 2439 2915 vorans.
2471 2860 2607 2928 Quia
2637 2863 2891 2919 nimirum
2922 2858 3119 2921 reatus
3164 2865 3476 2924 facinorum
3510 2884 3609 2924 non
3640 2882 3767 2939 usque

2232 2948 2299 3002 ad
2330 2949 2757 3018 inquinationem
2789 2953 3051 3019 maculat,
3078 2955 3173 3010 sed
3196 2973 3359 3027 usque
3385 2957 3457 3013 ad
3474 2959 3764 3029 perditionem

2234 3047 2405 3105 vorat,
2432 3039 2640 3109 etrquia
2661 3040 2916 3111 quaelibet
2937 3028 3042 3097 alia
3068 3042 3270 3114 fuerint
3290 3047 3438 3103 bona
3463 3063 3639 3119 opera,
3658 3047 3695 3103 si
3710 3046 3768 3102 lu-

2236 3129 2409 3184 xuriae
2438 3129 2617 3187 scelus
2647 3148 2754 3188 non
2781 3132 3037 3200 abluitur,
3062 3135 3433 3195 immensitate
3454 3138 3606 3210 hujus
3629 3137 3770 3194 crimi-

2236 3217 2322 3272 nis
2369 3220 2697 3289 obruuntur,
2740 3232 2958 3280 secutus
3011 3223 3279 3295 adjunxit,
3320 3237 3373 3283 ct
3429 3230 3600 3285 omnia
3635 3229 3770 3284 eratﬁ-

2235 3326 2362 3365 cans
2386 3312 2674 3381 genimina.
2703 3312 2987 3372 Genimina
3015 3317 3214 3389 quippe
3253 3327 3385 3375 sunt
3412 3323 3600 3377 animte
3621 3334 3769 3392 opera-

2235 3398 2412 3456 tiones
2453 3401 2629 3467 bonae,
2681 3404 2767 3459 cui
2832 3412 3011 3461 tamen
3056 3407 3104 3462 si
3144 3421 3408 3479 perverso
3456 3411 3636 3468 ordine
3673 3422 3767 3464 caro

2233 3490 2559 3561 dominatur,
2590 3494 2713 3565 igne
2738 3494 2965 3551 luxuriae
2993 3498 3175 3552 omnia
3203 3498 3342 3556 bene
3364 3501 3575 3574 prolata
3596 3513 3768 3559 concre-

2234 3597 2472 3643 tnautur.
2499 3587 2758 3658 Sequitur
2786 3606 2802 3645 :

2303 3679 2468 3734 Vens.
2511 3679 2594 3733 15.
2640 3678 2701 3735 Si
2731 3683 3018 3753 contempsi
3043 3684 3219 3739 subire
3236 3684 3509 3756 judicium
3526 3702 3635 3742 cum
3658 3699 3765 3740 serra

2230 3784 2343 3823 meo
2370 3778 2416 3822 et
2445 3768 2638 3823 ancilla
2661 3786 2799 3837 mea,
2831 3788 2949 3825 cum
2977 3775 3328 3845 disceptarent
3352 3778 3621 3833 adversum
3635 3791 3766 3830 nte.—

2230 3860 2332 3929 Qui
2366 3862 2511 3917 enim
2542 3861 2772 3932 judicari
2797 3879 2921 3920 cum
2949 3867 3120 3923 servis
3141 3869 3461 3941 ancillisque
3484 3887 3586 3927 non
3613 3867 3764 3930 renuit,

2226 3952 2431 4024 liquido
2452 3955 2808 4026 iudicatquod
2827 3971 3018 4014 contra
3033 3959 3236 4015 nullum
3256 3977 3492 4033 unquam
3514 3963 3763 4034 proximum

2229 4045 2369 4115 apud
2396 4059 2458 4101 se
2492 4046 2728 4101 tumidus
2759 4046 2881 4102 fuit.
2906 4048 3053 4106 Inter
3077 4050 3191 4107 haec
3230 4060 3412 4108 autem
3459 4053 3585 4110 libet
3608 4048 3763 4122 inquiri

2228 4136 2395 4191 vitam
2426 4152 2578 4192 suam
2612 4138 2664 4192 iu
2707 4140 2959 4196 omnibus
2983 4149 3184 4212 quanta
3223 4144 3306 4199 vir
3350 4154 3568 4200 sanctus
3602 4143 3762 4199 discre-

2230 4226 2377 4282 tione
2405 4227 2661 4283 custodit.
2686 4225 2802 4284 Non
2828 4230 2975 4285 enim
3001 4231 3159 4303 longe
3178 4234 3429 4304 superius
3450 4235 3581 4289 dixit
3606 4250 3619 4287 :
3647 4250 3663 4284 f
3693 4229 3762 4285 Vi-

2227 4316 2797 4387 debantmejuvenes,
2829 4330 2884 4376 et
2911 4321 3407 4391 abseondebantur,
3440 4335 3495 4382 et
3520 4340 3664 4383 senes
3698 4335 3763 4376 as-

2231 4416 2514 4478 surgentes
2534 4409 2752 4464 stabant
2777 4409 2899 4480 (Job
2944 4427 3095 4478 xxix,
3118 4410 3199 4476 8).
3238 4430 3258 4466 ι
3291 4413 3423 4481 Quis
3448 4416 3599 4487 digne
3625 4408 3763 4468 oonsi-

2235 4495 2426 4553 dcrare
2474 4498 2650 4554 valeat
2696 4498 2856 4571 hujus
2903 4500 3005 4557 viri
3054 4502 3218 4560 etiam
3256 4505 3503 4560 sublimia
3549 4506 3760 4561 virtutum

2234 4593 2622 4661 moderamina,
2670 4593 2725 4650 in
2752 4609 2860 4665 quo
2895 4603 3042 4651 tanta
3072 4605 3156 4653 est
3184 4599 3479 4657 auctoritas
3511 4596 3756 4670 regimiuis.

2231 4692 2291 4739 ut
2309 4685 2378 4740 ad
2397 4684 2672 4740 silentium
2700 4686 3093 4758 restringantur
3120 4689 3322 4757 duces;
3360 4700 3504 4759 tanta
3530 4690 3757 4746 humilitas

2229 4774 2429 4841 cordis,
2463 4783 2522 4829 ut
2555 4790 2623 4831 ex
2650 4792 2804 4846 :equo
2832 4777 2898 4832 ad
2923 4779 3186 4850 judicium
3214 4782 3398 4838 venire
3418 4782 3756 4854 permittantur

2226 4866 2468 4923 ancillre?
2493 4866 2749 4939 Sequitur
2776 4887 2789 4924 :

2300 4956 2463 5013 Vens.
2507 4958 2594 5012 14.
2638 4958 2777 5026 Quid
2800 4960 2937 5014 enim
2982 4960 3227 5030 facerem,
3256 4980 3375 5019 cum
3410 4961 3674 5021 surrexerit
3702 4955 3754 5012 ad

530 5057 635 5097 suo
684 5039 903 5111 (Matth.
944 5056 998 5107 v,
1035 5040 1148 5112 82).
1183 5061 1204 5094 ι
1248 5041 1384 5109 Quia
1438 5044 1583 5099 enim
1630 5045 1684 5099 in
1731 5044 1919 5102 Graeco
1959 5048 2124 5104 verbo
2214 5048 2571 5117 judicandum
2595 5049 2761 5116 Deus,
2786 5062 2976 5106 etcum
3008 5056 3297 5123 qumsierit,
3333 5056 3461 5126 quid
3485 5048 3752 5125 respondebo
