3948 5398
187 267 284 322 36!

905 262 1202 319 EPlTONIE
1240 261 1600 318 MORMJUM
1645 261 1700 310 S.
1741 258 1949 312 GREG.
1989 255 2057 310 IN
2097 255 2234 311 JOB.
2271 286 2341 296 —
2381 257 2506 311 LIB.
2549 258 2712 312 XXII.

3350 261 3457 312 seu

189 387 526 434 crescentem
567 376 890 431 intrinsecus
929 376 1094 429 animi
1125 383 1386 428 tumorem
1419 383 1647 442 premat.
1681 372 1770 425 Se-
1803 373 1846 429 Α
1880 383 1981 419 ηοη
2007 367 2244 420 Italum”
2273 379 2721 434 υιιεηηιεητ⁹ιηι.ει
2754 371 2946 439 αθκίῖηε
2974 372 3291 438 ορενῖηηήιυ
3318 386 3457 440 νακ-

184 471 376 525 unitnr
410 487 425 522 :

258 558 427 614 Vsus.
469 558 554 612 15.
598 554 852 626 Nunquid
885 571 988 608 non
1032 556 1084 608 itt
1116 564 1263 607 utero
1293 555 1414 621 fecit
1469 570 1548 606 me
1592 552 1682 620 qui
1725 562 1772 605 et

185 651 327 704 illam
379 659 607 706 terra
637 659 733 711 est,
775 659 822 702 et
854 647 1095 716 formavit
1138 662 1218 699 me
1259 645 1312 698 in
1336 644 1483 699 vulva
1510 643 1775 698 unus?—

184 743 511 797 Potcr'ibus
541 742 672 795 viris
713 755 906 812 magna
938 749 1024 794 est
1047 739 1220 792 virtus
1246 737 1566 792 humilitatis
1593 737 1760 790 consi.

183 834 366 887 derata
417 833 696 888 :eouatitas
743 831 1090 888 conditionis.
1152 829 1350 885 Omnes
1404 844 1636 898 namque
1680 828 1774 881 ho-

180 924 359 978 mines
387 932 580 978 natura
611 922 845 993 aequales
861 936 1088 987 sumus;
1120 921 1213 976 sed
1240 920 1468 975 accessit
1499 921 1777 990 dispensa-

181 1014 323 1068 torio
381 1014 576 1068 ordine
622 1021 684 1067 ut
754 1012 1072 1082 quibusdam
1115 1011 1322 1080 praelati
1369 1010 1666 1065 videamur.
1717 1007 1775 1062 Si

179 1103 350 1172 igitur
390 1103 496 1158 hoc
541 1119 571 1156 a
612 1110 794 1156 mente
833 1101 1186 1170 deprimimus
1232 1099 1376 1169 quod
1407 1099 1778 1168 temporaliter

179 1193 440 1257 accessit,
488 1192 790 1246 invenimus
827 1191 987 1245 citius
1018 1189 1158 1260 quod
1201 1189 1520 1244 naturaliter
1566 1202 1772 1243 sumus.

179 1285 261 1338 Ac
292 1283 338 1338 si
366 1290 556 1352 aperte
576 1282 753 1336 dicat:
774 1281 885 1337 Cur
906 1297 1012 1336 non
1035 1296 1188 1350 atque
1209 1281 1502 1334 debeamus
1523 1279 1575 1333 in
1602 1277 1778 1347 cujus-

177 1389 288 1444 que
313 1373 518 1445 negotii
538 1373 744 1442 judicio
772 1373 990 1435 discuti,
1013 1372 1102 1440 qui
1135 1387 1232 1442 per
1257 1369 1566 1426 Conditoris
1587 1378 1774 1440 poten-

177 1467 315 1520 tiam
345 1480 536 1520 sumus
574 1464 856 1534 atqualiter
887 1463 1056 1517 lacti?
1083 1462 1344 1532 Sequitur
1373 1479 1387 1515 :

257 1555 426 1611 Vsus.
453 1555 536 1610 16.
573 1553 631 1610 Si
661 1556 865 1625 negavi,
891 1555 1032 1624 quod
1067 1553 1326 1618 volebant,
1353 1552 1688 1623 pauperibus,
1724 1559 1774 1606 et

182 1647 369 1701 oculos
397 1648 568 1701 vidua:
605 1656 903 1715 exspectare
931 1645 1053 1715 feci.
1091 1675 1162 1686 —-
1198 1645 1302 1700 Per
1328 1647 1442 1700 lucc
1471 1645 1611 1701 dicta
1639 1660 1767 1700 san-

1873 472 2065 523 prrem.
2119 457 2172 510 Si
2220 473 2323 512 ncn
2381 459 2752 513 benetlixerunt
2793 462 2920 513 mihi
2951 460 3116 514 latera
3147 462 3260 524 eius
3281 503 3294 525 ,
3319 473 3366 514 et
3394 463 3461 516 de

1875 563 1918 598 1.-
1954 545 2146 599 leribns
2174 549 2344 599 ovium
2389 565 2625 602 mearum
2671 551 2952 614 calefactus
3000 568 3136 604 sum.
3182 581 3253 590 -——
3300 552 3455 618 Quod

1876 651 2164 706 pauperem
2201 653 2305 691 non
2337 639 2606 708 despexit,
2636 641 2888 695 virtutem
2938 643 3257 697 humilitatis
3302 644 3456 698 exhi-

1879 727 2008 790 uuit,
2035 729 2177 796 quod
2202 738 2380 783 autem
2411 731 2643 800 operuit,
2678 731 2914 800 pietatis.
2943 732 3068 786 Dure
3097 733 3294 802 quippe
3339 733 3458 788 ista:

1876 816 2102 872 virtutes
2124 817 2196 871 ita
2225 817 2444 873 sibimet
2470 834 2588 875 esse
2618 833 2874 874 connexa:
2911 820 3124 884 debent,
3162 831 3222 876 ut
3257 821 3460 876 vicaria

1876 922 2091 978 semper
2116 896 2215 978 ope
2247 907 2552 972 l'uleiautur,
2582 919 2850 980 quatenus
2875 926 2973 966 nec
3007 913 3302 976 humilitas,
3332 929 3458 969 cum

1877 1007 2162 1052 veneratur
2182 1000 2508 1069 proximum,
2541 1000 2805 1070 largitatis
2844 1004 3070 1072 gratiam
3097 1005 3328 1070 deserat,
3357 1019 3460 1060 nec

1877 1085 2074 1154 pietas,
2093 1102 2215 1142 cum
2243 1087 2490 1158 largitur,
2521 1092 2864 1146 intumescat.
2887 1091 2966 1146 Ac
2990 1093 3034 1147 si
3063 1101 3247 1162 aperte
3268 1094 3458 1148 beatus

1875 1176 1974 1231 Job
1999 1178 2143 1233 dicat
2165 1196 2178 1230 :
2198 1177 2254 1231 ιη
2283 1194 2467 1234 amore
2493 1180 2721 1248 proximi
2749 1196 2856 1236 uno
2882 1182 3176 1251 eodemque
3196 1183 3384 1237 ordine
3405 1193 3461 1238 et

1875 1269 2142 1338 superbia:
2170 1271 2358 1325 vitium
2389 1278 2442 1324 et
2464 1270 2682 1341 pietatis
2726 1287 3000 1341 premens,
3039 1282 3457 1343 praetereuntem

1875 1365 2178 1434 quempiam
2215 1374 2270 1420 et
2319 1365 2596 1420 humiliter
2640 1366 2909 1444 aspiciens
2943 1382 3051 1421 non
3104 1367 3347 1438 despexi,
3402 1375 3460 1422 et

1875 1457 2298 1512 misericorditer
2326 1458 2587 1527 aequalem
2634 1457 2758 1514 feci.
2809 1459 3064 1529 Quisquis
3103 1460 3246 1515 enim
3296 1475 3458 1530 super

1873 1561 1995 1603 eum
2023 1548 2109 1602 cui
2143 1547 2344 1618 aliquid
2385 1549 2594 1617 tribuit,
2629 1548 2772 1604 fastu
2823 1565 2882 1605 se
2928 1551 3180 1607 elationis
3221 1551 3457 1618 extollit,

1875 1637 2135 1708 majorem
2184 1639 2394 1710 culpam
2446 1639 2778 1698 intrinsecus
2818 1643 3180 1712 superbiendo
3223 1644 3454 1714 peragit,

181 1749 304 1793 ειηε
335 1739 644 1794 ostenditur
679 1754 784 1794 ηοι,
812 1738 986 1793 solum
1013 1739 1079 1793 ad
1107 1738 1288 1809 cpiam
1321 1736 1603 1811 [inopiam]
1631 1752 1762 1808 pan-
1793 1716 1840 1776 Β
1869 1743 2031 1800 quam
2058 1729 2384 1786 intrinsecus
2419 1730 2694 1800 largiendo
2719 1737 3024 1790 marcessit.
3059 1734 3318 1804 Sequitur
3358 1754 3373 1790 :

178 1829 426 1898 aeribus,
449 1838 544 1884 sed
568 1829 730 1883 etiam
752 1829 820 1883 ad
844 1828 1414 1884 habendidesiderium
1439 1828 1763 1884 deseruisse.

181 1917 290 1976 led
319 1921 470 1988 quid,
505 1920 551 1974 si
583 1920 694 1989 ipsa
726 1919 924 1974 vellent
963 1933 1229 1989 pauperes
1255 1933 1374 1989 quae
1404 1918 1635 1973 fortasse
1676 1931 1768 1972 ac—

185 2013 365 2084 tipere
395 2027 500 2066 non
536 2011 837 2081 expediret,
883 2026 972 2076 an,
1009 2011 1136 2081 quia
1189 2011 1242 2064 in
1296 2008 1575 2078 Scriptura
1613 2023 1766 2064 sacra

177 2105 288 2162 ,ιξεί
335 2118 602 2175 pauperes
655 2102 886 2157 humiles
929 2102 1124 2165 solent,
1169 2117 1233 2158 ea
1287 2102 1399 2157 sola
1452 2102 1768 2157 aestimanda

169 2204 334 2259 Iunt,
358 2211 478 2264 qua:
502 2195 750 2264 accipere
769 2210 1033 2264 pauperes
1054 2194 1257 2258 volunt,
1282 2209 1402 2264 quae
1424 2193 1654 2249 humiles
1677 2209 1770 2263 pe—

171 2287 342 2342 tent?
364 2285 434 2341 Et
457 2285 645 2356 procul
679 2287 840 2342 dubio
863 2295 1076 2356 oportet
1104 2295 1162 2339 ut
1207 2286 1582 2340 incunctanter
1613 2284 1772 2339 detur

171 2380 445 2450 quidquid
495 2396 618 2435 cum
677 2396 803 2435 vera
856 2380 1161 2434 humilitate
1206 2379 1522 2449 requiritur,
1570 2379 1624 2434 id
1664 2386 1768 2446 est,

173 2471 328 2540 (ιι-οι]
353 2486 458 2525 non
492 2485 557 2525 ex
591 2471 881 2534 desiderio,
922 2471 1017 2526 sed
1057 2485 1122 2525 ex
1165 2470 1491 2525 necessitate
1528 2468 1770 2538 postula-

175 2565 292 2612 tur.
329 2557 465 2612 Nam
499 2557 655 2612 valde
687 2557 799 2627 jam
851 2559 1129 2628 superbire
1157 2567 1261 2622 est,
1289 2565 1441 2612 extra
1475 2565 1646 2624 metas
1687 2555 1772 2610 in-

177 2649 328 2718 epia:
351 2649 554 2718 aliquid
576 2649 904 2705 desiderare.
928 2649 1569 2719 Undeetpersnperbiam
1593 2656 1773 2720 peten-

175 2739 331 2793 titus
356 2740 555 2793 dicitur
579 2754 596 2793 :
635 2758 651 2790 ι
685 2739 875 2795 Petitis
901 2749 954 2795 et
980 2755 1084 2794 non
1107 2739 1373 2810 accipitis,
1389 2753 1454 2793 eo
1470 2737 1610 2808 quod
1631 2737 1771 2794 male

175 2831 384 2900 petatis
430 2827 571 2900 (Jac.
597 2847 671 2895 tv,
702 2830 777 2901 5).
817 2850 836 2882 ι
865 2831 1000 2898 Quia
1045 2845 1177 2900 ergo
1218 2830 1292 2884 illi
1339 2839 1464 2885 sunt
1506 2833 1772 2886 veraciter

178 2934 475 2988 pauperes,
503 2919 591 2988 qui
616 2918 784 2974 inﬂati
817 2920 1080 2988 superbire
1098 2919 1292 2990 spiritu
1326 2935 1428 2975 non
1464 2929 1612 2985 sunt,
1635 2935 1770 2990 quos

177 3022 375 3083 aperte
408 3013 621 3068 Veritas
657 3013 928 3083 exprimit,
963 3028 1087 3068 cum
1131 3012 1302 3068 dicit:
1336 3030 1354 3063 ι
1386 3012 1535 3068 Beati
1570 3028 1770 3084 panpe-

1953 1821 2116 1876 Vsns.
2147 1821 2238 1875 21.
2273 1821 2336 1877 Si
2365 1821 2529 1876 levavi
2563 1839 2722 1894 super
2748 1824 3004 1894 pupillum
3026 1842 3238 1880 manum
3263 1843 3454 1893 meum,

1869 1925 1987 1962 cum
2011 1910 2235 1964 viderem
2260 1927 2341 1964 me
2368 1911 2421 1964 in
2445 1921 2597 1979 porta
2615 1913 2981 1983 superiorem.-
2999 1944 3026 1953 υ
3044 1913 3157 1970 Mos
3188 1918 3328 1985 apud
3358 1931 3452 1972 ve-

1871 2006 2013 2055 teres
2038 1999 2162 2066 l'uit,
2180 2010 2236 2055 ut
2251 2002 2317 2056 ad
2333 2012 2546 2070 portam
2569 2002 2813 2059 seniores
2834 2006 3104 2071 sederent,
3127 2021 3218 2075 qut
3246 2015 3458 2063 certan-

1869 2089 2186 2161 tiumjurgia
2196 2089 2479 2158 judiciaria
2492 2094 2888 2150 examinatione
2904 2096 3458 2170 distinguerent,qua«

1871 2188 2026 2235 tenus
2052 2183 2260 2247 urbem,
2298 2183 2350 2236 in
2388 2199 2492 2252 qua
2525 2185 2864 2240 concorditer
2917 2189 3202 2256 oportebat
3249 2189 3452 2256 vivere,

1871 2271 2150 2327 discordes
2189 2273 2407 2328 minime
2436 2275 2721 2349 intrarent.
2785 2276 2936 2332 Unde
2985 2287 3042 2333 et
3093 2295 3190 2349 per
3225 2281 3458 2351 prophe-

1873 2369 1978 2416 tam
2030 2363 2287 2420 Dominus
2321 2366 2486 2421 dicit:
2523 2386 2541 2418 ‹
2571 2367 2895 2423 Constituite
2924 2370 2976 2424 in
3012 2379 3164 2440 porta
3191 2371 3454 2439 judicium

1872 2454 2073 2524 (Amos.
2112 2472 2164 2522 v,
2196 2457 2302 2528 15).
2341 2477 2359 2510 ι
2395 2457 2506 2514 Hoc
2536 2458 2716 2528 itaque
2749 2459 2867 2516 loco
2893 2461 3018 2530 qttid
3046 2471 3213 2532 portat
3237 2464 3455 2519 nomine

1871 2546 2214 2616 exprimitur,
2245 2547 2347 2602 nisi
2372 2550 2511 2618 quod
2534 2551 2793 2621 agebatur
2817 2552 2869 2606 in
2901 2554 3093 2621 porta?
3123 2552 3276 2610 Sicut
3304 2556 3449 2610 enim

1873 2651 2112 2708 pugnare
2151 2648 2330 2694 castra
2355 2640 2606 2708 dicimus,
2635 2658 2734 2713 pro
2771 2658 2837 2700 eo
2883 2645 3026 2714 quod
3066 2655 3336 2717 pugnatur
3383 2661 3452 2702 ex

1873 2729 2089 2794 castris,
2121 2729 2196 2784 ita
2225 2731 2487 2801 judicium
2514 2733 2658 2803 quod
2686 2734 2736 2788 in
2767 2744 2921 2804 porta
2953 2735 3037 2806 agi
3077 2745 3450 2800 consueverat,

1873 2830 2028 2891 porta
2059 2822 2388 2877 nominatur.
2419 2823 2477 2878 ln
2503 2832 2658 2895 porta
2682 2840 2812 2895 ergo
2839 2840 2898 2881 se
2923 2827 3256 2896 superiorem
3282 2827 3452 2891 videt,

1874 2913 1963 2983 qui
1995 2929 2052 2969 se
2077 2914 2315 2970 melioris
2341 2916 2511 2985 partis
2537 2931 2658 2973 esse
2687 2917 2739 2971 in
2752 2916 2958 2985 judicio
2977 2920 3250 2988 aequitatis
3262 2921 3456 2975 merito

1875 3004 2226 3077 concupiscit.
2259 3005 2335 3061 Ac
2371 3008 2414 3061 si
2459 3021 2589 3076 ergo
2628 3009 2818 3063 beatus
2862 3007 2964 3064 Job
2992 3020 3239 3080 patenter
3275 3013 3451 3067 dicat:

183 3063 278 3159 res
316 3103 505 3173 spiritu
545 3063 760 3174 (Manli.
806 3119 860 3166 v,
899 3102 978 3168 '5),
1015 3122 1032 3153 ι
1063 3111 1212 3158 recte
1235 3117 1378 3157 nunc
1405 3117 1503 3172 per
1523 3063 1770 3158 sarncttrtm
1800 3063 1845 3127 ο
1879 3093 2062 3166 Neque
2096 3114 2238 3154 nunc
2269 3099 2518 3154 utilitatis
2564 3115 2696 3155 meae
2744 3101 2956 3170 negotia
3012 3102 3211 3157 virtute
3264 3113 3454 3158 contra

184 3195 370 3248 virum
399 3193 597 3248 dicitur
623 3213 636 3247 :
662 3193 723 3248 Si
759 3194 958 3263 negavi,
982 3193 1121 3263 quod
1147 3192 1410 3258 volebant,
1432 3193 1771 3264 pauperibus,

183 3284 450 3354 quoniam
477 3282 567 3352 qui
595 3297 657 3338 ea
685 3283 870 3336 volunt
899 3298 1019 3352 quae
1042 3281 1288 3352 profecto
1327 3283 1496 3352 liquet
1524 3284 1667 3354 quod
1693 3285 1773 3340 eis

185 3391 297 3430 non
317 3373 634 3443 expediunt,
656 3388 721 3428 eo
744 3373 858 3442 ipso
878 3374 1020 3442 quod
1049 3372 1314 3443 superbiae
1325 3375 1519 3444 spiritu
1543 3383 1770 3440 tument,

171 3463 296 3531 jam
330 3477 595 3535 pauperes
621 3479 726 3518 non
754 3473 898 3517 sunt.
919 3462 1196 3518 Petentem
1225 3463 1328 3518 sibi
1349 3464 1564 3519 viduam
1588 3481 1776 3536 exspe-

177 3567 338 3610 ctare
369 3555 562 3621 noluit,
597 3563 656 3609 ut
681 3571 786 3612 non
827 3554 998 3610 solum
1030 3568 1096 3608 ex
1124 3571 1366 3620 munere,
1391 3557 1484 3612 sed
1509 3557 1674 3612 etiam
1698 3573 1763 3614 ex

177 3646 467 3702 celeritate
494 3645 735 3702 muneris
763 3645 1028 3701 bonorum
1055 3660 1277 3716 operum
1303 3647 1495 3702 merita
1525 3657 1766 3719 augeret.

181 3734 343 3790 Unde
374 3735 637 3804 scriptum
660 3744 778 3791 est:
815 3754 834 3787 ι
869 3733 946 3789 Ne
969 3735 1121 3789 dicas
1146 3735 1322 3790 amico
1350 3744 1442 3790 tuo
1481 3751 1496 3789 :
1534 3737 1683 3792 Vade
1714 3745 1770 3792 et

180 3832 483 3888 revertere,
515 3832 572 3880 et
596 3839 719 3879 eras
739 3824 880 3880 dabo
923 3825 1039 3891 tibi,
1064 3839 1187 3880 cum
1218 3825 1401 3880 statim
1437 3825 1613 3896 possis
1637 3825 1769 3884 dare

180 3915 372 3984 (Prov.
411 3932 494 3980 tu,
521 3915 636 3987 28).
680 3935 698 3968 ι
735 3915 1027 3986 Sequitur:
1247 3979 1258 3986 κ

257 4007 424 4062 Vens.
461 4009 543 4061 l7.
571 4007 633 4063 Si
659 4009 858 4062 comedi
883 4007 1166 4063 buccellam
1188 4025 1380 4075 meam,
1400 4020 1449 4066 et
1471 4027 1576 4067 non
1602 4028 1770 4068 come-

180 4101 260 4152 dit
305 4097 536 4168 pupillus
565 4115 632 4153 ea:
655 4117 736 4154 ea.
775 4130 847 4140 —
885 4099 998 4155 Rex
1026 4100 1229 4156 scilicet
1254 4102 1440 4171 pietati
1477 4118 1538 4158 se
1574 4102 1772 4174 pratju-

179 4191 388 4246 dicium
440 4189 624 4247 facere
652 4192 949 4257 testimans,
993 4192 1040 4247 si
1091 4193 1240 4248 solus
1277 4193 1584 4251 comederet
1625 4198 1768 4266 quod

1875 3191 2133 3260 pupillum
2166 3194 2388 3262 exsequi
2419 3193 2579 3258 volui,
2619 3194 2836 3264 quando
2872 3208 2958 3249 me
2983 3194 3036 3249 in
3057 3193 3265 3263 judicio
3288 3196 3452 3250 etiam

1874 3293 1942 3335 ex
1957 3278 2168 3349 justitia
2205 3282 2468 3352 potiorem
2498 3283 2627 3338 vidi.
2671 3282 2776 3338 Sed
2819 3285 2942 3354 quia
2989 3284 3308 3354 plerumque
3356 3286 3456 3340 hu-

1875 3385 2034 3425 mana
2064 3385 2217 3426 mens
2248 3371 2424 3427 renuit
2455 3373 2594 3428 bona
2623 3375 2844 3430 credere
2866 3390 2987 3444 qua:
3019 3376 3192 3432 nescit
3215 3377 3452 3445 operari,

1873 3463 2142 3520 maledicti
2175 3464 2275 3520 sibi
2304 3466 2623 3521 sententiam
2677 3467 2925 3536 protinus
2962 3466 3198 3538 subjicit,
3248 3471 3293 3525 si
3347 3485 3454 3540 qua

1874 3553 2069 3608 horum
2095 3569 2216 3624 qua:
2246 3555 2459 3611 dixerat
2483 3571 2647 3628 opere
2683 3573 2787 3613 non
2825 3559 3086 3629 implevit,
3117 3562 3341 3617 dicens:

1945 3645 2110 3700 Vsus.
2142 3645 2233 3700 22.
2273 3645 2541 3703 Humerus
2562 3663 2706 3702 meus
2733 3665 2765 3702 a
2785 3649 3033 3718 iunctura
3071 3667 3169 3705 sua
3198 3651 3377 3717 cadat,
3401 3661 3452 3706 et

1870 3736 2142 3791 brachium
2184 3753 2358 3792 meum
2404 3755 2522 3793 cum
2579 3740 2689 3794 suis
2753 3741 2954 3795 ossibus
3007 3751 3327 3797 conteratur.
3380 3753 3451 3783 ‘—

1869 3823 2008 3894 Quia
2038 3827 2281 3898 operatio
2304 3841 2568 3898 corporea
2592 3842 2691 3899 per
2723 3830 3006 3885 humerum
3055 3846 3120 3886 ac
3164 3831 3447 3888 brachium

1871 3921 2075 3992 agitur,
2103 3921 2244 3976 bona
2273 3937 2395 3991 quae
2427 3937 2528 3978 ore
2559 3923 2806 3993 protulit,
2833 3925 2878 3979 si
2907 3939 3070 3994 opere
3102 3940 3208 3979 non
3255 3925 3447 3995 imple-

1868 4008 1969 4076 vit,
1998 4011 2195 4065 cadere
2218 4011 2319 4066 sibi
2361 4011 2645 4067 humerum
2691 4021 2749 4087 et
2785 4014 2992 4068 conteri
3021 4015 3300 4070 brachium
3347 4029 3446 4070 ex-

1867 4109 2040 4171 optat.
2062 4102 2142 4156 Ae
2169 4101 2213 4156 si
2238 4111 2422 4172 aperte
2465 4102 2610 4158 dicat
2650 4118 2665 4157 :
2705 4103 2761 4159 Si
2806 4119 2873 4159 ea
2895 4119 3016 4175 qua:
3047 4106 3180 4173 dixi,
3233 4108 3451 4179 operari

1869 4194 2046 4258 renui,
2074 4193 2269 4263 ipsum,
2298 4194 2441 4264 quod
2470 4195 2602 4249 mihi
2639 4197 2705 4251 ad
2746 4198 3077 4268 operandum
3113 4199 3297 4256 datum
3343 4210 3450 4268 est,

183 4283 448 4338 Dominus
473 4282 715 4337 omnium
749 4285 1111 4338 communiter
1148 4295 1402 4340 creasset.
1431 4285 1561 4353 ρυω
1588 4286 1768 4356 profe-
1865 4284 2114 4353 corporis
2139 4285 2441 4340 membrum
2471 4288 2794 4355 perdam,ut
2815 4289 3066 4346 videlicet
3095 4293 3252 4346 cadat
3276 4306 3306 4346 a
3329 4307 3452 4348 cor-

180 4384 270 4430 cto
303 4373 616 4429 communio
647 4375 1075 4429 conversationis
1097 4390 1218 4430 esse
1245 4391 1366 4430 cum
1400 4378 1596 4434 talibus
1623 4379 1762 4434 intra
1795 4412 1841 4471 Β
1868 4388 1998 4444 pore
2021 4373 2165 4443 quod
2198 4388 2454 4430 exercere
2481 4374 2625 4430 nolui
2654 4377 2721 4432 ad
2743 4377 3048 4435 utilitatem.
3076 4379 3134 4436 Si
3176 4396 3306 4438 vero
3336 4383 3451 4438 haec

177 4469 504 4525 domesticos
547 4469 750 4538 pariter
788 4469 965 4533 debet,
1004 4483 1071 4523 ex
1109 4469 1302 4538 quibus
1341 4479 1557 4543 aeternae
1593 4470 1762 4542 proli-

176 4561 326 4615 ciant
355 4561 550 4615 merita
585 4559 971 4615 retributionis.
999 4559 1294 4629 Sequitur:

250 4647 416 4704 Vens.
461 4649 549 4704 18.
593 4647 695 4714 Qui
725 4649 1031 4718 abinfantia
1060 4664 1174 4702 mea
1202 4650 1355 4705 crevit
1382 4666 1582 4706 mecum
1607 4643 1762 4707 mise-

177 4743 312 4797 ratio
330 4783 346 4808 ,
374 4751 424 4796 et
454 4741 521 4794 de
551 4750 696 4794 utero
721 4742 905 4794 matris
941 4756 1067 4793 mere
1093 4757 1298 4809 egressa
1330 4752 1404 4798 est
1432 4761 1652 4800 mecum.
1689 4776 1763 4787 —

179 4834 456 4891 Miseratio
479 4832 680 4888 etenim
709 4833 811 4886 etsi
840 4831 954 4900 ejus
998 4831 1098 4884 fuit
1141 4834 1349 4888 arbitrii
1408 4845 1466 4890 ttt
1494 4852 1617 4892 cum
1644 4837 1761 4907 ipso

178 4926 492 4995 proﬁceret,
527 4923 696 4994 liquet
727 4931 928 4986 tamen,
969 4923 1091 4994 quia
1119 4924 1237 4992 ejus
1265 4927 1475 4982 arbitrii
1503 4944 1608 4982 non
1636 4928 1760 4994 fuit,

179 5025 237 5070 ut
272 5032 396 5072 cum
427 5016 546 5086 ipso
573 5015 639 5070 de
667 5023 826 5068 utero
855 5013 1048 5069 exiret.
1075 5015 1300 5071 Constat
1335 5032 1464 5088 ergo
1488 5020 1615 5090 quia
1651 5035 1762 5074 suae

178 5106 362 5160 virtuti
396 5103 534 5160 nihil
576 5103 788 5166 tribuit,
829 5104 919 5171 qui
962 5101 1203 5173 profecto
1249 5112 1483 5162 testatur
1525 5109 1650 5179 quia
1693 5123 1759 5163 ex

179 5197 501 5270 conditionis
528 5209 758 5253 munere
801 5197 1022 5264 accepit.
1071 5195 1178 5253 Sed
1223 5200 1560 5267 pensandum
1606 5201 1761 5256 nobis

181 5297 260 5341 est
287 5286 432 5358 quod
461 5287 693 5351 asserit,
726 5284 885 5338 crevit
907 5301 1126 5340 mecum.
1155 5285 1418 5368 Nonnulli
1442 5291 1584 5346 enim
1615 5289 1762 5360 quod

1870 4464 2138 4520 maledicti
2162 4467 2430 4522 sententia
2457 4467 2524 4521 ad
2574 4468 2869 4536 spiritalem
2910 4481 2996 4527 est
3041 4472 3447 4544 intelligentiam

1871 4554 2178 4621 referenda,
2207 4556 2374 4626 liquet
2413 4557 2658 4627 profecto
2706 4561 2849 4630 quod
2894 4561 3175 4618 brachium
3233 4567 3449 4634 corpori

1869 4660 1967 4714 per
1998 4645 2280 4701 humerum
2312 4645 2573 4718 jungitur,
2599 4658 2655 4703 et
2691 4651 2951 4719 sicutper
2980 4653 3256 4708 brachium
3305 4655 3448 4708 bona

1868 4737 2135 4805 operatio,
2165 4737 2237 4792 ita
2268 4752 2364 4806 per
2402 4739 2686 4795 humerum
2717 4742 2932 4796 socialis
2975 4744 3098 4798 vita:
3137 4740 3448 4809 coniunctio

1869 4825 2198 4894 designatur.
2227 4825 2378 4882 Unde
2418 4829 2680 4898 propheta
2718 4844 2935 4899 quoque
2981 4834 3194 4886 intuens
3230 4837 3452 4886 sanctos

1874 4916 2200 4972 universalis
2232 4917 2486 4973 Ecclesiae
2513 4919 2739 4989 populos
2766 4921 2876 4977 Deo
2902 4921 3246 4978 concorditer
3285 4920 3456 4976 servi-

1874 5020 2046 5074 turos,
2075 5013 2152 5066 ait
2184 5029 2198 5066 :
2229 5031 2247 5062 ι
2293 5013 2360 5066 Εῑ
2392 5015 2636 5070 servient
2660 5015 2711 5068 in
2745 5016 2973 5072 humero
3005 5031 3112 5069 uno
3153 5009 3336 5082 (Soph.
3367 5029 3453 5081 m,

1870 5103 1946 5172 9).
1986 5103 2083 5158 tln
2123 5118 2188 5158 eo
2221 5117 2352 5173 ergo
2384 5107 2528 5173 quod
2560 5106 2692 5161 dicit
2728 5124 2739 5157 :
2787 5124 2804 5156 ‹
2842 5105 2899 5160 Si
2932 5105 3099 5162 levavi
3149 5116 3314 5170 super
3359 5118 3458 5172 pu-

1870 5193 2057 5262 pillum
2092 5209 2309 5249 manum
2342 5209 2540 5261 meant,
2592 5210 2714 5252 cum
2765 5197 3002 5252 viderem
3056 5207 3141 5248 me
3195 5192 3250 5246 in
3296 5203 3456 5262 porta

1872 5286 2228 5355 superiorem,
2267 5304 2286 5338 ι
2322 5286 2517 5342 miram
2549 5288 2803 5342 virtutem
2827 5285 3103 5352 patientia:
3127 5296 3377 5346 servasse
3397 5301 3462 5342 se

1964 5383 2062 5398 ιι-ζι
2123 5383 2206 5398 ---;
2236 5383 2443 5398 Α--ιι-ΩΔ-ζ
2482 5392 2532 5398 --
2571 5383 2816 5398 -Α-ΑΛ-ιὶιι
2848 5383 3088 5398 -ινιζ--ζ-ιιζιι
3144 5385 3241 5398 nnn
3271 5383 3448 5398 Ann-gl..—
