3948 5398
516 364 621 419 565

1499 366 1555 420 s.
1600 360 1849 418 ODONIS
1892 356 2180 411 auums
2218 358 2718 418 CLUNIACENSIS
2755 361 2795 415 u
3663 368 3742 434 35,-

517 473 761 532 ttentiam
792 491 1009 533 servare
1040 479 1387 549 contempsit,
1420 478 1672 535 socialem
1719 477 1883 529 vitam
1934 471 2095 528 citius
2124 475 2169 533 Α
2203 473 2458 528 mundum
2501 476 2728 531 subruat
2764 486 3057 546 tempestas
3087 479 3408 535 animarum.
3436 480 3589 536 Nunc
3628 485 3749 539 cuiu.

515 584 613 642 per
641 569 1031 640 impatientiam
1060 572 1280 627 deserit.
1307 574 1349 626 A
1379 572 1635 642 junctura
1677 568 1875 624 ctenim
1910 565 2097 620 humev

516 676 610 715 rus
634 660 798 725 cadit,
830 677 952 716 cum
983 662 1331 718 adversitatis
1357 664 1558 733 aliquid
1584 664 1724 716 ferre
1750 661 1963 715 animus
1991 672 2098 711 non

513 755 718 817 valens,
769 756 1060 812 fraternam
1111 761 1456 815 concordiam
1514 759 1767 837 relinquit
1800 779 1812 812 :
1842 767 1897 813 et
1944 753 2097 827 quasi

515 848 819 902 membrum
846 859 1133 918 separatur
1160 866 1188 903 a
1220 866 1467 921 corpore,
1497 868 1619 906 cum
1663 852 1712 905 is
1749 851 1837 920 qui
1883 850 2097 919 operari

513 938 654 992 bona
685 948 917 1007 poterat,
950 956 980 994 a
1010 942 1275 997 bonorum
1306 944 1549 998 omnium
1598 942 1935 997 abscinditur
1981 940 2099 995 uni-

512 1031 793 1085 versitate.
826 1031 1011 1102 Neque
1049 1034 1193 1088 enim
1241 1048 1478 1105 unquam
1529 1036 1733 1091 servari
1782 1016 2096 1099 concordia,

513 1122 616 1177 nisi
640 1137 738 1193 per
752 1123 921 1178 solam
943 1126 1278 1194 patientiam,
1302 1128 1463 1183 valet.
1484 1128 1650 1183 Recte
1670 1137 1847 1184 autem
1872 1129 2100 1183 humero

513 1214 744 1269 cadente
773 1215 1120 1287 subjungitur
1149 1234 1163 1271 :
1196 1216 1265 1271 Et
1306 1218 1575 1272 brachium
1607 1235 1778 1272 meum
1825 1234 1942 1272 cum
1988 1219 2099 1272 suis

513 1304 717 1359 ossibus
744 1315 1067 1361 conteratur.
1096 1308 1230 1375 Quia
1262 1309 1518 1364 nimirum
1550 1320 1741 1365 cuncta
1774 1320 1957 1366 nostra
1979 1326 2103 1380 ope-

515 1395 657 1451 ratio
685 1411 809 1451 cum
847 1399 1178 1469 quibuslibet
1204 1400 1452 1455 videatur
1480 1416 1601 1458 esse
1646 1402 1959 1470 virtutibus,
1989 1402 2099 1457 sol-

510 1487 678 1553 vitur,
703 1488 807 1543 nisi
836 1506 933 1559 per
954 1491 1239 1547 charitatis
1257 1492 1528 1547 vinculum
1573 1493 1832 1564 patientia
1877 1508 2099 1548 conser-

511 1586 687 1633 vetur.
716 1579 824 1634 Sua
850 1582 994 1637 enim
1026 1582 1163 1637 bona
1193 1583 1372 1653 perdit
1395 1600 1561 1655 opera
1603 1586 1695 1655 qui
1738 1585 1914 1641 aliena
1960 1583 2101 1638 mala

497 1672 689 1727 renuit
714 1674 941 1744 perpeti.
977 1674 1082 1731 Sed
1109 1677 1285 1732 sancti
1312 1678 1416 1733 viri
1450 1679 1713 1735 humerus
1760 1694 1791 1734 a
1843 1677 2099 1747 iunctura

496 1776 610 1819 sua
638 1779 744 1819 non
780 1767 946 1828 cadit,
976 1769 1103 1838 quia
1129 1769 1379 1826 videlicet
1408 1770 1524 1839 ejus
1549 1772 1771 1828 dilectio
1818 1788 1848 1826 a
1884 1771 2100 1827 socialis

2170 582 2183 591 ο
2204 564 2356 619 bellis
2375 573 2428 619 et
2461 564 2724 631 cladibus,
2748 568 2901 637 quasi
2931 568 3250 638 quibusdam
3298 571 3454 625 undis
3498 587 3590 627 sua
3620 575 3751 631 nobis

2203 661 2422 715 exordia
2467 661 2725 727 ostendit,
2757 671 2814 716 et
2854 672 3057 732 quanto
3086 664 3153 719 ad
3196 665 3356 719 tinem
3389 666 3623 734 quotidie
3644 684 3750 736 pro-

2205 751 2520 821 piuquiores
2542 752 2829 819 efficimur,
2863 762 3012 811 tanto
3036 756 3286 826 graviora
3319 756 3529 811 irruere
3563 758 3752 814 tribula-

2207 842 2413 897 tionum
2440 843 2712 898 volumina
2740 845 3002 900 videmus.
3048 846 3131 900 Ad
3154 855 3459 901 extremum
3486 862 3612 902 vero
3631 865 3752 904 com-

2206 932 2368 987 motis
2410 933 2693 989 elementis
2722 936 2974 991 omnibus
3022 952 3290 1006 supernus
3326 937 3497 1007 judex
3539 939 3752 1006 veniens,

2206 1023 2365 1078 linem
2395 1024 2635 1078 omnium
2684 1035 2956 1094 apportat,
3000 1027 3126 1095 quia
3150 1027 3395 1081 videlicet
3426 1039 3552 1083 tunc
3583 1037 3755 1098 tempe-

2203 1122 2319 1171 stas
2343 1112 2537 1171 ﬂuctus
2563 1117 2617 1170 in
2641 1116 2814 1171 lucem
2838 1116 3000 1171 levat.
3027 1118 3179 1173 Unde
3203 1128 3258 1173 et
3275 1119 3512 1174 dicitur:
3547 1137 3566 1170 ς
3596 1120 3752 1177 Adhuc

2203 1210 2496 1273 modicum,
2543 1221 2598 1263 ct
2641 1225 2741 1279 ego
2791 1210 3015 1266 movebo
3060 1227 3165 1265 non
3211 1212 3383 1267 solum
3427 1222 3642 1277 terram,
3680 1229 3753 1270 seu

2203 1301 2368 1355 etiam
2395 1301 2590 1355 cmlnm
2623 1303 2777 1372 (Agg.
2817 1317 2881 1365 η,
2909 1302 2982 1371 7).
3022 1321 3043 1354 ι
3105 1301 3277 1370 Quam
3330 1302 3539 1358 scilicet
3584 1313 3753 1374 tempe-

2205 1402 2400 1447 statem
2429 1392 2520 1462 qui
2555 1393 2727 1447 sancti
2757 1394 2855 1446 viri
2883 1393 3170 1464 vigilantes
3200 1392 3494 1462 aspiciunt,
3527 1394 3668 1463 quasi
3690 1404 3752 1449 tu-

2204 1496 2413 1543 mentes
2436 1503 2598 1558 super
2622 1502 2680 1543 se
2702 1487 2946 1557 quotidie
2987 1486 3182 1542 ﬂuctus
3212 1496 3598 1557 expavescunt,
3625 1498 3755 1558 atque

2203 1596 2269 1636 ex
2305 1582 2390 1637 his
2420 1580 2858 1637 tribulationibus
2886 1596 3007 1651 quae
3040 1578 3298 1635 mundum
3331 1579 3565 1647 feriunt,
3598 1583 3755 1651 praevi-

2203 1673 2333 1728 dent
2357 1686 2477 1742 qute
2500 1681 2822 1741 sequantur.
2852 1670 3153 1741 Sequitur:
3184 1668 3253 1724 Et
3273 1672 3485 1742 pondus
3515 1672 3623 1741 ejus
3645 1673 3756 1741 ferre

2206 1784 2310 1821 non
2341 1768 2505 1836 potui.
2536 1798 2606 1807 —
2636 1765 2772 1834 Quia
2817 1781 2940 1821 cum
2969 1767 3217 1836 superba:
3249 1764 3548 1834 majestatis
3573 1767 3670 1821 vim
3700 1768 3755 1821 ad

507 1854 635 1910 vita:
664 1858 953 1912 concordia
975 1874 1073 1929 per
1096 1860 1495 1931 impatientiam
1529 1879 1635 1918 ηοη
1683 1862 1909 1929 recedit,
1953 1864 2097 1935 ejus-
2130 1831 2180 1891 Β
2205 1857 2465 1928 judicium
2493 1856 2760 1912 venientis
2802 1864 3174 1927 terroremque
3208 1858 3341 1912 tanti
3375 1857 3637 1913 examinis
3656 1874 3756 1914 con-

509 1963 616 2020 que
636 1949 917 2006 brachium
934 1951 1157 2008 minime
1171 1952 1600 2025 frangitur,quia
1630 1954 1746 2024 ejus
1776 1957 1951 2012 omnis
1981 1971 2082 2026 ope

508 2041 650 2096 ratio
674 2040 728 2095 in
755 2041 1138 2110 conjunctione
1180 2044 1416 2111 humeri,
1458 2046 1512 2101 id
1562 2055 1667 2112 est,
1717 2047 1773 2102 in
1816 2047 2104 2103 charitatis

496 2131 852 2186 connexione
882 2132 1210 2187 custoditur.
1250 2132 1517 2205 Sequitur
1553 2154 1567 2190 :

585 2219 750 2277 Vens.
780 2221 874 2278 25.
920 2221 1135 2294 Semper
1167 2226 1305 2281 enim
1347 2229 1500 2289 quasi
1539 2237 1795 2284 tumentes
1835 2246 1994 2300 super
2022 2247 2104 2286 me

506 2314 706 2384 ﬂuctus
735 2315 889 2369 timui
923 2315 1111 2371 Deum.
1141 2320 1277 2374 -Α
1314 2334 1513 2390 pavore
1548 2328 1711 2378 tanta:
1736 2322 2103 2380 similitudinis

509 2418 821 2474 pensemus,
851 2405 896 2462 si
933 2408 1224 2478 possimus,
1249 2421 1487 2480 quantus
1513 2412 1568 2467 in
1590 2422 1778 2469 sancto
1792 2414 1920 2470 viro
1942 2415 2105 2472 timor

509 2494 697 2551 fuerit.
746 2496 968 2556 Fluctus
1000 2501 1146 2556 enim
1193 2516 1317 2557 cum
1363 2511 1595 2571 tument,
1652 2506 1884 2577 desuper
1923 2507 2103 2563 immi-

508 2596 677 2655 nent;
710 2604 943 2661 cumque
983 2606 1102 2647 eam
1140 2607 1305 2662 quam
1330 2593 1582 2650 deferunt
1620 2605 1850 2652 mortem
1883 2598 2101 2655 minan-

508 2685 619 2744 tur,
653 2679 797 2735 nulla
845 2689 974 2737 tunc
1018 2683 1400 2754 navigantibus
1440 2700 1569 2739 cura
1593 2701 1776 2741 rerum
1826 2694 2099 2760 tempora-

507 2768 662 2837 lium,
694 2772 842 2827 nulla
867 2773 1051 2829 carnis
1080 2774 1370 2831 delectatio
1414 2776 1481 2831 ad
1518 2787 1755 2833 mentem
1796 2781 2095 2837 reducitur.

506 2858 586 2915 Ea
616 2861 731 2929 ipsa
758 2876 974 2932 quoque
999 2876 1069 2919 ex
1100 2865 1221 2920 navi
1250 2864 1559 2935 projiciunt,
1590 2885 1688 2939 pro
1717 2870 1911 2940 quibus
1938 2872 2097 2945 longa

504 2951 723 3022 navigia
744 2964 1111 3025 sumpserunt,
1136 2962 1345 3015 Cunctae
1372 2961 1535 3015 resin
1560 2963 1869 3033 despectum
1900 2968 2096 3023 mentis

500 3043 751 3109 veniunt,
780 3060 966 3101 amore
1001 3047 1238 3104 vivendi.
1270 3050 1441 3116 Quasi
1484 3067 1617 3125 ergo
1640 3066 1896 3113 tumentes
1937 3075 2097 3129 super

505 3152 562 3192 se
605 3139 796 3207 fluctus
825 3139 992 3195 Deum
1018 3142 1214 3209 timuit,
1262 3145 1355 3214 qui
1381 3147 1506 3201 dum
1533 3162 1716 3203 veram
1748 3150 1912 3205 vitam
1943 3150 2092 3205 desi-

506 3228 684 3295 derat,
720 3232 899 3285 omnia
922 3232 1148 3303 despicit
1170 3250 1291 3306 qum
1333 3237 1419 3292 hic
1447 3240 1728 3309 possidens
1764 3251 1965 3311 portat.
2004 3242 2099 3298 Est

505 3332 640 3374 vero
667 3320 830 3387 aliud,
863 3322 1006 3391 quod
1033 3324 1100 3378 de
1135 3327 1302 3382 maris
1328 3331 1681 3386 concussione
1706 3332 1900 3388 debeat
1930 3334 2099 3391 soler-

508 3412 596 3460 ter
622 3407 842 3464 intueri.
889 3409 1209 3483 Tempestas
1236 3416 1435 3487 quippe
1477 3433 1600 3474 eum
1650 3420 1896 3489 moritur,
1946 3425 2098 3494 prius

507 3495 655 3553 leves
692 3501 878 3565 undae,
910 3510 964 3557 et
990 3506 1332 3574 postmodum
1362 3508 1636 3565 volumina
1677 3512 1881 3582 majora
1912 3517 2097 3571 conci-

509 3594 714 3645 tantur.
745 3592 827 3648 Ad
852 3603 1176 3663 extremum,
1204 3596 1399 3655 ﬂuctus
1423 3614 1542 3655 sese
1566 3602 1618 3656 in
1650 3601 1756 3657 alta
1780 3604 2016 3674 erigunt,
2043 3615 2098 3663 et

507 3678 828 3749 navigantes
850 3698 1095 3755 quosque
1140 3689 1255 3758 ipsa
1297 3704 1391 3745 sua
1444 3690 1726 3748 altitudine
1750 3696 2090 3752 subvertant.

496 3767 603 3828 ’.εἰς
650 3771 906 3830 nimirum
951 3787 1193 3834 extrema
1226 3780 1315 3836 illa
1348 3791 1602 3854 properat
1629 3799 1750 3856 quae
1780 3788 2094 3845 universum

2211 1949 2501 2004 sideraudo
2524 1948 2737 2003 animus
2761 1959 2991 2003 conatur
3019 1948 3324 2019 exquirere,
3347 1964 3477 2003 mox
3507 1948 3573 2003 ad
3595 1957 3756 2003 semet-

2208 2040 2381 2109 ipsum
2444 2038 2754 2110 refugiens,
2798 2053 2917 2095 scse
2972 2040 3285 2110 expavescit
3337 2039 3624 2095 invenisse.
3672 2037 3753 2095 Sed

2206 2133 2348 2187 inter
2368 2131 2485 2187 haec
2512 2132 2848 2201 pensandum
2899 2139 2982 2188 est
3008 2133 3135 2201 quia
3163 2132 3354 2188 beatus
3377 2130 3486 2187 Job
3515 2132 3614 2186 ista
3636 2131 3692 2186 de
3710 2144 3755 2185 se

2205 2224 2461 2295 loquitur,
2512 2224 2761 2279 laudatus
2786 2231 2841 2280 et
2883 2222 3201 2294 ﬂagellatus.
3236 2222 3299 2281 Si
3331 2224 3502 2296 igitur
3537 2224 3601 2279 ad
3625 2222 3755 2279 meri-

2206 2328 2383 2373 torum
2432 2315 2735 2386 profectum
2777 2316 2853 2370 ita
2893 2330 3181 2387 percussus
3208 2324 3293 2371 est
3334 2316 3432 2387 qui
3470 2316 3548 2371 sic
3587 2313 3753 2369 timuit.

2204 2408 2475 2479 quomodo
2504 2406 2780 2463 feriendus
2805 2415 2888 2461 est
2917 2406 3009 2476 qui
3031 2406 3366 2462 contemnit?
3394 2405 3663 2473 Quomodo
3685 2405 3754 2460 de

2202 2512 2458 2572 pressura
2504 2507 2635 2555 sunt
2664 2500 2760 2555 Dei
2797 2498 3002 2569 judicia
3029 2513 3124 2556 eos
3152 2500 3242 2570 qui
3271 2514 3330 2555 se
3356 2499 3597 2563 elevant,
3638 2498 3677 2553 si
3711 2507 3750 2553 et

2203 2595 2323 2650 illos
2346 2594 2413 2649 ad
2442 2604 2654 2663 tempus
2680 2594 2991 2665 deprimunt
3015 2595 3105 2665 qui
3138 2594 3254 2649 haec
3284 2607 3504 2666 semper
3526 2596 3575 2649 in
3604 2593 3750 2649 humi-

2200 2684 2354 2741 litate
2375 2684 2701 2741 tormidant?
2723 2686 3005 2755 Quomodo
3033 2686 3246 2757 pondus
3277 2686 3372 2742 Dei
3396 2686 3591 2756 poterit
3618 2683 3747 2745 ferre,

2200 2781 2293 2851 qui
2323 2778 2573 2849 despicit,
2621 2779 2667 2835 si
2700 2779 2804 2835 hoc
2838 2786 2893 2835 et
2942 2778 3033 2834 ille
3073 2779 3127 2833 in
3154 2778 3386 2833 verbere
3416 2776 3643 2849 pertulit,
3679 2772 3749 2845 qui

2199 2886 2297 2941 per
2324 2870 2573 2925 timorem
2602 2868 2884 2939 prievidit?
2913 2867 3071 2925 Unde
3112 2882 3459 2938 summopere
3499 2864 3747 2921 formidan-

2200 2963 2326 3017 dum
2395 2960 2555 3017 nobis
2599 2968 2683 3015 est
2733 2959 2863 3015 illud
2916 2968 3079 3015 tantae
3127 2957 3487 3014 districtionis
3539 2969 3732 3011 examen

2196 3052 2427 3108 Constat
2466 3060 2648 3107 autem
2697 3051 2825 3121 quia
2880 3050 2935 3106 in
2982 3051 3084 3106 hac
3108 3051 3241 3116 vita,
3274 3061 3402 3105 cum
3451 3046 3682 3118 percutit,
3715 3045 3747 3099 si

2203 3145 2610 3217 percussionem
2653 3143 2922 3199 correctio
2966 3143 3231 3213 sequitur,
3287 3140 3571 3211 disciplina
3614 3136 3749 3208 patris

2207 3246 2316 3303 est,
2340 3252 2446 3291 non
2471 3236 2549 3290 ira
2568 3232 2799 3306 judicis;
2829 3250 2983 3290 amor
3008 3232 3329 3302 corrigentis
3353 3243 3462 3297 ρει,
3484 3246 3585 3286 non
3607 3228 3747 3284 distric

2207 3332 2315 3388 ctio
2369 3328 2663 3402 puuientis.
2712 3327 2792 3382 Ex
2836 3327 2955 3398 ipso
2997 3340 3127 3395 ergo
3155 3326 3410 3396 praesenti
3454 3326 3663 3380 verbere
3688 3320 3748 3388 ju«

2205 3420 2345 3476 dicia
2395 3430 2596 3477 acterna
2646 3421 2921 3490 pensanda
2984 3428 3130 3475 sunt.
3184 3417 3320 3473 lline
3365 3418 3512 3472 enim
3562 3429 3744 3486 perpen-

2204 3515 2333 3571 dere
2384 3530 2728 3587 summopere
2784 3515 3061 3577 debemus,
3112 3511 3386 3583 quomodo
3446 3509 3637 3565 feratur
3676 3504 3743 3559 illa

2204 3623 2324 3679 qua:
2348 3608 2627 3679 reprobat,
2677 3607 2721 3662 si
2754 3604 2886 3661 ferri
2930 3604 3091 3662 modo
3118 3606 3208 3659 vix
3236 3601 3384 3658 valet
3416 3603 3532 3672 ejus
3562 3600 3632 3654 ira
3656 3607 3744 3665 qua

2200 3710 2414 3772 purgat.

500 3953 3712 3991 ._.________________________________________________

1324 4094 1619 4172 LIBER
1698 4096 2255 4175 VICESIMUS
2315 4090 2881 4174 SECUNDUS.

1989 4292 2336 4307 ψ

555 4378 747 4462 Ύειιε.
774 4406 867 4461 24:
890 4406 951 4461 Si
973 4407 1151 4477 putavi
1172 4422 1366 4463 aurum
1389 4410 1550 4465 robur
1566 4427 1761 4477 meum,
1787 4421 1834 4468 et
1856 4413 2093 4468 obrizum
2127 4418 2175 4479 ι)
2199 4414 2253 4468 in
2301 4421 2682 4470 ornamentum
2731 4424 2922 4467 aurum
2968 4409 3288 4482 supponitur
3322 4416 3384 4465 ut
3448 4414 3735 4479 gemmarum

507 4496 621 4551 dixi
673 4496 928 4565 ﬁduciam
956 4513 1145 4551 meam.
1173 4527 1244 4538 -
1283 4497 1540 4555 Obrizum
1580 4502 1813 4558 dicimus
1835 4543 1851 4569 ,
1883 4504 2091 4559 obrude

506 4602 724 4642 aurum.
759 4586 992 4643 Sanctus
1017 4602 1148 4659 ergo
1176 4588 1261 4643 vir
1282 4604 1384 4646 nec
1406 4605 1597 4646 aurum
1625 4593 1794 4649 robur
1814 4594 1917 4649 sibi
1946 4608 2088 4659 esse,

504 4674 560 4729 id
585 4683 693 4742 est,
722 4677 910 4733 rudem
959 4676 1079 4732 auri
1123 4677 1320 4734 molem
1370 4679 1625 4735 ﬁduciam
1657 4682 1906 4748 credidit,
1962 4682 2090 4752 quia

505 4781 658 4836 spem
686 4775 850 4837 atque
871 4768 1282 4825 delectationem
1311 4785 1466 4826 suam
1496 4772 1548 4826 in
1570 4772 1735 4828 solius
1757 4776 1931 4846 gratia
1951 4775 2093 4831 Con-

504 4854 700 4915 ditoris
745 4856 935 4929 ﬁgens,
988 4873 1163 4929 neque
1212 4860 1280 4914 de
1304 4862 1609 4931 quantitate
1640 4864 1781 4928 auri,
1820 4879 1993 4935 neque
2027 4866 2094 4921 de

504 4947 689 5014 specie
712 4948 980 5018 peccavit.
1012 4948 1090 5004 De
1115 4947 1378 5007 Creatore
1411 4953 1609 5023 quippe
1638 4953 1957 5024 desperasse
1982 4955 2094 5010 fue-

504 5046 617 5105 rat,
668 5040 715 5095 si
772 5053 926 5110 spem
977 5040 1030 5095 in
1084 5051 1335 5097 creatura
1382 5045 1676 5114 posuisset.
1727 5047 2088 5103 ALLEGOBICB.

505 5126 644 5166 nnirl
669 5129 773 5166 hnn
799 5130 851 5168 in
906 5130 1024 5168 [non
1081 5147 1270 5170 gul-um
1304 5134 1598 5172 nne-inimus!
1691 5136 1795 5174 uici
1846 5138 2090 5176 nrmnlsn-i

2197 4504 2431 4574 desuper
2459 4505 2594 4560 ordo
2622 4503 2959 4574 disponatur,
2985 4502 3059 4556 ita
3103 4500 3252 4556 clara
3291 4506 3589 4555 sanctorum
3617 4494 3734 4563 inge-

2198 4597 2286 4652 nia
2322 4597 2518 4653 divinis
2569 4597 2881 4653 muneribus
2914 4596 3191 4652 humiliter
3239 4596 3654 4654 substernuntur,
3695 4592 3734 4640 et

2196 4689 2449 4745 distincta
2477 4704 2639 4760 super
2670 4705 2729 4746 se
2754 4690 3049 4761 gratiarum
3072 4690 3211 4746 dona
3249 4689 3564 4760 percipiunt,
3591 4693 3639 4740 et
3655 4679 3732 4737 nisi

2195 4780 2325 4850 quid
2362 4779 2537 4835 simile
2575 4795 2767 4834 aurum
2814 4794 2934 4836 cum
2986 4781 3245 4851 sapientia
3294 4781 3532 4840 haberet.
3558 4775 3732 4847 quidam

2195 4868 2412 4940 sapiens
2441 4868 2665 4924 minime
2709 4870 2972 4925 dixisset:
3029 4887 3047 4921 ι
3096 4868 3370 4940 Sapientia
3424 4870 3658 4923 abscousa
3691 4868 3730 4913 et

2197 4962 2485 5016 thesaurus
2510 4961 2733 5026 invisus,
2756 4976 2875 5030 qua:
2906 4960 3110 5017 utilitas
3140 4962 3193 5016 in
3223 4960 3496 5031 utrisque?
3524 4979 3542 5011 ι
3574 4950 3724 5027 (Ει-τιὶ.

2194 5067 2286 5113 xx,
2321 5050 2435 5117 5‘2.)
2462 5051 2541 5106 Ac
2576 5051 2620 5106 si
2651 5060 2835 5122 aperte
2874 5038 3128 5107 fateatur'
3156 5052 3379 5108 dicens:
3408 5050 3517 5106 Nec
3535 5062 3639 5119 qua:
3658 5058 3726 5097 re-

2197 5143 2401 5176 νηήἶίον
2707 5159 2829 5176 man
3116 5147 3274 5176 ιιιῖΙ-ηιξ
3337 5162 3432 5176 ..ΑΛ
3457 5143 3610 5176 ’.ιιι-1111
3633 5153 3725 5176 nm.
