3948 5398
158 340 280 399 .335

916 343 1212 399 ΕΡΙΤΟΜΕ
1250 344 1557 401 ΜοιιΑιΛι]
1570 348 1611 399 ll
1657 348 1714 399 S.

1859 346 1963 400 EG.
2007 345 2071 399 IN
2109 345 2247 402 JOB.
2276 378 2346 386 —
2385 347 2510 401 LIB.
2554 347 2717 405 XXII.

3343 359 3452 415 566

170 455 405 512 minime
438 456 708 523 sinuntur,
761 471 974 512 omnem
1019 459 1297 525 praesentis
1350 461 1475 514 vita:
1525 461 1758 528 copiam.
1791 466 1836 521 Α
1865 473 2024 526 Quam
2044 474 2099 513 se
2122 461 2317 516 vidisse
2343 462 2611 531 perhibet,
2642 474 2697 520 ut
2724 480 2781 521 se
2810 466 3143 524 demonstret
3166 476 3449 541 praesentis

177 546 422 617 inopiam
460 550 749 617 deputant;
782 549 905 618 quia
938 550 1187 605 videlicet
1225 551 1354 605 nihil
1409 562 1561 607 extra
1596 553 1762 607 Deum

169 637 377 693 suﬂieit
422 640 589 695 menti
621 655 739 710 qua:
776 640 1045 695 veraciter
1088 642 1255 695 Deum
1287 644 1500 712 quaerit;
1548 653 1603 697 et
1646 643 1764 713 ple-

168 743 411 798 rumque
458 732 539 785 eis
592 731 706 801 ipsa
770 746 863 786 sua
914 732 1243 786 abundantia
1304 733 1362 787 ﬁt
1416 736 1765 790 vehementer

168 834 430 885 onerosa,
460 823 585 892 quia
608 822 711 879 hoc
736 824 907 894 ipsum
925 827 1163 895 graviter
1190 826 1414 882 tolerant
1445 828 1587 897 quod
1621 828 1765 884 festi-

166 922 369 967 nantes
400 913 467 967 ad
517 914 768 982 patriam,
816 915 868 969 in
901 916 1095 971 itinere
1134 917 1300 971 multa
1336 927 1571 987 portant.
1622 919 1761 988 Quid

166 1001 372 1056 multas
396 1000 614 1057 divitias
638 1003 933 1074 appellatas
979 1020 1078 1075 per
1107 1006 1556 1079 signiﬁcationem
1594 1011 1764 1066 credi-

164 1106 311 1154 mus,
372 1093 477 1147 nisi
517 1095 843 1149 abundantia
906 1096 1138 1150 hmnana
1195 1098 1762 1169 consiliorum?Quas

163 1183 470 1248 quaerentis
495 1198 687 1237 manus
716 1183 936 1245 invenit,
966 1200 1087 1240 enm
1120 1186 1235 1243 haec
1251 1190 1505 1259 cogitatio
1526 1199 1760 1246 tractan-

162 1273 234 1325 tis
266 1273 465 1343 gignit.
517 1272 627 1328 Has
664 1276 864 1331 etenim
915 1276 1171 1333 Salomon
1222 1282 1496 1352 sapientia}
1543 1283 1762 1340 divitias

154 1363 576 1434 contemplatus
614 1366 777 1430 ait:,t
814 1366 1026 1423 Corona
1073 1372 1393 1441 sapientium
1442 1373 1641 1429 divitiae
1669 1390 1762 1431 eo-

163 1473 285 1511 rum
315 1456 505 1528 (Prov.
530 1475 643 1526 xw,
665 1460 780 1531 24).
808 1480 827 1513 ι
858 1461 982 1528 Qtti,
1009 1464 1132 1532 quia
1165 1464 1379 1520 divitias
1409 1481 1516 1521 non
1545 1467 1756 1522 metalla

162 1561 407 1615 terrena,
444 1551 537 1607 sed
569 1554 909 1623 prudentiam
939 1556 1202 1621 nominat,
1229 1556 1372 1612 illico
1412 1573 1511 1629 per
1535 1567 1758 1614 contra—

160 1642 419 1698 rietatem
449 1643 669 1699 subdit:
707 1664 725 1697 ι
774 1645 1017 1701 Fatuitas
1063 1648 1349 1703 stultorum
1396 1649 1757 1720 imprudentia

158 1728 382 1802 (Mitt).
398 1750 419 1783 ι
439 1731 575 1788 Hinc
595 1732 792 1789 Paulus
805 1736 909 1791 ait:
933 1755 950 1786 ι
974 1734 1244 1792 Habemus
1262 1739 1569 1793 thesaurum
1594 1741 1756 1795 istum

1867 547 2000 602 lucis
2032 551 2266 619 speciem
2308 568 2413 607 non
2454 556 2746 623 appetisse,
2787 573 2849 611 ac
2887 560 2928 614 si
2972 568 3215 630 patenter
3256 564 3447 635 despe-

1865 653 2010 695 t‘tnm
2043 652 2269 700 terrente
2297 662 2407 701 sua:
2443 648 2784 704 abundantia:
2814 651 3063 708 insinuet.
3089 655 3225 722 Quid
3248 657 3445 720 dicam,

1864 731 1987 800 quia
2033 748 2368 803 nequaquam
2409 737 2462 790 in
2512 753 2645 793 auro
2687 738 2899 796 lmtalus
2925 759 3063 809 sum,
3113 745 3285 815 quiin
3332 748 3446 817 ipsa

1862 836 2076 890 quoque
2115 821 2233 879 luce
2289 840 2547 896 corporea
2613 828 2910 885 delet-tarus
2965 849 3069 887 non
3121 836 3277 890 sum?
3313 836 3448 893 [line

1862 912 2123 980 propheta
2153 912 2228 966 ait
2254 928 2268 967 :
2303 933 2321 966 ‹
2351 914 2416 969 Et
2444 916 2586 972 diem
2637 917 2869 976 hominis
2917 938 3022 978 non
3058 928 3361 997 concupivi,
3391 940 3445 982 tu

1863 1002 1969 1054 scis
2014 1001 2151 1073 (Jer.
2210 1018 2343 1069 xv",
2396 1005 2505 1075 16).
2560 1027 2578 1059 ι
2612 1009 2971 1067 Αιιεοοιιιεε.
3026 1011 3117 1068 Sol
3166 1017 3363 1086 quippe
3392 1018 3445 1072 in

1864 1088 2069 1158 fulgore
2094 1101 2198 1157 est,
2231 1094 2429 1149 bonum
2452 1112 2583 1168 opus
2608 1099 2658 1152 in
2689 1102 3144 1161 manifestatione.
3173 1105 3443 1178 Scriptum

1865 1193 2097 1250 namque
2131 1191 2214 1235 est
2240 1200 2261 1241 εκ
2294 1202 2311 1233 ι
2352 1183 2553 1240 Luceat
2578 1186 2668 1242 lux
2698 1198 2874 1244 vestra
2900 1208 3081 1247 coram
3116 1194 3443 1265 hominibus.

1862 1276 1920 1320 ut
1946 1268 2166 1324 videant
2192 1285 2355 1340 opera
2391 1283 2567 1329 vestra
2596 1277 2760 1343 bona,
2795 1287 2851 1332 et
2894 1280 3197 1350 gloriﬁcent
3226 1284 3444 1342 Patrem

1862 1362 2230 1430 vestrum,qui
2260 1363 2481 1419 incmlis
2503 1374 2583 1420 est
2612 1366 2901 1439 (ΜαιιΙι.ν,
2923 1371 3028 1444 lli).
3059 1392 3078 1425 ι
3107 1373 3173 1429 Et
3196 1392 3441 1433 rursum:

1865 1461 1887 1495 ι
1927 1444 2048 1500 Sint
2082 1448 2246 1504 lumbi
2289 1454 2454 1507 vestri
2493 1456 2768 1523 prtecincti
2814 1466 2870 1514 et
2918 1460 3152 1518 lucerna:
3193 1467 3445 1523 ardentes

1858 1535 2014 1608 (Luc.
2052 1556 2150 1606 χιι,
2197 1540 2308 1616 35).
2356 1564 2375 1595 ι
2429 1545 2581 1613 Quod
2612 1549 2755 1604 enint
2809 1551 2910 1608 hoc
2954 1554 3007 1609 in
3050 1556 3167 1613 loco
3224 1559 3446 1634 fulgenti

1861 1629 1994 1695 sole,
2028 1631 2078 1686 id
2101 1632 2154 1685 in
2176 1632 2465 1706 Evangelia
2495 1637 2731 1696 lucernis
2770 1642 3083 1702 ardentibus
3110 1629 3443 1721 designatur.

1859 1720 2066 1777 Bonum
2089 1724 2285 1795 quippe
2311 1740 2448 1797 opus
2474 1745 2593 1785 cum
2635 1732 2687 1787 in
2720 1735 2895 1791 medio
2920 1720 3248 1808 perﬁdorum
3282 1744 3443 1813 lucet,

161 1823 218 1877 in
266 1826 417 1881 vasis
470 1826 723 1883 ﬁctilibus
750 1827 835 1900 (η
872 1828 997 1884 Cor.
1029 1847 1106 1898 ιν,
1150 1831 1227 1904 τ).
1268 1852 1286 1885 ι
1332 1831 1527 1889 Multas
1572 1835 1754 1905 mun
1786 1818 1828 1877 Β
1857 1810 2075 1905 lucerna
2100 1816 2253 1905 ardet
2274 1816 2326 1871 in
2361 1828 2689 1876 nocte:enm
2717 1827 2914 1881 veroin
2930 1828 3172 1886 Ecclesia
3207 1810 3446 1903 resplen;

162 1917 308 1985 apud
340 1933 440 1972 nos
469 1919 684 1975 divitias
729 1922 1051 2001 reperimus,
1098 1938 1217 1978 cum
1241 1924 1379 1980 dona
1433 1926 1758 1982 abundantis

164 2009 537 2083 intelligentia:
565 2013 776 2083 eloquia
826 2014 1195 2086 investigando
1236 2017 1567 2088 percipimus
1594 2028 1757 2089 atque

159 2103 218 2157 in
282 2103 370 2157 his
406 2103 559 2174 plura
591 2120 691 2160 nec
733 2114 912 2161 tamen
952 2106 1168 2162 sibimet
1215 2107 1420 2162 diversa
1472 2109 1753 2163 sentimus.

156 2192 293 2249 Haec
323 2203 409 2250 est
432 2206 611 2251 autent
640 2213 830 2253 secura
882 2198 1063 2253 lietitia
1114 2199 1165 2253 in
1196 2199 1393 2255 divinis
1439 2201 1648 2271 paginis
1674 2202 1758 2255 vel

160 2282 329 2338 fortia
365 2285 452 2340 vel
481 2287 646 2340 multa
682 2303 1028 2359 cognoscere,
1072 2291 1164 2345 sed
1209 2291 1420 2362 cognita
1461 2292 1753 2347 custodire.

158 2384 242 2433 Ae
270 2380 318 2433 si
353 2394 484 2452 ergo
512 2390 697 2451 aperte
731 2382 1004 2438 diceretur
1032 2382 1418 2455 :Neqnaquam
1452 2386 1505 2439 in
1555 2400 1621 2440 eo
1670 2401 1756 2441 me

153 2468 492 2540 locupletem
524 2488 591 2527 ex
631 2470 840 2541 justitia
871 2473 1095 2540 credidi,
1126 2490 1234 2545 quo
1278 2484 1422 2530 recte
1450 2492 1571 2547 quae
1596 2492 1754 2546 agere

161 2560 332 2616 debui
381 2563 543 2618 etiam
595 2563 760 2620 multa
807 2567 1052 2639 cognovi,
1103 2584 1201 2623 nec
1253 2569 1603 2642 intelligentia
1658 2588 1756 2627 cor

153 2650 384 2716 extulit.
435 2652 561 2723 quia
607 2654 735 2711 illud
778 2657 1139 2713 consideratio
1194 2658 1389 2716 debitae
1426 2661 1755 2731 operationis

161 2744 385 2813 pressit.
419 2743 676 2816 Sequitur
698 2765 711 2802 :

238 2833 411 2889 Vens.
440 2835 533 2903 26,
564 2834 653 2903 27,
682 2835 771 2892 28.
797 2836 859 2893 Si
880 2840 984 2894 ridi
1005 2840 1167 2896 solem
1193 2858 1311 2897 cum
1338 2843 1581 2916 fulgeret,
1605 2857 1654 2902 et
1676 2847 1755 2902 lu-

154 2939 287 2975 nam
314 2924 638 2980 incedentem
680 2926 843 2995 clare,
870 2938 919 2984 et
946 2929 1179 2985 lwlntum
1223 2942 1298 2986 est
1348 2936 1403 2987 in
1447 2935 1751 2991 abscondito

159 2998 480 3079 tor'mcum,
508 3025 555 3069 et
597 3017 861 3073 οεειιιαειιδ
892 3036 1007 3074 sum
1048 3038 1261 3077 manant
1292 3041 1459 3079 meam
1486 3043 1574 3081 ore
1613 3044 1746 3094 meo,

146 3117 283 3172 qua:
326 3112 403 3156 est
448 3104 696 3176 iniquitas
731 3110 963 3163 maxima
999 3112 1046 3165 ei
1097 3115 1302 3183 negatio
1354 3127 1536 3171 contra
1580 3117 1748 3174 Deum

1859 1900 1967 1965 det,
1997 1902 2077 1965 sol
2106 1902 2276 1976 fulget
2305 1906 2359 1961 in
2405 1909 2510 1964 die.
2549 1910 2755 1968 Bonum
2781 1930 2916 1986 opus
2954 1919 3000 1973 si
3031 1922 3204 1978 adhuc
3230 1900 3335 1979 tale
3358 1938 3445 1982 est

1856 1991 2000 2060 quod
2027 1993 2128 2048 soli
2151 1996 2275 2050 mali
2300 1998 2589 2068 mirantur,
2650 1998 2870 2061 lucerna
2925 2010 3172 2067 videlicet
3203 2014 3254 2068 in
3287 2027 3445 2072 nocte

1855 2088 1971 2147 est;
2002 2085 2047 2138 si
2069 2094 2249 2142 autem
2273 2089 2345 2143 ita
2377 2093 2612 2161 prolicit,
2656 2106 2716 2152 ut
2754 2100 2939 2157 mirari
2980 2119 3008 2157 a
3041 2105 3197 2162 bonis
3233 2124 3297 2164 ac
3318 2125 3444 2180 per-

1855 2170 2171 2231 fectioribus
2193 2182 2383 2247 possit,
2416 2184 2669 2241 nimirum
2711 2191 2791 2245 sol
2831 2203 2915 2247 est
2943 2194 2995 2247 iu
3020 2196 3126 2251 die.
3175 2170 3444 2272 Quia-igi-

1859 2274 1946 2319 tur
1969 2268 2136 2322 multa
2165 2272 2353 2328 beatus
2378 2273 2483 2330 Joh
2524 2278 2908 2348 hospitalitatis
2957 2303 3019 2342 ac
3062 2268 3447 2351 misericordia:

1855 2354 1924 2409 de
1952 2370 2014 2412 se
2059 2360 2201 2414 bona
2241 2376 2576 2431 narraverat,
2631 2384 2751 2439 qua:
2780 2376 3020 2442 profecto
3068 2388 3221 2437 tanto
3271 2385 3443 2441 adhuc

1856 2446 2077 2502 minima
2102 2460 2302 2519 quanto
2331 2463 2386 2509 et
2414 2461 2765 2526 corporaliter
2796 2476 3039 2533 noverat,
3063 2471 3134 2525 ad
3179 2473 3441 2530 virtutum

1854 2536 2178 2607 spiritalium
2205 2542 2417 2601 culmen
2450 2558 2648 2603 ments
2688 2553 2899 2608 oculum
2947 2573 3230 2630 renovans,
3268 2568 3461 2637 porro--

1855 2629 2051 2685 ctionis
2100 2646 2210 2688 sua:
2242 2638 2485 2694 meminit
2537 2653 2591 2696 et
2630 2643 2804 2701 lucent
2837 2652 3230 2724 exemplorum,
3279 2676 3442 2731 quam

1855 2721 1923 2775 de
1950 2735 2009 2776 se
2039 2723 2160 2780 aliis
2192 2728 2399 2797 tribuit,
2429 2732 2596 2789 solem
2624 2740 2859 2795 vocavit.
2886 2736 2965 2798 Ac
2996 2721 3039 2799 si
3070 2721 3257 2818 aperte
3294 2721 3443 2810 dice-

1852 2818 1967 2868 ret:
1999 2813 2147 2886 Opus
2176 2835 2354 2875 meum
2385 2823 2548 2880 etiam
2579 2842 2702 2883 cum
2731 2830 2852 2887 aliis
2871 2813 3240 2907 exemplorum
3266 2841 3441 2899 lucem

1854 2906 2170 2975 tribuerem,
2197 2912 2265 2965 ad
2294 2917 2616 2986 sumptionis
2650 2935 2874 2991 gramen
2902 2940 3007 2982 non
3038 2906 3245 2987 attendi
3273 2950 3289 2990 :
3315 2938 3441 3004 quia

1854 2999 1980 3055 dum
2029 3001 2097 3056 de
2135 3016 2201 3058 eo
2252 3007 2432 3062 extolli
2476 3010 2649 3078 timui,
2708 3015 2777 3070 ab
2819 3017 3076 3077 intuendo
3140 3038 3206 3081 co
3255 2999 3439 3085 oculos

1854 3091 2046 3145 averti.
2078 3091 2205 3147 Post
2228 3099 2563 3164 prtetnissum
2586 3104 2778 3172 solem,
2810 3115 2934 3178 apte
2948 3127 3162 3184 quoque
3189 3116 3444 3173 inceden-

158 3168 507 3248 nltiuimum.
530 3168 597 3236 ξ-
628 3195 900 3254 Incertum
940 3216 1046 3256 non
1074 3168 1613 3278 estvquod‘utraque
1632 3168 1750 3265 lucc
1779 3168 1822 3228 Ο
1854 3191 1963 3281 ξ⁰¹¹¹
2011 3184 2157 3281 elate
2204 3187 2384 3243 lunam
2420 3192 2675 3263 subdidi"
2702 3198 2827 3267 qum
2875 3201 3124 3260 ﬁdem“
3151 3218 3272 3276 1³0⁸⁸
3308 3226 3443 3281 opus

152 3279 459 3338 luminaria
492 3284 743 3343 humanis
771 3290 1090 3347 ministeriis
1111 3294 1364 3366 deputata
1387 3297 1509 3354 caeli
1544 3300 1749 3356 militiae

158 3381 453 3439 vocantur,
487 3374 540 3429 in
571 3391 799 3446 quorum
844 3381 1049 3437 cultum
1076 3385 1273 3442 multos
1297 3388 1567 3455 novimus,
1596 3389 1748 3446 Scri-

152 3472 511 3534 pturateste,
544 3469 824 3535 cecidisse,
873 3473 1292 3546 sicutscriptum
1327 3490 1440 3536 est:
1491 3499 1512 3534 ι
1542 3482 1749 3538 Adera-

161 3562 362 3609 verunt
385 3558 691 3614 universam
718 3561 962 3619 militiam
1004 3566 1126 3620 caeli
1152 3568 1332 3639 (Dent.
1357 3572 1591 3642 xvu,3).
1630 3592 1649 3624 ι
1686 3574 1751 3628 Et

160 3646 288 3714 quia
318 3646 480 3703 solet
523 3649 653 3705 luna
685 3653 844 3709 aliter
887 3654 1142 3711 videntur
1189 3660 1257 3713 ad
1299 3676 1476 3729 usum,
1504 3661 1661 3717 aliter
1682 3664 1749 3717 ad

158 3740 596 3806 venerationem,
618 3758 691 3799 eo
729 3761 879 3802 more
899 3764 1006 3818 quo
1050 3765 1081 3804 a
1136 3751 1431 3809 cultoribus
1457 3756 1569 3808 suis
1594 3771 1752 3811 vene-

162 3831 275 3883 rari
306 3830 505 3898 solent,
534 3832 702 3889 solem
734 3845 791 3890 et
815 3837 995 3892 lunam
1027 3840 1214 3897 beatus
1261 3840 1364 3898 Job
1408 3860 1748 3916 nequaquam

161 3919 368 3975 vidisse
400 3937 460 3977 se
503 3924 776 3993 perhibet,
832 3943 932 3983 nec
974 3929 1211 3986 laetatum
1249 3934 1417 3990 fuisse
1445 3950 1539 3990 cor
1570 3951 1748 4001 suum,

160 4022 267 4062 nec
296 4010 604 4067 osculatum
630 4028 725 4071 ore
756 4032 874 4072 suo.
900 4017 957 4073 ln
985 4034 1091 4090 qua
1131 4022 1381 4079 videlicet
1418 4024 1752 4083 osculatione

164 4102 293 4171 quid
332 4103 476 4158 aliud
523 4122 685 4177 quam
713 4110 1009 4183 gratiarum
1042 4116 1442 4173 venerationem
1460 4118 1752 4188 exprimit?

156 4190 324 4258 Quod
353 4193 399 4247 si
430 4194 649 4251 fecisset
691 4213 951 4271 unquam,
988 4201 1331 4273 iniquitatem
1359 4208 1672 4272 maximam,
1697 4217 1755 4263 et

164 4279 261 4335 Dei
293 4284 636 4354 negationem
668 4299 903 4345 vocaret.
943 4290 1049 4349 Sed
1082 4305 1368 4365 postquam
1419 4307 1566 4354 tanta
1594 4303 1661 4358 de
1692 4316 1755 4358 se

158 4371 302 4428 locis
330 4376 697 4444 superioribus
746 4381 1004 4438 virtutum
1038 4386 1273 4441 culmina
1304 4392 1570 4458 narravit,
1623 4395 1756 4464 quid

1850 3274 2074 3342 bonum,
2106 3279 2251 3334 fama
2282 3281 2567 3342 laudabilis
2594 3290 2859 3360 sequitur,
2895 3308 2993 3364 per
3015 3274 3177 3365 quam
3221 3274 3440 3358 celebre

1850 3381 2047 3423 nomen
2075 3369 2128 3423 in
2169 3370 2273 3427 hac
2308 3376 2593 3443 praesentis
2636 3379 2761 3435 vitae
2810 3392 2970 3439 nocte
3020 3389 3345 3456 possidetur.
3381 3391 3439 3449 Si

1848 3460 1995 3514 enim
2025 3476 2211 3516 verum
2242 3472 2345 3531 est,
2371 3468 2512 3536 quod
2540 3469 2756 3539 quidam
2783 3483 2995 3543 putant,
3026 3478 3440 3538 illustrationem

1848 3549 1991 3605 lunae
2022 3567 2121 3621 per
2144 3553 2410 3611 occultum
2451 3558 2711 3615 circulum
2741 3577 2773 3616 a
2804 3565 2956 3619 radio
3005 3568 3135 3625 solis
3167 3573 3437 3643 accipere,

1854 3649 1912 3694 ut
1933 3643 2105 3711 possit
2125 3643 2300 3700 lucem
2332 3649 2614 3704 nocturnis
2655 3653 2905 3709 cursibus
2930 3658 3208 3725 exhibere,
3244 3663 3313 3717 ab
3340 3665 3442 3718 Ιιιιο

1844 3731 1937 3802 jus
1965 3734 2373 3804 signiﬁcationis
2413 3740 2603 3794 ordine
2659 3744 2776 3799 haec
2814 3761 3031 3818 quoque
3073 3752 3308 3821 suspicio
3333 3768 3438 3809 non

1852 3823 2128 3880 abhorret.
2159 3827 2325 3882 Fama
2351 3831 2552 3902 quippe
2594 3849 2624 3887 a
2652 3835 2794 3893 bono
2824 3853 2989 3909 opere
3024 3841 3172 3899 vires
3218 3845 3435 3915 accipit,

1852 3926 1907 3970 et
1934 3915 2136 3974 favoris
2162 3921 2392 3989 gratiam
2420 3925 2575 3994 quasi
2605 3927 2908 3985 claritatem
2937 3930 3156 3990 luminis
3178 3938 3436 4009 aspergit.

1852 4005 1950 4080 Est
1973 4007 2120 4063 aliud
2146 4010 2203 4064 iu
2228 4010 2355 4067 luna
2382 4016 2524 4084 quod
2560 4017 2928 4077 similitudinis
2961 4022 3117 4080 bona;
3145 4005 3437 4099 aspergen-

1853 4098 1928 4152 tis
1947 4097 2104 4156 fama:
2125 4105 2433 4158 conveniat.
2457 4106 2576 4163 Lux
2604 4125 2837 4181 namque
2858 4114 2977 4184 ejus
2998 4117 3164 4173 etiam
3197 4097 3250 4174 in
3283 4097 3438 4176 tene-

1851 4189 2073 4245 brarum
2110 4201 2354 4263 tempore
2382 4196 2487 4251 iter
2511 4200 2911 4259 ambulantibus
2940 4209 3199 4277 ostendit,
3227 4211 3358 4281 quia
3382 4221 3438 4268 et

1854 4280 1980 4334 dum
2021 4282 2089 4336 de
2127 4282 2304 4340 aliena
2334 4287 2443 4342 vita
2469 4288 2561 4344 lux
2596 4291 2771 4349 laudis
2790 4297 3008 4365 emicat,
3042 4300 3176 4358 alios
3197 4280 3269 4360 ad
3283 4320 3439 4360 exer-

1853 4372 2043 4441 citium
2086 4375 2210 4431 boni
2266 4382 2446 4449 operis
2495 4382 2748 4454 illustrat,
2804 4403 3040 4461 cumque
3085 4394 3230 4451 illius
3256 4399 3442 4469 opinio

164 4478 314 4517 nunc
368 4464 567 4518 mirum
612 4479 899 4534 memorat.
926 4472 970 4527 si
1008 4473 1174 4529 solem
1224 4491 1287 4532 ac
1336 4477 1519 4534 lunam
1554 4497 1662 4538 non
1691 4499 1751 4540 se

1856 4464 2006 4521 clara
2037 4471 2401 4540 cognoscitur,
2454 4474 2581 4532 huic
2632 4479 2787 4549 quasi
2834 4487 3082 4553 pergenti
3132 4488 3186 4542 in
3247 4464 3443 4546 itinere

160 4551 425 4608 adorasse
479 4555 823 4613 manifestat?
871 4558 1024 4617 Unde
1074 4567 1406 4634 pensandum
1456 4578 1557 4636 est,
1603 4574 1748 4643 quod

159 4651 454 4712 postquam
484 4641 539 4697 in
585 4658 716 4700 auro
765 4662 873 4702 non
913 4648 1167 4707 habuisse
1209 4653 1487 4726 ﬁduciam,
1536 4641 1637 4718 nec
1691 4661 1745 4717 in

158 4731 351 4786 multis
378 4733 583 4788 divitiis
609 4734 843 4792 laetatum
890 4754 949 4794 se
977 4739 1144 4798 luisse
1171 4751 1417 4813 testatur,
1474 4751 1651 4809 adhuc
1678 4752 1748 4809 ad

158 4820 482 4878 sublimiora
508 4823 740 4891 ducitur,
769 4836 826 4880 ttt
848 4836 995 4883 tanto
1016 4846 1113 4886 nos
1133 4835 1304 4903 magis
1322 4839 1536 4894 erudiat
1581 4857 1748 4912 quan-

160 4919 216 4964 to
242 4911 311 4966 de
358 4926 419 4966 se
457 4908 636 4984 aliqua
690 4915 939 4974 subtilius
983 4932 1183 4978 narrat.
1211 4927 1305 4980 Ait
1344 4930 1489 4986 enim
1515 4949 1530 4986 ;
1558 4908 1617 4989 Si
1644 4935 1748 4989 vidi

157 4997 326 5053 salem
378 5016 501 5054 cum
538 5001 783 5073 fulgeret,
831 5016 879 5059 et
924 5007 1104 5066 lunam
1141 5014 1464 5074 incedentem
1498 5022 1670 5091 clare,
1703 5034 1754 5079 et

157 5088 401 5144 [malum
430 5091 580 5145 estin
627 5093 935 5150 abscondito
982 5116 1073 5154 cor
1103 5120 1295 5157 meum.
1330 5105 1468 5172 Quid
1502 5111 1603 5168 hoc
1635 5088 1755 5169 loco

134 5174 350 5232 ‘v'tdere
394 5177 607 5245 dicitur,
662 5182 768 5237 nisi
823 5182 1195 5248 desideranter
1226 5195 1458 5251 intueri?
1510 5199 1662 5258 Unde
1697 5212 1755 5258 et

159 5267 450 5323 x'salmista
497 5270 598 5325 ait:
633 5289 653 5323 ι
711 5272 1058 5342 Iniquitatem
1101 5282 1147 5337 si
1187 5289 1443 5354 conspexi
1489 5291 1543 5345 in
1589 5294 1755 5348 corde

158 5373 282 5398 mon
335 5363 716 5398 “annva-133A"
764 5362 1020 5398 “And-nm
1063 5371 1215 5398 In”:
1267 5391 1371 5398 -..η
1431 5381 1489 5398 In

1854 4560 2084 4630 exempli
2128 4561 2308 4618 lumen
2340 4567 2632 4636 praebetur.
2673 4570 2882 4629 Lunam
2916 4577 3080 4649 igitur
3116 4582 3259 4636 clare
3302 4584 3446 4639 ince-

1855 4649 2060 4704 dentem
2105 4655 2402 4724 respiciunt
2434 4660 2527 4729 qui
2582 4662 2724 4719 inter
2772 4664 2931 4734 hujus
2994 4671 3118 4726 vita:
3167 4674 3441 4740 tenebras,

1853 4742 1980 4797 dum
2007 4744 2062 4800 in
2084 4747 2356 4817 opinionis
2380 4765 2494 4806 suae
2518 4753 2767 4812 claritate
2792 4760 3034 4816 animum
3061 4763 3321 4832 deﬁgunt,
3346 4768 3446 4820 hu-

1854 4833 2097 4892 militatis
2123 4841 2355 4910 gratiam
2385 4847 2542 4912 quasi
2563 4861 2629 4902 ex
2657 4858 2922 4905 nocturno
2942 4853 3146 4909 lumine
3165 4856 3440 4931 amittunt,

1852 4933 1909 4979 et
1959 4926 2230 4987 intuentes
2273 4932 2455 4991 lunam
2485 4953 2544 4995 se
2566 4954 2672 4994 non
2700 4941 2928 5010 .vident,
2971 4948 3100 5017 quia
3127 4927 3450 5015 semetipsos

1859 5020 2070 5075 nescire
2093 5021 2376 5094 incipiunt,
2401 5026 2531 5086 dum
2563 5034 2761 5088 mentis
2782 5035 2971 5093 oculos
2992 5041 3047 5093 in
3076 5036 3451 5097 transitorium

1857 5108 2100 5167 favorem
2130 5111 2321 5185 ﬁgunt.
2348 5116 2449 5184 Qui
2484 5138 2618 5179 vero
2646 5124 2846 5179 auditis
2874 5128 2991 5183 suis
3018 5126 3309 5197 praeconiis
3356 5144 3457 5185 ex-

1858 5200 2136 5268 tolluntur,
2163 5207 2260 5261 sed
2314 5217 2496 5267 tamen
2528 5229 2701 5285 usque
2744 5219 2810 5271 ad
2855 5217 3111 5274 elationis
3153 5215 3316 5271 verba
3342 5236 3455 5279 non

1856 5299 2077 5357 exeunt,
2101 5303 2158 5347 et
2181 5297 2421 5365 gaudere
2448 5315 2512 5359 se
2541 5306 2594 5359 in
2620 5303 2815 5358 talibus
2843 5319 2951 5359 non
2982 5305 3296 5371 ostendunt,
3320 5324 3456 5378 pro-

1860 5374 1996 5398 ιι-.-
2036 5393 2137 5398 --__
2363 5384 2374 5394 ι
2513 5391 2524 5398 .
2688 5388 2718 5398 ι.
2818 5387 2829 5398 ι
3102 5390 3138 5398 -ι
