3948 5398
500 386 608 445 se?
625 350 633 357 ’

1493 373 1559 446 lx
1599 388 1851 447 onoms
1887 356 2177 446 annuis
2214 387 2715 449 CLUNIACENSIS
2747 392 2788 452 ιι

3670 394 3766 453 δδι

504 498 783 558 osculatur
802 512 897 575 qre
925 510 1023 553 suo
1045 496 1137 568 qui
1167 496 1354 554 laudat
1384 463 1529 569 quod
1554 498 1702 566 facit,
1748 509 1804 556 et
1846 499 2080 556 testimo-
2114 507 2164 568 Α
2194 498 2398 554 invenit
2424 500 2575 567 foris,
2607 502 2881 572 patienter
2905 501 3245 558 adversarios
3267 502 3509 575 pertulit,
3535 503 3678 563 intus
3694 505 3768 561 ζει-

500 591 597 645 nio
615 563 853 661 propriae
874 563 1164 643 locutionis
1215 586 1319 643 sibi
1352 563 1609 658 virtutem
1657 563 1849 644 tribuit
1880 588 2081 660 operis.

502 674 617 752 Qua
651 684 706 738 in
745 697 804 738 re
841 681 962 751 quis
985 680 1298 751 deSpicitur,
1334 680 1436 736 nisi
1463 681 1509 736 is
1546 681 1640 752 qui
1682 681 1798 751 ipsa
1825 681 2080 750 operandi

500 788 723 829 munera
753 771 1013 843 largitur?
1044 770 1196 826 Unde
1223 771 1360 826 bene
1383 786 1481 842 per
1506 772 1780 843 egregium
1811 770 2083 826 Praedica-

498 874 673 921 torem
703 863 933 918 dicitur:
967 879 986 913 ι
1025 859 1163 928 Quid
1187 869 1369 916 autem
1416 862 1584 917 habes
1620 862 1765 932 quod
1799 878 1904 917 non
1926 877 2083 918 acce-

497 955 670 1027 pisti?
706 954 763 1009 Si
794 962 978 1008 autem
1018 953 1299 1025 accepisti,
1344 953 1472 1024 quid
1510 953 1761 1024 gloriaris
1788 956 1941 1025 quasi
1974 970 2081 1012 non

499 1044 806 1116 acceperis?
836 1043 885 1115 (1
909 1043 1032 1098 Cor.
1064 1061 1136 1111 ιν,
1168 1044 1244 1115 7).
1285 1064 1304 1098 ι
1338 1043 1490 1100 Unde
1516 1055 1571 1100 et
1590 1046 1838 1116 protinus
1858 1046 2076 1102 subdit:

503 1133 635 1201 Quae
663 1143 740 1188 est
770 1133 1019 1204 iniquitas
1043 1134 1297 1199 maxima,
1341 1143 1390 1188 et
1418 1136 1625 1206 negatio
1679 1147 1862 1189 contra
1914 1135 2079 1191 Deum

495 1229 835 1284 altissimum.
892 1227 1089 1298 Liquet
1146 1227 1289 1283 enim
1335 1227 1461 1298 quia
1507 1227 1654 1282 illum
1714 1212 1895 1297 negat,
1927 1227 2080 1298 cujus

497 1322 751 1391 despecta
782 1319 957 1389 gratia
992 1318 1094 1373 sibi
1121 1318 1264 1373 vires
1292 1318 1420 1374 boni
1457 1319 1639 1390 operis
1666 1327 1901 1389 arrogat.
1925 1317 2080 1385 Quod

495 1420 646 1469 recte
691 1425 907 1482 quoque
959 1417 1014 1465 et
1057 1409 1313 1481 iniquitas
1358 1410 1591 1464 maxima
1646 1419 1892 1475 vocatur,
1951 1408 2079 1478 quia

498 1509 962 1574 omnepeccatum
985 1497 1126 1570 quod
1153 1514 1220 1554 ex
1239 1498 1555 1554 inﬁrmitate
1577 1508 1681 1564 est,
1698 1512 1846 1569 spem
1877 1512 2080 1568 nequa-

495 1591 888 1666 quamperdit,
915 1592 1040 1663 quia
1064 1607 1093 1646 a
1116 1605 1349 1660 superno
1369 1589 1557 1645 Judice
1591 1590 1803 1644 veniam
1829 1589 2075 1659 requirit.

492 1666 849 1756 Praesumptio
873 1694 1053 1740 autem
1093 1682 1310 1738 virtutis
1334 1681 1567 1753 proprize
1592 1690 1743 1735 tanto
1770 1681 1996 1755 gravius
2024 1681 2077 1736 in

492 1777 871 1849 desperatione
902 1786 987 1832 est
1028 1781 1231 1845 quanto
1259 1771 1472 1842 longius
1517 1770 1585 1826 ab
1628 1769 1950 1825 humilitate.
1986 1763 2087 1825 Se?

492 1870 678 1940 quitur
702 1886 716 1924 :

563 1987 728 2043 Vsus.
758 1984 851 2040 29.
884 1982 944 2038 Si
983 1981 1192 2052 gavisus
1218 1994 1336 2034 sum
1377 1978 1447 2032 ad
1481 1977 1694 2032 ruinam
1736 1976 1852 2046 ejus
1879 1974 1970 2046 qui
1994 1989 2077 2030 me

484 2078 700 2143 oderat,
737 2086 785 2130 et
817 2072 1076 2130 exsultavi
1117 2072 1256 2143 quod
1287 2070 1565 2125 invenisset
1595 2084 1714 2123 eum
1753 2067 1974 2122 malum.
2007 2096 2079 2107 —

488 2165 893 2238 Omnipotentis
920 2163 1015 2218 Dei
1046 2178 1145 2218 nos
1192 2176 1312 2218 esse
1341 2160 1636 2231 discipulos
1674 2159 1788 2215 sola
1832 2159 2077 2217 custodia

488 2262 778 2318 charitatis
805 2259 1015 2331 probat.
1044 2256 1181 2313 [line
1224 2264 1309 2312 est
1356 2256 1505 2311 enim
1559 2256 1701 2325 quod
1732 2270 1830 2326 per
1874 2262 2076 2311 semet-

493 2355 676 2426 ipsum
725 2351 940 2407 Veritas
990 2348 1123 2404 dicit
1161 2364 1175 2401 :
1214 2364 1233 2398 t
1270 2346 1329 2401 ln
1377 2346 1481 2401 hoc
1513 2356 1845 2414 cognoscent
1888 2360 2077 2400 omnes

491 2444 620 2515 quia
641 2442 746 2498 mei
774 2439 1022 2511 discipuli
1050 2437 1202 2505 estis,
1234 2437 1278 2493 si
1322 2436 1665 2493 dilectionem
1687 2436 1988 2492 habueritis
2008 2435 2077 2490 ad

484 2536 722 2593 invicem
752 2534 935 2606 (Joan.
963 2546 1084 2597 xm,
1116 2530 1230 2600 55).
1270 2548 1288 2581 ι
1323 2529 1453 2596 Qua:
1497 2528 1755 2583 nimirum
1787 2528 2005 2583 dilectio
2030 2527 2077 2582 si

489 2643 587 2686 cor
613 2635 857 2683 nostrum
883 2622 1152 2679 veraciter
1189 2619 1383 2691 replet,
1405 2620 1614 2675 duobus
1666 2619 1842 2674 modis
1863 2617 2078 2674 ostendi

490 2718 650 2784 solet,
674 2716 884 2773 scilicet
905 2713 952 2769 si
1005 2719 1061 2767 et
1085 2712 1293 2766 amicos
1323 2710 1376 2764 in
1412 2708 1542 2772 Deo,
1573 2716 1630 2763 et
1681 2707 1934 2762 inimicos
1956 2705 2079 2761 dili—

487 2810 669 2881 gimus
692 2815 917 2879 promer
943 2802 1134 2858 Deum.
1161 2800 1267 2857 Sed
1308 2800 1586 2855 sciendum
1625 2797 1781 2853 nobis
1818 2797 1942 2883 quia
1976 2796 2079 2852 ini-

490 2903 634 2957 mico
659 2897 930 2953 veraciter
952 2892 1277 2957 custoditur,
1299 2906 1422 2947 cum
1444 2905 1543 2946 nec
1568 2888 1634 2943 de
1658 2888 1902 2959 profectu
1926 2886 2079 2943 addi-

489 2992 686 3056 cimur,
733 3001 836 3043 nec
879 2988 946 3043 de
997 2984 1155 3041 ruina
1207 2982 1352 3039 illius
1409 2982 1674 3037 iremnur.
1723 2979 1782 3036 Si
1830 2979 1976 3035 enim
2012 2979 2080 3035 de

492 3080 858 3154 prosperitate
898 3077 1184 3143 addicitur,
1215 3084 1271 3131 et
1322 3074 1389 3130 de
1416 3072 1726 3128 calamitate
1764 3086 1823 3127 se
1845 3070 2080 3127 odientis

488 3175 728 3238 la:tatur,
780 3175 1002 3226 constat
1046 3167 1169 3237 quia
1227 3181 1333 3221 non
1385 3175 1532 3220 amat
1581 3179 1742 3234 quem
1807 3178 1917 3219 non
1962 3161 2078 3217 vult

489 3278 612 3320 esse
645 3259 946 3325 meliorem,
983 3272 1214 3327 eumque
1268 3256 1430 3310 etiam
1456 3263 1689 3310 stantem
1740 3263 1866 3309 voto
1893 3266 2075 3324 perse-

494 3355 684 3427 quitur
721 3367 882 3425 quem
919 3348 1186 3406 cecidisse
1223 3346 1547 3418 gratulatur.
1583 3347 1651 3401 Et
1679 3354 1737 3401 ut
1764 3345 1959 3401 beatus
1976 3343 2080 3400 Job

497 3445 810 3502 ostenderet
830 3456 888 3498 se
917 3455 949 3496 a
977 3439 1135 3509 culpa
1183 3438 1349 3493 etiam
1395 3435 1791 3491 maledic-tionis
1818 3433 2085 3499 alienum,‘

499 3544 719 3593 secutus
747 3531 1025 3604 adjunxit:

566 3643 729 3700 Vsus.
761 3640 853 3699 50.
889 3639 1015 3696 Non
1062 3640 1199 3695 enim
1244 3639 1365 3694 dedi
1417 3639 1488 3693 ad
1530 3637 1850 3710 peccandum
1898 3647 2081 3709 guttur

490 3751 685 3799 meum,
738 3743 793 3788 ut
841 3740 1193 3803 exspectarem
1220 3729 1537 3784 maledicam
1580 3730 1813 3783 animam
1840 3729 1976 3798 eius.
2009 3759 2081 3772 --

497 3827 757 3884 Peccaret
794 3828 991 3896 quippe
1029 3823 1076 3878 si
1120 3824 1223 3879 hoc
1253 3832 1470 3894 optaret
1517 3837 1549 3876 a
1589 3822 1701 3878 Deo
1744 3822 1895 3890 ﬁeri,
1934 3823 2080 3895 quod

494 3922 613 3992 ipse
654 3918 834 3974 facere
874 3917 961 3972 vel
1004 3916 1227 3971 omnino
1266 3930 1374 3971 non
1414 3924 1620 3986 posset,
1652 3914 1754 3981 vel,
1788 3915 1832 3970 si
1872 3922 2077 3986 posset,

495 4013 723 4068 minime
746 4011 969 4066 diceret.
1014 4007 1147 4062 Nam
1175 4007 1268 4079 qui
1300 4007 1767 4064 maledictionihus
1802 4008 2079 4063 inimicum

494 4104 787 4173 impctunt,
813 4099 943 4170 quid
965 4098 1108 4153 aliud
1140 4098 1194 4152 in
1220 4097 1312 4153 illo
1332 4096 1522 4154 facere
1544 4098 1717 4153 Deum
1746 4098 1954 4164 volunt,
1977 4098 2080 4154 nisi

497 4194 642 4263 quod
673 4191 770 4262 ipsi
805 4190 982 4247 facere
1012 4197 1105 4244 aut
1133 4197 1430 4260 nequeunt,
1470 4197 1564 4244 aut
1590 4188 1952 4246 erubescunt?
1983 4187 2083 4245 Se-

500 4285 686 4355 quitur
722 4300 735 4336 :

571 4395 738 4451 Vsus.
770 4397 858 4451 '5l.
912 4394 973 4451 Si
1014 4411 1119 4450 non
1163 4395 1407 4453 dixerunt
1446 4396 1546 4452 viri
1581 4396 1906 4453 tabernaculi
1943 4398 2079 4452 mei:

503 4487 637 4554 Quis
665 4486 749 4541 det
784 4487 848 4540 de
882 4486 1127 4539 carnibus
1163 4486 1276 4555 ejus
1303 4496 1363 4541 ut
1396 4489 1818 4542 saturemur?—
1840 4488 1971 4555 Quae
1999 4490 2081 4543 ni-

2187 599 2382 647 tentes.

2256 680 2416 737 Vens.
2456 683 2545 737 '52.
2590 681 2746 738 Foris
2792 699 2895 737 non
2946 684 3139 738 mansit
3188 685 3494 755 peregrinus
3520 724 3538 751 ,
3581 688 3766 741 ostium

2183 788 2354 827 meum
2378 773 2565 827 viatori
2598 774 2789 843 patuit.
2814 804 2881 813 —
2910 772 3069 840 Quia,
3123 783 3260 830 teste
3291 775 3482 843 Paulo,
3532 777 3764 834 charitas

2182 864 2396 934 patiens
2446 874 2503 921 et
2543 866 2776 936 benigna
2805 866 3129 921 describitur
3157 864 3210 938 (I
3246 863 3368 920 Cor.
3394 882 3529 934 xm,
3557 869 3638 939 4),
3678 883 3767 939 pe:

2182 953 2497 1023 patientiam
2528 953 2704 1009 aliena
2734 954 2874 1008 mala
2903 954 3282 1023 aequanimiter
3310 955 3526 1021 tolerat,
3554 971 3658 1026 per
3678 957 3760 1012 be-

2182 1044 2501 1115 nignitatem
2561 1061 2775 1116 quoque
2814 1046 2953 1100 bona
3014 1039 3443 1101 misericorditer
3509 1047 3766 1116 impendt

2181 1151 2299 1192 sua.
2349 1135 2503 1192 Unde
2533 1139 2723 1192 beatus
2757 1136 2859 1192 Job
2916 1146 2973 1192 et
3012 1138 3280 1207 patienter
3303 1138 3635 1195 domesticos
3662 1156 3765 1195 ma-

2180 1226 2479 1284 ledicentes
2527 1227 2767 1298 pertulit,
2820 1237 2876 1282 et
2932 1228 3173 1283 viatores
3225 1235 3392 1298 atque
3455 1230 3765 1300 peregrinos

2180 1317 2337 1388 apud,
2367 1332 2427 1372 se
2474 1317 2707 1387 benigne
2756 1317 3037 1387 suscepit:
3094 1316 3201 1370 illis
3256 1331 3471 1371 morum
3520 1319 3765 1389 exempla

2182 1405 2458 1475 tribuens,
2487 1406 2593 1461 illis
2617 1421 2714 1476 per
2739 1407 3065 1462 exteriorem
3087 1420 3242 1477 opem
3269 1421 3629 1465 concurrens.
3671 1408 3765 1467 Se-

2181 1497 2371 1569 quitur
2398 1515 2413 1552 :

2250 1586 2419 1643 Vnus.
2437 1587 2526 1643 '55.
2554 1586 2614 1642 Si
2635 1587 2885 1642 abscondi
2907 1589 3061 1660 quasi
3088 1591 3242 1644 homo
3262 1600 3536 1661 peccatum
3567 1606 3761 1659 metu,

2179 1688 2227 1734 et
2251 1679 2414 1734 celavi
2436 1680 2491 1733 in
2517 1679 2636 1733 sinu
2672 1694 2785 1733 meo
2815 1679 3144 1750 iniquitatem
3182 1697 3373 1736 meam.
3394 1712 3467 1723 -—
3491 1681 3622 1738 Haec
3640 1692 3765 1738 sunt

2180 1785 2414 1841 namque
2442 1785 2583 1825 verte
2614 1762 2937 1825 humilitatis
2970 1771 3304 1837 testimonia,
3339 1779 3396 1828 et
3424 1772 3762 1843 iniquitatem

2102 1868 2151 1927 Β
2177 1876 2330 1916 suam
2381 1875 2649 1931 quemque
2690 1875 3041 1933 cognoscere,
3075 1870 3132 1917 et
3160 1864 3435 1936 cognitam
3463 1880 3600 1920 voce
3636 1880 3765 1920 con-

2177 1951 2430 2007 fessionis
2459 1951 2690 2021 aperire.
2712 1952 2782 2005 At
2805 1961 2996 2007 contra
3022 1953 3277 2009 usitatum
3307 1955 3527 2010 humani
3552 1957 3763 2027 generis

2178 2043 2365 2098 vitium
2420 2051 2526 2109 est,
2579 2051 2635 2098 et
2684 2041 2914 2099 laheudo
2962 2054 3246 2115 peccatum
3294 2047 3667 2115 committere,
3707 2057 3769 2105 et

2176 2134 2528 2190 commissum
2557 2135 2805 2205 negando
2852 2136 3206 2203 abscondere,
3255 2146 3311 2193 et
3349 2140 3629 2210 cognitum
3672 2140 3767 2195 de-

2178 2224 2448 2281 fendendo
2495 2225 2872 2297 multiplicare.
2920 2226 3000 2280 Ex
3048 2226 3139 2285 illo
3166 2228 3365 2299 quippe
3412 2230 3569 2300 lapsu
3606 2231 3765 2302 primi

2179 2317 2414 2373 hominis
2444 2317 2559 2373 haec
2607 2327 2895 2388 augmenta
2937 2319 3192 2389 nequitia:
3244 2320 3513 2388 ducimus,
3559 2336 3627 2378 ex
3657 2337 3768 2393 quo

2179 2407 2352 2477 ipsam
2399 2407 2635 2461 radicem
2685 2407 2953 2462 traximus
2996 2407 3188 2478 culpae.
3238 2408 3375 2478 Quia
3424 2411 3595 2481 igitur
3651 2412 3769 2467 haec

2178 2495 2558 2551 occultationis
2585 2496 2740 2566 culpa
2780 2497 2832 2551 in
2861 2497 3098 2553 humano
3122 2500 3473 2555 vehementer
3500 2504 3767 2569 excrevit,

2180 2586 2317 2641 bene
2349 2589 2539 2641 beatus
2567 2584 2668 2640 Job
2704 2586 2830 2640 dum
2863 2588 3102 2654 diceret,
3146 2589 3193 2643 si
3222 2589 3475 2644 abscondi
3493 2602 3770 2661 peccatum

2179 2690 2387 2739 meum,
2431 2673 2791 2745 interposuit,
2846 2677 3000 2747 quasi
3056 2677 3230 2732 homo.
3274 2679 3522 2747 Hominis
3571 2682 3772 2754 quippe

2185 2764 2472 2835 proprium
2500 2765 2797 2836 conspicit,
2826 2767 2967 2836 quod
2998 2782 3062 2822 ex
3089 2768 3328 2838 parentis
3357 2771 3564 2825 veteris
3591 2770 3769 2825 imita-

2181 2856 2327 2911 tione
2350 2858 2651 2923 desccndil,
2679 2858 2765 2912 ubi
2798 2867 2922 2929 apte
2956 2860 3242 2915 subditur:
3275 2859 3346 2914 Et
3375 2860 3541 2915 celaui
3571 2864 3627 2916 in
3647 2863 3767 2917 sint

2180 2961 2294 3000 meo
2319 2947 2649 3017 iniquitatem
2697 2962 2886 3001 meum.
2916 2946 3196 3019 Scriptura
3224 2950 3426 3004 etenim
3454 2966 3618 3007 sacra
3654 2952 3770 3022 ple—

2182 3054 2410 3109 rumque
2456 3040 2637 3095 sinum
2684 3053 2888 3110 ponere
2916 3055 3017 3110 pro
3058 3049 3237 3097 mente
3270 3044 3579 3107 consuevit,
3631 3045 3769 3100 sicut

2181 3145 2314 3186 voce
2339 3130 2597 3187 Ecclesia:
2627 3131 2694 3187 de
2738 3133 3178 3203 persecutoribus
3222 3135 3422 3189 nostris
3442 3175 3458 3199 ,
3487 3134 3583 3205 qui
3616 3135 3769 3192 nobis

2103 3212 2149 3275 C
2179 3229 2372 3277 natura
2425 3221 2644 3293 quidem
2684 3221 2955 3290 conjuncti
2995 3231 3154 3289 sunt,
3192 3222 3287 3279 sed
3326 3224 3437 3279 vita
3489 3225 3767 3297 disiuncti,

2179 3327 2276 3382 per
2292 3311 2638 3369 Psalmistam
2659 3312 2887 3368 dicitur:
2910 3332 2929 3364 ι
2953 3313 3136 3368 Redde
3148 3314 3345 3371 vicinis
3359 3317 3568 3372 nostris
3591 3327 3769 3389 septu-

2174 3403 2326 3473 plum
2359 3403 2413 3459 in
2445 3404 2563 3461 sinu
2594 3419 2781 3460 eorum
2812 3402 2985 3476 (Psal.
3013 3420 3239 3471 Lxxvm,
3270 3405 3380 3478 l2).
3413 3425 3434 3459 ι
3487 3407 3629 3475 Quia

2181 3503 2271 3549 tur
2294 3496 2446 3550 sinus
2466 3504 2738 3551 secretum
2767 3496 2968 3551 mentis
2995 3496 3280 3567 accipitur,
3312 3498 3366 3552 in
3404 3497 3536 3554 sinu
3569 3498 3766 3570 iniqui-

2181 3594 2344 3640 tatem
2374 3584 2551 3641 celare
2574 3595 2678 3652 est,
2708 3586 2849 3641 hanc
2876 3585 2930 3640 in
2953 3587 3299 3642 conscientia:
3327 3586 3571 3643 latibulis
3593 3589 3767 3644 occul-

2182 3682 2320 3741 tare,
2348 3689 2448 3730 nec
2476 3690 2576 3747 per
2603 3674 3003 3733 confessionem
3032 3677 3303 3749 detegere,
3330 3678 3426 3734 sed
3456 3694 3560 3750 per
3584 3677 3766 3735 defea-

2180 3765 2387 3822 sionem
2444 3766 2645 3823 velare.
2673 3767 2791 3835 Quo
2818 3777 3008 3824 contra
3032 3767 3266 3825 Jacobus
3295 3768 3454 3824 dicit:
3497 3788 3516 3822 ε
3536 3770 3762 3827 Οοιιῆιεε

2181 3854 2314 3909 mini
2338 3854 2658 3910 alterutrum
2676 3865 2904 3927 peccata
2931 3866 3137 3923 vestra,
3160 3866 3216 3915 et
3238 3867 3390 3914 orate
3409 3873 3511 3930 pro
3536 3860 3764 3917 invicem

2181 3952 2241 3999 ut
2266 3944 2267 3947 “
2288 3945 2571 4001 salvemini
2621 3946 2763 4019 (Jac.
2789 3963 2846 4014 v,
2877 3947 2987 4020 l6).
3026 3968 3047 4002 ι
3096 3948 3349 4008 Salomon
3381 3965 3605 4022 quoque
3642 3953 3720 4008 ait
3744 3969 3763 4007 :

2188 4035 2207 4089 ά
2238 4035 2341 4103 Qui
2369 4038 2653 4094 abscondit
2687 4040 2889 4096 scelera
2920 4057 3038 4107 sua,
3077 4058 3184 4099 non
3215 4043 3512 4116 dirigetur;
3538 4045 3637 4117 qui
3672 4061 3768 4102 au-

2184 4135 2291 4182 tem
2317 4126 2598 4183 confessus
2623 4128 2806 4196 fuerit,
2831 4140 2886 4186 et
2915 4131 3193 4203 reliquerit
3218 4147 3303 4199 ea,
3332 4134 3764 4191 misericord.am

2182 4225 2545 4288 consequetur
2591 4216 2773 4290 (Prov.
2832 4236 3025 4288 xxvut,
3078 4220 3189 4291 1⁸5).
3222 4238 3242 4274 ι
3299 4221 3409 4278 Sed
3460 4224 3613 4280 inter
3651 4224 3766 4280 hac

2184 4305 2459 4362 sciendum
2489 4313 2594 4373 est,
2626 4306 2768 4376 quod
2815 4306 3135 4379 plerumque
3178 4309 3430 4366 homines
3473 4321 3532 4367 et
3581 4328 3765 4384 culpas

2183 4397 2512 4456 conﬁtentur
2540 4406 2598 4454 et
2624 4398 2856 4456 humiles
2885 4415 2992 4455 non
3029 4409 3175 4456 sunt.
3212 4398 3416 4473 Beatus
3455 4404 3640 4474 itaque
3663 4401 3763 4460 Job

2183 4498 2403 4561 quantae
2446 4489 2769 4545 humilitatis
2818 4490 2984 4555 fuerit
3024 4491 3282 4556 ostendit,
3316 4494 3501 4563 quise
3543 4504 3600 4550 et
3627 4494 3764 4549 inter

501 4579 697 4633 mirum
743 4576 1011 4632 sententia
1056 4584 1236 4646 potest
1260 4591 1474 4647 quoque
1509 4592 1609 4647 per
1643 4580 1962 4650 mysterium
2010 4594 2077 4635 ex
2108 4566 2158 4627 Ῑ)
2183 4581 2526 4637 adversarios
2551 4590 2776 4638 noverat
2799 4582 3003 4650 vivere,
3027 4595 3083 4639 et
3126 4593 3307 4640 tamen
3337 4601 3445 4640 non
3473 4588 3764 4643 verebatur

498 4685 631 4726 voce
662 4669 1041 4740 Redemptoris
1078 4668 1324 4739 intelligi.
1370 4670 1485 4725 Viri
1513 4670 1711 4741 quippe
1751 4670 1869 4741 ejus
1896 4672 2077 4729 taber-

501 4760 714 4825 naculi,
767 4759 833 4815 de
867 4757 1126 4814 carnibus
1164 4758 1307 4814 illius
1349 4760 1581 4814 saturari
1632 4760 1950 4830 cupierunt,
1994 4760 2080 4817 vel

497 4853 669 4909 .ludmi
700 4852 909 4908 scilicet
948 4858 1341 4923 persequentes
1361 4891 1377 4917 ,
1406 4851 1492 4907 vel
1517 4850 1748 4923 gentiles
1774 4853 2079 4908 credentes.

500 4944 638 5013 Quia
685 4952 741 4998 et
794 4942 868 4997 illi
918 4942 1086 4998 moliti
1134 4951 1261 4997 sunt
1298 4956 1498 5012 corpus
1541 4941 1684 4998 illius
1714 4943 2081 5000 consumendo

501 5035 882 5106 exstinguere,
911 5040 966 5089 et
1002 5032 1091 5089 isti
1118 5033 1450 5089 esurientem
1484 5043 1719 5088 mentem
1751 5048 1907 5089 suam
1939 5034 2083 5091 desi-

503 5125 702 5180 derant
730 5139 828 5194 per
852 5123 1228 5193 quotidianum
1252 5123 1639 5179 immolationis
1663 5125 1994 5181 sacriﬁcium
2019 5125 2085 5181 de

2183 4670 2367 4742 culpas
2390 4685 2524 4726 voce
2543 4671 2900 4739 confessionis
2920 4673 3153 4742 aperire.
3170 4671 3277 4729 Sed
3299 4677 3604 4731 notandum
3624 4677 3763 4746 quod

2184 4762 2436 4833 superius
2478 4763 2711 4820 virtutes
2747 4777 2876 4819 suas
2905 4763 3176 4836 loquitur,
3210 4765 3439 4822 inferius
3480 4782 3763 4838 peccatum

2185 4853 2406 4909 fatetur.
2435 4853 2576 4910 Hinc
2606 4855 2751 4910 enim
2799 4856 3005 4925 liquido
3054 4855 3393 4915 demonstrat
3442 4875 3610 4930 quam
3641 4874 3765 4914 vera

2186 4947 2253 5002 de
2280 4945 2436 5002 bonis
2465 4946 2579 5002 suis
2599 4948 2831 5015 dixerat,
2853 4947 2946 5019 qui
2967 4948 3139 5005 noluit
3173 4958 3350 5007 tacere
3371 4952 3440 5007 de
3469 4954 3644 5008 malis.
3667 4951 3765 5007 Se-

2188 5037 2376 5108 quitur
2400 5054 2416 5092 :

2258 5128 2426 5184 Vens.
2460 5127 2552 5183 34.
2602 5127 2666 5185 Si
2705 5130 2887 5199 exponi
2912 5130 2984 5186 ad
3019 5131 3409 5191 multitudinem
3437 5136 3681 5202 uiritim,
3713 5145 3766 5191 et
