3948 5398
191 318 297 376 369

881 393 903 401 __
939 316 1243 377 EPITOME
1277 316 1644 377 MORALIUM
1680 318 1741 375 S.
1781 317 1987 374 GREG.
2030 316 2096 372 IN
2132 315 2272 401 ῘΟΒ.
2309 348 2377 358 --
2416 318 2543 373 LIB.
2584 313 2746 373 XXII.

3349 314 3454 371 37D

186 443 482 487 manemus
541 446 597 485 In
655 396 985 487 conscientia
1009 471 1025 497 ,
1085 432 1221 487 tales
1268 431 1417 488 foras
1462 432 1643 504 egredi
1684 445 1780 502 per
1805 433 1855 493 Α
1884 429 1931 501 (Ι
1963 430 2124 485 Joan.
2152 396 2327 501 n,‘i).
2363 450 2381 483 ι
2429 430 2658 501 Adiutor
2683 444 2812 502 ergo
2853 438 3131 500 qumrntur,
3162 437 3219 484 ut
3244 429 3455 486 deside-

186 517 459 590 linguam.
523 518 665 575 Sunt
722 534 854 576 vero
928 520 1171 576 nonnuili
1228 522 1332 591 qui
1398 522 1618 578 omnino
1683 521 1776 576 de-

185 609 325 677 spici
399 618 681 675 metuunt,
740 624 805 665 ac
866 624 935 665 ne
990 611 1126 667 viles
1184 609 1418 668 fortasse
1446 612 1775 683 iudicentur,

186 699 466 769 sapientes
519 698 689 754 videri
763 708 1064 770 appetunt;
1129 701 1183 755 hi
1256 711 1527 772 coguntur
1578 701 1778 756 ostium

184 787 399 857 egredi,
431 787 561 858 quia
596 788 791 858 pulsati
834 790 1179 846 contumeliis
1206 807 1370 862 quam
1411 792 1590 863 magni
1637 792 1778 862 apud

184 891 248 934 se
301 877 553 945 lateant,
610 879 893 950 loquentes
967 882 1320 951 denuntiant,
1387 884 1624 955 dumque
1679 899 1780 956 per

184 969 591 1038 impatientiam
658 971 789 1027 victi
855 973 1104 1043 quaedam
1161 975 1230 1031 de
1273 990 1332 1032 se
1384 991 1505 1049 quze
1571 958 1782 1034 nescie-

182 1057 395 1115 bantur
451 1063 727 1133 aperiunt,
780 1071 1035 1134 tanquam
1077 1081 1174 1136 per
1213 1067 1326 1123 oris
1382 1068 1584 1124 ostium
1627 1084 1781 1139 egre-

183 1150 434 1208 diuntur.
470 1152 623 1209 Unde
649 1154 839 1214 beatus
860 1155 962 1212 Job
993 1157 1239 1215 dicturus
1266 1161 1411 1230 quod
1443 1161 1558 1218 oris
1580 1161 1778 1219 ostium

182 1256 293 1296 non
324 1241 523 1299 fuisset
567 1260 843 1316 egressus,
891 1250 1178 1319 praemisit,
1208 1254 1390 1314 tacui;
1437 1253 1564 1323 quia
1594 1252 1782 1308 videli-

184 1342 276 1385 cet
303 1332 651 1403 impatientia
694 1336 967 1407 turbatus,
1012 1355 1043 1395 a
1072 1341 1232 1398 domo
1262 1344 1606 1400 conscientia:
1634 1345 1780 1401 exis-

134 1490 139 1494 ο
182 1433 291 1488 set,
326 1425 374 1479 si
419 1434 606 1483 tacere
632 1430 916 1485 nescisset.
959 1431 1029 1489 Et
1061 1434 1357 1488 notandum
1396 1435 1539 1505 quod
1587 1434 1778 1491 beatus

183 1512 290 1570 Job
315 1515 400 1570 ait
426 1531 442 1571 :
473 1516 535 1572 Si
574 1520 759 1588 εωραυὶ
797 1520 867 1574 ad
900 1522 1287 1578 multitudinem
1335 1526 1574 1591 nimiam,
1604 1535 1662 1580 ut
1685 1544 1781 1582 cu-

171 1607 270 1677 ius
317 1610 641 1666 constantia
695 1609 882 1680 fuerit,
932 1624 1292 1685 agnoscatur;
1342 1617 1473 1686 quia
1530 1617 1781 1674 videlicet

180 1715 537 1771 nequaquam
591 1710 831 1759 exterret
881 1706 1125 1762 exterius
1167 1720 1424 1761 numerus
1474 1706 1775 1775 hominum,

1876 520 2015 604 rium
2044 522 2382 587 exaudiatur,
2432 522 2559 592 quia
2595 521 2698 576 nisi
2739 536 2839 590 pro
2888 521 3043 576 nobis
3091 514 3456 591 interpellatio

1877 610 2188 668 Mediatoris
2216 612 2595 679 intercederet,
2641 613 2708 668 ab
2751 627 2884 668 aure
2917 613 3010 667 Dei
3061 612 3250 683 procul
3291 613 3457 669 dubio

1878 714 2182 760 nostrarum
2210 719 2429 775 precum
2457 720 2619 760 voces
2639 704 2881 759 silerent.
2908 703 3213 760 Notandum
3240 718 3458 775 quoque

1878 802 1983 862 est,
2014 795 2157 866 quod
2188 810 2525 865 nequaquam
2554 795 2753 850 dicitur
2778 810 2988 865 preces,
3017 795 3108 849 sed
3137 782 3458 850 desiderium

1878 900 2051 939 meum
2085 884 2422 956 Omnipotens
2474 883 2678 938 audiat.
2731 884 2869 938 Vera
2916 884 3116 954 quippe
3162 885 3458 956 postulatio

1879 989 1987 1029 non
2018 973 2071 1028 in
2097 974 2211 1029 oris
2234 985 2319 1029 est
2344 974 2582 1039 vocibus,
2611 972 2705 1028 sed
2731 973 2784 1029 in
2810 973 3227 1044 cogitationibus
3250 974 3456 1030 cordis.

1879 1062 2216 1119 Valentiores
2242 1079 2475 1135 namque
2502 1078 2662 1119 voces
2686 1062 2827 1134 apud
2857 1063 3258 1119 sacratissimas
3290 1076 3455 1119 aures

1879 1153 1974 1210 Dei
2006 1170 2112 1210 non
2145 1154 2349 1210 faciunt
2391 1154 2553 1209 verba
2583 1163 2788 1221 nostra,
2831 1156 2930 1210 sed
2977 1154 3265 1209 desideria.
3322 1153 3461 1210 Hinc

1879 1247 1932 1302 in
1979 1245 2267 1318 Evangelio
2300 1244 2556 1300 Dominus
2583 1244 2757 1300 dicit:
2814 1260 2835 1296 ι
2870 1244 3014 1299 Intra
3052 1243 3106 1298 in
3151 1243 3462 1300 cubiculum
3528 1232 3533 1243 ’

1880 1347 2050 1403 tuum,
2114 1347 2188 1403 et,
2226 1337 2410 1393 clauso
2444 1337 2585 1392 ostio
2624 1344 2734 1403 tuo,
2789 1351 2885 1391 ora
2938 1335 3154 1391 Patrem
3208 1343 3357 1391 tuum
3404 1334 3467 1389 iis

1879 1430 2160 1495 absconso,
2184 1437 2239 1484 et
2260 1429 2421 1487 Pater
2450 1438 2592 1496 tuus,
2613 1430 2704 1499 qui
2731 1427 2875 1483 videt
2898 1429 2950 1484 iu
2970 1428 3314 1495 abscondito,
3340 1430 3467 1486 red-

1877 1524 1967 1580 det
1997 1522 2090 1578 tibi
2132 1521 2349 1593 (Matth.
2381 1538 2463 1588 vr,
2492 1521 2569 1595 6).
2602 1541 2621 1575 ι
2653 1522 2953 1593 Sequitur:
2999 1519 3065 1576 Et
3113 1521 3308 1576 Librum
3337 1521 3471 1576 scri-

1878 1613 1963 1669 bat
1991 1614 2206 1684 ipsequi
2232 1612 2462 1683 judicat.
2506 1644 2577 1655 —
2628 1613 2763 1682 Quia
2821 1612 2966 1697 enim
3020 1612 3245 1667 timenti
3283 1613 3463 1668 adhuc

1878 1705 2072 1776 populo
2102 1704 2187 1761 lex
2217 1714 2302 1760 est
2346 1705 2666 1761 transmissa
2701 1719 2799 1775 per
2835 1720 3070 1767 servum,
3118 1704 3472 1773 diligentibus

180 1805 352 1860 quem
382 1805 490 1845 non
521 1791 769 1847 devastat
800 1791 1031 1849 interius
1075 1793 1231 1849 turba
1274 1794 1547 1850 vitiorum.
1584 1794 1642 1850 In
1674 1773 1778 1853 hac
1806 1773 1854 1835 Β
1880 1773 2011 1852 vero
2034 1794 2159 1850 ﬁliis
2182 1794 2455 1866 Evangelii
2481 1795 2661 1867 gratia
2686 1773 2771 1850 est
2794 1794 2988 1851 collata
3020 1809 3118 1867 per
3146 1794 3460 1859 Dominum,

180 1881 541 1937 etenim'vita
571 1882 664 1951 qui
704 1883 850 1937 nulla
889 1900 1150 1955 prospera
1188 1886 1413 1955 appetit,
1446 1886 1635 1956 procul
1680 1887 1781 1942 du-

1878 1885 1971 1957 qui
2013 1884 2081 1939 ad
2113 1884 2533 1954 redemptionem
2567 1893 2803 1940 nostram
2833 1885 3085 1950 veniens,
3126 1883 3336 1940 Novum
3366 1898 3475 1939 no--

177 1970 277 2026 bio
314 1969 546 2027 adversa
596 1972 945 2043 pertimescit.
990 1972 1122 2041 Quae
1158 1973 1367 2030 scilicet
1414 1974 1600 2042 verba,
1632 1976 1678 2032 si
1708 1975 1777 2031 ad
1876 1974 1962 2031 bis
2018 1976 2424 2031 Testamentum
2480 1975 2755 2039 condidit;
2813 1973 2909 2030 sed
2959 1974 3025 2030 de
3074 1972 3315 2044 ejusdem
3352 1989 3463 2035 nos

178 2060 527 2117 intellectum
599 2063 887 2133 mysticum
943 2065 1248 2127 trahimus,
1305 2064 1360 2119 in
1430 2064 1547 2135 ejus
1614 2065 1778 2121 citius
1876 2067 2206 2124 Testamenti
2253 2067 2506 2123 mandato
2554 2064 2872 2132 discutiens,
2926 2067 3250 2137 quandoque
3294 2066 3459 2122 etiam

176 2151 505 2222 operatione
559 2153 731 2208 nostri
799 2154 1176 2225 Redemptoris
1239 2154 1383 2211 facta
1448 2155 1775 2213 invenimus.
1871 2156 2041 2229 iudex
2072 2157 2242 2224 venit,
2272 2158 2637 2213 necessarium
2666 2173 2775 2213 non
2803 2166 2887 2214 est
2927 2165 2986 2213 ut
3025 2172 3124 2228 per
3167 2156 3460 2227 expositio-

178 2240 308 2313 Ipse
348 2244 551 2315 quippe
604 2260 633 2300 a
670 2244 1017 2301 multitudine
1070 2246 1239 2301 nimia
1281 2262 1387 2300 non
1415 2246 1652 2316 expavit,
1683 2249 1777 2317 qui
1877 2263 2000 2304 nem
2027 2248 2293 2303 clarescat
2318 2248 2445 2317 quid
2479 2256 2601 2303 est:
2634 2247 2849 2302 Librum
2888 2248 3082 2322 scribat
3111 2249 3221 2319 ipse
3248 2248 3340 2319 qui
3369 2247 3464 2317 jur-

176 2346 569 2405 persecutores
598 2352 726 2393 suos
769 2355 788 2390 ι
836 2352 960 2393 cum
1005 2337 1200 2409 gladiis
1252 2347 1307 2395 et
1356 2336 1590 2395 fustibus
1622 2339 1775 2410 (Luc.
1876 2338 2037 2392 dicat.
2101 2336 2219 2408 Ipsa
2277 2337 2422 2392 enim
2495 2352 2593 2407 per
2638 2353 2697 2393 se
2746 2336 2959 2394 Veritas
3004 2339 3150 2409 dicat
3189 2355 3205 2393 :
3244 2357 3262 2390 ‹
3297 2337 3464 2393 Pater

179 2441 337 2491 uti,
370 2426 463 2496 52)
498 2447 518 2479 ι
553 2428 835 2483 venientes
876 2444 980 2482 una
1012 2436 1220 2484 tantum
1266 2429 1613 2499 responsione
1654 2446 1780 2500 per—
1878 2412 1985 2484 non
2021 2429 2227 2501 iudicat
2254 2445 2606 2500 quemquam,
2651 2429 2747 2484 sed
2784 2443 2944 2485 omne
2997 2429 3261 2500 judicium
3314 2428 3462 2484 dedit

180 2517 349 2583 cutit,
376 2517 609 2573 dicens:
644 2537 662 2569 ‹
701 2518 812 2588 Ego
856 2534 975 2573 sum
1004 2519 1185 2589 (Joan.
1236 2536 1389 2583 Lvm,
1427 2519 1504 2591 5).
1544 2540 1562 2571 ι
1596 2520 1774 2590 ipsum
1878 2518 2015 2574 Filio
2041 2517 2221 2589 (Joan.
2249 2534 2299 2583 v,
2326 2519 2441 2591 22).
2476 2538 2494 2570 ι
2539 2518 2658 2574 Erit
2697 2532 2829 2588 ergo
2873 2527 3001 2573 tunc
3049 2527 3240 2573 auctor
3268 2517 3460 2589 iudicii

180 2605 469 2679 despectio
522 2608 950 2679 propinquorum
1002 2624 1107 2665 non
1163 2611 1380 2677 terruit,
1432 2611 1524 2681 qui
1569 2626 1669 2667 nos
1709 2612 1777 2667 ab
1878 2610 1969 2680 qui
1996 2623 2138 2663 nunc
2165 2617 2249 2664 est
2273 2608 2521 2664 conditor
2543 2607 2688 2671 libri,
2716 2616 2926 2663 uttunc
2949 2607 3228 2663 districtus
3255 2606 3459 2678 exigat,

178 2698 409 2754 cternis
447 2698 725 2769 suppliciis
754 2699 1016 2765 liberans,
1056 2699 1268 2770 palmas
1315 2700 1369 2755 in
1408 2701 1548 2756 l'acie
1597 2718 1777 2771 mqua-
1878 2702 2020 2771 quod
2046 2701 2205 2755 modo
2248 2707 2564 2755 mansuetus
2605 2697 2777 2765 jubet.
2815 2697 2987 2764 Quem
3023 2697 3232 2753 scilicet
3261 2697 3458 2753 librum

180 2790 412 2845 nimiter
436 2791 663 2861 accepit.
704 2790 821 2860 ipse
845 2791 1037 2855 tacuit,
1071 2799 1127 2846 et
1164 2792 1362 2846 ostium
1389 2804 1640 2863 egressus
1669 2808 1777 2848 non
1880 2790 2011 2845 Novi
2056 2789 2409 2853 Testamenti,
2440 2788 2564 2858 quia
2600 2788 2714 2857 ipse
2766 2803 2863 2858 per
2892 2801 2951 2843 se
2990 2787 3215 2842 humani
3246 2789 3462 2858 generis

179 2888 291 2945 est,
322 2879 453 2950 quia
487 2880 585 2935 sub
618 2880 729 2950 ipsa
772 2878 888 2949 iam
934 2881 1203 2951 passionis
1249 2881 1403 2945 hora,
1435 2897 1558 2936 cum
1588 2882 1778 2937 huma-

179 2971 379 3027 nitatis
399 2971 612 3027 inﬁrma
642 2981 936 3043 pateretur,
969 2973 1269 3029 divinitatis
1297 2974 1595 3043 potentiam
1620 2989 1780 3030 exer-

181 3076 315 3118 cere
371 3063 567 3118 noluit.
636 3063 916 3120 Mediatori
970 3065 1169 3136 quippe
1220 3065 1314 3120 Dei
1372 3074 1426 3121 et
1474 3065 1776 3132 hominum,

1879 2879 2209 2948 Redemptor
2263 2879 2316 2933 in
2375 2887 2620 2960 extremo
2673 2878 2950 2941 conderet,
3024 2878 3162 2933 bene
3212 2878 3493 2934 Ezechiel-

1877 2970 2140 3041 propheta
2179 2968 2460 3024 denuntiat
2507 2968 2733 3023 dicens:
2790 2987 2808 3020 ι
2853 2968 2992 3023 Ecce
3032 2982 3125 3024 sex
3156 2969 3257 3023 viri
3284 2969 3465 3024 venie-

1879 3060 2009 3115 bant
2038 3059 2103 3114 de
2123 3058 2209 3112 via
2240 3068 2410 3129 portae
2440 3057 2757 3128 superioris,
2788 3055 3008 3127 respicit
3034 3055 3102 3110 ad
3128 3057 3457 3127 aquilonem,

180 3155 349 3225 quasi
396 3155 581 3227 egredi
634 3158 832 3212 ostium
880 3156 1089 3223 fuisset,
1124 3158 1167 3212 si
1223 3174 1347 3213 cum
1398 3165 1673 3214 terreretur
1719 3124 1850 3213 mc
1878 3148 2375 3220 etuniuscuiusque
2402 3163 2498 3202 vas
2526 3147 2779 3202 interitus
2823 3147 2872 3200 in
2905 3162 3069 3201 manu
3107 3146 3246 3218 ejus.
3294 3139 3320 3200 ι’
3372 3146 3465 3202 Vir

180 3243 355 3299 homo
382 3244 691 3314 maiestatis.
714 3261 824 3301 sua:
850 3247 1147 3316 potentiam
1173 3246 1435 3303 voluisset
1458 3248 1776 3315 ostendere,

178 3341 243 3390 et
294 3350 397 3405 per
437 3334 741 3391 divinitatis
796 3337 1225 3408 magnitudinem
1274 3349 1543 3409 susceptae
1595 3337 1779 3393 carnis

182 3422 407 3479 inﬁrma
440 3425 692 3481 transire.
728 3424 797 3482 Ut
824 3427 967 3482 enim
1014 3436 1238 3497 apertus
1281 3428 1444 3482 homo
1489 3427 1628 3483 mori
1656 3442 1779 3499 pos-

181 3519 295 3577 set,
327 3511 470 3581 Deus
517 3514 722 3570 mansit
749 3514 1016 3580 occultus,
1064 3533 1083 3566 ι
1132 3516 1258 3587 quia
1287 3516 1331 3571 si
1377 3517 1776 3586 cognovissent,

181 3618 471 3673 nunquam
534 3605 824 3658 Dominum
871 3605 1057 3676 gloria:
1093 3605 1493 3662 cruciﬁxissent
1544 3605 1592 3677 (ι
1648 3605 1773 3661 Cor.

182 3709 229 3750 ιι
252 3734 269 3761 ,
301 3694 381 3767 8).
417 3715 435 3747 ι
490 3693 607 3750 Non
644 3704 728 3751 est
757 3712 889 3768 ergo
918 3712 1170 3767 egressus
1207 3698 1427 3763 ostium,
1460 3698 1553 3766 qui
1595 3706 1650 3751 et
1695 3712 1776 3753 re-

1877 3254 2080 3310 quoque
2108 3253 2244 3291 unus
2283 3237 2338 3291 in
2375 3236 2544 3290 medio
2573 3252 2753 3290 eorum
2784 3238 2997 3291 vestitus
3022 3236 3198 3303 lineis,
3229 3247 3278 3291 et
3317 3246 3465 3293 atra-

1877 3330 2190 3385 mentarium
2220 3329 2491 3399 scriptoris
2552 3329 2607 3383 in
2653 3345 2815 3383 manu
2862 3328 2975 3398 ejus
3024 3325 3241 3401 (Ezech.
3275 3344 3351 3397 Ix,
3382 3327 3461 3400 2).

1881 3416 2139 3488 Sequitur
2164 3435 2177 3471 :
3192 3416 3195 3417 ⁷

1950 3510 2111 3565 Vsus.
2145 3508 2232 3564 56.
2286 3507 2353 3563 Ut
2394 3509 2446 3562 in
2484 3509 2698 3563 humero
2752 3524 2865 3563 meo
2916 3518 3118 3579 partem
3174 3508 3361 3577 illum,
3412 3520 3479 3567 et.

1878 3601 2190 3656 circumdem
2231 3599 2381 3653 illum
2419 3600 2571 3669 quasi
2631 3615 2880 3653 coronam
2934 3599 3084 3652 mihi.
3123 3629 3194 3641 -—
3238 3599 3461 3655 Librum

1878 3691 2075 3761 quippe
2100 3690 2153 3743 in
2194 3690 2422 3744 humero
2449 3697 2668 3759 portare
2696 3696 2780 3742 est
2807 3729 2821 3753 ,
2874 3686 3215 3758 Scripturam
3249 3703 3462 3744 sacram

184 3786 427 3856 quisilus
457 3802 488 3841 a
532 3786 709 3842 Pilato
755 3788 924 3843 tacuit
972 3787 1188 3860 (Matth.
1245 3803 1406 3852 xxvi,
1455 3787 1568 3858 63),
1618 3797 1782 3856 atque
1877 3782 2152 3853 Operando
2208 3783 2489 3852 perlicere.
2545 3779 2613 3835 Et
2671 3779 2964 3834 notandum
3004 3794 3163 3849 quam
3217 3779 3464 3835 ordinate

184 3874 341 3931 inter
365 3889 776 3946 persecuturum
814 3893 1026 3944 manus,
1054 3885 1108 3933 et
1133 3893 1328 3949 corpus
1364 3878 1596 3948 passioni
1624 3879 1781 3933 obtu-
1878 3874 2295 3939 describitur,et
2321 3873 2468 3943 prius
2490 3873 2544 3927 in
2565 3873 2780 3928 humero
2802 3874 3483 3945 portari,etpostmodum.

184 3966 256 4022 lit
298 3968 447 4037 quod
488 3983 588 4038 pro
618 3967 807 4024 electis
851 3977 1243 4039 assumpserat,
1290 3977 1346 4023 et
1396 3968 1780 4023 resistentibus
1878 3966 2017 4023 sicut
2047 3982 2238 4020 corona
2269 3965 2616 4021 circumdari.
2647 3965 2784 4034 Quia
2816 3967 3070 4022 videlicet
3093 3967 3233 4023 sacri
3259 3967 3462 4036 eloquii

184 4056 589 4111 demonstravit
639 4055 783 4126 quod
829 4064 973 4111 erat.
1006 4054 1160 4131 Unde
1198 4058 1363 4112 etiam
1420 4072 1517 4127 per
1550 4056 1781 4113 Psalmi-
1878 4059 2154 4123 mandata,
2177 4056 2395 4113 simodo
2410 4058 2547 4113 bene
2566 4066 2853 4127 portantur
2877 4058 2931 4113 in
2958 4073 3142 4128 Opere,
3163 4068 3287 4131 post
3305 4060 3463 4117 nobis

184 4154 337 4202 stam
381 4146 579 4202 dicitur
612 4163 627 4200 :
663 4163 683 4197 ι
729 4128 1057 4202 Ροειιετιιηί
1084 4161 1170 4201 me
1218 4147 1271 4202 in
1320 4147 1777 4203 abominationem
1876 4147 2116 4204 victoria:
2156 4161 2412 4203 coronam
2464 4147 2721 4202 exhibent
2766 4148 2819 4204 in
2866 4128 3479 4224 retributione.Sequi-_-.

185 4234 325 4301 sibi,
351 4235 581 4290 traditus
605 4249 724 4290 sum
759 4243 813 4292 et
841 4250 951 4291 non
975 4235 1295 4307 egrediehar
1318 4234 1494 4309 (Psat.
1530 4253 1776 4302 Lxxxvu,

184 4321 378 4395 9-10).
412 4340 435 4377 ο
483 4322 745 4393 Sequitur
773 4340 789 4378 :

260 4411 435 4470 Vsus.
472 4413 563 4471 35.
604 4412 736 4480 Quis
764 4415 891 4470 mihi
924 4414 1118 4470 tribuat
1149 4417 1469 4489 adjutorem,
1499 4428 1565 4472 ut
1577 4418 1781 4473 deside-

186 4506 335 4561 rium
387 4522 561 4559 meum
607 4505 948 4576 Omnipotens
996 4506 1239 4563 audiat?
1286 4537 1358 4548 —
1407 4506 1643 4565 Sanctus
1694 4509 1781 4565 vir

185 4604 481 4667 postquam
511 4604 590 4650 tot
617 4596 877 4650 virtutum
910 4611 1132 4652 suarum
1179 4597 1430 4653 sublimia
1475 4607 1625 4670 gesta
1654 4614 1783 4655 nar-

188 4686 371 4754 ravit;
403 4687 580 4742 sciens
621 4688 768 4758 quod
806 4688 921 4744 suis
967 4688 1182 4744 meritis
1228 4690 1296 4744 ad
1346 4705 1555 4745 summa
1587 4706 1779 4763 perve-

187 4776 327 4832 nire.
361 4787 617 4847 nequeat,
646 4776 949 4847 adiutorem
971 4778 1185 4848 quierit,
1219 4787 1275 4835 et
1299 4794 1459 4849 quem
1497 4781 1775 4848 nimirum,

187 4865 296 4921 nisi
330 4867 666 4937 unigenitum
696 4865 794 4921 Dei
841 4866 1038 4922 Filium
1078 4870 1513 4940 contemplatur?
1547 4871 1647 4940 Qui
1679 4872 1781 4927 hu-

188 4971 412 5012 manam
461 4965 714 5013 naturam
770 4957 825 5012 in
877 4959 980 5015 hac
1036 4960 1368 5018 mortalitate
1419 4963 1776 5031 laborantem,

188 5047 324 5103 dum
350 5050 610 5120 suscepit,
664 5045 890 5117 adiuvit.
936 5050 1056 5121 Ipse
1104 5051 1303 5121 quippe
1360 5053 1566 5124 adiuvit
1602 5054 1780 5110 homi-

191 5151 321 5193 nem
368 5137 545 5195 factus
598 5140 792 5203 homo,
839 5147 898 5192 ut
950 5155 1088 5210 puro
1141 5141 1343 5195 homini
1393 5144 1479 5196 via
1514 5145 1776 5200 redeundi

192 5228 351 5256 (ιη--.
390 5247 490 5256 ..--
514 5232 796 5256 I..._..:....M
832 5230 995 5256 nn...“
1068 5233 1280 5256 0-2.4....
1319 5236 1509 5256 ---!_._.-
1547 5236 1682 5256 -,--.1

1879 4248 2002 4297 tur:

1951 4332 2117 4388 Vsus.
2143 4328 2234 4387 '57.
2282 4329 2391 4387 Per
2427 4332 2661 4402 singulos
2687 4335 2884 4406 gradus
2924 4352 3064 4392 meos
3109 4338 3475 4409 pronuntiabo

1880 4422 2050 4478 illum.
2092 4424 2264 4478 —De
2314 4422 2400 4479 his
2457 4424 2655 4494 quippe
2714 4424 3026 4480 meritorum
3075 4413 3332 4497 gradibus
3366 4442 3463 4497 per

1880 4513 2223 4569 Psalmistam
2272 4514 2512 4569 dicitur:
2565 4536 2583 4567 ε
2615 4515 2978 4573 Ambulabunt
3026 4519 3092 4574 de
3142 4520 3341 4575 virtute
3403 4520 3459 4575 in

1881 4604 2137 4659 virtutem
2159 4602 2333 4676 (Psal.
2364 4619 2591 4673 Lxxnn,
2616 4604 2694 4675 8).
2722 4625 2742 4658 ι
2778 4606 2854 4662 De
2880 4608 2965 4663 his
2994 4608 3190 4663 iterum
3215 4618 3462 4666 sanctam

1882 4693 2179 4750 Ecclesiam
2202 4693 2597 4764 contemplatus
2627 4695 2704 4750 ait
2735 4713 2749 4749 :
2782 4715 2801 4748 ι
2824 4697 2966 4753 Deus
2991 4699 3043 4752 in
3070 4699 3323 4770 gradibus
3345 4699 3463 4768 eius

1880 4784 2228 4857 dignoscetur
2255 4825 2271 4851 ,
2303 4786 2428 4841 dum
2458 4786 2717 4857 suscipiet
2749 4801 2869 4842 eam
2906 4787 3080 4858 (Psal.
3110 4806 3253 4845 :Lvn
3280 4830 3296 4855 ,
3326 4790 3405 4861 4).
3439 4812 3459 4846 ι

1882 4873 2068 4947 Neque
2094 4876 2273 4941 enim,
2302 4875 2443 4931 sicut
2470 4877 2675 4932 dictum
2715 4884 2834 4943 est,
2884 4887 3109 4949 repente
3146 4880 3213 4933 ad
3250 4895 3462 4935 summa

1880 4968 2212 5036 pervenitur,
2245 4969 2338 5022 sed
2366 4966 2435 5020 ad
2458 4969 2723 5023 virtutum
2755 4967 3124 5025 celsitudinem
3154 4983 3252 5038 per
3281 4970 3463 5026 incre-

1880 5065 2064 5113 menta
2092 5070 2247 5111 mens
2272 5055 2511 5111 ducitur.
2536 5055 2631 5112 llle
2658 5055 2726 5111 ad
2750 5056 3053 5112 doctrinam
3081 5057 3176 5111 Dei
3195 5059 3469 5114 veraciter

1878 5144 2125 5200 ascendit
2151 5181 2166 5208 ,
2204 5144 2295 5212 qui
2326 5143 2391 5197 ad
2422 5144 2776 5201 obtinendam
2804 5145 2945 5200 hanc
2970 5138 3224 5217 gradibus
3264 5158 3471 5204 sanctae

1884 5243 2205 5256 A--_-IZ-_Z-
2239 5243 2472 5256 -----‘-:.
2562 5245 2602 5256 ,ι
2640 5243 2787 5256 --.διρέ
2837 5249 2933 5256 -ρ-
2984 5243 3214 5256 Αν;-“.-¹⁴1⁸
3272 5248 3356 5256 μ’..-
