3948 5398
491 230 590 286 37'!

1449 234 1503 287 ε.
1548 232 1800 289 ouoms
1838 227 2129 285 ABltATlS
2167 204 2664 319 CL‘UNIACENSIS
2702 232 2743 286 u
3629 235 3712 292 an

490 345 722 417 principi
754 344 949 401 librum
967 343 1164 402 oﬂ'erre
1193 359 1295 410 est,
1321 349 1483 403 verba
1511 357 1903 417 praeceptorum
1938 343 2078 397 illius
2109 340 2152 398 Λ
2183 339 2363 408 positi,
2395 340 2484 410 qui
2519 340 2705 396 volunt
2730 339 2846 395 zelo
2874 349 3077 411 quanto
3102 342 3306 412 possint
3334 356 3490 412 opere
3530 343 3589 398 ad
3615 358 3712 400 eru-

493 437 548 491 in
587 436 800 491 actione
832 436 1095 492 tetulisse.
1142 436 1441 507 Sequitur:

567 526 733 581 Vsus.
757 525 846 582 38.
889 524 948 582 Si
990 527 1263 582 adversum
1306 545 1388 583 me
1434 538 1573 583 terra
1620 546 1735 584 mea
1771 528 2003 591 clamat,
2035 539 2084 582 et

492 619 746 680 eumipsa
770 619 904 672 sulci
929 618 1042 688 ejus
1069 618 1280 689 deﬂent.
1320 650 1393 661 ——-
1428 618 1567 687 Quid
1600 629 1685 676 est
1715 620 1950 675 clamare
1976 631 2084 675 ter-

491 725 609 763 ram
638 730 654 772 ;
682 709 882 787 deflere
909 712 1112 777 sulcos,
1141 721 1195 767 et
1228 713 1436 769 fructus
1466 715 1714 785 proprios
1739 716 1966 770 emendo
1994 730 2084 770 co¢

495 799 739 864 medere,
769 803 853 858 cui
890 819 1163 873 nunquam
1198 820 1420 861 necesse
1446 814 1529 861 est
1569 821 1666 860 sua
1700 808 1923 861 emere?
1953 807 2085 875 Quis

493 891 817 947 clamantem
853 894 1058 950 audivit
1120 897 1372 964 terram?
1415 897 1544 951 aevis
1595 897 1773 952 sulcos
1823 896 2084 951 deﬂentcs

491 982 670 1037 vidit?
697 992 899 1040 etcum
930 986 1065 1040 sulci
1097 995 1257 1043 terrze
1284 1003 1498 1058 semper
1523 1004 1588 1043 ex
1627 998 1770 1044 terra
1801 989 2081 1059 sint,~quid

492 1082 578 1127 est
603 1076 745 1144 quod
776 1077 1216 1145 pronuntiatione
1244 1080 1502 1135 distincta
1529 1080 1790 1135 clamasse
1830 1087 1995 1145 terra,
2030 1089 2083 1134 et

495 1165 632 1220 sulci
680 1166 797 1234 ejus
837 1178 957 1223 cum
1000 1184 1063 1225 ea
1098 1170 1379 1227 deﬂevisse
1409 1173 1789 1243 denegantur?
1818 1171 1925 1228 Sed
1951 1186 2083 1243 quo-

494 1256 641 1313 niam
671 1259 894 1315 historia
918 1260 1119 1328 deﬁoit,
1149 1264 1411 1334 mysticus
1432 1264 1789 1334 requirendus
1815 1271 1900 1319 est
1925 1263 2085 1318 intel-

493 1346 686 1404 lectus.
719 1347 907 1407 Omnis
934 1353 1076 1407 enim
1107 1355 1198 1423 qui
1233 1356 1318 1409 vel
1343 1356 1557 1425 privato
1585 1354 1710 1425 jure
1731 1355 2081 1412 domesticam

493 1441 755 1499 familiam
789 1446 943 1517 regit,
996 1446 1081 1501 vel
1117 1462 1215 1516 pro
1250 1448 1483 1504 utilitate
1512 1449 1785 1505 communi
1836 1445 2085 1502 ﬁdelibus

493 1524 741 1602 plebibus
765 1547 977 1606 praeest,
1018 1537 1071 1592 in
1100 1538 1204 1594 hoc
1230 1542 1372 1609 quod
1391 1539 1516 1609 jura
1539 1540 1821 1611 regiminis
1848 1539 1899 1595 in
1937 1555 2084 1595 com-

495 1627 680 1682 missis
707 1628 807 1683 sibi
852 1628 1098 1697 ﬁdelibus
1137 1632 1414 1701 possidet,
1454 1632 1581 1703 quid
1612 1632 1754 1687 aliud
1784 1647 1944 1702 quam
1974 1640 2081 1686 ter-

2187 432 2445 486 ditionem
2497 443 2700 488 sancta!
2740 433 2996 489 Ecclesiae
3045 435 3098 488 in
3143 435 3534 505 praedicationis
3576 439 3712 507 gratia

2188 527 2493 595 cooperari.
2524 526 2671 593 Quos
2695 527 2944 584 videlicet
2977 529 3135 599 hujus
3179 537 3338 584 terrae
3375 530 3618 599 agricolas
3636 533 3713 588 hoc

2187 627 2267 671 est
2298 634 2402 672 non
2431 617 2686 690 afﬂigere,
2721 635 2908 676 eorum
2944 619 3220 676 iaboribus
3247 636 3353 676 non
3390 621 3639 678 invidere:
3662 640 3715 680 ne

2188 718 2370 764 rector
2399 710 2675 778 Ecclesiae,
2693 711 2821 767 dum
2853 711 2952 768 soli
2987 712 3088 768 sibi
3114 712 3203 784 jus
3232 713 3610 783 praedicationis
3628 718 3714 771 vim

2186 802 2353 869 dicat,
2382 803 2546 858 etiam
2574 803 2695 859 aliis
2716 812 2863 860 recte
2893 804 3313 874 praedicantibus
3345 804 3537 859 invidia
3563 820 3716 862 remor-

2187 894 2350 959 deute
2376 896 2733 951 contradicat.
2763 895 2860 951 Pia
2891 896 3091 952 ctenim
3122 904 3402 967 pastorum
3431 911 3592 957 mens.
3622 900 3715 968 quia

2185 1001 2291 1041 non
2318 987 2591 1059 propriam
2631 987 2860 1058 gloriam
2895 988 3089 1058 quaerit
3114 1030 3129 1055 ,
3148 988 3247 1044 sed
3276 988 3546 1051 Auctoris.
3568 990 3626 1043 ab
3649 991 3718 1044 ho-

2187 1076 2424 1132 minibus
2443 1077 2558 1131 vult
2585 1076 2825 1146 adjuvari
2850 1080 2993 1150 quod
3015 1079 3088 1134 ait
3118 1097 3143 1145 ε,
3158 1077 3360 1134 Fidelis
3384 1094 3599 1148 namque
3618 1096 3716 1149 pue-

2186 1167 2396 1223 dicator
2418 1176 2587 1240 Optat,
2616 1171 2660 1225 ά
2683 1169 2799 1227 ﬁeri
2823 1171 3017 1234 valeat,
3050 1180 3108 1226 ut
3132 1171 3415 1226 veritatem
3443 1186 3590 1241 quam
3609 1172 3717 1227 solus

2187 1264 2335 1335 loqui
2365 1280 2470 1319 non
2501 1262 2718 1331 suﬁicit,
2752 1280 2846 1320 ora
2875 1275 3196 1320 cunctorum
3224 1274 3436 1320 sonent.
3470 1263 3607 1320 Unde
3627 1280 3719 1319 cum

2184 1351 2348 1408 Josue
2375 1353 2582 1409 duobus
2610 1355 2661 1409 in
2694 1356 2889 1412 castris
2915 1356 3323 1412 remanentibus
3349 1365 3509 1427 atque
3534 1359 3717 1426 prophe-

2189 1445 2426 1501 tantibus
2456 1446 2613 1502 vellet
2643 1446 2931 1512 obsistere,
2966 1456 3115 1503 recte
3148 1464 3246 1519 per
3276 1446 3495 1519 Moysen
3527 1447 3716 1501 dicitur:

2193 1554 2211 1587 α
2248 1536 2389 1603 Quid
2438 1538 2713 1594 :enmlaris
2755 1553 2853 1609 pro
2896 1539 3026 1594 me?
3064 1541 3186 1610 quis
3231 1540 3435 1594 tribuat
3484 1548 3537 1594 ut
3584 1541 3720 1593 omnis

2186 1629 2414 1699 populus
2467 1630 2784 1700 prophetat,
2847 1638 2902 1685 et
2956 1630 3047 1686 det
3076 1630 3156 1686 eis
3201 1631 3465 1685 Dominus
3511 1628 3716 1701 Spiritum

492 1736 609 1774 ram
662 1721 1001 1777 incolentium
1035 1733 1178 1779 tenet
1201 1725 1226 1778 ἵ
1250 1723 1329 1779 Ad
1372 1725 1474 1779 hoc
1521 1726 1718 1795 quippe
1761 1724 1939 1780 divina
1971 1724 2081 1778 dis-
2111 1725 2157 1787 Β
2185 1720 2385 1775 suum?
2420 1740 2438 1772 ι
2469 1720 2658 1787 (Nam.
2686 1737 2764 1788 ιι,
2794 1721 2908 1793 29.)
2948 1720 3244 1792 Sequitur:

494 1813 811 1880 pensatione
840 1816 1055 1871 caeteris
1086 1817 1457 1886 unusquisque
1492 1818 1846 1887 praeponitur,
1877 1826 1934 1872 ut
1957 1817 2084 1873 sub-

477 1892 757 1971 ~jectorum
802 1905 1016 1961 animus
1054 1908 1209 1976 quasi
1274 1907 1560 1964 substratae
1611 1918 1769 1964 terra:
1826 1910 2089 1979 przedica-

494 1992 662 2047 tionis
709 1993 852 2049 illius
907 1997 1113 2051 semine
1160 1997 1498 2055 fecundatur.
1552 1997 1658 2055 Sed
1705 2010 1847 2056 terra
1891 2010 2081 2057 contra

492 2098 864 2153 possessorem
895 2086 1113 2151 clamat,
1145 2091 1188 2144 si
1222 2100 1408 2145 contra
1442 2106 1564 2147 cum
1604 2093 1697 2164 qui
1734 2093 1834 2149 sibi
1865 2105 2081 2164 praeest,

491 2175 695 2246 aliquid
721 2174 949 2246 justum,
971 2180 1056 2233 vel
1085 2180 1296 2249 privata
1325 2182 1539 2249 domus,
1562 2183 1651 2238 vel
1676 2194 1859 2241 sancta
1891 2185 2081 2241 Eccle—

492 2268 573 2322 sia
608 2279 928 2326 murmurat.
961 2270 1099 2327 Sunt
1152 2274 1393 2329 nonnulli
1449 2276 1540 2345 qui
1594 2275 1741 2331 nullo
1787 2275 2039 2333 lectionis
2066 2320 2081 2345 ,

491 2359 641 2415 nullo
669 2361 1067 2419 exhortationis
1097 2379 1314 2421 vomere
1348 2367 1599 2437 proscissi
1626 2409 1642 2433 ,
1670 2370 1914 2439 quaedam
1939 2371 2081 2426 bona

489 2452 741 2521 quamvis
790 2454 1033 2521 minima,
1092 2464 1270 2513 tamen
1322 2474 1387 2515 ex
1437 2463 1745 2532 semetipsis
1778 2463 2080 2533 proferunt,

489 2543 645 2610 quasi
671 2548 816 2599 terra
848 2546 1076 2602 necdum
1106 2558 1350 2604 exarata.
1381 2549 1521 2606 Sunt
1547 2567 1678 2607 vero
1719 2554 1956 2609 nonnulli
1991 2557 2081 2625 qui

490 2632 558 2688 ad
607 2635 933 2691 audiendum
985 2653 1200 2709 semper
1247 2649 1410 2712 atque
1445 2643 1787 2698 retinendum
1815 2685 1830 2710 ,
1879 2646 2084 2701 sanctis

491 2733 623 2779 sunt
660 2726 1138 2795 praedicationibus
1192 2744 1257 2784 ac
1303 2730 1745 2788 meditationibus
1793 2733 2081 2790 intenti:a

487 2817 688 2886 prioris
713 2820 909 2874 mentis
939 2820 1159 2887 duritia,
1185 2823 1343 2892 quasi
1376 2825 1611 2894 quodam
1640 2826 1837 2899 Iingute
1864 2844 2085 2887 vomere

491 2907 680 2970 scissi,
723 2909 930 2965 semina
971 2912 1370 2971 exhortationis
1417 2916 1731 2986 accipiunt,
1781 2934 1845 2975 ac
1900 2919 2083 2991 fruges

489 2998 619 3055 boni
641 3001 825 3072 operis
847 3017 944 3073 per
960 3005 1142 3061 sulcos
1162 3006 1479 3065 voluntariae
1499 3008 1807 3067 aﬂlictionis
1831 3012 2079 3079 reddunt,

2260 1812 2425 1867 Vsus.
2461 1811 2551 1867 40.
2585 1810 2693 1867 Pro
2743 1811 3005 1882 frumento
3053 1814 3225 1866 oritur
3271 1811 3403 1866 mihi
3429 1809 3720 1865 tribulus.—

2186 1902 2264 1958 Ac
2305 1903 2351 1957 si
2388 1911 2575 1972 aperte
2605 1902 2785 1957 dicat:
2821 1898 2878 1957 Si
2920 1901 3178 1973 injustum
3215 1902 3348 1972 quid
3377 1916 3500 1972 erga
3530 1901 3719 1955 subditos

2187 1995 2327 2067 gessi
2354 2011 2370 2061 ;
2402 1994 2446 2049 si
2483 1994 2636 2065 exegi
2668 1994 2845 2049 debita
2873 2035 2888 2059 ,
2927 2002 2983 2048 et
3033 1994 3146 2064 ipse
3175 1993 3320 2063 quod
3352 1992 3508 2048 debui
3541 2008 3629 2046 non
3652 1992 3721 2045 im-

2187 2088 2377 2160 pendi;
2408 2088 2451 2142 si
2475 2087 2921 2143 exercitationem
2948 2084 3075 2141 boni
3105 2087 3284 2157 operis
3307 2085 3432 2139 aliis
3460 2084 3625 2147 invidi,
3650 2099 3719 2153 pro

2186 2178 2343 2233 bonis
2371 2193 2488 2247 qua:
2522 2178 2575 2232 in
2603 2176 2823 2233 aeternis
2853 2174 3122 2239 reﬁciunt,
3159 2177 3531 2230 retrihnantur
3556 2175 3661 2227 ntihi
3680 2174 3718 2226 in

2179 2269 2384 2342 judicio
2426 2269 2564 2324 mala
2605 2284 2730 2339 quae
2751 2276 3016 2342 pungunt.
3062 2268 3169 2323 Pro
3214 2268 3480 2336 [nimenta
3510 2268 3618 2322 mihi
3648 2266 3717 2318 tri-

2187 2362 2362 2428 bulus,
2400 2372 2449 2417 et
2488 2378 2582 2432 pro
2621 2362 2818 2417 hordeo
2867 2362 3020 2432 spina
3062 2361 3289 2426 oriatur,
3349 2376 3471 2415 cum
3516 2360 3563 2412 in
3602 2357 3718 2412 retri-

2186 2454 2406 2510 butione
2432 2453 2617 2510 ultima
2644 2454 2710 2510 de
2732 2470 2837 2525 qua
2868 2455 3234 2511 remuneratio
3259 2453 3466 2509 laboris
3489 2452 3719 2523 quaeritur,

2185 2546 2407 2617 punctio
2437 2546 2948 2602 dolorisinvenitur.
2980 2545 3048 2600 Et
3078 2545 3378 2600 notandum
3410 2545 3545 2616 quod
3572 2545 3723 2599 sicula

2186 2637 2460 2694 frumento
2502 2637 2765 2694 hordeum
2797 2637 2960 2693 distat
2983 2678 2998 2704 ,
3031 2636 3277 2708 quamvis
3329 2645 3603 2707 utrumque
3630 2633 3719 2688 reli-

2185 2730 2323 2795 ciat;
2358 2728 2437 2784 sic
2458 2743 2487 2783 a
2518 2727 2716 2783 tribulo
2736 2731 2911 2799 spina,
2937 2721 3186 2799 quamvis
3211 2726 3281 2782 sit
3313 2737 3592 2796 utrumque
3613 2722 3719 2793 quod

2182 2830 2409 2893 pungat,
2439 2821 2565 2891 “quia
2622 2818 2852 2875 tribulus
2899 2817 3148 2884 mollior,
3203 2826 3258 2872 et
3303 2817 3374 2873 ad
3430 2815 3718 2887 pungendum

2185 2928 2399 2982 semper
2427 2920 2509 2969 est
2531 2912 2715 2967 durior
2736 2910 2909 2982 spina.
2943 2910 3019 2965 Ac
3042 2911 3084 2965 si
3116 2917 3370 2981 patenter
3388 2908 3554 2965 dicat:
3578 2906 3721 2978 Egisse

2184 3003 2403 3076 quidem
2436 3011 2489 3059 ct
2522 3018 2717 3073 magna
2772 3016 2858 3057 me
2898 3002 3038 3057 bona
3074 3010 3130 3056 et
3178 3000 3409 3056 minima
3439 3000 3564 3063 scio,
3589 2997 3663 3053 sed
3686 2996 3720 3049 si

490 3106 616 3146 eum
655 3106 871 3162 semper
897 3093 964 3149 de
1008 3096 1344 3165 spiritalibus
1389 3108 1712 3156 moneantur
1737 3118 1800 3157 ac
1828 3118 2081 3173 corpora-
2110 3117 2154 3177 ς
2188 3109 2292 3149 non
2326 3093 2397 3147 ita
2429 3103 2533 3156 est,
2564 3108 2665 3162 pro
2689 3092 2847 3147 bonis
2874 3093 3085 3163 magnis
3111 3091 3337 3159 minima
3366 3132 3381 3155 ,
3409 3100 3464 3146 et
3488 3105 3576 3161 pro
3603 3086 3719 3177 bonis

488 3181 656 3239 tibus.
689 3184 1075 3244 Conclamante
1110 3204 1240 3260 ergo
1281 3199 1426 3247 terra
1466 3191 1646 3248 sulcos
1685 3193 1939 3263 plangere
1974 3203 2076 3260 est,

492 3291 591 3347 per
617 3276 719 3334 hoc
746 3278 888 3333 unde
913 3279 1140 3336 altitudo
1171 3280 1405 3337 ﬁdelium
1428 3283 1574 3353 juste
1599 3293 1784 3339 contra
1815 3293 2078 3341 rectorum

493 3369 756 3437 quaeritur
781 3410 797 3435 ,
826 3370 1097 3427 uberioris
1142 3374 1267 3429 vitae
1310 3374 1558 3432 homines
1586 3375 1653 3431 ad
1686 3376 1921 3433 lamenta
1960 3394 2081 3447 per-

492 3458 701 3514 venire.
735 3459 884 3517 Sulci
916 3461 1100 3533 itaque
1128 3478 1191 3518 ex
1226 3472 1369 3521 terra
1396 3474 1543 3532 sunt,
1585 3474 1639 3522 et
1672 3476 1848 3523 tamen
1879 3485 1910 3523 a
1937 3477 2077 3522 terra

489 3551 756 3607 vocabulo
783 3553 1216 3625 distinguuntur,
1248 3557 1372 3627 quia
1409 3557 1501 3628 qui
1542 3558 1593 3613 in
1629 3568 1814 3616 sancta
1841 3559 2080 3616 Ecclesia

496 3652 732 3699 mentem
778 3660 931 3700 suam
979 3646 1165 3704 labore
1212 3664 1381 3705 sacrae
1407 3649 1773 3706 meditationis
1801 3652 2079 3717 excolunt,

491 3733 702 3789 caeteris
738 3732 985 3791 ﬁdelibus
1028 3745 1178 3794 tanto
1221 3737 1473 3794 meliores
1510 3748 1676 3801 sunt,
1722 3750 1923 3810 quanto
1983 3756 2083 3811 per

494 3833 713 3895 accepta
764 3826 971 3881 semina
1020 3826 1280 3884 fecundas
1329 3846 1553 3900 operum
1595 3830 1779 3902 fruges
1826 3831 2076 3888 reddunt.

493 3912 680 3970 Omnis
707 3930 837 3988 ergo
866 3918 957 3987 qui
986 3927 1202 3988 prazest,
1234 3920 1278 3975 si
1307 3934 1562 3989 perversa
1588 3920 1640 3975 in
1667 3922 1897 3977 subditis
1921 3938 2080 3978 exoro

496 4012 602 4070 cet,
633 4015 823 4061 contra
851 4007 996 4063 hunc
1026 4017 1167 4062 terra
1196 4008 1407 4077 clamat,
1454 4020 1501 4065 et
1531 4010 1666 4066 sulci
1693 4012 1923 4082 deﬂent;
1956 4016 2080 4084 quia

496 4106 684 4151 contra
715 4098 831 4168 ejus
860 4098 1182 4171 injustitiam
1209 4103 1370 4159 rudes
1390 4103 1610 4173 quidem
1637 4103 1818 4174 populi
1847 4104 1902 4159 in
1933 4122 2079 4159 mur-

491 4175 823 4246 murationis'
860 4192 1086 4247 vocibus
1118 4203 1445 4265 erumpunt,
1483 4197 1577 4251 sed
1623 4194 1847 4267 perfecti
1879 4198 2080 4268 quique

489 4295 591 4350 pro
637 4296 804 4351 pravo
835 4282 952 4352 ejus
992 4298 1157 4354 opere
1191 4301 1250 4341 se
1276 4288 1332 4343 in
1370 4285 1581 4343 ﬂetibus
1606 4288 1848 4361 aﬂiigunt
1872 4330 1886 4356 ,
1917 4292 2080 4360 quod-

491 4388 597 4441 que
623 4373 857 4451 imperiti
884 4373 1123 4431 clamant
1154 4387 1209 4432 et
1236 4394 1341 4434 non
1377 4379 1580 4449 dolent,
1619 4384 1722 4438 hoc
1750 4384 2078 4454 probatioris

489 4463 618 4520 vitae
643 4466 868 4537 subjecti
908 4467 1106 4523 deflent
1136 4480 1191 4524 et
1226 4478 1423 4526 tacent.
1454 4473 1711 4543 Sequitur
1742 4493 1756 4530 :

566 4554 728 4612 Vsus.
759 4556 848 4612 39.
882 4556 945 4613 Si
964 4557 1168 4627 fructus
1191 4560 1307 4630 ejus
1329 4563 1528 4617 comedi
1548 4564 1740 4634 absque
1764 4569 2081 4635 pecunia.—

489 4647 725 4708 Fructus
774 4649 917 4705 enim
969 4658 1127 4705 terra!
1151 4651 1367 4735 ‘absque
1394 4655 1623 4723 pecunia
1653 4658 1939 4714 comedere
1974 4669 2079 4724 est,

489 4747 547 4797 et
585 4738 841 4795 Ecclesiae
892 4738 1111 4808 quidem
1154 4751 1404 4812 sumptus
1448 4743 1729 4813 accipere,
1761 4748 1856 4803 sed
1905 4748 2078 4804 cidem

492 4829 746 4885 Ecclesiae
766 4828 1167 4900 praedicationis
1190 4832 1429 4888 auctoris
1449 4834 1800 4903 pretiumnon
1816 4838 2076 4907 praebere,

490 4923 554 4976 de
574 4936 677 4990 qua
700 4920 956 4977 videlicet
983 4923 1371 4991 praedicatione
1402 4926 1656 4983 Auctoris
1675 4944 1809 4984 voce
1834 4929 2032 4985 dicitur
2061 4947 2075 4986 :

493 5032 513 5063 ‹
553 5011 806 5084 Oportuit
850 5024 901 5070 te
930 5016 1271 5073 committere
1296 5020 1581 5087 pecuniam
1619 5037 1796 5077 meam
1825 5039 2079 5080 nummu-

488 5102 660 5168 lariis,
690 5112 746 5158 et
770 5105 995 5160 veniens
1026 5120 1125 5176 ego
1165 5108 1490 5177 recepissem
1519 5111 1704 5180 utique
1725 5112 1870 5181 quod
1896 5128 2075 5168 meum

489 5206 608 5253 erat
639 5214 970 5279 cumusura
1022 5200 1239 5274 (Matth.
1286 5218 1411 5268 xxv,
1459 5202 1572 5274 27).
1611 5224 1631 5255 ι
1682 5205 1866 5260 Terra:
1915 5206 2081 5276 igitur

490 5286 700 5326 frnnlnc
739 5290 941 5326 nhcnnn
989 5294 1214 5326 ηοηηιηῖη
1257 5294 1488 5326 ηΑνηηιΙὲΙ
1575 5296 1663 5326 nn:
1707 5296 2072 5326 ιυηιΙιη-ἶ.ιοσεηη

2186 3184 2424 3239 minimis
2465 3183 2595 3237 mihi
2647 3183 3007 3254 respondeant
3047 3181 3188 3237 mala
3243 3180 3473 3250 majora.
3515 3175 3720 3248 Quamvis

2184 3276 2286 3331 hoc
2327 3273 2549 3345 intelligi
2608 3283 2661 3329 et
2714 3272 2875 3328 aliter
2918 3281 3113 3344 potest.
3169 3271 3224 3327 In
3278 3270 3547 3328 frumento
3567 3268 3719 3340 quippe

2184 3366 2429 3439 apii-italo
2454 3382 2609 3436 opus,
2641 3365 2786 3436 quod
2816 3375 3052 3420 mentem
3085 3363 3298 3429 reﬁcit,
3346 3364 3401 3420 in
3445 3363 3627 3419 hordeo
3650 3374 3719 3412 au-

2188 3469 2291 3514 tem
2322 3467 2661 3513 terrenarum
2694 3473 2873 3512 rerum
2906 3456 3237 3528 dispensatio
3268 3456 3550 3526 ﬁguratur,
3577 3453 3622 3507 in
3643 3465 3717 3519 qua

2184 3565 2325 3619 satpe
2359 3549 2484 3604 dum
2532 3548 2761 3603 inﬁrmis
2807 3556 2970 3617 atque
3007 3546 3323 3603 carnalibus
3376 3546 3574 3603 servire
3614 3541 3721 3612 cogi-

2185 3656 2326 3705 mur,
2371 3639 2527 3710 quasi
2572 3637 2831 3707 iumentis
2884 3637 3141 3693 alimenta
3190 3651 3572 3708 praeparamus,
3599 3643 3722 3702 atque

2184 3732 2298 3803 ipse
2345 3740 2660 3787 nostrorum
2704 3746 2834 3786 usus
2879 3745 3104 3799 operum
3136 3729 3301 3785 habet
3343 3728 3542 3800 aliquid
3566 3727 3622 3782 de
3652 3721 3720 3777 ad-

2185 3825 2436 3880 mistione
2462 3825 2767 3896 palearum.
2805 3822 2872 3877 Et
2897 3822 3219 3894 plerumque
3250 3822 3535 3892 contingit,
3577 3826 3628 3871 ut
3660 3829 3721 3869 res

2186 3924 2305 3971 clor
2325 3915 2417 3985 qui
2445 3922 2661 3984 praeest,
2692 3913 2817 3968 dum
2846 3910 3042 3982 injusta
3065 3922 3252 3968 contra
3271 3912 3516 3968 subditos
3530 3911 3719 3968 exercet,

2185 4010 2311 4065 dum
2342 4008 2396 4063 in
2425 4007 2572 4063 nullo
2594 4007 2765 4062 bonos
2790 4006 3164 4062 blandimento
3187 4005 3416 4071 refovet,
3452 4004 3588 4066 dum,
3610 3994 3717 4068 quod

2183 4108 2266 4155 est
2293 4098 2533 4171 gravius,
2562 4099 2700 4154 bene
2733 4105 3023 4168 operantes
3045 4110 3291 4167 quosque
3318 4111 3385 4151 ex
3415 4092 3601 4149 invidia
3621 4086 3717 4143 allii-

2183 4193 2297 4264 git,
2336 4193 2497 4247 etiam
2529 4191 2583 4247 si
2614 4192 2859 4261 quaedam
2890 4190 3031 4247 bona
3072 4188 3370 4258 aliquando
3396 4188 3593 4250 faciat,
3617 4197 3667 4236 ac
3685 4178 3717 4233 si

2184 4286 2513 4340 frumentum
2549 4292 2734 4348 serat,
2782 4297 2900 4337 sese
2951 4296 3167 4352 quoque
3213 4280 3267 4335 in
3312 4278 3470 4347 hujus
3494 4278 3719 4346 dispensa-

2188 4376 2349 4432 tionis
2375 4374 2605 4431 terrenis
2633 4372 2794 4429 rebus
2823 4385 3228 4440 nonnunquam,
3256 4386 3363 4425 non
3389 4367 3614 4423 avaritia:
3637 4371 3719 4417 stu-

2111 4464 2159 4521 D
2186 4470 2297 4534 dio,
2326 4469 2421 4524 sed
2450 4483 2547 4538 pro
2574 4466 2807 4521 utilitate
2832 4464 3128 4519 carnalium
3156 4464 3399 4528 misceat,
3436 4471 3491 4518 et
3516 4460 3589 4515 sic
3610 4456 3718 4525 ejus-

2184 4560 2306 4615 dem
2334 4558 2534 4613 laboris
2562 4555 2813 4620 fructum,
2842 4555 2992 4610 velut
3014 4570 3242 4611 messem
3263 4553 3450 4609 hordei
3469 4553 3715 4615 exspectet.

2187 4651 2294 4707 Sed
2340 4649 2565 4722 subjecti
2601 4662 2815 4720 quoque.
2860 4664 2959 4719 pro
2986 4663 3051 4704 eo
3091 4649 3234 4717 quod
3263 4648 3316 4701 in
3358 4643 3597 4701 maximis
3619 4654 3713 4738 gra-

2184 4751 2383 4798 vantur
2405 4742 2593 4796 audire
2618 4741 2672 4795 in
2715 4740 2833 4811 ejus
2859 4739 3016 4796 bonis
3043 4739 3281 4794 minimis
3307 4742 3599 4808 nequeunt;
3621 4742 3713 4799 qum

2184 4849 2285 4889 nec
2322 4834 2427 4888 hoc
2454 4846 2591 4902 opus
2618 4831 2828 4903 placet,
2854 4829 2999 4900 quod
3040 4830 3263 4887 alterius
3303 4828 3480 4901 operis
3503 4817 3713 4894 injusulia

2181 4920 2557 4998 polluit,'quid
2591 4933 2931 4979 terrenarum
2963 4938 3144 4978 rerum
3187 4918 3509 4995 dispensatio
3530 4929 3614 4985 pro
3638 4911 3714 5004 uti:

2180 5019 2334 5073 litate
2377 5016 2716 5072 subditorum
2764 5014 2963 5083 suscipi
3007 5014 3267 5075 creditur,
3315 5009 3523 5081 quando
3569 5004 3609 5058 is
3646 5011 3711 5066 lii"

2180 5116 2398 5179 praeest,
2443 5105 2701 5162 anhelare
2729 5122 2825 5177 per
2869 5105 3151 5159 avaritiam
3181 5104 3407 5157 videtur.
3441 5096 3581 5155 Unde
3605 5091 3651 5144 ﬁt
3672 5092 3712 5179 lli

2182 5177 2248 5254 ad
2278 5199 2393 5269 ipsa
2421 5198 2585 5254 etiam
2611 5212 2783 5267 pauca
2814 5196 2952 5250 bona
2976 5210 3095 5265 quae
3118 5194 3235 5249 ﬁeri
3265 5194 3403 5248 inter
3423 5189 3577 5245 multa
3603 5177 3708 5236 mala

2181 5290 2523 5326 nnnchlarnnl
2573 5302 2678 5326 nnn
2728 5286 2915 5326 Ιειηιῖρε
2971 5287 3063 5326 ωδ
3094 5293 3271 5326 mpm:
3302 5282 3538 5326 reddant-
3581 5281 3709 5326 atoue
