3948 5398
183 361 293 419 573

905 367 1204 425 ΕΡΙΤΟΜΕ
1242 370 1602 428 MORALIUM
1641 375 1697 427 S.
1740 375 1775 426 (ἶ

1882 377 1944 431 G.
1986 379 2052 434 ΙΝ
2087 381 2230 438 JOB.
2268 417 2336 424 —
2373 385 2498 440 LIB.
2541 385 2723 442 XXIII.

3343 388 3446 442 δτι

183 475 316 569 ieci,
353 491 398 530 sn
433 477 640 569 negexi
665 475 923 569 exhibere
955 480 1096 550 quod
1120 481 1284 548 fovet,
1309 482 1454 551 juste
1495 484 1547 538 in
1579 499 1771 554 quere-
1802 490 1848 549 Α
1875 492 2219 563 exstingnant
2248 512 2260 561 ;
2295 505 2385 550 aut
2415 498 2466 551 hi
2499 499 2587 566 qui
2630 498 2806 553 alieno
2847 499 3090 568 regimini
3149 500 3444 569 Subjacent,

181 563 290 619 iam
333 564 622 634 prosiliens
647 584 832 622 eorum
863 568 1040 640 lingua
1083 587 1168 626 me
1213 583 1432 645 pungat.
1467 575 1580 642 Qua
1624 576 1676 630 in
1711 593 1767 632 rc

182 671 404 724 semper
450 657 677 712 sollicita
729 660 1166 718 consideratione
1187 665 1521 733 pensandum
1553 675 1672 730 est,
1705 683 1772 722 ne

181 755 278 800 ant
328 747 382 804 bi
425 750 514 818 qui
564 760 801 819 praesunt
843 754 1089 825 exempla
1122 756 1248 810 mali
1286 758 1466 827 operis
1515 759 1771 828 subjectis

180 839 465 909 praebeant
495 885 508 907 ,
544 857 838 916 eorumque
890 846 1059 903 vitam
1111 863 1221 904 sum
1268 849 1445 920 gladio
1490 852 1772 921 pravitatis

1874 581 2030 636 facile
2062 584 2307 653 judicare
2347 587 2578 641 audeant
2621 587 2763 643 facta
2821 597 3086 642 rectorum
3115 630 3128 651 ,
3160 599 3320 658 atque
3355 605 3450 660 per

1874 671 1974 726 hoc
2005 674 2148 741 quod
2177 675 2242 729 de
2281 675 2363 730 his
2409 677 2500 746 qui
2553 676 2651 730 sibi
2687 677 2892 745 pratlati
2925 688 3048 732 sunt
3086 688 3447 744 murmurant,

1874 779 1981 818 non"
2031 765 2263 820 humano
2288 807 2302 831 ,
2332 767 2426 821 sed
2462 767 2578 834 Dei,
2607 769 2697 838 qui
2743 779 2938 825 cuncta
2965 769 3238 839 disponit,
3272 770 3450 824 divino

1873 853 2048 908 ordini
2078 854 2472 910 contradicant.

263 1024 3405 1050 _________________________________________________

1123 1158 1421 1235 LIBER
1479 1156 2030 1236 VICESIMUS
2085 1157 2556 1238 TERTIUS.

741 1460 972 1520 CAPUT
1009 1461 1228 1519 XXXII.

252 1549 422 1608 Vens.
461 1551 514 1608 Ι.
576 1550 878 1610 amiserunt
920 1565 1096 1610 autem
1132 1565 1238 1611 tres
1293 1557 1390 1610 mri
1419 1558 1506 1611 isti
1554 1573 1767 1627 respon-

175 1642 305 1696 dere
367 1641 470 1695 Job
501 1681 516 1707 ,
573 1658 635 1697 eo
678 1644 821 1714 quod
849 1645 1030 1714 justus
1087 1646 1186 1700 sibi
1257 1647 1768 1703 videretur.—Hoc

176 1734 326 1801 quod
358 1734 424 1788 de
461 1749 527 1788 eo
567 1733 813 1790 dicitur:
874 1752 933 1791 eo
996 1738 1137 1808 quod
1194 1739 1370 1808 justus
1418 1741 1518 1794 sibi
1572 1740 1770 1795 videre-

177 1834 293 1888 tur,
347 1840 520 1879 sacra:
559 1826 721 1895 hujus
781 1829 1016 1898 scriptor
1054 1829 1296 1884 historiae
1350 1831 1414 1884 ad
1469 1831 1767 1884 amicorum

169 1915 444 1985 judicium
479 1921 681 1984 retulit,
712 1936 818 1975 non
861 1931 1043 1976 autem
1092 1922 1284 1979 beatus
1313 1922 1413 1980 Job
1443 1924 1510 1979 de
1537 1924 1771 1981 elatione

178 2009 417 2064 tumoris
445 2012 778 2079 reprohavit.
820 2012 1080 2083 Sequitur
1107 2032 1121 2068 :

253 2096 422 2154 Vnus.
460 2098 514 2152 2.
558 2098 626 2152 Et
654 2099 823 2155 iratus
845 2102 1249 2174 indignatusque
1281 2102 1405 2159 Eliu
1428 2105 1571 2174 [ilius
1601 2105 1771 2160 Bara-

176 2188 296 2244 rhel
345 2188 558 2245 Buzites
599 2191 663 2245 de
718 2193 1027 2263 cognatione
1053 2193 1207 2249 Ram.
1233 2225 1308 2236 —-
1332 2196 1476 2252 Bene
1509 2198 1624 2253 haec
1654 2198 1771 2268 ipsa

175 2281 269 2336 vel
317 2279 458 2349 ejus,
507 2282 593 2337 vel
635 2284 876 2355 parentis
901 2284 986 2340 vel
1018 2285 1147 2352 loci,
1191 2287 1275 2342 vel
1302 2290 1639 2358 cognationis
1677 2305 1774 2345 no-

176 2373 334 2427 mina
405 2383 588 2429 notam
649 2377 962 2445 exprimunt
1029 2379 1267 2450 prepria:
1329 2382 1582 2437 actionis.
1652 2382 1772 2437 Elin

175 2462 385 2533 quippe
429 2464 842 2534 interpretatum
887 2477 1088 2524 sonat:
1125 2468 1262 2524 Deus
1311 2487 1455 2525 meus
1511 2472 1630 2536 iste,
1687 2469 1773 2527 vel

177 2555 330 2610 Deus
366 2574 533 2623 meus,
585 2573 683 2628 per
713 2574 871 2628 quem
911 2559 1224 2632 designatur
1270 2572 1417 2618 recta
1454 2565 1584 2619 fides
1615 2579 1772 2619 arro-

176 2647 427 2715 gantium
477 2648 615 2702 intra
657 2649 954 2705 Ecclesiam
999 2651 1315 2720 positorum.
1368 2652 1501 2706 Nam
1528 2654 1775 2722 quamvis

175 2735 336 2804 iuxta
373 2738 651 2793 Dominica
684 2749 953 2810 praecepta
1002 2757 1108 2796 non
1140 2742 1352 2809 vivunt,
1396 2744 1560 2798 Deum
1590 2752 1769 2799 tamen

177 2841 306 2881 esse
333 2827 622 2883 Dominum
651 2842 1072 2901 recognoscunt,
1097 2831 1222 2900 quia
1251 2832 1306 2887 in
1335 2833 1564 2890 veritate
1590 2834 1772 2888 carnis
1796 2806 1844 2869 ο

179 2917 352 2970 etiam
381 2916 611 2973 formam
640 2919 858 2975 deitatis
882 2920 1209 2992 intelligunt,
1237 2922 1378 2977 sicut
1402 2936 1500 2991 per
1538 2921 1776 2992 Prophe-

181 3020 301 3065 tam
330 3011 569 3066 dicitur:
607 3030 626 3064 ε
662 3012 869 3068 Scitote
913 3014 1170 3084 quoniam
1202 3014 1462 3070 Dominus
1507 3015 1636 3084 ipse
1688 3024 1775 3071 est

184 3103 333 3161 Deus
375 3101 551 3174 (Psal.
597 3121 743 3172 xcrx,
783 3104 864 3176 5).
913 3125 932 3158 ›
961 3105 1245 3162 Barachiel
1287 3121 1418 3162 vero
1459 3106 1778 3174 interpreta-

184 3210 303 3256 tum
337 3194 539 3249 dicitur
583 3196 869 3251 benedictio
925 3195 1057 3262 Dei;
1111 3195 1329 3250 Buzites
1375 3203 1581 3259 autem,
1653 3211 1778 3248 con-

180 3283 514 3361 temptibt'lis.
572 3285 728 3352 Quod
775 3294 1098 3356 arroganter
1161 3285 1587 3356 praedicantibus
1638 3283 1777 3340 bene

179 3391 481 3450 utrumque
510 3373 827 3441 concordat,
857 3379 983 3446 quia
1008 3376 1061 3431 in
1098 3375 1503 3445 praedicationis
1523 3373 1775 3429 facundia

179 3475 623 3530 benedictionem
645 3470 865 3544 quidem
896 3470 1085 3540 gratiae
1107 3469 1302 3526 divinae
1324 3470 1650 3540 percipiunt,
1683 3467 1776 3523 sed

184 3566 242 3620 in
291 3566 455 3621 elatis
505 3567 618 3621 suis
673 3563 918 3622 moribus
966 3575 1086 3616 esse
1137 3576 1257 3616 eam
1320 3558 1776 3629 contemptibilem

182 3658 506 3713 ostendunt.
559 3658 692 3712 Ram
723 3659 923 3729 quippe
952 3655 1342 3724 interpretatur
1379 3652 1634 3708 excelsus.
1681 3651 1780 3705 Ex-

184 3748 369 3803 celsus
399 3764 632 3819 namque
654 3757 737 3805 est
766 3749 1004 3805 fidelium
1039 3745 1292 3820 populus,
1323 3746 1415 3813 qui
1461 3745 1622 3814 hujus
1650 3743 1777 3811 vitae

188 3840 379 3894 intima
428 3848 486 3896 et
539 3839 748 3908 abiecta
804 3841 1127 3904 contemnit,
1181 3841 1244 3895 de
1292 3836 1491 3908 quibus
1540 3835 1777 3888 dicitur:

193 3950 213 3983 ι
255 3929 451 3986 Nostra
496 3933 838 3988 conversatio
868 3933 920 3987 in
961 3932 1118 3988 caelis
1160 3939 1244 3986 est
1273 3929 1440 4002 (Phil.
1489 3942 1571 3993 ut,
1599 3923 1714 3994 20).
1755 3942 1772 3975 ι

186 4019 320 4074 Elin
349 4021 533 4090 itaque
562 4023 627 4077 de
653 4022 974 4092 cognatione
1004 4020 1140 4075 Ram
1186 4021 1406 4086 dicitur,
1439 4021 1566 4090 quia
1611 4030 1777 4072 unus-

187 4112 426 4182 quisque
476 4113 803 4182 praedicator
857 4127 1120 4183 arrogans
1201 4113 1343 4168 intra
1416 4109 1774 4165 universaletn

191 4204 495 4259 Ecclesium
525 4205 749 4275 positus,
792 4205 996 4260 sanctis
1036 4204 1246 4275 populis
1281 4204 1404 4259 ﬂdci
1432 4205 1657 4259 veritate
1691 4217 1778 4257 so-

189 4295 396 4358 ciatur,
441 4296 689 4364 quamvis
720 4295 788 4349 ab
827 4309 1014 4349 eorum
1059 4294 1171 4348 vita
1214 4292 1466 4349 elationis
1510 4292 1777 4364 pravitate

190 4387 544 4458 disjnngitur.
587 4388 889 4458 Sequitur:

271 4479 434 4532 Vens.
465 4480 518 4533 5.
569 4477 750 4533 Iratus
789 4488 964 4533 autem
1008 4479 1254 4533 adversus
1288 4477 1390 4532 Job
1419 4492 1478 4531 eo
1507 4476 1646 4547 quod
1680 4475 1778 4546 ju-

192 4579 338 4626 stum
387 4587 442 4623 se
494 4569 688 4623 diceret
738 4585 915 4623 coram
969 4568 1212 4622 Domino.
1276 4566 1446 4622 Porro
1509 4567 1780 4621 adversum

194 4665 397 4719 amicos
425 4664 538 4733 ejus
582 4663 886 4733 indignatus
911 4670 1006 4727 est,
1033 4677 1093 4714 eo
1138 4660 1276 4730 quod
1327 4675 1430 4712 non
1473 4658 1782 4712 invenissent

196 4756 588 4823 responsionem
623 4752 1011 4817 rationabilem,
1047 4752 1138 4805 sed
1163 4750 1522 4806 tantummodo
1543 4749 1784 4803 condem-

199 4857 409 4900 nassent
451 4843 574 4901 Job.
603 4877 674 4885 —
701 4845 942 4899 Solerter
975 4844 1290 4898 intuendum
1320 4852 1422 4908 est,
1467 4842 1612 4910 quod
1655 4841 1804 4894 ben:

201 4945 290 4991 tus
319 4936 419 4991 Job
450 4937 569 4994 ideo
611 4935 977 5005 reprehendit,
1027 4934 1169 5002 quod
1215 4947 1396 4986 coram
1432 4931 1542 4986 Deo
1576 4931 1780 5001 justmn

199 5043 323 5084 esse
350 5045 408 5084 se
455 5029 685 5092 dixerit;
736 5027 940 5081 amicos
977 5039 1104 5078 vero
1150 5025 1266 5095 ejus
1319 5020 1438 5078 ideo
1484 5020 1783 5090 redarguit,

203 5119 348 5189 quod
413 5121 839 5174 condemnantes
909 5129 1053 5175 eum,
1123 5114 1526 5182 responsionem
1591 5117 1784 5166 contra

206 5211 355 5264 illum
387 5207 766 5265 rationabilem
811 5220 914 5259 non
945 5203 1229 5258 dederunt.
1270 5203 1392 5258 Istis
1435 5215 1668 5270 namque
1697 5199 1781 5252 in-

213 5302 360 5322 J!-!!-
390 5311 556 5322 -_-_.-
608 5295 880 5322 -Allinhun
944 5293 1082 5322 ιιι-ΑΛ
1121 5308 1219 5322 ιλιι.-
1249 5306 1368 5322 num
1401 5291 1608 5322 θηηιιῖηο
1637 5304 1784 5322 nmo-

1799 1469 1846 1527 B
1875 1469 2296 1536 reprehendunt,
2325 1470 2376 1525 id
2402 1481 2507 1536 est,
2539 1468 2674 1526 alios
2704 1477 2931 1525 censent
2956 1468 3089 1524 nihil
3129 1467 3294 1535 scire,
3320 1467 3455 1523 alios

1870 1573 1974 1612 non
2037 1559 2173 1614 bene
2215 1561 2418 1616 vivere.
2457 1561 2524 1616 Et
2570 1561 2818 1631 quamvis
2859 1558 3005 1628 juste
3061 1573 3251 1614 omnes
3295 1569 3453 1612 extra

1870 1648 2166 1704 Ecclesiam
2194 1652 2400 1720 positos
2437 1668 2603 1722 prava
2646 1653 2848 1707 sentire
2876 1653 3235 1721 redarguunt,
3275 1659 3450 1704 tamen

1868 1741 2033 1796 etiam
2062 1757 2157 1797 eos
2199 1744 2290 1812 qui
2340 1745 2488 1799 intus
2518 1753 2644 1800 sunt
2685 1759 2780 1813 per
2809 1743 2932 1799 vita:
2963 1745 3273 1813 despectum
3317 1757 3448 1798 cou-

1870 1840 2137 1887 temnunt.
2185 1832 2444 1903 Sequitur
2468 1853 2481 1888 :
2687 1845 2696 1853 '
3346 1854 3348 1856 '

1941 1923 2104 1978 Vens.
2146 1923 2202 1989 4,
2259 1923 2314 1978 5.
2363 1923 2538 1993 Igitur
2581 1923 2702 1977 Eliu
2741 1925 3048 1995 exspectavit
3078 1921 3181 1976 Job
3235 1922 3451 1992 loquen-

1870 2022 1970 2068 tem
2005 2031 2064 2068 eo
2107 2015 2245 2084 quod
2291 2015 2520 2069 seniores
2564 2025 2730 2068 essent
2773 2016 2863 2085 qui
2904 2014 3266 2083 loquebantur.
3317 2012 3448 2067 Cum

1870 2112 2042 2157 autem
2057 2104 2266 2157 vidisset
2288 2103 2426 2173 quod
2445 2114 2547 2157 tres
2571 2104 2876 2172 respondere
2901 2121 3003 2157 non
3031 2111 3260 2173 possent,
3281 2104 3448 2155 iratus

1869 2201 1944 2244 est
1997 2192 2334 2248 vehementer.
2385 2222 2454 2231 —
2493 2192 2750 2259 Quamvis
2823 2201 3008 2247 sancta
3072 2191 3312 2245 Ecclesia
3381 2191 3453 2244 sit

1871 2278 2058 2348 procul
2086 2278 2246 2332 dubio
2274 2280 2601 2334 adversariis
2636 2280 2748 2335 suis
2787 2280 3079 2349 antiquior,
3110 2279 3234 2348 quia
3265 2279 3330 2334 de
3361 2279 3448 2332 illa

1873 2365 1997 2438 ipsi,
2039 2384 2147 2423 non
2189 2377 2370 2423 autem
2413 2369 2545 2424 exiit
2577 2369 2690 2438 ipsa
2721 2369 2788 2423 de
2816 2369 2942 2432 illis,
2975 2369 3115 2422 sicut
3143 2369 3209 2422 de
3244 2369 3324 2422 eis
3354 2384 3450 2437 per

1871 2459 2134 2516 Joannem
2181 2461 2427 2515 dicitur:
2484 2481 2503 2512 ι
2553 2461 2629 2514 Ex
2686 2461 2840 2515 nobis
2886 2461 3153 2525 exierunt,
3209 2461 3302 2516 sed
3343 2477 3448 2514 non

1872 2560 2030 2604 erant
2075 2563 2142 2605 ex
2179 2550 2337 2604 nobis
2390 2549 2442 2622 (I
2494 2550 2653 2604 Jonn.
2699 2565 2767 2612 ll,
2826 2549 2938 2614 l9),
2997 2568 3014 2600 ι
3071 2559 3217 2604 recte
3270 2558 3450 2604 tamen

1873 2639 2074 2696 eisdem
2123 2640 2450 2694 adversariis
2498 2640 2614 2694 Eliu
2658 2637 2843 2708 junior
2884 2638 3052 2694 fuisse
3101 2639 3447 2702 describitur,

1873 2731 2000 2800 quia
2043 2731 2298 2785 nimirum
2343 2739 2467 2800 post
2512 2743 2702 2786 exorta
2747 2731 3124 2786 haereticorum
3155 2731 3290 2786 bella
3331 2745 3453 2785 esse

1876 2821 1930 2875 in
1960 2829 2149 2877 sancta
2191 2821 2431 2877 Ecclesia
2480 2821 2617 2877 fastu
2662 2821 2902 2876 scientiae
2934 2821 3101 2875 inﬂati
3131 2830 3453 2891 arrogantes

1877 2924 2177 2986 coeperunt.
2223 2915 2356 2970 Cum
2397 2931 2527 2971 vero
2567 2915 2765 2970 dicitur
2794 2915 2921 2983 quia
2972 2913 3096 2968 Eliu
3141 2891 3453 2982 exspeclavit

1876 3005 1979 3060 Job
2031 3004 2346 3076 loquentem,
2391 3014 2447 3060 et
2489 3005 2720 3076 reliqua,
2762 3013 2948 3074 aperte
2980 3005 3168 3058 beatus
3198 3001 3298 3056 Job
3347 3016 3452 3055 non

1877 3112 1976 3168 pro
2001 3113 2119 3161 sua,
2147 3098 2241 3152 sed
2270 3113 2368 3168 pro
2393 3097 2688 3152 amicorum
2715 3096 3018 3152 reverentia
3063 3110 3122 3149 se
3148 3108 3456 3148 reservasse

1879 3199 2213 3246 monstratur
2246 3209 2260 3245 :
2293 3191 2419 3260 quia
2449 3191 2702 3246 videlicet
2752 3196 3068 3260 arrogantes
3106 3188 3247 3241 intra
3291 3186 3455 3256 positi

1877 3280 2121 3336 eamdem
2160 3291 2402 3336 sanctam
2448 3280 2747 3336 Ecclesium
2810 3294 2972 3348 quam
3019 3276 3313 3332 defendunt
3359 3277 3457 3330 de-

1878 3372 2136 3442 spiciunt,
2191 3379 2246 3426 et
2295 3371 2613 3441 plerumque
2665 3370 2927 3440 contingit
2979 3377 3038 3424 ut
3077 3367 3196 3438 plus
3244 3367 3456 3437 ingenia

1880 3461 2018 3516 male
2038 3461 2359 3532 sapientimn
2383 3477 2544 3530 quam
2573 3461 2867 3530 simplicem
2897 3460 3061 3513 vitam
3089 3457 3456 3514 innocentium

1880 3563 2232 3609 venerentur.
2275 3553 2534 3622 Sequitur
2557 3573 2570 3606 :
3143 3550 3146 3554 ’

1951 3645 2114 3700 Vens.
2146 3644 2202 3709 6,
2237 3644 2294 3698 7.
2345 3642 2780 3713 Respondensque
2837 3641 2963 3694 Elin
3008 3640 3154 3708 ﬁlius
3194 3637 3457 3694 Barac/cel

1880 3733 2096 3790 Buaites
2119 3735 2287 3789 dixit:
2325 3733 2522 3787 Junior
2557 3749 2672 3786 sum
2701 3743 2950 3801 tempore,
2982 3746 3070 3784 vos
3115 3738 3290 3782 autem
3319 3729 3458 3780 anti-

1879 3828 2108 3898 quiores,
2144 3825 2578 3879 idcirco'dimisso
2623 3824 2790 3894 capite
2827 3822 3020 3876 veritus
3049 3836 3167 3876 sum
3204 3820 3457 3888 indagare

1879 3935 2050 3973 meum
2090 3917 2419 3973 sententiam.
2455 3914 2744 3986 Sperabam
2793 3914 2932 3969 enim
2969 3913 3109 3983 quod
3157 3921 3287 3965 aetas
3335 3925 3459 3979 pro-

1881 4011 2040 4066 lixior
2081 4009 2402 4081 loqueretur,
2444 4017 2490 4062 et
2531 4024 2789 4061 annorum
2819 4005 3101 4059 multitudo
3143 4003 3345 4056 doceret
3375 4017 3458 4054 sa-

1880 4104 2152 4174 pientiam.
2199 4131 2270 4142 ——
2315 4099 2434 4154 Eliu
2483 4097 2680 4168 quippe
2721 4096 2956 4165 quandiu
3005 4107 3104 4164 pro
3144 4090 3318 4146 aetatis
3346 4104 3459 4144 suae

1885 4202 2130 4263 respectu
2161 4191 2414 4254 tacuerit,
2444 4188 2742 4258 sapientior
2761 4185 2889 4250 fuit;
2918 4199 3042 4239 cum
3078 4198 3211 4238 vero
3250 4182 3301 4234 in
3339 4179 3460 4233 aliis

1885 4299 2151 4341 annorum
2201 4281 2603 4336 multitudinem
2651 4277 2997 4346 semetipsum
3037 4272 3332 4344 praeferens
3365 4271 3458 4324 de-

1887 4377 2066 4448 spicit,
2095 4389 2258 4445 quam
2297 4373 2580 4444 pueriliter
2605 4370 2835 4439 desipiat
2872 4368 3132 4423 ostendit.
3164 4365 3298 4420 Nam
3329 4379 3460 4419 con-

1887 4475 1967 4521 tra
2017 4466 2133 4536 ejus
2179 4463 2508 4520 sententiam
2547 4469 2604 4516 et
2647 4469 2780 4516 aetas
2811 4459 3076 4529 prolixior
3117 4456 3375 4526 loquitur,
3404 4461 3478 4524 et,

1884 4574 1982 4629 per
2021 4573 2285 4612 annorum
2319 4555 2717 4610 multitudinem
2760 4553 3024 4623 sapientia
3057 4552 3303 4614 docetur,
3333 4547 3458 4616 quia

1883 4650 1985 4704 etsi
2033 4647 2349 4718 longaevitas
2393 4660 2610 4700 sensum
2655 4660 2763 4698 non
2810 4642 3018 4713 probet,
3079 4655 3210 4695 usus
3278 4647 3457 4692 tamen

1884 4742 2236 4796 vehementer
2256 4745 2491 4792 exercet.
2517 4737 2772 4806 Sequitur
2801 4753 2823 4789 :-

1965 4831 2125 4886 Vrzns.
2155 4831 2208 4885 8.
2243 4830 2373 4892 Sed,
2402 4840 2456 4882 ut
2486 4828 2648 4891 video,
2682 4826 2911 4896 Spiritus
2940 4835 3014 4880 est
3041 4826 3094 4876 in
3127 4819 3421 4874 hominibus
3447 4857 3461 4881 ,

1884 4933 1932 4977 et
2005 4923 2283 4992 inspiratio
2338 4918 2724 4989 Omnipotenlis
2788 4920 2880 4970 dat
2946 4911 3362 4982 intelligentiam.
3395 4936 3467 4947 ---

1885 5012 2012 5067 Haec
2057 5020 2203 5066 recte
2251 5010 2475 5072 diceret,
2528 5008 2572 5062 si
2618 5006 2863 5062 eamdem
2901 4998 3310 5067 intelligentiam
3360 4995 3472 5088 sibi.

1883 5119 1995 5173 pra:
2038 5101 2250 5159 caeteris
2301 5114 2408 5153 non
2458 5106 2757 5170 arrogaret.
2807 5095 3054 5162 Quatuor
3100 5089 3296 5156 quippe
3343 5096 3470 5140 sunt

1886 5194 2095 5264 species
2120 5189 2317 5260 quibus
2349 5190 2592 5243 omnium
2624 5198 2804 5242 tumor
2843 5181 3214 5255 arrogantium
3242 5176 3468 5230 demon-

1884 5293 2090 5322 clr-olnr
2139 5283 2238 5322 Aut
2264 5294 2384 5322 rum
2409 5280 2606 5322 lmnnm
2631 5294 2658 5322 si
2684 5275 2994 5322 semetinsis
3020 5269 3222 5322 habere
3243 5280 3302 5318 se
3325 5264 3475 5317 msti-
