3948 5398
508 334 613 391 375
1502 338 1561 394 S.
1602 336 1852 395 ODONlS
1888 334 2177 390 ABllATlS
2225 332 2723 390 CLUMACENSIS
2760 332 2803 386 ll
3652 328 3735 387 εκ

512 451 659 506 enim
682 447 881 507 donum
906 458 989 506 est
1010 466 1115 506 non
1141 467 1206 505 ex
1227 451 1498 521 operibus,
1525 461 1584 506 ιιι
1609 467 1675 506 nc
1694 451 1816 521 quis
1835 449 2093 522 glorietur
2120 453 2171 512 Α
2200 456 2389 515 gentes
2416 462 2578 502 voces
2607 446 2822 515 quidem
2866 450 3066 499 sanctae
3095 439 3350 496 Ecclesiae
3380 438 3635 505 audiunt,
3653 405 3737 497 sed

514 540 678 613 (Eph.
712 556 778 608 ιι,
808 540 948 611 8-9).
992 559 1010 592 ι
1046 540 1151 596 Aut
1174 551 1321 596 certe
1345 582 1359 607 ,
1390 557 1511 601 cum
1535 540 1745 611 jactant
1792 556 1851 596 se
1892 541 2093 595 habere
2194 540 2294 595 sibi
2309 524 3740 603 casdicidissimulant,quandoelatitmisvitiumemen-

514 631 659 700 quod
705 644 814 686 non
862 629 1061 686 habent
1089 671 1104 697 ,
1146 631 1286 687 sicut
1314 632 1507 704 angelo
1545 630 1813 687 Laodicia:
1849 632 2045 688 dicitur
2078 651 2090 685 :

520 739 540 772 ι
574 718 709 787 Quia
759 720 896 777 dicis
947 723 1093 793 quod
1143 722 1294 779 dives
1333 738 1451 778 sum
1503 732 1559 780 et
1589 723 1949 792 locupletatus
1978 764 1995 787 ,
2042 735 2097 778 et

512 811 713 869 nullius
741 828 895 885 egeo,
922 815 1099 870 nescis
1121 817 1246 885 quia
1277 824 1331 870 tu
1363 831 1424 871 es
1449 817 1614 872 miser
1644 825 1699 872 et
1730 815 2061 871 miserabilis
2080 856 2094 879 ,

515 912 573 959 et
597 919 802 976 pauper
826 945 843 973 ,
883 916 938 962 et
972 923 1148 964 caecus
1174 916 1229 964 et
1257 909 1434 964 nudus
1453 910 1636 980 (Apoc.
1667 926 1751 975 ιιι,
1782 909 1893 979 17).
1933 928 1952 961 ι
1992 909 2099 963 Aut

515 992 785 1064 despectis
804 996 1016 1052 caeteris
1038 996 1385 1067 singulariter
1409 998 1579 1054 videri
1606 1006 1868 1070 appetunt
1899 996 2101 1052 habere

516 1085 664 1153 quod
690 1085 931 1152 habent,
962 1086 1100 1142 sicut
1136 1086 1441 1144 Phariszeus
1466 1089 1545 1144 ait
1575 1105 1589 1142 :
1629 1106 1648 1140 ‹
1707 1090 1871 1157 Deus,
1896 1089 2102 1158 gratias

517 1189 623 1246 ago
652 1177 748 1232 tibi
776 1177 903 1247 quia
931 1192 1036 1233 non
1075 1193 1194 1234 sum
1223 1178 1363 1234 sicut
1407 1180 1593 1235 caeteri
1636 1179 1913 1234 hominum
1946 1178 2098 1249 (Luc.

517 1285 676 1337 xvm,
706 1270 816 1341 11).
853 1290 872 1324 s
907 1270 1024 1326 Eliu
1053 1286 1184 1342 ergo
1228 1272 1475 1341 quamvis
1504 1273 1621 1327 dari
1675 1288 1708 1326 a
1736 1272 1965 1327 Domino
2017 1285 2098 1326 sa-

516 1360 778 1430 pientiam
816 1361 1102 1418 conﬁtetur
1129 1403 1145 1429 ,
1185 1363 1239 1417 in
1281 1363 1382 1418 bac
1416 1370 1594 1417 tamen
1642 1362 1891 1418 elationis
1925 1363 2104 1434 specie

517 1451 763 1520 labitur,
809 1462 871 1508 ut
922 1453 1306 1524 sapientiorem
1342 1468 1402 1509 se
1454 1454 1667 1509 caeteris
1699 1455 1950 1524 gaudeat.
2003 1454 2103 1508 Se-

518 1545 706 1614 quitur
742 1563 756 1599 :

593 1636 758 1691 Vens.
789 1634 844 1701 9,
875 1633 961 1700 10,
995 1634 1081 1701 11,
1116 1632 1199 1688 12.
1240 1632 1361 1688 Non
1402 1643 1521 1688 sunt
1553 1632 1771 1704 longtevi
1807 1633 2062 1703 sapientes
2090 1673 2106 1696 ,

533 1741 628 1780 nec
655 1740 800 1779 senes
834 1722 1129 1796 intelligunt
1152 1724 1442 1795 judicium.
1476 1722 1607 1778 Ideo
1634 1724 1809 1777 diram
1845 1738 1863 1777 :
1912 1721 2103 1776 Audite

2195 630 2324 684 dare
2370 634 2741 690 contemnunt,
2787 639 2855 680 ne
2883 639 2941 678 se
2969 623 3037 677 de
3070 620 3321 691 superbia
3355 618 3598 688 redargui
3621 620 3741 674 asti-

2197 729 2363 783 meut,
2378 720 2501 790 quia
2523 733 2642 773 esse
2671 730 2732 770 se
2746 713 2975 770 humiles
2987 719 3198 782 putant,
3211 709 3334 779 quia
3348 708 3516 763 etiam
3535 707 3742 779 redargui

2198 811 2523 881 despiciunt,
2550 809 2676 863 dum
2690 804 2949 877 sapientia
2959 819 3044 858 res
3056 818 3113 858 se
3126 810 3180 856 et
3190 800 3321 871 ipsis
3334 799 3745 868 redarguentibus

2198 901 2554 955 arbitrantur.
2585 896 2873 968 Sequitur:
2892 892 2961 947 Et
2984 910 3075 963 ego
3090 908 3194 946 non
3219 888 3508 945 secundant
3522 905 3745 943 sermones

2198 1000 2394 1045 vestros
2418 988 2735 1058 respondebo
2756 985 2856 1039 illi.
2878 1015 2948 1025 —
2972 983 3299 1053 Arrogantes
3325 979 3479 1034 enim
3494 976 3629 1030 intra
3650 991 3749 1032 san-

2201 1088 2342 1134 ctam
2369 1077 2663 1134 Ecclesium
2692 1077 2850 1147 positi
2881 1074 3203 1144 respondent
3226 1079 3420 1126 contra
3444 1084 3530 1133 ea,
3555 1068 3643 1123 sed
3664 1083 3749 1123 non

2203 1172 2342 1229 sicut
2362 1169 2599 1225 bmretici
2616 1168 2856 1223 exterius
2884 1163 3184 1222 constituti.
3208 1161 3396 1233 Neque
3418 1159 3561 1216 enim
3573 1165 3751 1212 contra-

2205 1266 2389 1323 dicunt
2400 1264 2446 1320 ei
2464 1277 2625 1333 prava
2641 1259 2998 1332 praedicando,
3019 1257 3109 1312 sed
3124 1268 3379 1327 perverse
3394 1250 3636 1315 vivendo,
3650 1249 3753 1319 quis

2207 1370 2307 1411 nec
2328 1356 2396 1409 de
2423 1354 2534 1408 Deo
2561 1360 2619 1405 ut
2649 1348 2887 1405 haeretici
2911 1347 3129 1417 indigna
3162 1344 3430 1407 sentiunt,
3476 1340 3568 1394 sed
3600 1339 3658 1393 de
3687 1351 3753 1403 se,

2205 1449 2486 1520 plusquam
2513 1458 2732 1499 necesse
2761 1451 2863 1504 est,
2899 1440 3065 1509 digna
3085 1434 3463 1506 suspicantur.
3490 1428 3750 1498 Sequitur:

2279 1516 2448 1595 Vens.
2503 1536 2587 1592 15.
2624 1534 3017 1592 Extimuerunt,
3073 1543 3167 1581 nec
3202 1521 3582 1594 responderunt
3626 1516 3752 1581 ultra,

2208 1631 2633 1697 abstuleratqu
2666 1642 2699 1678 α
2737 1640 2791 1677 se
2831 1620 3055 1689 eloquia.
3085 1646 3157 1657 -
3185 1614 3330 1668 Bene
3362 1611 3435 1666 ab
3463 1609 3577 1664 Eliu
3622 1604 3755 1659 verba

2210 1722 2373 1780 amici
2400 1720 2501 1777 Joh
2525 1715 2839 1773 extimuisse
2872 1710 3200 1771 referuntur,
3239 1704 3370 1774 quia
3407 1712 3753 1767 nonnunquam

523 1837 644 1887 me,
686 1819 958 1875 ostendam
1009 1819 1154 1874 vobis
1199 1819 1354 1872 etiam
1414 1834 1509 1887 ego
1549 1833 1719 1870 meam
1770 1816 2103 1870 sententiam.
2142 1801 2180 1858 Β
2210 1818 2530 1883 arrogantes
2572 1806 2829 1862 Ecclesia:
2878 1801 3217 1862 defensores,
3264 1794 3522 1866 quamvis
3550 1789 3755 1845 ordinem

527 1908 840 1981 Exspectavi
869 1909 1008 1965 enim
1046 1926 1309 1965 sermones
1332 1918 1546 1969 vestros,
1578 1907 1755 1964 audiri
1777 1905 2110 1977 prudentiam

523 2012 748 2058 uestram
774 2042 791 2070 ,
822 2002 986 2056 donec
1023 1998 1446 2067 disceptaremini
1472 1996 1832 2061 sermonibus,
1869 2007 1917 2048 et
1946 1995 2112 2049 donec

524 2094 775 2164 putabam
806 2109 895 2148 vos
924 2091 1126 2161 aliquid
1146 2090 1338 2154 dicere,
1371 2089 1789 2144 considerabam.
1821 2118 1891 2127 —
1928 2086 2114 2154 Quan-

527 2193 644 2240 tum
671 2185 739 2239 ad
766 2182 1121 2238 intentionem
1148 2180 1342 2236 litterie
1383 2187 1666 2250 exspectat
1710 2176 2003 2252 [spectat].
2036 2178 2115 2231 lo-

528 2290 706 2346 quens
729 2273 848 2330 Eliu
874 2273 1077 2329 indicat
1100 2287 1260 2342 quam
1280 2271 1511 2341 superbe
1535 2270 1786 2325 tacuerit.
1809 2270 1942 2324 Cum
1969 2268 2115 2323 enim

530 2367 710 2424 dicit:
758 2365 1039 2436 Expectavi
1082 2379 1345 2419 sermones
1386 2372 1599 2427 vestros,
1628 2370 1713 2428 et,
1756 2362 2005 2431 putabam
2022 2364 2117 2414 'vos

529 2457 733 2530 aliquid
752 2457 923 2511 dicere
943 2495 960 2521 ,
994 2462 1180 2529 aperte
1207 2453 1448 2509 declarat
1476 2468 1537 2509 se
1590 2452 1657 2507 ad
1688 2453 1855 2507 verba
1883 2466 2071 2506 senum
2098 2491 2114 2515 ,

526 2547 822 2621 iudicantis
846 2546 1027 2617 potius
1045 2545 1224 2602 studio
1253 2559 1414 2614 quam
1453 2542 1684 2603 dicentis
1707 2551 1832 2598 voto
1855 2542 2113 2597 tacuisse.

530 2637 794 2705 Quamvis
836 2637 953 2692 haec
989 2636 1184 2691 melius
1215 2635 1384 2690 vitam
1438 2633 1809 2704 arrogantium
1858 2633 2117 2703 signant,

530 2729 628 2801 qui
659 2729 950 2799 aliquando
973 2728 1115 2782 intra
1138 2735 1384 2783 sanctam
1421 2724 1720 2780 Ecclesium
1752 2722 1915 2794 positi
1950 2762 1963 2785 ,
1996 2737 2119 2777 cum

533 2818 774 2889 ejusdem
802 2826 1005 2874 sanctis
1040 2815 1300 2873 Ecclesiae
1346 2813 1688 2869 adversarios
1741 2811 2119 2881 conspiciunt,

533 2926 646 2967 non
675 2909 731 2964 in
762 2908 843 2965 cis
873 2916 1185 2981 temporum
1207 2920 1379 2962 annos
1402 2945 1418 2973 ,
1445 2904 1539 2960 sed
1566 2903 1919 2959 intentionem
1947 2901 2123 2957 solent

536 3015 771 3073 pensare
816 2999 1127 3055 verborum.
1182 2996 1316 3053 Nam
1362 2994 1703 3067 quantolibet
1750 2994 1860 3050 sint
1917 2993 2121 3049 eisdem

542 3092 927 3165 arrogantibus
969 3090 1302 3160 antiquiores
1372 3088 1615 3144 haeretici
1650 3127 1666 3154 ,
1717 3101 1812 3142 eos
1867 3084 2124 3139 audacter

2211 1882 2425 1964 dicendi
2440 1918 2544 1958 non
2572 1906 2809 1962 taceant,
2833 1904 3009 1950 tamen
3034 1890 3380 1975 adversarios
3395 1885 3510 1956 ipsa
3532 1882 3759 1938 dictorum

2222 2001 2424 2056 virtute
2451 1994 2786 2068 perturbant.
2831 1987 3087 2057 Sequitur
3114 2001 3127 2037 :
3156 2042 3167 2055 ρ

2284 2088 2451 2142 Vens.
2479 2085 2566 2140 l6.
2603 2081 2866 2149 Quoniam
2906 2077 3067 2147 igitur
3093 2070 3407 2149 exspectaui,
3441 2076 3492 2121 et
3536 2081 3632 2119 non
3664 2069 3761 2117 sunt

2214 2179 2397 2242 locuti,
2420 2183 2670 2231 steterunt
2700 2187 2791 2226 nec
2817 2167 2956 2223 ultra
2980 2181 3060 2219 res
3099 2136 3382 2217 dnderunt.
3410 2186 3485 2197 —
3513 2153 3760 2208 Finisesso

2216 2268 2506 2328 locutionis
2534 2262 2860 2336 sapientiqu
2882 2180 3126 2493 sciuit
3153 2269 3218 2310 eo
3244 2265 3420 2321 usque
3442 2248 3659 2310 dicatur,
3678 2258 3759 2313 quo

2218 2360 2550 2420 adversariis
2576 2355 2848 2411 silentium
2873 2352 2984 2420 imp
3061 2357 3173 2401 ant.
3204 2343 3318 2398 Non
3357 2343 3506 2396 enim
3538 2352 3593 2392 se
3612 2345 3757 2391 osten<

2218 2453 2365 2493 dum
2401 2449 2495 2493 md
2542 2461 2706 2493 m-m'a
2737 2445 2963 2493 docente
3033 2448 3381 2493 compescere
3421 2429 3654 2493 cupiunt.
3677 2422 3759 2478 Sed

2216 2268 2506 2328 locutionis
2534 2262 2860 2336 sapientiqu
2882 2248 3126 2336 solctlit
3153 2269 3218 2310 eo
3244 2265 3420 2321 usque
3442 2248 3659 2310 dicatur,
3678 2258 3759 2313 quo

2218 2360 2550 2420 adversariis
2576 2355 2848 2411 silentium
2873 2343 3173 2420 impﬁant.
3204 2343 3318 2398 Non
3357 2343 3506 2396 enim
3538 2352 3593 2392 se
3612 2345 3757 2391 osten<

2218 2453 2374 2517 dere,
2401 2449 2496 2505 sed
2542 2461 2706 2517 prava
2737 2422 3029 2498 docentcs'
3033 2448 3381 2505 compescere
3421 2429 3654 2500 cupiunt.
3677 2422 3759 2478 Sed

2219 2514 2475 2613 quoniam
2514 2514 2705 2592 amicis
2741 2531 3051 2588 tacentibus
3092 2527 3213 2581 Elin
3239 2524 3423 2578 adhuc
3460 2520 3617 2574 verba
3653 2514 3758 2569 mul-

2222 2606 2448 2703 tiplicat,
2487 2633 2633 2699 patet
2679 2625 2806 2694 quia
2847 2621 2934 2677 vir
2962 2632 3225 2689 arrogans
3271 2622 3327 2668 et
3383 2613 3606 2667 fomlam
3648 2606 3691 2703 in
3718 2618 3762 2658 se

2223 2697 2595 2793 arrogantium
2643 2717 2918 2771 intentans
2944 2751 2959 2777 ,
3018 2725 3125 2764 non
3176 2703 3607 2760 adversariorum
3647 2697 3760 2793 dicta

2225 2785 2506 2884 superare,
2548 2807 2641 2865 sed
2672 2803 2992 2876 sapientiam
3017 2807 3294 2856 ostentare
3340 2793 3582 2849 festinat.
3610 2785 3762 2856 Sequi-

2228 2914 2315 2959 tur
2342 2921 2355 2956 :

2298 2996 2461 3051 Vens.
2516 2992 2601 3046 l7.
2654 2984 2988 3056 Respondebo
3034 2992 3082 3047 et
3128 2996 3221 3051 ego
3275 2986 3484 3047 partem
3536 2982 3698 3027 meant.
3725 2971 3763 3017 τι

2230 3085 2502 3140 ostendam
2547 3079 2820 3135 scientiam
2869 3089 3059 3128 meam.
3116 3099 3188 3110 --
3227 3066 3384 3122 Hanc
3419 3062 3560 3118 enim
3598 3064 3761 3128 partem

544 3183 915 3255 comprimunt
937 3221 952 3245 ,
1004 3182 1059 3237 in
1097 3195 1329 3251 quorum
1364 3180 1549 3234 verbis
1596 3178 1849 3250 dogmata
1871 3190 2126 3246 perversa
2153 3147 2199 3208 (δ
2235 3193 2388 3234 suam
2416 3175 2592 3235 omnis
2617 3183 2885 3241 arrogans
2904 3166 3160 3230 aestimat,
3187 3161 3234 3216 si
3254 3156 3540 3216 scientiam
3571 3165 3661 3205 non
3682 3156 3763 3249 tam

544 3274 970 3348 reprehendunt.
1003 3271 1261 3343 Sequitur
1291 3290 1306 3326 :
1340 3271 1467 3336 Sed,
1497 3281 1554 3325 ut
1585 3270 1762 3336 video,
1798 3285 1904 3323 non
1937 3279 2011 3323 est
2039 3268 2130 3339 qui

545 3384 768 3442 arguere
791 3369 956 3441 possit
985 3365 1112 3435 Job,
1143 3376 1189 3423 et
1211 3365 1518 3436 respondere
1541 3380 1606 3419 ex
1629 3363 1778 3419 vobis
1809 3361 2132 3417 sermonibus

549 3461 686 3532 ejus.
1865 3457 1871 3463 ‘

596 3553 792 3610 ‘Vzns.
824 3552 911 3608 15.
944 3549 1030 3607 Ne
1054 3553 1189 3624 forte
1207 3552 1396 3606 dicatis
1421 3564 1439 3604 :
1470 3549 1772 3606 Invenimus
1800 3548 2131 3618 sapientiam,

548 3644 697 3701 Deus
720 3643 937 3715 projecit
962 3659 1081 3697 eum
1102 3682 1118 3709 ,
1158 3658 1262 3697 non
1281 3642 1452 3697 homo.
1478 3670 1551 3682 —-
1576 3639 1730 3710 Saepe
1772 3638 2013 3694 haeretici
2042 3653 2139 3708 per

553 3738 661 3793 hoc
684 3735 830 3807 quod
854 3749 976 3791 esse
1000 3742 1055 3791 et
1075 3734 1384 3789 hominibus
1406 3730 1762 3803 despicabiles
1785 3729 1980 3794 solent,
2015 3744 2139 3784 cum

557 3841 590 3881 a
619 3824 829 3882 cunctis
861 3824 974 3881 fere
994 3824 1244 3894 gentibus
1272 3831 1516 3880 sanetam
1556 3822 1857 3878 Ecclesium
1897 3820 2139 3877 venerari

560 3914 923 3985 conspiciunt,
957 3913 1265 3985 opinionem
1296 3911 1415 3980 ejus
1438 3912 1634 3982 quibus
1658 3911 1841 3967 valent
1865 3912 2143 3967 obtrecta-

559 4005 799 4061 tionibus
832 4005 1073 4061 lacerare
1116 4003 1471 4069 contendunt,
1494 4002 1736 4058 dicentes
1770 4019 1784 4056 :
1827 4001 2037 4057 Idcirco
2069 3998 2142 4054 illi

559 4102 755 4150 cuncta
792 4092 1106 4165 temporalia
1136 4098 1448 4162 suppetunt,
1474 4091 1602 4162 quia
1648 4090 1698 4146 ei
1728 4089 1952 4160 praemia
1980 4098 2143 4146 aster-

561 4201 757 4243 norum
780 4199 1064 4241 munerum
1106 4183 1519 4241 subtrahuntur.
1572 4182 1811 4251 Quorum
1862 4183 1980 4238 voci
2027 4182 2145 4236 Eliu

564 4276 773 4342 obviat,
802 4277 988 4332 dicens
1020 4294 1034 4330 :
1066 4275 1152 4330 Ne
1186 4276 1322 4345 forte
1351 4275 1543 4329 dicatis
1564 4289 1585 4329 :
1608 4272 1907 4329 Invenimus
1935 4274 2145 4341 sapien-

564 4366 695 4420 tiam
718 4404 733 4430 ,
763 4364 905 4421 Deus
928 4367 1144 4436 projecit
1168 4382 1286 4420 eum
1312 4405 1328 4430 ,
1369 4375 1416 4420 et
1449 4380 1551 4433 non
1587 4365 1764 4420 homo.
1812 4365 1889 4420 Ac
1913 4364 1959 4420 si
1990 4378 2145 4419 arro-

555 4467 761 4541 gantes
786 4458 927 4513 intra
952 4468 1196 4513 sanctam
1227 4456 1524 4512 Ecclesium
1552 4496 1568 4522 ,
1600 4456 1695 4513 sed
1743 4465 1923 4512 tamen
1964 4455 2151 4512 ﬁdeles

568 4557 760 4607 contra
802 4549 1087 4605 haereticos
1133 4548 1314 4604 dicant
1351 4566 1365 4603 :
1419 4547 1526 4603 Per
1568 4549 1675 4605 hoc
1714 4550 1858 4619 quod
1905 4559 2148 4605 sanctam

570 4641 870 4698 Ecclesium
908 4642 965 4697 in
992 4641 1201 4696 honore
1230 4641 1510 4696 hominum
1536 4639 1732 4695 ﬂorere
1782 4640 2153 4710 temporaliter

570 4734 817 4800 cernitis,
846 4733 1145 4804 projectum
1171 4747 1294 4788 eam
1324 4748 1354 4786 a
1386 4730 1612 4786 Domino
1632 4744 1738 4784 non
1760 4729 2012 4784 credatis.
2038 4727 2156 4784 Scit

571 4822 719 4883 enim
744 4821 1071 4893 Redemptor
1111 4819 1230 4890 ejus
1275 4829 1333 4895 et
1383 4822 1437 4874 in
1466 4821 1567 4876 hoc
1611 4818 1805 4874 itinere
1833 4817 2023 4873 solatia
2059 4833 2154 4872 ve—

572 4913 742 4969 nienti
769 4912 1006 4968 tribuere
1026 4956 1043 4981 ,
1074 4920 1129 4967 et
1152 4910 1489 4982 pervenienti
1535 4910 1601 4983 ad
1639 4918 1899 4964 aeternam
1925 4908 2154 4979 patriam

574 5020 812 5077 superna
837 5005 1059 5076 pmmia
1091 5018 1392 5060 reservare.
1422 5003 1699 5059 Incassum
1727 5001 1894 5073 igitur
1934 5000 2113 5056 dicitis
2139 5040 2156 5066 ,

581 5095 711 5165 quia
750 5094 892 5151 Deus
911 5109 1035 5151 eum
1060 5104 1116 5149 et
1152 5110 1260 5150 non
1287 5095 1451 5151 homo
1487 5091 1780 5163 proiecerit
1801 5131 1817 5158 ,
1848 5106 1972 5149 cum
1997 5105 2159 5155 venee

575 5184 688 5222 νανί
719 5184 864 5222 illam
894 5200 922 5222 ο
955 5183 1164 5222 ιιιιηοιία
1193 5183 1305 5222 fama
1335 5183 1645 5222 hnminil‘nlc
1666 5182 1858 5222 vidnlia
1929 5181 2053 5222 nnis:
2082 5180 2161 5222 αἷο

2236 3269 2437 3327 haheat
2478 3270 2640 3336 quam
2671 3237 2941 3318 ostendat.
2998 3257 3116 3324 Quo
3171 3260 3359 3309 contra
3420 3246 3623 3317 hloyses
3654 3237 3715 3292 ait
3748 3246 3761 3286 :

2241 3383 2260 3418 ι
2299 3363 2412 3418 Vas
2460 3359 2604 3431 quod
2649 3371 2756 3411 non
2788 3350 3042 3408 habuerit
3085 3344 3398 3418 operculum
3436 3348 3492 3395 et
3529 3337 3761 3431 ligaturam

2238 3427 2575 3513 immundum
2614 3446 2721 3504 erit
2764 3443 2956 3515 (Num.
3016 3455 3130 3505 XIX,
3198 3435 3309 3506 15).
3360 3453 3381 3486 s
3431 3427 3765 3515 Prmdicatores

2240 3559 2417 3606 autem
2448 3543 2619 3603 sancti
2649 3548 2862 3612 partem
2889 3550 3042 3592 suam
3068 3537 3339 3602 reputant,
3363 3527 3413 3581 si
3435 3525 3576 3612 intus
3593 3514 3763 3587 quidem

2240 3639 2343 3711 ipsi
2374 3638 2439 3693 de
2466 3610 2733 3704 sapientia
2759 3625 3058 3700 gaudeant,
3077 3621 3211 3711 foris
3228 3617 3340 3688 jam
3363 3615 3504 3711 alios
3534 3610 3598 3665 ab
3621 3612 3765 3711 estote

2241 3696 2628 3797 compescant;
2652 3696 2825 3790 neque
2864 3732 2896 3772 a
2949 3729 3007 3770 se
3054 3712 3130 3768 ita
3173 3706 3446 3778 loquendo
3494 3702 3691 3797 exeunt,
3722 3696 3765 3743 ul

2243 3784 2495 3891 gaudium
2522 3784 2718 3869 mentis
2737 3784 2818 3865 -in
2844 3805 3155 3863 ostensione
3198 3805 3406 3872 ponant
3428 3784 3763 3891 disertis

2246 3875 2431 3973 Eonis,
2471 3905 2568 3961 sed
2589 3904 2730 3958 bona
2768 3896 3011 3955 scientia:
3033 3894 3088 3949 in
3116 3891 3298 3948 cordis
3317 3892 3527 3943 secreto
3548 3875 3761 3973 meditate

2248 3964 2357 4064 tur,
2387 3964 2441 4053 et
2478 3995 2553 4050 ibi
2581 3992 2818 4064 gaudent
2842 3988 2936 4043 ubi
2986 3986 3090 4041 hoc
3133 3979 3457 4054 percipiunt,
3505 3984 3605 4027 non
3630 3964 3764 4064 ubiniﬂ

2248 4049 2613 4146 ten'ta‘tionun:
2651 4082 2876 4152 laqueos
2905 4049 3247 4134 innotescere
3268 4049 3663 4138 compelluntur.
3694 4049 3765 4106 Se-

2248 4180 2432 4253 quitur
2463 4196 2477 4232 :

2328 4271 2490 4326 Vens.
2520 4266 2607 4323 18.
2638 4264 2834 4320 Plenus
2871 4276 2988 4318 sum
3019 4253 3365 4319 sermonibus,
3394 4260 3443 4307 et
3468 4246 3673 4304 coarctat

2250 4360 2465 4433 spiritus
2506 4358 2612 4412 oris
2642 4356 2764 4410 mei.
2811 4383 2883 4394 —
2915 4350 3313 4417 Nonnunquam
3358 4334 3765 4433 arrogantesd‘lf1

2254 4411 2790 4521 dumvpraulicatores
2819 4450 3036 4499 sanctos
3064 4411 3259 4509 magna
3291 4431 3461 4503 loqui.
3515 4440 3574 4521 at;
3603 4411 3768 4521 Pw}:

2256 4512 2477 4603 cutione
2506 4521 2621 4597 sua
2663 4534 2912 4593 venerari
2942 4529 3304 4601 conspiciunt,
3330 4514 3604 4579 locutionis
3624 4512 3765 4564 eorum

2256 4633 2653 4701 celsitudinem,
2682 4643 2791 4684 non
2836 4624 3129 4681 utilitatem
3159 4615 3489 4678 intentionis,
3523 4604 3764 4701 imitantur:

2256 4728 2393 4785 Nam
2449 4738 2592 4794 saepe
2633 4697 2902 4791 contingit
2931 4724 2992 4772 ut
3032 4715 3302 4785 sapientes
3342 4707 3465 4772 viri,
3493 4697 3767 4794 ειιωεευσξῗ

2261 4817 2437 4874 audiri
2479 4772 2851 4871 cornsiderant.
2881 4808 2963 4865 ori
2999 4820 3098 4863 suo
3128 4801 3399 4860 silentium
3445 4772 3766 4874 indicant._9°fl

2814 4867 3152 4967 conspiciunt
3192 4890 3335 4962 quod
3372 4867 3768 4976 iniquorum

2265 4964 2397 5068 hora
2428 4964 2561 5065 ipsis
2588 4964 2890 5049 tacentibus
2906 4964 2964 5045 et
2989 5002 3094 5043 non
3120 4964 3764 5068 corripientibus

2262 5051 2689 5157 vim'quamdam
2712 5081 2934 5153 spiritus
2955 5078 3037 5132 sui
3061 5051 3387 5133 sustineant.
3408 5076 3466 5124 ut
3487 5066 3538 5121 in
3558 5051 3766 5157 loculi?“-e

2266 5143 2450 5222 ςιηρνιέι
2476 5143 2850 5222 'mrrentidnis
2895 5175 3201 5222 crearent.
3234 5164 3371 5219 llinc
3417 5150 3653 5215 Ieremias
3680 5143 3763 5194 9“:
