3948 5398
158 288 242 348 377
837 279 1134 338 EPITOME
1175 282 1534 339 MORALIUM
1577 284 1632 336 S.
1669 283 1703 336 (ἐ

1812 283 1873 336 G.
1919 281 1982 335 IN
2019 281 2156 337 JOB.
2197 314 2266 324 ——
2295 282 2422 338 LIB.
2467 283 2650 340 XXIII.

3286 281 3393 340 578

163 397 342 454 tenacia
381 409 764 463 nonnunquam
795 397 1147 464 parcimonia,
1178 407 1232 452 et
1275 397 1567 451 crudelitas
1614 396 1712 450 ali-
1742 402 1785 457 Α
1819 404 1965 450 recte
2011 397 2322 452 ministrare
2368 413 2474 452 non
2513 404 2758 468 possunt.
2791 395 2957 452 Recte
2983 404 3162 450 autem
3188 396 3272 452 his
3297 413 3394 466 per

163 487 347 558 quando
381 485 587 556 justitia
619 485 731 539 vult
761 485 930 540 videri
965 503 977 538 :
1008 487 1082 541 ita
1123 489 1441 556 plerumque
1470 497 1706 542 mentem

168 581 224 634 ad
247 577 478 647 loquendi
514 576 794 646 impetum,
823 594 974 632 vanre
1003 579 1188 647 gloria:
1215 580 1460 634 anxietas
1509 595 1711 648 nequa—

165 683 304 738 quam
353 680 408 721 se
452 667 591 720 intra
637 667 910 721 silentium
961 670 1203 738 capiens,
1240 671 1392 738 quasi
1426 671 1709 724 cbaritatis

165 758 433 812 inﬂammat
471 768 633 826 atque
670 759 920 827 appetita:
973 760 1301 815 ostensiouis
1335 761 1417 815 vis
1447 761 1511 814 ad
1538 761 1712 816 eilia:-

167 849 409 907 uationem
433 849 717 905 locutionis
741 852 987 920 impellit,
1011 862 1065 906 et
1089 853 1242 922 quasi
1271 854 1368 907 sub
1382 854 1560 908 studio
1581 869 1710 908 con-

163 941 364 1003 sulendi,
395 940 559 996 libido
601 944 833 1013 erumpit
877 946 1168 1015 apparcndi
1196 964 1207 999 :
1238 962 1345 999 non
1377 945 1522 999 enim
1553 955 1708 1000 curat

162 1030 401 1100 loquendo
447 1032 588 1101 quod
641 1033 834 1103 prosit,
868 1035 961 1088 sed
1012 1035 1154 1103 quod
1202 1044 1479 1105 appareat.
1519 1034 1714 1106 Sequi-

163 1129 236 1175 tur
267 1138 279 1173 :

219 1212 368 1266 Vens.
409 1211 496 1267 l9.
548 1211 634 1267 En
675 1223 852 1268 venter
878 1231 1020 1268 meus
1063 1215 1214 1285 quasi
1245 1225 1473 1269 mustum
1517 1215 1711 1286 absque

158 1299 413 1370 spiracula,
437 1303 576 1372 quod
609 1301 918 1372 lagunculas
950 1320 1107 1358 novas
1143 1304 1441 1372 disrumpit.
1463 1335 1532 1345 -
1559 1305 1710 1372 Quod

158 1393 194 1445 si
217 1391 518 1460 spiritaliter
553 1393 852 1464 intelligere
877 1395 1152 1459 debemus,
1188 1397 1288 1451 hoc
1318 1397 1434 1452 loco
1461 1398 1710 1453 videlicet

156 1490 369 1536 ventrem
390 1498 543 1536 suum
567 1485 746 1538 cordis
764 1487 940 1539 sinum
971 1486 1234 1556 appellat;
1267 1488 1322 1541 in
1355 1498 1533 1543 musto
1558 1503 1708 1553 vero,

154 1573 305 1626 sancti
332 1571 567 1642 Spiritus
593 1574 773 1629 fervor
794 1576 1076 1645 accipitur.
1103 1577 1179 1632 De
1204 1593 1310 1647 quo
1334 1578 1388 1632 in
1419 1578 1712 1649 Evangelio

154 1664 385 1720 Dominus
425 1665 559 1721 dicit
617 1685 630 1720 :
695 1685 716 1718 ς
780 1668 975 1722 Vimtm
1009 1684 1204 1724 novum
1257 1671 1310 1724 in
1342 1679 1492 1724 utres
1544 1685 1712 1725 novos

155 1752 341 1822 (Matth.
388 1771 464 1820 Ix,
529 1756 639 1829 l7).
693 1777 712 1809 ι
772 1757 1107 1828 Lagunculas
1137 1776 1266 1814 vero
1305 1761 1550 1816 infirmas
1590 1761 1705 1831 ipsa
1741 1747 1782 1805 Β

153 1845 459 1900 humanitate
493 1848 880 1912 conscientias,
909 1850 991 1904 vel
1020 1861 1166 1904 certe
1205 1852 1318 1905 haec
1345 1861 1560 1905 terrena
1582 1861 1708 1905 ‘cor-

149 1948 312 2004 porum
339 1936 555 1991 vascula
599 1953 704 1993 non
757 1939 1201 1994 inconvenienter
1255 1943 1571 2011 accipimus.
1632 1943 1706 1997 De

149 2025 320 2093 quibus
342 2025 538 2082 Paulus
551 2029 830 2097 apostolus
853 2031 984 2085 dicit
1009 2049 1021 2082 :
1054 2051 1069 2082 ε
1096 2031 1366 2086 Habemus
1391 2033 1704 2087 thesaurum

148 2115 285 2173 istum
311 2117 361 2171 in
388 2118 533 2172 vasis
565 2117 820 2174 fictilibus
848 2119 933 2191 (11
965 2119 1088 2174 Cor.
1123 2137 1195 2185 Iv,
1225 2121 1301 2192 7).
1335 2141 1355 2174 ι
1384 2121 1500 2176 Eliu
1526 2129 1703 2175 autem

148 2210 393 2267 inﬂatione
430 2213 688 2269 elationis
727 2223 1006 2280 extensus,
1057 2231 1120 2271 ac
1167 2217 1210 2270 si
1264 2217 1329 2270 ad
1379 2215 1704 2286 loquendum

145 2313 226 2370 per
249 2301 522 2357 cbaritatis
547 2304 781 2374 gratiam
833 2305 1028 2359 ardore
1055 2305 1226 2359 sancti
1257 2305 1491 2374 Spiritus
1513 2320 1707 2358 accen-

147 2393 301 2459 datur,
346 2409 540 2451 sensus
582 2397 663 2451 sui
710 2397 956 2467 spiritum
982 2398 1034 2451 in
1063 2413 1127 2452 eo
1155 2400 1296 2467 quod
1331 2399 1518 2461 tacuit,
1550 2399 1704 2468 quasi

144 2494 298 2539 musto
334 2486 530 2558 absque
585 2487 851 2555 spiracula
906 2490 1262 2559 comparavit.
1295 2488 1526 2543 Mustum
1577 2503 1706 2558 ergo

143 2573 429 2645 lagunculas
479 2593 656 2633 novas
687 2579 996 2647 disrumpit,
1045 2581 1168 2648 quia
1215 2579 1445 2635 fervoris
1469 2579 1586 2649 ejus
1613 2596 1704 2650 po-

143 2668 285 2721 tentia
306 2669 466 2724 etiam
489 2670 758 2741 spiritalia
784 2672 945 2726 corda
975 2673 1325 2726 transcendit.
1347 2673 1534 2727 Sancti
1559 2673 1702 2728 enim

142 2756 349 2828 Spiritus
396 2760 587 2817 fervor
616 2777 721 2832 non
764 2763 938 2818 solum
974 2765 1166 2830 veteri,
1215 2767 1308 2820 sed
1354 2766 1515 2820 etiam
1565 2780 1700 2820 nova

139 2846 230 2901 vita
255 2850 337 2904 vix
361 2853 599 2922 capitur.
625 2851 885 2927 Sequitur
912 2872 925 2907 :

152 3005 162 3018 ‘
197 2937 346 2996 Vsus.
371 2940 460 2996 20.
494 2941 716 3008 Loquar
769 2954 818 2998 et
855 2944 1118 3015 respirabo
1139 2945 1438 3014 paululum,
1465 2950 1698 3019 aperiam

137 3029 257 3082 labia
304 3049 414 3086 mea
450 3043 499 3088 et
566 3037 902 3105 respondebo.
956 3039 1027 3078 --’
1061 3037 1206 3094 Bene
1244 3041 1360 3103 ait,
1413 3041 1700 3110 respirabo,

1813 487 2129 558 prophetam
2154 489 2383 543 dicitur:
2409 506 2428 539 ι
2461 490 2570 544 Vos
2595 497 2774 542 autem
2797 502 2918 542 cum
2936 487 3256 542 austeritate
3285 489 3385 540 im-

1813 575 2084 646 pcrabatis
2105 577 2202 640 eis,
2257 585 2309 630 et
2354 591 2474 630 cum
2511 575 2751 645 potentia
2778 575 2994 646 (Ezech.
3036 589 3220 640 xxxrv,
3257 575 3335 644 4).
3367 595 3386 627 ι

1811 666 1878 719 At
1900 674 2089 719 contra
2115 681 2239 720 vera
2264 666 2511 720 doctrina
2561 675 2710 720 tanto
2745 666 3117 721 vehementius
3147 666 3262 721 hate
3284 664 3393 719 ela-

1814 757 1976 810 tionis
2003 757 2190 810 vitium
2229 773 2326 826 per
2347 757 2722 826 cogitationem
2755 756 2908 827 fugit,
2940 757 3156 827 quando
3195 758 3390 811 arden-

1814 848 1918 901 tius
1942 849 2232 908 verborum
2271 864 2491 902 suorum
2517 847 2712 915 jaculis
2735 848 2906 918 ipsum
2946 849 3258 919 magistrum
3286 849 3394 905 ela-

1814 937 1974 990 tionis
2016 937 2338 1006 insequitur.
2387 935 2760 992 Humilitatem
2806 953 3040 1007 namque
3073 939 3396 1009 magistram

1810 1028 2162 1097 omniumque
2203 1038 2429 1083 matrem
2461 1029 2742 1092 virtutum,
2766 1037 2820 1083 et
2872 1028 3140 1098 loquendo
3189 1029 3392 1093 dicere,

1811 1127 1865 1173 et
1891 1119 2118 1172 vivendo
2169 1127 2433 1173 conantur
2473 1118 2791 1181 ostendere;
2821 1126 2878 1172 ut
2907 1133 3026 1172 eam
3059 1119 3198 1187 apud
3230 1119 3391 1173 disci-

1811 1210 1964 1280 pulos
2004 1210 2246 1265 veritatis
2294 1210 2413 1279 plus
2455 1211 2698 1264 moribus
2719 1225 2878 1279 quam
2902 1209 3242 1266 sermonibus
3269 1210 3380 1264 elo-

1811 1314 2066 1375 quamur.
2100 1305 2235 1359 Hinc
2257 1304 2456 1359 Paulus
2483 1305 2600 1360 ait:
2635 1324 2654 1357 ι
2708 1305 2858 1360 Facti
2891 1319 3084 1360 sumus
3104 1305 3311 1373 parvuli
3345 1306 3394 1358 iu

1812 1395 1991 1450 medio
2031 1403 2268 1450 vestrmn
2299 1394 2360 1463 (I
2419 1393 2604 1450 Thess.
2639 1410 2702 1460 ιι,
2736 1395 2811 1467 7).
2859 1414 2878 1448 ι
2906 1394 2963 1448 In
2994 1394 3242 1450 faucibus
3268 1411 3399 1448 vero
3468 1415 3471 1420 -

1813 1488 1958 1558 loqui
1987 1496 2070 1542 est
2101 1487 2325 1542 silcnter
2353 1487 2558 1550 dicere,
2599 1495 2655 1541 et
2680 1502 2787 1542 non
2836 1485 3172 1542 clamoribus
3198 1486 3399 1540 vocife-

1814 1578 1944 1631 rari.
1976 1576 2192 1643 Quibus
2208 1576 2388 1630 verbis
2411 1583 2729 1646 arrogantes
2760 1576 2902 1633 intra
2932 1585 3176 1631 sanctam
3206 1575 3397 1630 Eccle-

1815 1669 1950 1724 siam
1987 1668 2194 1738 positos
2241 1667 2438 1737 signat.
2492 1666 2555 1721 Ili
2588 1667 2732 1721 enim
2781 1667 2926 1720 velut
2952 1666 3005 1720 in
3037 1665 3285 1721 faucibus
3317 1665 3395 1718 di-

1811 1769 2010 1814 cuntur
2036 1759 2205 1828 loqui,
2245 1758 2462 1827 quando
2499 1772 2602 1812 non
2632 1766 2819 1812 contra
2869 1757 3211 1812 adversarios
3239 1764 3394 1811 extra

1811 1851 2052 1904 viventes
2096 1849 2350 1912 clamant,
2383 1848 2478 1903 sed
2507 1847 2766 1917 quosdam
2798 1848 2940 1901 intra
2987 1848 3164 1901 sinum
3194 1852 3394 1901 sancta:

1810 1942 2065 1997 Ecclesiae
2113 1942 2268 2010 quasi
2318 1939 2525 1994 vicinos
2567 1954 2631 1993 ac
2659 1937 2813 2006 juxta
2853 1938 3059 2008 positos
3089 1937 3393 2006 increpant.

1808 2030 1963 2100 Saepe
2001 2046 2130 2085 vero
2179 2037 2498 2100 arrogantes
2551 2029 2800 2082 eamdem
2830 2043 2990 2098 quam
3036 2035 3222 2081 tenent
3243 2040 3396 2080 arro-

1807 2127 2048 2198 gantiam
2074 2139 2131 2180 se
2182 2124 2370 2195 fugere
2415 2123 2750 2187 ostendunt,
2805 2131 2860 2176 et
2888 2121 3014 2176 dum
3067 2120 3147 2174 sic
3199 2126 3394 2174 cuncta

1807 2227 1970 2290 agunt
2014 2225 2071 2273 ut
2114 2218 2316 2272 nullum
2365 2217 2590 2280 lateant,
2642 2215 2758 2270 hinc
2816 2213 3102 2284 pravitatis
3166 2209 3394 2282 singulis

1807 2315 1960 2384 quasi
1984 2314 2214 2368 latenter
2236 2313 2479 2374 narrant,
2503 2317 2773 2378 quatenus
2807 2323 2910 2361 non
2937 2305 3110 2360 solum
3141 2305 3206 2358 de
3233 2317 3395 2358 sensu

1809 2392 2193 2472 intelligentim,
2219 2402 2312 2456 sed
2353 2399 2420 2453 de
2452 2399 2569 2468 ipso
2605 2396 2748 2466 apud
2773 2395 3022 2449 homines
3047 2392 3212 2447 etiam
3241 2406 3394 2446 arro-

1806 2495 2004 2565 gantia:
2026 2499 2339 2562 contemptu
2369 2489 2688 2560 glorientur.
2724 2486 2981 2556 Sequitur
3007 2499 3022 2537 :

1881 2583 2042 2637 Vens.
2077 2583 2132 2636 5.
2161 2581 2402 2651 Simplici
2432 2579 2588 2633 corde
2619 2593 2731 2630 meo
2761 2593 3025 2630 sermones
3050 2575 3170 2636 mei,
3192 2584 3238 2628 et
3270 2591 3395 2631 ren-

1805 2677 2022 2730 tentiam
2049 2674 2188 2728 labia
2215 2691 2328 2727 mea
2357 2689 2490 2742 pura
2521 2671 2820 2741 loquentur.
2843 2699 2916 2708 —
2942 2669 3143 2737 Magnae
3167 2669 3389 2724 virtutis

1806 2767 1923 2821 laus
1948 2775 2033 2821 est
2052 2764 2372 2836 simplicitas
2402 2761 2713 2825 locutionis,
2732 2775 2893 2829 quam
2925 2759 3051 2827 quia
3078 2765 3394 2829 arrogantes

1805 2871 1914 2911 non
1954 2856 2174 2921 habent,
2225 2855 2426 2909 habere
2455 2869 2514 2908 se
2537 2852 2678 2906 hanc
2708 2849 2993 2906 sollicitius
3032 2856 3304 2913 asserunt,
3333 2855 3393 2903 ut

1806 2947 2051 3002 securius
2073 2945 2382 3010 audiantur,
2409 2953 2464 3000 et
2485 2961 2619 3014 pure
2667 2959 2725 3000 se
2748 2945 3026 3000 locuturos
3049 2943 3392 3007 denuntiant,

1808 3039 1934 3108 quia
1959 3036 2291 3107 duplicitatis
2307 3052 2416 3091 suae
2440 3035 2700 3090 malitiam
2725 3033 3052 3105 deprehendi
3079 3033 3390 3088 formidant.

135 3123 244 3190 quia
289 3123 438 3181 labor
465 3128 746 3198 justorum
783 3140 868 3186 est
914 3132 1096 3188 videre
1133 3149 1321 3203 prava,
1380 3101 1696 3191 uec'corri-
1731 3101 1773 3160 ε
1809 3128 1963 3196 Saepe
1983 3136 2164 3181 autem
2191 3137 2244 3182 et
2271 3126 2420 3181 falsis
2446 3141 2572 3180 vera
2599 3126 2954 3196 permiscent,
2977 3133 3035 3177 ut
3058 3123 3179 3178 inde
3203 3136 3392 3178 eorum

134 3225 240 3280 gere
285 3231 300 3268 :
351 3215 420 3270 ita
461 3219 650 3289 gravis
696 3229 776 3274 est
825 3221 978 3276 labor
1028 3225 1414 3294 arrogantium,
1455 3227 1498 3281 si
1553 3228 1696 3298 quod

133 3303 343 3372 sapiunt,
400 3323 514 3364 non
577 3312 886 3366 ostendunt.
944 3313 1060 3368 Vim
1116 3316 1313 3385 quippe
1371 3317 1699 3375 intrinsecus

132 3403 429 3453 aestuantem
469 3399 618 3455 ferre
640 3401 724 3456 vix
749 3413 996 3472 possunt,
1019 3406 1061 3460 si
1099 3420 1259 3461 omne
1285 3408 1426 3476 quod
1457 3410 1698 3464 sentiunt

127 3486 269 3555 paulo
316 3491 528 3547 tardius
575 3493 938 3550 innotescunt.
997 3495 1151 3553 Unde
1204 3513 1426 3554 necesse
1483 3509 1586 3566 est,
1641 3509 1699 3555 ut

127 3589 233 3630 cum
256 3593 341 3635 res
368 3581 515 3635 bona
563 3582 761 3650 agitur,
794 3584 944 3652 prius
971 3585 1088 3655 ejus
1112 3586 1275 3642 elatio
1301 3588 1352 3641 in
1381 3590 1544 3644 corde
1575 3591 1694 3644 vin-

127 3677 287 3736 catur,
328 3688 398 3727 ne
437 3674 484 3730 si
519 3688 552 3727 a
584 3675 764 3730 radice
817 3677 1031 3733 misera:
1084 3678 1396 3735 intentionis
1449 3681 1695 3750 prodeat,

128 3775 326 3818 amaros
370 3765 635 3835 nequitia
692 3765 900 3822 fructus
951 3768 1232 3838 producat.
1285 3769 1349 3823 Hi
1401 3770 1565 3839 igitur
1605 3771 1696 3840 qui

126 3850 283 3908 adhuc
320 3855 584 3911 vitiorum
636 3857 779 3912 bello
838 3857 1141 3927 subjacent,
1207 3875 1548 3932 nequaquam
1599 3877 1700 3932 per

123 3943 511 4010 paciﬁcationis
559 3962 715 4001 usum
752 3962 984 4018 praeesse
1022 3949 1336 4016 magisterio
1377 3959 1694 4005 caeterorum

125 4029 325 4088 debent.
388 4035 534 4092 Hinc
561 4047 646 4092 est
681 4039 826 4093 enim
852 4039 995 4110 quod
1019 4039 1170 4108 juxta
1201 4041 1395 4096 divinae
1421 4043 1697 4112 dispensa-

122 4119 271 4176 tionis
319 4139 515 4180 vocem
573 4125 642 4180 ab
681 4141 824 4182 anno
875 4128 1132 4184 vicesimo
1178 4139 1233 4185 et
1284 4131 1474 4200 quinto
1524 4132 1697 4187 levitae

122 4208 461 4270 tabernaculo
497 4218 762 4283 serviunt,
805 4219 900 4274 sed
943 4219 1411 4292 quinquagenario
1441 4223 1694 4280 custodes

123 4313 357 4358 vasorum
395 4305 556 4361 fiunt.
587 4305 846 4378 Sequitur
875 4327 887 4362 :

181 4389 338 4449 Vens.
389 4396 484 4461 21,
530 4395 621 4451 22.
671 4397 796 4453 Non
846 4400 1100 4470 accipiant
1153 4417 1429 4471 personam
1481 4403 1598 4468 uiri,
1643 4415 1692 4458 et

120 4479 274 4536 Deum
299 4486 504 4540 homini
540 4503 644 4541 non
675 4489 912 4559 cequabo,
942 4492 1113 4544 nescio
1134 4492 1368 4562 quandiu
1389 4493 1692 4558 subsislam,

121 4581 162 4624 et
181 4583 286 4640 post
304 4577 572 4631 modicum
598 4577 747 4632 tollat
772 4595 852 4634 me
873 4578 922 4631 F
925 4589 1073 4634 actor
1097 4597 1261 4635 meus.
1285 4611 1354 4622 —
1379 4582 1546 4637 Recta
1565 4598 1694 4638 con-

122 4665 365 4724 sideratio
411 4673 555 4741 quod
604 4671 774 4727 Deum
827 4673 1030 4728 homini
1082 4673 1286 4742 idcirco
1336 4691 1442 4732 non
1491 4686 1690 4747 aequat,

126 4757 238 4822 quia
286 4761 528 4830 quandiu
579 4761 669 4816 hic
722 4763 1004 4833 subsistat,
1061 4766 1146 4818 vel
1191 4768 1405 4834 quando
1435 4784 1465 4820 a
1496 4768 1607 4822 Deo
1639 4767 1691 4821 in

117 4841 306 4910 judicio
343 4850 587 4918 tollatur,
618 4852 848 4922 ignorat.
877 4854 942 4908 Et
963 4856 1100 4912 bene
1128 4858 1205 4912 ait
1232 4876 1243 4910 :
1272 4856 1399 4912 Post
1426 4860 1688 4913 modicum

123 4935 257 4990 tollat
281 4956 358 4994 me
387 4938 440 4992 F
441 4951 592 4995 actor
622 4956 788 5007 meus,
815 4944 943 5012 quia
971 4947 1265 5016 quamlibet
1287 4947 1503 5021 longum
1529 4948 1693 5002 fuerit

119 5034 316 5096 tempus
335 5030 464 5088 vita;
506 5033 816 5103 praesentis,
858 5051 923 5092 eo
963 5037 1079 5106 ipso
1105 5039 1272 5093 breve
1299 5049 1404 5106 est,
1435 5055 1544 5110 quo
1571 5053 1697 5108 per-

115 5131 318 5176 manens
345 5138 458 5180 non
483 5133 592 5180 est.
625 5121 881 5192 Sequitur
909 5144 921 5180 :

650 5211 875 5271 CAPUT
915 5217 1152 5276 XXXIII.

169 5293 320 5352 Vens.
349 5300 404 5362 1,
440 5305 494 5359 2.
524 5301 679 5355 Audi
699 5301 877 5398 igitur,
899 5307 1021 5377 Job,
1049 5312 1255 5382 eloquia
1277 5327 1412 5377 mea,
1437 5325 1481 5365 et
1513 5325 1690 5364 omnes

1807 3217 2088 3273 mendacio
2136 3217 2299 3272 citius
2349 3217 2626 3281 credatur,
2673 3216 2815 3271 unde
2845 3215 3023 3270 inesse
3045 3213 3125 3270 eis
3159 3213 3390 3269 assertio

1805 3307 2052 3362 veritatis
2076 3307 2408 3378 agnoscitur.
2433 3305 2692 3375 Sequitur
2725 3325 2740 3360 :

1879 3397 2041 3453 Vsus.
2067 3398 2122 3452 4.
2155 3397 2380 3468 Spiritus
2409 3397 2508 3452 Dei
2547 3398 2665 3468 fecit
2704 3415 2804 3464 me,
2836 3410 2884 3454 et
2910 3398 3231 3470 spiraculum
3261 3396 3390 3454 Om-

1806 3489 2084 3559 nipotentis
2126 3489 2400 3556 viviﬁcavit
2433 3505 2533 3544 me.
2559 3519 2630 3529 —
2660 3488 2990 3545 Subditurus
3021 3505 3147 3544 vera
3177 3489 3390 3560 praemi-

1805 3583 1875 3638 sit
1899 3582 2063 3636 elata.
2100 3580 2193 3636 Sic
2232 3583 2512 3648 nimirum,
2559 3583 2639 3637 sic
2668 3583 3038 3652 arrogantium
3071 3592 3282 3636 utentes
3309 3581 3390 3634 in-

1805 3673 2046 3738 saniunt,
2092 3681 2147 3727 ut
2193 3683 2250 3727 et
2291 3674 2344 3727 in
2389 3674 2470 3728 eis
2495 3687 2616 3742 qua:
2657 3682 2803 3726 recte
2847 3673 3110 3737 sentiunt,
3139 3671 3390 3726 elationis

1803 3778 1915 3818 sua:
1933 3761 2244 3816 fortitudine
2266 3762 2648 3830 depraventur.
2672 3761 2821 3816 Unde
2843 3761 2902 3814 ιιι
2926 3770 2984 3814 ιιι
3009 3762 3171 3815 etiam
3199 3774 3387 3814 eorum

1805 3861 1950 3910 recta
1975 3853 2250 3908 auditores
2292 3866 2632 3921 nequaquam
2665 3851 2959 3916 instruant,
2993 3851 3116 3920 quia
3145 3849 3388 3919 profecto

1805 3945 1927 4002 illos
1946 3959 2044 4015 per
2064 3959 2184 4000 eam
2208 3957 2330 4014 quae
2374 3943 2579 3998 tumide
2611 3942 2872 4007 sentiunt,
2902 3957 3008 3995 non
3033 3940 3100 3993 ad
3127 3940 3207 3993 sui
3235 3953 3386 3992 reve-

1804 4036 2057 4100 rentiam,
2103 4033 2198 4089 sed
2245 4033 2313 4087 ad
2348 4032 2800 4088 contemnendum
2830 4038 3042 4086 vocant.
3077 4029 3211 4083 llinc
3239 4027 3382 4082 enim

1803 4144 1900 4200 per
1920 4127 2139 4198 Moysen
2183 4125 2380 4180 dicitur
2417 4143 2430 4177 :
2465 4143 2483 4175 ι
2521 4123 2590 4181 Ut
2628 4126 2718 4194 qui
2744 4124 2946 4180 ﬂuxum
2973 4123 3198 4179 seminis
3219 4123 3387 4178 susti-

1803 4228 1896 4275 net
1929 4216 2238 4274 immundus
2263 4216 2369 4271 erit
2401 4214 2547 4288 (Leu.
2572 4231 2664 4280 xv,
2716 4216 2794 4288 2).
2829 4235 2848 4269 ι
2901 4216 3051 4271 Βοηο
3088 4224 3270 4270 autem
3298 4230 3388 4270 or-

1802 4313 1927 4369 dine
1951 4321 2005 4368 et
2033 4311 2234 4366 factum
2264 4324 2325 4365 se
2359 4309 2554 4364 astruit
2580 4318 2635 4366 et
2661 4310 2981 4365 animatum.
3009 4309 3113 4364 Per
3135 4308 3383 4380 spiritum

1800 4402 2025 4466 factum,
2049 4412 2103 4456 et
2123 4415 2217 4472 per
2241 4399 2572 4471 spiraculum
2594 4416 2652 4456 se
2667 4409 2856 4455 narrat
2876 4402 3192 4454 animatum.
3221 4399 3385 4454 Facto

1799 4493 1997 4563 quippe
2026 4492 2196 4545 Adam
2232 4492 2493 4562 scriptum
2541 4502 2627 4548 est
2673 4509 2686 4544 :
2747 4511 2765 4544 ι
2803 4492 3088 4562 Inspiravit
3111 4493 3162 4545 iu
3190 4491 3381 4546 faciem

1801 4582 1920 4653 ejus
1942 4581 2271 4654 spiraculum
2299 4585 2442 4649 vitae,
2469 4594 2525 4640 et
2567 4585 2742 4640 factus
2763 4593 2846 4640 est
2870 4585 3028 4639 homo
3060 4582 3114 4637 in
3141 4583 3380 4637 animam

1798 4674 2065 4729 viventem
2094 4672 2246 4745 (Cen.
2276 4691 2334 4737 tt,
2364 4673 2441 4744 7).
2473 4693 2491 4727 ι
2521 4674 2776 4745 Sequitur
2802 4693 2815 4728 :

1872 4764 2036 4819 Vsus.
2069 4764 2121 4817 5.
2163 4759 2231 4820 Si
2255 4775 2421 4834 potes,
2455 4766 2702 4834 responde
2738 4765 2888 4831 mihi,
2937 4775 2984 4819 et
3015 4765 3260 4816 adversus
3297 4759 3379 4826 [a—

1797 4857 1927 4910 ciem
1970 4873 2142 4910 meam
2197 4859 2440 4912 consiste.
2490 4887 2561 4897 —
2605 4857 2741 4910 Ecce
2768 4857 2894 4910 dum
2929 4851 3376 4909 narratordinem

1798 4961 1941 5000 vera:
1965 4946 2314 5011 conditionis,
2343 4948 2395 5002 in
2430 4947 2625 5002 fastum
2651 4947 2830 5002 subito
2852 4944 3113 5016 superbiae
3133 4940 3382 4994 elationis

1795 5039 2054 5108 erumpit.
2082 5035 2340 5105 Sequitur
2373 5057 2386 5092 :

1867 5124 2028 5183 Vens.
2058 5127 2110 5192 6,
2134 5125 2186 5181 7.
2229 5125 2389 5196 Ecce,
2419 5139 2466 5185 et
2489 5145 2568 5181 me
2596 5128 2728 5180 sicut
2761 5135 2808 5180 et
2836 5139 2884 5182 te
2906 5127 3022 5196 fecit
3055 5124 3214 5186 Deus,
3244 5129 3291 5175 et
3317 5121 3383 5174 de

1793 5217 1974 5272 eodem
2013 5218 2124 5271 luto
2151 5234 2244 5287 ego
2289 5237 2494 5293 quoque
2544 5217 2804 5286 formatus
2843 5233 2978 5271 sum.
3013 5213 3383 5266 Verumtamen

1798 5309 2112 5364 miraculum
2159 5310 2330 5364 meum
2385 5328 2488 5367 non
2520 5321 2568 5362 te
2595 5307 2807 5370 terreat,
2853 5319 2898 5361 et
2927 5304 3220 5374 eloquentia
3268 5318 3382 5354 mea
