3948 5398
534 359 638 417 579

1531 374 1585 429 S.
1628 372 1880 429 ODONIS
1912 371 2205 426 ABBATlS
2238 372 2737 429 (LLLMACENSIS
2776 373 2818 428 ll

3713 378 3814 433 τέω

535 479 921 548 meminerunt,
951 482 1044 537 sed
1070 481 1211 538 fastu
1230 484 1472 540 scientia:
1494 488 1769 541 auditores
1791 501 1917 540 suos
1945 500 2128 555 atqua-
2155 496 2200 544 Α
2233 482 2286 536 in
2321 483 2467 537 omni
2497 483 2640 554 quod
2671 482 2874 553 patitur
2896 483 3014 554 ejus
3042 485 3094 538 in
3135 487 3340 553 Jndieio
3371 501 3430 541 se
3484 496 3775 558 postponat
3796 531 3811 553 ,

539 572 618 627 les
645 572 747 627 sibi
796 573 882 628 vel
919 588 1039 630 esse
1085 576 1168 630 vel
1197 579 1421 633 credere
1471 580 1866 650 dedignantur?
1917 580 2126 635 [labent

538 665 702 719 etiam
728 675 1047 735 arrogantes
1069 670 1369 739 proprium,
1394 674 1538 741 quod
1568 672 1880 742 priusquam
1908 672 2120 737 dicant,

536 754 673 808 mira
711 769 770 810 se
819 756 1002 811 dicere
1048 772 1264 827 semper
1303 760 1662 825 existimant,
1706 770 1760 816 ct
1802 763 2123 817 locutionem

537 862 689 901 suam
717 848 1035 905 admirando
1055 853 1411 920 pratveninnt,
1444 855 1569 923 quia
1602 854 1684 909 vel
1730 855 1781 910 in
1809 858 1981 910 acutis
2003 872 2126 911 sen-

538 937 690 993 sibus
714 938 832 1007 ipsa
857 939 1021 995 elatio
1047 951 1248 1011 qttanta
1277 943 1349 997 sit
1380 943 1599 999 fatuitas
1631 945 1896 1015 ignorant.
1925 944 2128 1001 Notau-

537 1030 663 1083 dum
697 1045 914 1101 quoque
961 1041 1043 1087 est
1076 1036 1217 1103 quod
1241 1034 1461 1102 Paulus,
1511 1038 1635 1091 dum
1683 1039 1819 1094 mire
1871 1037 2128 1095 llebrzeos

539 1123 814 1189 admonet,
852 1125 1097 1196 adiunxit
1127 1144 1139 1180 :
1170 1147 1188 1180 ‹
1228 1127 1375 1199 Rogo
1417 1140 1619 1196 autem,
1667 1130 1867 1185 fratres
1914 1132 2036 1194 mei,
2069 1141 2130 1188 ut

538 1214 811 1272 sufferatis
840 1217 1065 1273 verbum
1118 1218 1319 1273 solatii.
1373 1220 1583 1275 Etenim
1616 1222 1902 1292 perpaucis
1934 1224 2127 1293 scripsi

539 1307 695 1362 vobis
742 1306 900 1376 (lleb.
931 1324 1049 1373 xm,
1077 1309 1190 1380 22).
1231 1329 1250 1363 ι
1287 1310 1403 1365 Elin
1437 1321 1618 1367 autem
1655 1314 1835 1368 inania
1880 1313 2126 1384 protulit,

539 1408 594 1453 et
619 1400 773 1469 quasi
820 1399 1152 1455 consolando
1196 1400 1474 1473 snbjungit
1526 1418 1539 1455 :
1592 1402 1913 1457 Miraculum
1959 1421 2128 1458 meum

541 1506 644 1544 non
682 1501 729 1545 te
769 1500 982 1557 terreat,
1015 1501 1060 1546 et
1101 1493 1394 1563 eloquentia
1426 1511 1542 1548 mea
1572 1511 1675 1548 non
1701 1496 1767 1549 sit
1809 1496 1903 1548 tibi
1933 1498 2127 1566 gravis.

540 1579 680 1636 llinc
726 1580 980 1636 Salomon
1012 1583 1087 1637 ait
1121 1599 1134 1636 :
1170 1602 1187 1634 ι
1222 1583 1363 1637 Ante
1391 1585 1607 1637 ruinam
1650 1584 2054 1650 exaltaturcor,
2076 1594 2133 1641 et

539 1681 666 1729 ante
693 1673 921 1744 gloriam
967 1673 1287 1729 bumiliatur
1318 1673 1503 1746 (Prov.
1546 1692 1660 1742 xvt,
1712 1677 1819 1748 18).
1863 1698 1881 1730 ι
1938 1677 2132 1747 Sequi-

540 1773 627 1817 llll'
652 1781 666 1817 ε

607 1852 767 1909 Vens.
802 1854 855 1921 8,
888 1856 943 1920 9,
978 1855 1065 1921 to,
1096 1856 1181 1911 ll.
1216 1856 1413 1912 Dixisti
1446 1874 1568 1927 ergo
1605 1858 1659 1911 in
1689 1857 1904 1911 auribus
1954 1857 2121 1922 meis,
2154 1841 2200 1900 Β

534 1955 581 2002 et
611 1963 780 2001 vocem
814 1949 1084 2002 verborum
1112 1957 1322 2003 tuorum
1344 1948 1544 2003 audiui.
1575 1979 1649 1990 -—
1679 1948 1854 2018 Atque
1879 1949 2125 2005 eamdem

538 2051 725 2093 vocent
758 2037 1090 2110 subjungens
1119 2040 1196 2094 ait
1228 2057 1242 2094 :
1278 2038 1512 2094 Mundus
1539 2055 1653 2094 sum
1694 2056 1787 2108 ego
1816 2081 1829 2102 ,
1859 2050 1906 2093 ct
1936 2040 2130 2110 absque

536 2128 726 2183 delicto
747 2130 1117 2186 imntacnlatus
1141 2172 1156 2198 ,
1188 2142 1236 2187 et
1264 2149 1368 2187 non
1405 2143 1480 2188 est
1509 2132 1761 2203 iniquitas
1786 2133 1838 2187 in
1862 2150 1961 2187 me.
1989 2131 2128 2198 Quia

536 2219 774 2290 querelas
814 2221 868 2273 in
896 2237 975 2275 me
997 2224 1204 2292 reperit,
1255 2225 1371 2279 ideo
1402 2225 1691 2280 arbitratus
1736 2236 1812 2280 est
1844 2242 1925 2281 me
1953 2226 2132 2280 inimi—

537 2326 656 2364 cum
678 2310 796 2365 sibi.
821 2310 1007 2366 Posuit
1028 2313 1081 2366 in
1104 2330 1256 2369 nervo
1280 2316 1434 2385 pedes
1460 2328 1621 2382 nicas,
1655 2317 1928 2371 custodiuit
1953 2333 2131 2371 omnes

541 2401 755 2453 semitas
784 2416 945 2455 meas.
971 2432 1034 2442 --
1068 2402 1305 2473 Moxque
1335 2414 1524 2459 contra
1554 2405 1718 2475 ἰκρεᾶ
1749 2419 1871 2476 quae
1910 2405 2128 2459 beatum

542 2493 646 2550 Job
666 2495 866 2551 dixisse
890 2498 1151 2563 narravit,
1172 2499 1499 2553 sententiam
1529 2513 1683 2553 suam
1710 2496 1993 2568 proferens
2020 2497 2126 2552 ait:

608 2584 774 2641 Vsus.
811 2587 897 2641 12.
951 2586 1067 2642 Hoc
1096 2599 1171 2644 est
1199 2605 1322 2660 ergo
1349 2590 1403 2644 in
1425 2605 1529 2660 quo
1570 2604 1673 2643 non
1694 2606 1748 2643 es
1776 2587 2127 2660 justiﬁcatus.

538 2709 607 2720 ——-
634 2679 883 2736 Profecto
897 2681 1087 2736 beatus
1107 2679 1207 2738 Job
1227 2681 1499 2738 veraciter
1517 2683 1750 2748 dixerat,
1767 2684 1909 2753 quod
1927 2684 2131 2754 absque

540 2770 694 2841 culpa
725 2770 901 2827 fuerat
924 2771 1243 2843 ﬂagellatns.
1277 2773 1391 2829 Hoc
1439 2775 1585 2829 enim
1624 2775 1740 2843 ipse
1767 2775 1833 2829 de
1872 2789 1953 2836 se,
1986 2776 2130 2845 quod

539 2860 609 2915 de
639 2860 729 2915 illo
775 2860 840 2916 ad
871 2861 1143 2917 diabolum
1174 2862 1436 2919 Dominus
1467 2863 1599 2918 dixit
1629 2882 1643 2918 :
1669 2862 2010 2919 Commovisti
2050 2880 2132 2919 me

540 2950 791 3004 adversus
822 2967 961 3015 eum,
1007 2961 1062 3005 ut
1107 2953 1386 3024 aﬂligerem
1430 2969 1549 3007 eum
1584 2953 1786 3023 frustra
1811 2953 1932 3024 (Job
1960 2969 2024 3020 tt,
2049 2951 2129 3025 5).

543 3039 649 3096 Sed
673 3039 791 3096 Elin
816 3057 923 3096 non
955 3042 1183 3099 credidit
1222 3054 1473 3099 cessante
1519 3044 1676 3115 culpa
1717 3044 1960 3115 potuisse
2005 3060 2129 3099 eum

540 3133 705 3188 etiam
737 3150 835 3204 pro
858 3134 1030 3205 gratia
1067 3134 1347 3207 ﬂagellari.
1403 3134 1689 3193 Nesciebat
1715 3139 1858 3192 enim
1903 3137 2129 3208 ﬂagellis

540 3224 657 3294 ejus
687 3242 790 3281 non
816 3227 994 3282 dolere
1017 3227 1206 3283 vitium
1231 3230 1368 3298 “sed
1396 3230 1648 3284 meritum
1677 3246 1875 3301 augere
1898 3272 1914 3297 ,
1942 3240 1998 3286 et
2026 3245 2126 3301 pro

538 3331 607 3374 eo
631 3320 772 3388 quod
805 3319 921 3374 sine
944 3319 1140 3375 delicto
1170 3335 1227 3376 se
1252 3321 1463 3376 dixerat
1488 3321 1838 3393 ﬂagellatum,
1872 3322 1975 3378 hac
2000 3338 2123 3378 cum

540 3410 814 3467 sententia
842 3411 1083 3482 increpat
1110 3430 1122 3465 :
1156 3410 1267 3466 Hoc
1293 3420 1366 3467 est
1390 3428 1511 3485 ergo
1539 3413 1595 3467 in
1624 3429 1727 3484 quo
1750 3429 1854 3467 non
1886 3430 1941 3467 es
1961 3413 2127 3484 justi-

539 3501 747 3569 ﬁcatus.
782 3500 1157 3558 llabentenim
1209 3504 1311 3558 hoc
1350 3514 1669 3575 arrogantes
1697 3505 1975 3574 proprium
2000 3544 2017 3571 ,
2066 3512 2127 3560 ut

540 3592 661 3663 plus
708 3608 937 3666 arguere
968 3606 1220 3666 appetant
1262 3614 1422 3668 quam
1455 3598 1720 3653 consolari
1750 3640 1765 3664 ,
1795 3609 1851 3655 et
1900 3614 2126 3672 quaeque

542 3684 851 3741 hominibus
900 3689 1119 3743 evenire
1168 3698 1543 3757 cognoscunt,
1593 3690 1838 3745 evenisse
1873 3705 1940 3745 ex
1996 3692 2127 3748 solis

541 3775 921 3846 iniquitatibus
973 3778 1327 3834 arbitrantur.
1370 3779 1629 3835 Nesciunt
1671 3782 1869 3852 quippe
1913 3771 2125 3838 occulta

533 3870 739 3940 judicia
768 3873 1040 3929 subtiliter
1065 3888 1329 3944 qurerere,
1360 3883 1521 3943 atque
1548 3874 1595 3928 id
1628 3874 1767 3943 quod
1797 3888 1901 3929 non
1934 3874 2127 3929 intelli-

540 3974 674 4035 gunt
698 3965 974 4020 humiliter
1003 3966 1355 4035 perscrutari,
1387 3967 1513 4035 quia
1545 3981 1638 4020 eos
1666 3981 1809 4036 saepe
1839 3981 1868 4019 a
1900 3966 2126 4022 secretis

540 4056 1042 4127 investigatiouibus
1085 4056 1411 4128 judiciorum
1466 4056 1557 4111 Dei
1596 4055 1710 4126 ipsa
1751 4055 1989 4111 scientia:
2018 4071 2128 4111 suae

542 4147 703 4202 elatio
758 4147 904 4217 ejicit
937 4191 952 4213 ,
1002 4149 1128 4204 dum
1159 4150 1385 4205 extollit.
1438 4149 1744 4205 Notandum
1798 4165 2012 4220 quoque
2043 4157 2127 4205 est

540 4239 685 4309 quod
713 4239 902 4295 beatus
922 4238 1023 4297 Job
1051 4243 1104 4295 in
1134 4257 1287 4295 nervo
1314 4242 1504 4312 pedem
1529 4257 1682 4296 suum
1708 4242 1940 4311 positum
1970 4240 2125 4308 dixit,

542 4329 634 4382 sed
664 4344 1001 4400 nequaquam
1036 4332 1291 4386 mundum
1327 4334 1429 4389 hoc
1461 4333 1662 4387 mundo
1694 4333 1835 4404 quod
1859 4332 1906 4387 ei
1938 4330 2129 4400 objici-

543 4428 633 4474 tur
660 4419 861 4488 absque
882 4430 1106 4491 peccato
1132 4421 1213 4476 vel
1245 4423 1669 4489 immaculatum,
1699 4432 1753 4477 et
1783 4423 1900 4478 sine
1928 4423 2127 4492 iniqui-

542 4520 654 4569 tate
682 4513 850 4569 luisse
875 4515 1216 4570 memoravit.
1240 4515 1344 4571 Sed
1373 4516 1488 4569 Elin
1515 4518 1638 4571 dum
1669 4531 1791 4571 cum
1814 4516 2129 4571 austeritate

540 4605 747 4660 studuit
791 4608 1070 4678 increpare
1101 4598 1221 4679 qua:
1254 4610 1395 4664 dicta
1426 4620 1543 4663 sunt
1573 4650 1585 4671 ,
1622 4611 1889 4665 mentiens
1924 4608 2129 4664 addidit

537 4713 661 4768 quae
714 4698 858 4754 dicta
905 4716 1010 4755 non
1054 4709 1197 4754 sunt.
1250 4699 1351 4768 Qui
1394 4700 1538 4755 enim
1588 4716 1801 4771 semper
1850 4701 2131 4769 increpare

543 4798 848 4858 appetunt,
908 4799 963 4846 et
1018 4806 1292 4861 nunquam
1324 4790 1506 4846 fovere
1532 4832 1546 4855 ,
1589 4792 1757 4845 multa
1814 4792 2131 4862 plerumque

543 4879 876 4950 increpando
939 4882 1318 4948 mentiuntur;
1388 4897 1512 4937 nam
1573 4891 1629 4935 ut
1678 4898 1902 4953 arguere
1972 4882 2131 4937 docte

540 4970 869 5037 videantur,
910 4970 1118 5042 lingunt
1163 4988 1551 5043 nonnunquam
1605 4988 1727 5042 qua:
1778 4972 2125 5043 redarguam.

543 5059 802 5106 SPﬂlllllll‘
856 5081 869 5093 ·
924 5061 1255 5106 Πρςηηηήρήη
1310 5065 1403 5106 tibi
1456 5064 1594 5106 Imm!
1636 5063 1809 5106 mninr
1862 5064 1930 5106 sit
1991 5062 2127 5104 Πρηι

2227 575 2312 629 cui
2344 589 2403 629 se
2435 576 2697 630 minorem
2731 590 2851 629 esse
2874 591 2977 629 non
3005 576 3235 632 dubitat.
3272 577 3539 647 Sequitur
3572 596 3584 632 :

2302 670 2463 723 Vens.
2503 669 2587 732 l3,
2622 669 2706 722 M.
2732 668 2995 723 Adversus
3023 686 3139 723 eum
3162 671 3436 725 contendis
3457 672 3599 740 quod
3631 687 3730 725 non
3750 673 3813 726 ad

2227 759 2402 816 omnia
2442 762 2760 832 responderit
2815 762 2927 815 tibi.
2966 761 3140 817 Semel
3164 762 3407 832 loquetur
3446 762 3589 816 Deus
3616 803 3631 826 ρ
3672 772 3813 817 etse-

2228 852 2399 905 cundo
2422 852 2650 921 idipsum
2674 867 2776 905 non
2800 852 2999 921 repetit.
3018 853 3175 907 —Ac
3200 852 3244 907 si
3272 852 3481 907 diceret
3509 870 3522 904 :
3549 852 3689 906 Deus
3713 852 3816 906 sin-

2228 943 2474 1015 gulorum
2506 944 2761 998 cordibus
2803 943 3031 1012 privatis
3074 944 3299 999 vocibus
3327 959 3436 998 non
3488 943 3813 1013 respondet,

2229 1036 2323 1089 sed
2363 1034 2468 1089 tale
2514 1034 2788 1103 eloquium
2819 1034 3101 1088 constituit
3127 1075 3140 1094 ,
3194 1048 3288 1104 per
3318 1033 3465 1104 quod
3504 1039 3813 1086 cunctorum

2229 1125 2621 1195 quaestionibus
2666 1124 2953 1180 satisfacit.
3008 1126 3063 1180 ln
3114 1125 3411 1196 Scriptura:
3456 1125 3660 1194 quippe
3709 1124 3815 1194 ejus

2229 1216 2444 1287 eloquio
2472 1232 2666 1272 causas
2692 1225 2903 1271 nostras
2924 1216 3123 1287 singuli
3168 1217 3211 1272 si
3246 1215 3581 1286 requirimus
3619 1216 3817 1269 inveni-

2230 1324 2371 1372 mus,
2407 1323 2505 1361 nec
2530 1323 2663 1377 opus
2692 1317 2774 1362 est
2801 1317 2856 1361 ut
2889 1308 2942 1362 in
2973 1322 3038 1362 eo
3067 1308 3210 1378 quod
3236 1307 3553 1378 specialiter
3599 1307 3816 1377 quisque

2231 1398 2446 1463 tolerat,
2480 1399 2791 1469 responderi
2824 1398 2924 1452 sibi
2955 1397 3137 1452 divina
3164 1412 3296 1452 voce
3327 1396 3645 1467 specialiter
3683 1411 3816 1464 qua--

2232 1498 2335 1543 rat.
2365 1488 2439 1543 lbi
2471 1490 2614 1543 enim
2658 1487 2815 1543 nobis
2843 1488 3094 1543 omnibus
3143 1488 3195 1543 in
3235 1502 3300 1542 eo
3324 1487 3467 1556 quod
3516 1486 3815 1556 specialiter

2231 1580 2492 1651 patimur,
2524 1580 2890 1635 communiter
2918 1579 3295 1649 respondetur.
3336 1577 3416 1633 lbi
3464 1578 3578 1631 vita
3626 1591 3816 1647 praece-

2231 1670 2472 1725 dentium
2505 1670 2578 1723 sit
2603 1668 2775 1723 forma
2801 1669 3142 1738 sequentium
3162 1709 3177 1734 ,
3210 1668 3264 1724 id
3290 1676 3375 1723 est
3403 1666 3817 1738 cogitationibus

2230 1761 2317 1816 vel
2346 1760 2732 1815 tentationibus
2774 1758 3108 1830 singulorum
3155 1772 3261 1813 non
3308 1758 3422 1828 jam
3467 1757 3677 1826 passim
3722 1771 3810 1825 per

2229 1857 2612 1929 prophetarum
2650 1872 2832 1921 voces,
2868 1872 2971 1911 non
3010 1871 3109 1925 per
3133 1856 3373 1927 angelica
3405 1856 3586 1913 ollicia
3612 1856 3816 1912 satisfa-

2231 1938 2327 2004 cit.
2354 1948 2489 2015 Quia
2519 1948 2571 2003 in
2602 1946 2884 2018 Scriptura
2909 1962 3063 2001 sacra
3098 1946 3357 2016 quidquid
3383 1955 3565 2017 potest
3601 1946 3815 2017 singulis

2231 2041 2479 2106 evenire,
2524 2040 2936 2111 comprehendit
2962 2080 2978 2105 ,
3018 2047 3179 2110 atque
3219 2053 3315 2110 per
3344 2039 3594 2110 exempla
3620 2055 3813 2110 praece-

2231 2133 2473 2189 dentium
2503 2173 2517 2196 ,
2555 2132 2720 2187 etiam
2749 2132 2912 2187 vitam
2942 2131 3282 2201 sequentium
3329 2128 3630 2185 informare
3664 2146 3813 2186 enra-

2230 2224 2329 2279 vit.
2360 2223 2589 2293 lntelligi
2626 2224 2726 2279 hoc
2756 2223 2923 2277 etiam
2951 2223 3203 2277 subtilius
3228 2232 3405 2293 potest
3426 2264 3441 2286 ,
3484 2222 3633 2293 quod
3667 2223 3815 2277 Pater

2230 2316 2565 2387 unigenitum
2594 2313 3103 2372 consubstantialem
3128 2312 3229 2368 sibi
3259 2312 3456 2369 Filium
3483 2314 3693 2383 genuit.
3721 2311 3816 2369 Lo-

2234 2408 2323 2479 qui
2359 2408 2502 2463 enim
2557 2407 2651 2463 Dei
2704 2417 2787 2461 est
2833 2406 3064 2462 Verbum
3112 2405 3383 2478 genuisse.
3417 2404 3600 2460 Semel
3648 2413 3816 2460 autem

2234 2501 2377 2571 loqui
2407 2510 2513 2565 est,
2550 2500 2789 2554 Verbum
2821 2499 2963 2553 alittd
2992 2507 3187 2568 praeter
3214 2498 3549 2569 unigenitum
3596 2514 3705 2553 non
3733 2497 3821 2552 ba-

2231 2595 2381 2649 bere.
2415 2592 2668 2648 Secundo
2698 2600 2880 2646 antem
2910 2606 3014 2645 non
3045 2590 3259 2659 repetit,
3287 2590 3419 2660 quia
3440 2589 3696 2645 videlicet
3726 2592 3818 2645 hoc

2232 2688 2406 2759 ipsum
2451 2686 2712 2752 Verbum,
2754 2686 2807 2742 id
2847 2695 2931 2742 est
2955 2685 3175 2752 Filium,
3210 2701 3314 2742 non
3347 2686 3452 2741 nisi
3480 2686 3701 2740 unicum
3731 2699 3817 2754 ge-

2232 2778 2370 2833 nuit.
2411 2777 2564 2846 Quod
2614 2786 2796 2832 autem
2847 2792 2957 2831 non
3002 2777 3336 2846 praeteritum
3366 2816 3381 2840 ,
3443 2776 3540 2831 sed
3586 2774 3815 2830 futurum

2234 2879 2445 2941 tempus
2488 2871 2709 2940 posuit,
2742 2868 2912 2940 liquet
2942 2868 3197 2924 omnibus
3222 2908 3238 2934 ,
3282 2869 3411 2939 quia
3464 2868 3576 2924 Deo
3616 2858 3815 2937 tempus

2231 2977 2331 3019 nec
2362 2963 2693 3033 praeteritum
2722 2960 3015 3033 congruit,
3052 2976 3157 3017 nec
3187 2950 3450 3016 futurum.
3482 2959 3661 3016 Tanto
3694 2976 3813 3031 ergo

2230 3057 2285 3111 in
2339 3071 2405 3112 eo
2451 3054 2731 3127 quodlibet
2760 3064 2974 3124 tempus
3016 3052 3237 3124 ponitur
3289 3052 3462 3108 libere
3493 3093 3510 3119 ,
3562 3061 3811 3122 quantum

2233 3147 2435 3203 nullum
2479 3161 2631 3202 vere.
2681 3146 2920 3202 Verbum
2956 3158 3193 3215 namque
3232 3142 3393 3199 Pater
3437 3144 3557 3198 sine
3583 3151 3812 3211 tempore

2231 3239 2434 3312 genuit.
2470 3238 2535 3293 Et
2563 3238 2685 3309 quis
2736 3237 2895 3309 digne
2944 3235 3045 3290 l'ari
3094 3242 3255 3305 queat
3299 3234 3446 3289 illam
3492 3231 3809 3288 ineffabilem

2232 3334 2604 3398 nativitatem,
2631 3331 2776 3402 quod
2822 3331 2888 3386 de
2918 3338 3120 3385 artemo
3159 3338 3320 3384 natus
3367 3336 3453 3383 est
3497 3336 3807 3383 coaeternus.

2230 3426 2382 3494 Quod
2420 3425 2661 3479 existens
2706 3430 2832 3477 ante
2875 3420 3071 3475 smenla
3126 3416 3310 3493 genuit
3350 3418 3638 3492 mqualem.
3670 3415 3808 3484 Quod

2229 3515 2482 3587 gignente
2513 3523 2670 3568 natus
2706 3511 2975 3583 posterior
3001 3517 3242 3579 nonest.
3279 3509 3409 3578 Qua:
3443 3508 3694 3564 videlicet
3721 3521 3808 3561 nos

2231 3607 2418 3664 mirari
2451 3622 2757 3680 possumus,
2790 3605 2882 3661 sed
2917 3604 3115 3660 intueri
3149 3604 3369 3659 minime
3407 3602 3668 3660 valemus.
3714 3599 3808 3657 Se-

2230 3700 2413 3771 quitur
2443 3718 2455 3754 :

2300 3796 2460 3851 Vens.
2494 3794 2580 3850 15.
2620 3791 2727 3848 Per
2770 3792 3053 3847 somnium.
3096 3822 3167 3831 —
3211 3789 3351 3858 Quid
3400 3798 3488 3846 est
3533 3790 3682 3860 quod
3726 3803 3809 3860 per

2230 3885 2500 3942 somnium
2549 3884 2705 3939 nobis
2752 3882 2953 3938 locutio
2988 3881 3285 3937 divinitatis
3334 3879 3671 3943 innotescit,
3719 3871 3809 3933 nisi

2230 3976 2373 4047 quod
2406 3975 2499 4029 Dei
2532 3982 2743 4030 secreta
2781 3988 2887 4028 non
2920 3972 3317 4043 cognoscimus,
3362 3970 3407 4026 si
3456 3985 3569 4024 non
3602 3968 3810 4023 interius

2230 4067 2515 4125 desideriis
2536 4066 2861 4138 vigilemus?
2892 4067 2944 4120 in
2975 4080 3165 4121 somno
3194 4064 3338 4120 enim
3366 4064 3678 4120 exteriores
3706 4078 3814 4120 sen-

2231 4174 2324 4214 sus
2352 4157 2668 4223 (lormiunt,
2716 4164 2770 4211 et
2820 4155 3074 4211 interiora
3116 4162 3435 4210 cernuntur.
3490 4152 3550 4208 Si
3582 4168 3714 4225 ergo
3741 4153 3811 4206 in-

2233 4260 2385 4308 terna
2416 4248 2771 4320 contemplari
2803 4249 3071 4313 volumus,
3102 4249 3170 4303 ab
3199 4256 3422 4303 externa
3455 4246 3811 4317 implicatione

2231 4342 2585 4396 dormiamus.
2639 4338 2753 4394 Vox
2782 4338 3034 4394 videlicet
3078 4338 3173 4394 Dei
3219 4338 3374 4410 quasi
3422 4353 3524 4408 per
3552 4338 3810 4393 somnium

2233 4434 2471 4496 auditur,
2503 4430 2720 4504 quando
2757 4429 3048 4500 tranquilla
3086 4437 3267 4484 mente
3313 4428 3381 4484 ab
3426 4428 3596 4498 hujus
3646 4426 3809 4484 saeculi

2233 4524 2444 4577 actione
2478 4521 2798 4592 quiescitur,
2837 4529 2890 4575 et
2928 4521 2979 4573 in
3014 4519 3129 4590 ipso
3159 4519 3355 4574 mentis
3384 4518 3611 4575 silentio
3647 4518 3810 4574 divina

2234 4621 2503 4683 pra-cepta
2539 4618 2853 4681 pensantur.
2886 4608 3018 4664 Cum
3048 4608 3191 4663 enim
3227 4610 3295 4664 ab
3325 4610 3576 4664 externis
3602 4607 3811 4664 actioni-

2234 4704 2335 4759 bus
2389 4718 2543 4758 mcns
2592 4701 2823 4773 sopitur,
2879 4709 2989 4756 tum
3041 4700 3252 4772 plenius
3307 4701 3692 4755 mandatorum
3734 4699 3809 4755 Dei

2234 4795 2443 4864 pondus
2479 4794 2812 4866 agnoscitur,
2863 4803 2989 4847 tunc
3028 4793 3189 4847 verba
3242 4791 3332 4845 Dei
3377 4791 3627 4847 vivacius
3677 4805 3810 4846 mens

2234 4894 2502 4953 penetrat,
2535 4900 2657 4939 cum
2692 4884 2757 4938 ad
2786 4900 2845 4937 se
2872 4883 3159 4937 admittere
3190 4898 3444 4936 curarum
3476 4883 3809 4937 smculariurn

2236 4975 2494 5031 tumultus
2523 4984 2759 5031 recusat.
2801 4973 2936 5029 Male
2962 4984 3141 5028 autem
3174 4974 3336 5027 homo
3365 4972 3577 5044 vigilat,
3612 4972 3810 5044 quando

2225 5081 2346 5104 num
2374 5066 2712 5104 ειυρηιιινςιιηι
2739 5064 3072 5104 nnantinrnm
3102 5073 3265 5104 metu:
3291 5063 3595 5104 incnlm-lnr
3620 5062 3809 5102 inania.
