3948 5398
169 170 275 228 381

923 183 1230 242 amona
1258 188 1621 247 uouALIUM
1663 164 1721 250 s.
1763 192 1969 249 cum.
2013 194 2079 248 IN
2114 194 2252 252 JOB.
2289 227 2358 237 -
2395 199 2519 253 LIB.
2561 199 2746 256 xxm.

3336 205 3443 263 582

169 288 523 347 manifestius
582 296 1039 365 contemplantur.
1110 301 1249 361 llinc
1306 307 1568 376 propheta
1627 307 1702 362 ait
1744 326 1757 361 :
1790 311 1832 368 Α
1871 324 1888 356 ι
1925 304 2121 370 ιίΕιιείι,
2153 316 2308 361 sanat
2335 316 2383 363 te
2430 309 2688 366 Dominus
2733 312 2889 368 Jesus
2934 314 3438 389 Christus;surge,

172 395 195 428 σ
228 378 426 434 Anima
454 397 571 437 mea
600 383 923 444 desideravit
953 398 1003 444 te
1029 390 1082 446 in
1113 401 1269 448 nocte
1295 396 1429 467 (Isa.
1459 414 1606 462 xxvn,
1629 397 1705 467 9).
1737 417 1754 448 ι

165 465 471 537 Sequitur:
507 471 734 537 Quando
761 476 916 531 irruit
944 496 1103 550 sopor
1125 499 1282 552 super
1305 465 1537 541 licinines
1560 504 1578 550 ;
1601 465 1673 526 —_
1693 486 1758 541 ab

164 560 433 615 exteriori
475 564 675 634 quippe
702 568 915 625 actione
949 584 1195 638 cessare,
1238 574 1476 632 dormire
1511 588 1612 632 est.
1662 576 1760 633 Se-

164 650 395 715 quitur:
447 651 517 706 Et
562 656 829 712 dormiunt
878 660 933 715 in
980 661 1188 718 lectulo.
1230 695 1300 706 —
1349 665 1567 724 Sanctis
1610 669 1755 724 enim

161 741 305 796 viris
333 745 572 802 dormire
603 749 656 802 in
687 749 903 818 lectulo,
927 764 1011 810 est
1054 757 1194 812 intra
1223 761 1421 818 mentis
1448 777 1559 817 suae
1582 763 1758 820 cubile

160 833 473 900 quiescere.
495 837 648 895 Unde
668 842 928 913 scriptum
952 854 1063 901 est:
1085 866 1104 900 ι
1125 847 1483 906 Exsultabunt
1504 856 1675 909 sancti
1702 857 1754 910 in

158 921 363 1017 gloria,
390 924 715 986 laetabuntur
737 931 792 988 in
817 931 1083 994 cubilibus
1109 938 1222 995 suis
1244 938 1613 1011 (Psal.cn.tx,
1630 944 1706 1017 5).
1728 966 1748 1001 ι

159 1012 429 1083 Sequitur
452 1036 465 1072 :

235 1107 398 1164 Vatis.
426 1109 515 1165 16.
548 1111 692 1168 Tum:
716 1115 881 1185 aperit
906 1134 1062 1173 aures
1091 1122 1424 1178 virorum.—
1445 1122 1578 1179 Cum
1606 1125 1750 1181 enim

155 1205 230 1259 ab
260 1206 631 1265 exterioribus
675 1212 982 1269 actionibus
1029 1217 1333 1287 sopiuntur,
1384 1230 1572 1290 aperta
1621 1239 1752 1278 aure

152 1299 361 1355 interni
395 1304 662 1359 examinis
690 1309 1159 1378 causasﬂaudiunt,
1193 1313 1285 1383 qui
1319 1314 1446 1370 dum
1480 1317 1753 1373 subtiliter

151 1392 239 1447 vel
266 1391 478 1463 ﬂagella
507 1396 751 1465 publica,
783 1401 869 1453 vel
893 1399 1099 1470 judicia
1126 1405 1339 1461 occulta
1368 1409 1713 1465 considerant
1733 1452 1747 1474 ,

150 1488 485 1558 semetipsos
523 1489 761 1562 aﬂligere
795 1491 972 1549 ﬂendo
1008 1512 1112 1552 non
1152 1510 1389 1558 cessant.
1444 1501 1703 1573 Sequitur
1732 1524 1744 1559 :

147 1574 223 1628 Et
254 1577 503 1633 erudiens
533 1595 619 1634 eos
648 1581 863 1637 instruit
893 1586 1191 1655 disciplina.
1219 1619 1289 1629 —-
1318 1589 1455 1659 Quia
1492 1593 1745 1648 conside-

1861 405 1915 451 et
1941 404 2123 452 sterne
2150 398 2242 453 tibi
2277 398 2414 470 (Act.
2443 418 2516 465 ix,
2548 402 2660 473 δι).
2696 424 2714 457 ι
2752 403 2985 477 Surgere
3011 407 3156 463 enim
3185 418 3267 464 est
3298 411 3437 467 mala

1859 498 2167 559 perpetrata
2227 491 2535 563 relinquere
2581 511 2595 559 ;
2649 504 2897 554 sternere
2942 508 3120 555 autem
3173 502 3439 556 mercedis

1859 591 2073 644 causas,
2123 580 2174 633 in
2208 581 2404 649 quibus
2433 584 2779 652 requiescere
2806 587 3028 648 debeat.
3059 589 3293 659 operari.
3324 591 3441 644 Ali-

1857 670 2071 739 quando
2101 686 2228 727 vero
2254 672 2469 743 requies
2490 677 2801 747 temporalis
2825 680 3107 748 accipitur,
3138 681 3282 737 sicut
3306 682 3440 737 scri-

1856 775 2002 835 ptum
2024 775 2107 821 est
2141 784 2152 819 :
2186 787 2205 820 (
2242 767 2562 825 Universum
2592 779 2821 827 stratum
2845 772 2960 843 ejus
2981 775 3177 830 versati
3211 777 3261 831 in
3293 775 3442 831 infir-

1855 854 2044 910 mitate
2089 855 2208 926 ejus
2233 856 2441 927 ;(Psal.
2473 876 2571 925 ιι,
2602 861 2679 931 4).
2715 880 2734 913 ι
2790 864 2867 918 Ac
2910 864 2955 919 si
2992 864 3234 919 diceret:
3268 863 3440 921 Omne

1853 949 1995 1019 quod
2041 950 2129 1004 hic
2179 952 2281 1007 sibi
2312 956 2523 1023 paravit
2568 956 2634 1011 ad
2664 958 2940 1027 requiem,
2993 958 3097 1012 hoc
3141 959 3190 1012 ei
3221 961 3442 1015 mutasti

1853 1038 2065 1092 occulto
2091 1040 2296 1110 judicio
2326 1043 2392 1097 ad
2424 1046 2910 1115 perturbationem,
2947 1048 3072 1117 quia
3098 1064 3195 1103 nos
3221 1048 3275 1103 in
3297 1064 3435 1120 prte-

1852 1131 2021 1184 sentis
2052 1133 2172 1186 vita:
2216 1135 2425 1204 requie,
2454 1135 2538 1191 vel
2572 1139 2886 1193 tentatiouis
2916 1139 3171 1205 stimulis,
3223 1139 3309 1193 vel
3339 1139 3433 1194 ﬂa-

1852 1219 1970 1290 gelli
1999 1220 2286 1278 aﬂlictione
2331 1227 2638 1282 conturbat.
2676 1227 2743 1282 Et
2780 1228 2958 1283 omnia
2988 1246 3108 1283 ossa
3151 1229 3264 1300 ejus
3299 1246 3441 1285 mar-

1849 1326 2045 1365 cessere
2090 1313 2237 1381 facit.
2279 1346 2348 1356 -
2385 1315 2519 1372 Ossa
2577 1318 2630 1372 iu
2676 1318 2955 1389 Scriptura
3007 1335 3160 1387 sacra
3209 1322 3440 1374 virtutes

1849 1403 2160 1471 accipimus,
2193 1406 2333 1460 sicut
2378 1409 2637 1478 scriptum
2681 1419 2806 1466 est:
2840 1428 2857 1461 ε
2911 1411 3168 1466 Dominus
3206 1412 3441 1467 custodit

1850 1494 2031 1547 omnia
2077 1509 2202 1549 ossa
2256 1511 2477 1563 eorum,
2527 1516 2694 1555 unum
2727 1517 2793 1557 ex
2827 1502 2910 1558 bis
2961 1519 3067 1558 non
3119 1512 3440 1559 conteretur

1849 1580 2024 1654 (Psal.
2058 1601 2253 1651 χχχιιι,
2298 1586 2411 1659 21).
2458 1608 2475 1640 ι
2529 1590 2595 1643 Ει
2627 1592 2753 1660 quia
2801 1593 2853 1646 in
2906 1606 2969 1646 ea
3018 1593 3205 1663 requie
3245 1600 3436 1648 sancta

148 1668 293 1721 mm]
327 1670 493 1724 menti
524 1679 579 1725 ει
608 1686 726 1729 sese
758 1690 853 1744 μει-
879 1677 1251 1744 paenitentiam
1278 1680 1561 1748 laceranti,
1590 1684 1741 1754 quasi
1776 1662 1819 1721 Β
1848 1674 2003 1729 nobis
2031 1675 2099 1729 ab
2119 1675 2219 1731 hoc
2249 1678 2445 1733 saeculo
2473 1696 2861 1749 praeparamus,
2892 1682 3099 1754 ﬂagello
3125 1684 3437 1739 teutatiouis

148 1758 405 1825 qumdam
445 1760 617 1833 plaga:
655 1766 1018 1833 percussionis
1049 1780 1174 1825 sunt
1214 1770 1450 1828 lamenta
1483 1789 1743 1846 compun-

148 1847 371 1901 ctionis.
408 1848 562 1905 Unde
589 1852 751 1906 etiam
784 1853 1037 1910 Salomon
1067 1866 1215 1913 recte
1242 1860 1349 1913 vim
1379 1864 1743 1930 percussionis

147 1937 437 2007 utriusque
463 1940 795 2010 coniungens
824 1944 955 1999 dicit
980 1964 992 2001 :
1027 1966 1046 1999 ε
1078 1946 1239 2003 Livor
1265 1951 1504 2007 vulneris
1533 1953 1743 2008 abster-

144 2028 223 2096 git
255 2029 420 2094 mala,
446 2040 499 2086 et
521 2032 693 2105 plaga:
722 2035 775 2089 in
805 2038 1189 2096 secretioribus
1212 2041 1418 2098 ventris
1440 2042 1622 2115 (Prov.
1646 2062 1738 2111 xx,

145 2119 259 2189 50).
296 2140 315 2173 ι
363 2120 503 2189 Quia
532 2126 675 2179 enim
710 2127 824 2195 ipsa
856 2133 1199 2202 compunctio
1230 2143 1465 2189 mentem
1494 2135 1700 2193 lacerat
1723 2180 1735 2202 ,

144 2210 397 2265 eamdem
430 2217 900 2284 compunctionem
940 2236 1045 2275 non
1079 2222 1372 2294 incongrue
1400 2224 1739 2297 disciplinam

142 2310 326 2355 vocat.
379 2302 627 2370 Quatuor
653 2306 853 2378 quippe
888 2321 1014 2366 sunt
1043 2313 1333 2383 qualitates
1353 2356 1368 2381 ,
1409 2318 1607 2388 quibus
1636 2320 1738 2375 viri

134 2390 275 2459 justi
308 2393 490 2449 anima
524 2396 578 2450 in
618 2401 1036 2469 compunctione
1076 2404 1429 2460 vehementer
1465 2408 1735 2466 aﬂicitur:

141 2501 270 2539 eum
302 2497 397 2541 aut
427 2488 687 2545 malorum
719 2506 941 2548 suorum
972 2496 1359 2568 reminiscitur,
1388 2502 1740 2560 considerans

142 2577 237 2631 ubi
288 2576 422 2645 fuit;
478 2588 585 2635 aut
616 2572 948 2653 iudiciorum
998 2590 1324 2645 sententiam
1363 2605 1645 2662 metuens,
1683 2606 1738 2652 et

140 2682 330 2722 secum
357 2683 609 2739 quaerens
637 2673 837 2743 cogitat
864 2677 953 2731 ubi
986 2664 1127 2744 erit;
1171 2688 1264 2735 aut
1292 2698 1414 2737 eum
1446 2685 1586 2739 mala
1617 2686 1737 2742 vita:

138 2760 432 2829 praesentis
457 2763 687 2820 solerter
712 2769 1022 2835 attendens,
1050 2787 1285 2829 maerens
1313 2775 1617 2832 considerat
1645 2778 1735 2833 ubi

136 2858 266 2918 est;
314 2862 409 2908 aut
430 2895 447 2920 ,
490 2870 615 2911 cum
643 2858 782 2913 bona
812 2875 1059 2930 superna:
1094 2865 1282 2935 patria:
1308 2869 1731 2939 contemplatur,

136 2958 295 3012 quae,
334 2946 462 3016 quia
495 2948 724 3003 necdum
756 2951 1096 3023 adipiscitur,
1137 2953 1324 3013 lucens
1351 2959 1616 3029 conspicit
1644 2960 1731 3017 ubi

137 3049 250 3088 non
283 3046 389 3090 est.
421 3037 681 3111 Sequitur
703 3054 719 3094 :

214 3126 383 3182 Vens.
414 3128 502 3197 l7.
541 3127 612 3183 Ut
640 3142 836 3186 avertat
861 3133 1124 3190 hominem
1153 3138 1218 3192 ab
1248 3139 1331 3194 Itis
1355 3156 1473 3211 qua:
1500 3143 1655 3212 fecit,
1686 3154 1735 3198 et

134 3215 322 3271 liberet
351 3234 470 3272 eum
502 3220 567 3274 de
594 3223 858 3289 superbia.
881 3224 954 3266 -—'
977 3225 1115 3293 Quid
1141 3229 1285 3284 enim
1317 3230 1479 3287 homo
1508 3233 1574 3289 de
1602 3250 1733 3305 pro-

134 3307 262 3376 prio
294 3306 400 3362 nisi
431 3319 713 3378 peccatum
742 3312 915 3369 fecit?
952 3316 1018 3370 Et
1049 3319 1309 3390 scriptum
1340 3331 1453 3378 est:
1479 3342 1496 3375 ι
1518 3324 1731 3382 Initium

133 3398 322 3454 omnis
362 3403 573 3471 peccati
616 3405 868 3474 superbia
906 3406 1094 3479 (Ecclt'.
1124 3426 1179 3474 ι,
1212 3411 1320 3483 15).
1353 3432 1372 3464 ι
1426 3414 1571 3472 Bene
1606 3432 1733 3488 ergo

134 3489 363 3552 dicitur,
410 3492 537 3562 quia
584 3493 747 3549 homo
791 3511 912 3551 cum
947 3499 1027 3553 ab
1069 3500 1153 3554 his
1193 3518 1314 3572 qua:
1363 3504 1490 3560 fecit
1535 3511 1733 3566 avertit

135 3578 482 3652 [avertitur],
521 3582 589 3636 de
617 3584 867 3654 superbia
898 3587 1181 3645 liberatur.
1230 3593 1429 3650 Contra
1470 3597 1731 3655 Conditor

133 3682 257 3723 rem
287 3669 488 3741 quippe
522 3676 805 3743 superbire
841 3686 957 3745 est,
998 3693 1268 3753 praecepta
1305 3684 1421 3754 ejus
1456 3693 1731 3757 peccando

133 3762 555 3818 transcendere.
610 3764 681 3819 At
711 3776 899 3822 contra
927 3810 942 3834 ,
991 3772 1083 3840 qui
1132 3771 1184 3827 id
1228 3776 1370 3843 quod
1399 3776 1528 3834 fecit
1559 3781 1732 3841 vitare

131 3851 371 3921 appetit,
401 3851 454 3907 id
485 3854 629 3922 quod
660 3871 691 3911 a
723 3856 830 3912 Deo
857 3856 1031 3915 laetus
1060 3869 1143 3915 est
1173 3867 1543 3936 recognoscit,
1579 3880 1633 3925 et
1662 3872 1730 3926 ad

131 3941 470 3997 conditionis
500 3959 613 4000 suae
642 3947 885 4001 ordinem
918 3949 1197 4005 humiliter
1226 3955 1359 4007 redit
1385 3994 1400 4021 ,
1455 3958 1580 4012 dum
1632 3974 1729 4016 sua

128 4044 305 4101 opera
328 4030 563 4104 fugiens,
585 4034 746 4091 talem
771 4051 829 4092 se
849 4037 1027 4108 qualis
1051 4054 1080 4093 a
1104 4040 1213 4098 Deo
1234 4041 1409 4100 factus
1432 4057 1514 4102 est
1536 4049 1728 4121 diligit.

130 4120 404 4193 Sequitur
427 4143 441 4179 :

206 4211 377 4269 Vens.
410 4215 495 4270 l8.
550 4216 756 4273 Eruens
796 4221 1028 4276 animam
1060 4224 1176 4293 ejus
1213 4244 1246 4279 a
1276 4229 1639 4299 corruptione,
1678 4243 1727 4287 et

127 4304 299 4358 vitam
329 4304 495 4372 illius,
539 4317 594 4361 ut
635 4325 739 4364 non
765 4320 999 4367 transeat
1048 4314 1100 4369 in
1144 4314 1401 4386 gladium.
1428 4350 1497 4360 --
1538 4320 1727 4379 Omnis

128 4392 340 4468 quippe
365 4404 621 4479 peccator
663 4403 732 4457 ab
778 4405 881 4460 hac
927 4410 1277 4479 corruptione
1317 4413 1572 4470 vitiorum
1604 4417 1729 4474 illac

126 4490 201 4543 ad
235 4490 475 4561 gladium
511 4493 852 4563 compellitur
881 4501 1110 4554 transire
1147 4517 1432 4572 prunarum
1453 4548 1467 4570 ,
1503 4517 1558 4563 et
1587 4510 1729 4565 unde

128 4578 227 4638 hic
260 4582 445 4652 inique
472 4585 776 4641 delectatus
800 4600 916 4655 est,
954 4590 1077 4646 inde
1105 4592 1231 4649 illuc
1253 4593 1399 4664 juste
1425 4600 1724 4656 cruciatur.

123 4670 445 4729 Notandum
491 4684 577 4732 est
619 4692 748 4749 ergo
779 4681 920 4749 quod
959 4682 1102 4737 Deus
1142 4686 1297 4742 nobis
1338 4704 1432 4758 per
1465 4693 1726 4747 somnium

124 4766 384 4836 loquens,
419 4767 573 4837 prius
609 4784 706 4823 nos
735 4786 760 4824 τι
794 4774 1139 4841 corruptione
1162 4817 1174 4840 ,
1214 4785 1267 4833 et
1305 4783 1646 4848 postmodum
1694 4799 1725 4838 a

125 4858 316 4928 gladio
345 4859 562 4917 liberat.
608 4860 746 4928 Quia
777 4862 1032 4917 nimirum
1063 4865 1205 4924 illius
1232 4870 1398 4925 vitam
1430 4873 1539 4930 illic
1567 4875 1726 4945 eripit

121 4952 199 5007 ab
228 4951 436 5008 ultione
477 4952 765 5024 supplicii,
812 4954 967 5026 cujus
1006 4957 1094 5013 hic
1136 4970 1370 5017 tuentem
1398 4965 1669 5022 subtrahit
1694 4981 1724 5021 a

123 5043 497 5100 delectatione
526 5045 759 5115 peccati.
799 5042 1058 5116 Sequitur
1082 5066 1096 5102 :

202 5130 372 5187 Vnus.
406 5133 493 5189 19.
535 5132 786 5203 Increpat
826 5151 1028 5207 quoque
1051 5154 1143 5208 per
1175 5140 1407 5196 dolorem
1433 5145 1490 5198 in
1514 5143 1725 5200 lectulo.

115 5252 200 5265 —-
234 5221 295 5278 In
323 5223 602 5295 Scriptura
652 5240 815 5280 sacra
860 5226 1054 5293 lectus,
1090 5232 1204 5289 sive
1252 5224 1561 5306 grabatum,
1612 5237 1729 5290 sive

118 5324 368 5370 stratum
396 5356 411 5383 ,
442 5316 738 5388 aliquando
785 5318 1030 5388 voluptas
1078 5326 1258 5381 carnis
1305 5327 1613 5395 accipitur,
1668 5332 1726 5378 ut

1846 1762 2109 1819 aﬂicimur
2138 1784 2150 1820 :
2178 1767 2270 1837 qui
2322 1768 2552 1825 fortasse
2592 1774 2657 1825 de
2695 1772 2981 1828 virtutibus
3011 1775 3213 1829 nostris
3257 1775 3437 1829 inﬂari

1847 1856 2159 1924 potuimus,
2197 1860 2426 1930 cognita:
2471 1860 2805 1919 inﬁrmitatis
2853 1866 3008 1923 taedio
3056 1874 3435 1922 extenuamur.

1844 1944 1977 2000 Cum
2007 1949 2149 2001 enim
2188 1950 2330 2005 sicut
2356 1953 2603 2022 cupimus
2633 1954 2700 2008 ad
2750 1955 3037 2011 Dominum
3085 1958 3435 2027 proficimus,

1844 2039 1888 2092 si
1914 2039 2214 2109 profectum
2244 2052 2488 2098 nostrum
2526 2047 2753 2102 tentatio
2784 2048 2925 2102 nulla
2956 2049 3229 2118 pulsaret,
3264 2050 3436 2106 alicu-

1840 2128 1930 2199 jus
1960 2148 2059 2187 nos
2088 2132 2427 2190 fortitudinis
2463 2151 2583 2191 esse
2612 2139 2979 2195 crederemus.
3016 2139 3121 2194 Sed
3165 2141 3294 2211 quia
3339 2158 3438 2195 uo-

1844 2224 2051 2279 biscum
2080 2241 2309 2296 superna
2344 2227 2750 2298 dispensatione
2772 2231 2969 2301 agitur,
2992 2239 3074 2296 ut,
3103 2231 3436 2289 inﬁrmitatis

1841 2316 1966 2386 quia
2014 2316 2360 2387 proficientes
2398 2318 2804 2385 obliviscimur,
2835 2321 3028 2376 tentati
3083 2322 3426 2390 recolamus;

1840 2412 1890 2459 et
1942 2404 1993 2459 in
2025 2404 2272 2475 profectu
2308 2416 2495 2462 nostro
2523 2408 2649 2478 quid
2697 2409 2764 2463 de
2790 2407 2975 2465 divino
3006 2426 3227 2466 munere
3247 2453 3262 2475 ,
3292 2422 3348 2468 et
3376 2415 3432 2469 in

1844 2498 2141 2552 tentatione
2173 2498 2550 2568 cognoscimus
2591 2499 2720 2570 quid
2769 2500 2835 2556 de
2855 2503 3090 2572 propriis
3119 2503 3326 2559 viribus
3349 2520 3437 2559 su-

1842 2601 1983 2641 mus.
2043 2585 2242 2657 Sicque
2289 2588 2377 2641 illa
2424 2589 2605 2643 omnia
2672 2598 2985 2646 nostrarum
3039 2593 3233 2647 virium
3284 2594 3433 2650 velut

1839 2680 2053 2752 pinguis
2080 2681 2379 2753 viridisque
2402 2683 2718 2754 gratulatio,
2752 2683 3042 2740 anxietatis
3068 2700 3302 2742 mturare
3326 2688 3435 2744 sic-

1838 2782 2010 2827 catur.
2048 2771 2307 2842 Sequitur
2339 2788 2353 2827 :

1911 2864 2071 2921 Vens.
2097 2865 2186 2920 20.
2224 2864 2606 2922 Abaminabilis
2630 2869 2679 2924 ei
2718 2871 2786 2924 sit
2809 2871 2867 2924 in
2889 2870 2995 2925 vita
3022 2887 3121 2925 sua
3152 2870 3327 2940 punis.
3356 2897 3432 2910 —

1838 2952 1975 3021 Quid
2012 2970 2107 3024 per
2153 2971 2343 3026 panem
2386 2956 2530 3012 aliud
2573 2975 2734 3029 quam
2773 2963 3057 3030 pmsentis
3115 2961 3237 3016 vita:
3285 2961 3431 3015 dele-

1762 3021 1806 3082 C
1840 3021 2388 3128 ctatio'ititel—ligi’tur?
2407 3049 2485 3102 Ac
2510 3049 2553 3103 si
2572 3021 2701 3120 ergo
2722 3021 2894 3104 dicat:
2913 3049 3119 3105 Aﬂlicta
3150 3065 3302 3105 meus
3325 3049 3427 3104 sibi

1840 3138 1893 3193 in
1926 3140 2342 3195 amaritudinem
2375 3141 2513 3196 verti
2555 3142 2889 3209 considerat,
2919 3142 3179 3212 quidquid
3206 3158 3264 3196 se
3298 3153 3427 3196 ante

1837 3228 2033 3285 blande
2059 3230 2397 3301 libenterque
2417 3231 2679 3301 sapiebat.
2710 3232 2765 3287 ln
2792 3232 3073 3303 Scriptura
3097 3235 3241 3288 enim
3270 3249 3424 3289 sacra

1838 3318 1993 3388 panis
2037 3318 2255 3374 nomine
2295 3319 2584 3389 aliquando
2629 3323 2743 3391 ipse
2791 3321 3050 3378 Dominus
3084 3322 3422 3393 designatur,

1837 3411 1978 3468 sicut
2008 3412 2122 3482 ipse
2152 3412 2231 3466 ait
2259 3430 2273 3466 :
2310 3432 2327 3463 ι
2362 3412 2473 3483 Ego
2495 3429 2614 3467 sum
2661 3415 2816 3483 panis
2846 3414 2996 3469 vivus
3016 3456 3030 3480 ,
3070 3416 3159 3485 qui
3192 3416 3258 3470 de
3281 3415 3420 3475 caelo

1836 3500 2089 3556 descendi
2125 3499 2305 3569 (Joan.
2337 3517 2412 3566 vr,
2444 3502 2556 3570 5t).
2597 3521 2615 3554 ι
2650 3502 2957 3574 Aliquando
2994 3520 3126 3559 vero
3163 3505 3424 3573 spiritalis

1836 3594 1959 3650 doni
1992 3595 2187 3664 gratia,
2224 3602 2281 3647 ut
2309 3594 2439 3649 illud
2468 3597 2742 3665 prophetae
2771 3610 2784 3648 :
2833 3614 2852 3647 ι
2887 3595 2987 3663 Qui
3021 3598 3239 3652 obturat
3262 3611 3424 3651 aures

1832 3699 1960 3741 suas
1982 3700 2050 3740 ne
2075 3684 2259 3739 audiat
2286 3686 2638 3755 sanguinem;
2676 3704 2694 3735 ι
2725 3686 2774 3739 id
2801 3697 2906 3751 cst,
2936 3685 3169 3755 peccatis
3194 3686 3424 3740 suaden-

1838 3777 1978 3832 tibus
2021 3791 2126 3832 non
2160 3776 2363 3847 praebet
2414 3792 2775 3842 consensum,
2832 3797 2849 3828 ι
2893 3786 2949 3831 ct
2997 3777 3200 3831 claudit
3237 3775 3423 3831 oculos

1834 3886 1962 3927 suos
1994 3886 2061 3926 ne
2090 3871 2294 3926 'videat
2334 3869 2532 3925 malum
2566 3868 2699 3941 (Isa.
2748 3885 2940 3932 xxxiii,
2988 3870 3099 3939 l5),
3136 3888 3154 3920 ι
3204 3868 3254 3923 id
3304 3877 3422 3935 est,

1834 3976 1993 4016 omne
2031 3962 2173 4031 quod
2227 3960 2538 4016 rectitudini
2583 3961 2869 4015 adversum
2921 3968 3042 4025 est,
3072 3976 3177 4015 non
3229 3973 3422 4029 appro-

1834 4052 1984 4108 bare.
2043 4072 2061 4103 ι
2101 4052 2205 4108 iste
2241 4052 2293 4106 in
2333 4051 2564 4107 excelsis
2591 4052 2832 4114 habitat,
2875 4070 2892 4102 ι
2948 4051 3001 4105 id
3027 4060 3142 4117 est,
3185 4062 3421 4107 mentem
3456 4070 3465 4079 ·

1834 4140 1887 4195 in
1944 4140 2263 4195 sublimibus
2307 4140 2441 4194 ﬁxit.
2491 4158 2509 4191 ι
2563 4139 2894 4195 Munimenta
2946 4156 3200 4196 saxorum
3248 4142 3418 4198 subli-

1834 4233 1994 4287 mitas
2049 4231 2198 4300 ejus,
2235 4225 2271 4285 ἰ
2320 4233 2374 4288 id
2428 4241 2542 4298 est,
2597 4232 2664 4288 ad
2719 4249 3007 4303 supernam
3051 4237 3280 4305 patriam
3324 4252 3423 4307 per

1757 4363 1806 4419 υ
1833 4323 2249 4394 ρι’ωεεάειιιὶιιιιι
2280 4323 2499 4379 Patrum
2552 4325 2794 4395 exempla
2840 4326 3168 4382 sublevatur.
3208 4347 3226 4379 ι
3258 4328 3422 4383 Panis

1832 4416 1879 4471 ei
1903 4417 2059 4470 datus
2084 4424 2168 4469 est
2198 4414 2390 4485 (Ibid,
2445 4414 2531 4487 16)
2557 4457 2571 4480 ,
2621 4417 2726 4473 rid
2751 4425 2865 4481 est,
2908 4418 3132 4474 refectio
3159 4420 3420 4490 spiritalis

1830 4509 2035 4580 gratias.
2071 4508 2374 4579 Aliquando
2400 4510 2556 4579 panis
2580 4510 2780 4565 dicitur
2800 4498 2995 4566 divince
3017 4512 3275 4566 doctrina:
3296 4528 3421 4567 eru-

1831 4600 1980 4666 ditio,
2005 4600 2142 4654 sicut
2170 4614 2266 4670 per
2291 4601 2606 4671 prophetam
2638 4602 2834 4656 dicitur
2863 4620 2875 4655 :
2902 4622 2919 4653 ι
2950 4603 3049 4669 Qui
3080 4603 3335 4657 habitatis
3361 4604 3413 4655 iu

1834 4697 1977 4744 terra
2022 4689 2228 4756 Austri,
2266 4710 2284 4741 ι
2322 4690 2373 4744 id
2401 4700 2506 4758 est,
2536 4692 2589 4746 in
2620 4691 2859 4746 Ecclesia
2888 4693 3091 4762 Spiritu
3126 4700 3314 4747 sancto
3344 4707 3422 4745 re-

1831 4779 2016 4850 pleta;
2048 4799 2066 4832 ‹
2104 4796 2225 4835 cum
2271 4781 2502 4852 panibus
2535 4781 2807 4853 occurrite
2854 4781 3074 4852 fugienti
3119 4780 3255 4849 (lsa.
3291 4795 3419 4842 ut,

1835 4870 1956 4941 id);
1988 4890 2006 4923 ι
2040 4872 2091 4926 id
2113 4880 2217 4937 est,
2240 4886 2361 4925 cum
2385 4871 2507 4940 quis
2530 4872 2668 4928 mala
2700 4886 2794 4926 sua
2815 4874 3044 4928 evadere
3068 4871 3276 4933 nititur,
3302 4885 3423 4923 eru-

1834 4959 2053 5015 ditionis
2080 4960 2294 5030 eloquio
2340 4963 2628 5019 consulite.
2662 4961 2966 5029 Aliquando
3006 4974 3218 5031 quoque
3246 4957 3422 5010 luere-

1760 5090 1771 5105 .
1832 5049 2058 5103 ticorum
2083 5051 2419 5119 praedicatio,
2457 5053 2600 5109 sicut
2637 5050 2892 5106 Salomon
2922 5067 2988 5106 ex
3016 5064 3144 5103 voce
3173 5047 3425 5102 Ecclesia:

1830 5137 2208 5193 btereticorum
2231 5140 2363 5194 dicit
2395 5157 2409 5192 :
2445 5158 2463 5192 ι
2495 5141 2674 5198 Panes
2695 5138 2936 5193 occultos
2967 5139 3190 5192 libenter
3209 5136 3367 5188 edite.
3398 5155 3420 5199 ρ

1830 5224 1897 5281 Et
1926 5228 2052 5282 illud
2079 5246 2092 5281 :
2129 5249 2146 5281 ς
2176 5230 2345 5301 Aqum
2370 5229 2587 5289 furtivae
2600 5227 2871 5287 dulciores
2894 5237 3039 5289 sunt,
3065 5234 3119 5280 et
3140 5224 3292 5294 panis
3312 5225 3428 5277 abs-

1834 5314 2084 5376 conditus
2125 5322 2344 5375 suavior
2369 5319 2555 5391 (Prov.
2585 5340 2662 5385 is,
2684 5316 2791 5385 i7).
2825 5336 2842 5369 ι
2873 5315 3175 5388 Aliquando
3196 5330 3430 5384 namque
