3948 5398
475 328 580 385 585

1487 328 1543 383 S.
1585 326 1837 385 ODOLVlS
1874 320 2165 381 ABBA'l'lS
2199 325 2696 405 ULUNIACENSIS
2729 328 2772 384 ll

3630 328 3730 386 385

477 450 695 513 pr0pter
726 455 834 508 me,
858 441 950 495 sed
978 440 1102 510 quia
1130 440 1496 496 manducastis
1520 456 1586 494 ex
1614 440 1866 509 panibus,
1897 447 1950 492 et
1974 452 2057 493 sa-
2086 436 2133 497 Δ
2163 451 2283 492 ossa
2314 437 2607 503 nudantur,
2636 438 2789 508 quia,
2832 438 2958 492 dum
2986 436 3214 508 ﬂagellis
3243 436 3596 505 arguentibus
3619 453 3736 493 car-

476 530 641 585 tnrati
669 529 800 585 estis
840 528 1020 598 (Joan.
1049 545 1122 594 v1,
1146 528 1260 600 26).
1297 548 1316 581 ι
1351 528 1518 583 Porro
1546 528 1835 599 aliquando
1856 526 2051 594 jucun-

474 620 618 675 ditas
646 620 894 674 humana:
924 618 1298 674 delectationis
1322 619 1603 690 accipitur.
1633 617 1768 673 Hinc
1794 616 2056 674 Jercmias

476 712 553 766 ait
586 728 600 765 :
636 729 655 763 ε
694 710 880 766 Omnis
923 711 1151 781 populus
1196 710 1314 780 ejus
1339 726 1561 780 gemens
1586 719 1641 765 et
1683 725 1933 781 quaerens
1963 723 2058 778 pa-

476 801 913 868 netn,dederunt
954 802 1188 872 pretiosa
1234 816 1463 872 qumque
1509 817 1607 871 pro
1642 801 1801 875 cibo,
1826 800 1893 855 ad
1924 798 2060 855 refo-

478 891 766 945 cillandam
817 891 1055 945 animam
1109 889 1327 963 (Tltren.
1377 907 1421 958 1,
1459 891 1568 962 Η).
1611 910 1630 944 ι
1686 889 1867 947 Gemit
1915 892 2059 945 enim

477 982 708 1052 p0pulus
736 991 788 1038 et
819 984 1014 1054 quaerit
1037 999 1253 1053 panem,
1282 999 1402 1039 cum
1424 999 1590 1054 prava
1613 983 1897 1039 multitudo
1926 982 2060 1037 allii-

480 1072 646 1143 gitur,
671 1073 797 1142 quia
831 1089 934 1128 non
968 1075 1031 1128 ad
1062 1086 1242 1129 votum
1272 1075 1554 1145 praesentis
1577 1075 1701 1129 vita:
1726 1074 2063 1145 jucunditate

481 1164 731 1218 satiatur.
770 1164 873 1219 Sed
904 1183 922 1216 ι
951 1167 1191 1235 pretiosa
1222 1181 1447 1237 quaeque
1468 1181 1567 1237 pro
1592 1165 1713 1221 cibo
1744 1185 1763 1218 ι
1792 1166 1907 1231 dat,
1936 1165 2063 1235 quia

485 1248 717 1309 virtutes
748 1256 944 1309 mentis
970 1256 1023 1310 in
1050 1256 1289 1325 appetitu
1333 1256 1660 1311 trausitorim
1687 1254 2064 1311 delectationis

483 1345 733 1412 inclinat,
758 1356 813 1401 et
847 1346 1151 1402 refocillare
1179 1349 1416 1402 animam
1445 1348 1659 1413 nititur,
1691 1347 1815 1417 quia
1848 1361 2065 1416 perver-

484 1434 562 1489 sis
606 1436 718 1489 suis
772 1436 1054 1491 desideriis
1100 1437 1418 1493 satisfacere
1464 1447 1713 1494 conatur.
1764 1437 2061 1506 Sequitur:

484 1524 555 1581 Et
598 1528 790 1582 anima:
831 1527 972 1582 illius
1009 1529 1155 1583 cibus
1205 1539 1328 1584 ante
1364 1529 1750 1584 desiderabilis.
1792 1559 1859 1568 —
1887 1528 2059 1584 Unus-

2156 528 2293 584 nalis
2327 528 2615 584 delectatio
2641 538 2980 590 extenuatur,
3006 544 3073 601 ea
3091 544 3212 599 quae
3234 528 3435 584 dudum
3463 529 3615 599 quasi
3638 531 3736 585 sub

2155 636 2323 676 carne
2368 620 2640 677 latuerant
2694 622 2958 676 virtutum
3009 621 3172 678 fortia
3228 621 3516 693 pateﬁunt.
3573 621 3738 678 Nemo

2157 713 2386 783 quippe,
2443 721 2707 783 quantum
2770 712 3103 783 profecerit,
3159 714 3264 772 nisi
3320 715 3465 770 inter
3517 714 3737 771 adversa

2158 801 2517 872 cognoscitur.
2546 800 2802 872 Sequitur
2826 816 2842 856 :

2228 891 2393 947 Vsus.
2421 890 2512 946 22.
2553 892 2998 962 Appropinquabit
3023 891 3345 962 corruptioni
3366 892 3552 947 anima
3580 890 3741 956 illius,

2159 990 2207 1034 et
2229 982 2332 1035 vita
2362 980 2477 1050 ejus
2500 981 2803 1050 mortiferis.
2827 1011 2898 1020 —
2924 981 3136 1037 Tentati
3157 982 3302 1037 enim
3323 981 3745 1051 uniuscujusque

2156 1069 2289 1141 justi
2352 1070 2534 1125 anima
2601 1072 2932 1142 corruptioni
3000 1073 3435 1144 appropinquare
3505 1072 3742 1138 dicitur,

2164 1162 2382 1232 quando
2416 1177 2483 1217 ne
2528 1177 2648 1217 eam
2690 1163 2865 1220 virtus
2895 1164 3065 1235 possit
3110 1165 3366 1223 extollere
3410 1180 3513 1236 per
3543 1164 3742 1236 ﬂagella

2162 1252 2544 1322 compellitur,
2590 1253 2733 1322 quod
2784 1268 2842 1308 se
2889 1269 2955 1308 ex
2985 1255 3200 1325 propria
3230 1255 3551 1311 inﬁmitate
3593 1254 3747 1311 debet

2164 1348 2389 1403 sentire.
2418 1345 2764 1416 Corruptioni
2800 1346 3053 1403 videlicet
3080 1349 3495 1418 appropinquat,
3525 1347 3657 1418 quia
3682 1361 3745 1403 es

2165 1441 2279 1497 suis
2304 1455 2361 1497 se
2388 1440 2595 1496 viribus
2622 1439 2914 1510 perditioni
2952 1442 3255 1511 proximum
3284 1457 3391 1498 non
3417 1437 3658 1512 ignorat,
3690 1452 3745 1497 ut

2164 1532 2267 1587 hoc
2294 1529 2438 1601 quod
2482 1544 2513 1584 a
2559 1529 2863 1601 perditione
2903 1529 3060 1600 longe
3085 1539 3190 1595 est,
3222 1547 3329 1588 non
3358 1531 3489 1597 sibi,
3519 1532 3620 1587 sed
3650 1533 3750 1587 Do-

485 1619 715 1690 quisque
761 1620 937 1686 enim,
969 1636 1093 1677 cum
1142 1621 1244 1677 sibi
1293 1623 1431 1679 bene
1473 1623 1689 1678 vivendi
1739 1623 2069 1693 prosperitas
2166 1622 2315 1678 mino
2342 1622 2560 1677 tribuat.
2592 1621 3003 1693 Appropinquat
3029 1638 3156 1679 vero
3181 1622 3502 1689 mortiferis,
3530 1623 3661 1694 quia
3688 1638 3751 1678 ex

485 1707 722 1775 arridet,
749 1710 1045 1779 hilarescit,
1073 1719 1233 1782 atque
1258 1712 1369 1782 ipsa
1395 1712 1637 1767 hilaritas
1659 1714 1897 1767 animum
1928 1711 2071 1768 velut
2098 1782 2128 1784 _
2168 1711 2483 1768 infirmitate
2533 1711 2715 1767 carnis
2768 1712 3073 1783 proximum
3120 1727 3178 1768 se
3231 1713 3471 1784 peccatis
3522 1721 3752 1767 mortem

485 1800 862 1881 desiderabilis
890 1803 1043 1859 cibus
1078 1803 1272 1859 reiicit.
1305 1802 1411 1859 Sed
1436 1819 1560 1858 cum
1586 1803 1885 1859 tentatione
1910 1803 2069 1873 paulo
2097 1782 2144 1843 Β
2172 1800 2472 1858 ferentibus
2514 1782 2818 1873 respicit,ia
2849 1802 3049 1872 quibus
3091 1782 3275 1858 divino
3325 1817 3556 1857 munere
3608 1810 3754 1857 tanto

487 1893 717 1963 amplius
764 1895 1081 1951 imminente
1106 1895 1382 1966 pulsatur,
1408 1911 1439 1950 a
1464 1908 1645 1951 mente
1671 1893 1786 1964 ejus
1813 1912 1911 1967 per
1937 1910 2070 1951 mce-
2167 1889 2343 1962 magis
2364 1892 2522 1964 longe
2547 1892 2626 1958 fit,
2651 1902 2855 1962 quanto
2877 1907 2937 1948 se
2965 1896 3046 1950 eis
3068 1895 3378 1965 proximum
3405 1909 3476 1950 ex
3503 1894 3623 1950 suis
3646 1907 3753 1949 me-

486 1987 626 2042 roris
653 1985 953 2052 fastidium.
977 1990 1232 2060 gaudium
1256 2005 1416 2045 omne
1446 1991 1752 2060 respuitur;
1775 2007 1895 2062 quae
1920 1992 2072 2063 prius
2169 1988 2290 2043 ritis
2328 1985 2699 2058 deprehendit.
2746 1985 2852 2042 Per
2875 1987 3383 2059 contemplationem
3420 1987 3754 2045 conditionis

486 2076 678 2132 eodem
719 2079 916 2149 gaudio
943 2080 1101 2150 quasi
1150 2082 1345 2136 satiata
1394 2081 1711 2149 laetabatur,
1750 2083 1993 2151 nihilque
2020 2084 2071 2139 ei
2172 2093 2283 2135 sua:
2310 2076 2479 2132 David
2516 2076 2850 2147 corruptioni
2882 2079 3432 2151 appropinquarent,
3460 2094 3590 2136 cum
3614 2079 3757 2136 diee-

490 2168 635 2226 aliud
664 2186 827 2240 quam
862 2174 1210 2245 semetipsum
1252 2183 1306 2229 et
1349 2190 1641 2246 agnoscere
1668 2185 1723 2231 et
1752 2175 1881 2231 ﬂere
1924 2175 2068 2233 dele-

491 2267 624 2315 ctat.
664 2260 920 2331 Sequitur
949 2279 964 2317 :

563 2348 725 2406 Vsus.
771 2350 859 2405 2i.
905 2350 1139 2407 Tabescit
1171 2368 1295 2407 caro
1323 2351 1487 2418 illius,
1520 2362 1572 2409 et
1604 2370 1745 2420 ossa,
1773 2372 1892 2425 qua:
1931 2365 2067 2410 tecta

493 2440 723 2511 fuerant,
752 2441 1112 2496 nudabunlur.
1140 2473 1206 2482 —
1231 2440 1363 2497 Cum
1394 2442 1537 2498 enim
1566 2443 1787 2516 ﬂagellis
1814 2458 2068 2515 premen-

492 2530 636 2585 tiius
662 2531 843 2585 omnis
869 2532 1107 2586 exterior
1138 2532 1383 2601 voluptas
1407 2532 1676 2600 atteritur,
1705 2534 1930 2589 interna:
1957 2533 2070 2588 for-

495 2619 740 2675 titudinis
766 2635 888 2676 ossa
915 2621 1208 2675 nudantur.
1250 2622 1442 2677 Carnis
1468 2632 1647 2679 autem
1679 2622 1925 2689 nomine,
1958 2623 2070 2693 ipsa

495 2710 779 2767 delectatio
805 2712 1038 2769 carnalis
1066 2714 1349 2784 accipitur.
1374 2715 1491 2779 Vel,
1523 2715 1650 2785 quid
1671 2730 1767 2785 per
1793 2730 1936 2780 ossa,
1968 2716 2073 2772 nisi

494 2801 727 2859 virtutes
773 2804 937 2859 animi
967 2804 1353 2874 designantur?
1382 2804 1635 2862 Tabescit
1677 2820 1809 2877 ergo
1837 2821 1986 2868 caro,
2020 2815 2075 2863 et

2169 2169 2262 2224 bat
2286 2187 2330 2223 τι
2362 2167 2650 2233 Memento,
2673 2166 2918 2233 Domine,
2946 2167 3089 2238 quod
3115 2168 3291 2240 pulvis
3318 2185 3544 2236 sumus;
3571 2170 3756 2234 homo,

2172 2260 2313 2316 sicut
2337 2259 2519 2316 fenum
2566 2258 2682 2313 dies
2710 2256 2827 2326 ejus
2855 2256 3028 2330 (Psal.
3056 2262 3150 2327 cn,
3182 2260 3289 2333 15).
3326 2280 3346 2315 ι
3380 2260 3488 2316 Per
3513 2270 3758 2317 contem-

2174 2354 2468 2425 plationem
2517 2364 2731 2420 quoque
2760 2349 3093 2407 infirmitatis
3126 2353 3356 2423 praprite
3384 2352 3587 2407 Paulus
3613 2366 3760 2407 mor-

2177 2445 2351 2500 tiferis
2375 2441 2923 2514 appropinquaverat,
2948 2447 3071 2497 cum
3106 2443 3319 2498 dicebat
3343 2461 3358 2497 :
3405 2441 3573 2496 Video
3595 2441 3759 2495 aliam

2174 2535 2337 2606 legem
2358 2535 2415 2587 in
2437 2531 2680 2586 membris
2708 2530 2856 2596 meis,
2881 2543 3251 2603 repugnantem
3276 2532 3377 2604 legi
3397 2532 3588 2586 mentis
3607 2547 3760 2595 inec,

2176 2636 2225 2682 et
2253 2625 2514 2696 captivum
2551 2637 2633 2676 me
2669 2620 2940 2676 ducentem
2970 2622 3024 2676 in
3067 2623 3176 2695 lege
3202 2624 3435 2695 peccati,
3463 2638 3582 2694 quis
3603 2632 3680 2677 est
3704 2622 3762 2674 in

2174 2715 2417 2771 membris
2466 2713 2614 2767 meis.
2662 2708 2862 2778 Infelix
2907 2728 3001 2782 ego
3040 2712 3220 2781 homo,
3249 2714 3366 2784 quis
3395 2728 3477 2767 me
3522 2710 3760 2766 liberabit

2179 2807 2243 2862 de
2272 2821 2484 2876 corpore
2504 2803 2686 2858 mortis
2713 2798 2877 2871 hujus
2900 2801 2925 2855 .’
2951 2824 2970 2858 ι
3009 2802 3181 2860 (Rom.
3204 2819 3302 2870 vn,
3330 2803 3428 2870 25,
3455 2801 3574 2874 24.)

500 2980 3752 3007 mm

1333 3112 1638 3215 LIBER
1702 3132 2253 3215 VICESIMUS
2309 3133 2825 3227 QUARTUS.

577 3447 694 3504 Eliu
741 3448 923 3519 itaque
950 3449 1078 3503 dum
1126 3453 1388 3503 tentatum
1415 3446 1661 3519 superius
1689 3444 1962 3523 hominem
1996 3444 2087 3499 de—
2112 3444 2159 3509 C
2190 3440 2379 3497 similis
2407 3438 2580 3506 ﬂeret,
2603 3453 2788 3509 equus
2808 3437 2970 3493 liomo
2991 3445 3117 3491 ante
3143 3435 3312 3490 Deum
3334 3449 3442 3490 non
3466 3442 3763 3505 appareret.

509 3548 797 3604 monstrat,
827 3555 990 3594 unum
1034 3540 1086 3594 iu
1133 3555 1238 3609 qua
1285 3539 1581 3594 tentatione
1607 3538 1679 3592 sit
1724 3537 1957 3608 positum
1987 3535 2080 3589 hu-

508 3647 728 3686 manum
749 3646 918 3700 genus
938 3631 1190 3686 ostendit.
1223 3630 1374 3685 Unde
1394 3646 1517 3685 mox
1540 3628 1789 3701 generale
1808 3626 2091 3683 subintulit

508 3721 830 3784 remedium,
861 3714 1048 3774 dicens
1080 3737 1093 3773 :

502 3812 507 3815 ’
582 3809 743 3865 Vsus.
767 3810 857 3865 23.
902 3809 963 3865 Si
985 3811 1139 3879 fuerit
1162 3826 1254 3879 pro
1280 3826 1337 3863 eo
1365 3808 1591 3880 Angelus
1614 3807 1846 3875 loquens.
1871 3839 1941 3848 —
1960 3806 2091 3874 Quis

509 3902 655 3958 enim
704 3903 807 3957 iste
836 3901 1059 3971 angelus
1097 3910 1179 3955 est
1228 3902 1329 3955 nisi
1361 3900 1449 3955 ille
1481 3900 1572 3970 qui
1619 3914 1720 3969 per
1767 3900 2089 3970 prophetam

512 3996 750 4051 dicitur:
814 4015 833 4047 ι
893 3995 1073 4063 magni
1107 3994 1314 4049 consilii
1353 3993 1639 4064 Angelus?
1688 4015 1707 4049 ι
1761 3993 1896 4061 Quia
1947 3994 2091 4048 enim

514 4083 701 4139 Grmca
729 4085 907 4155 lingua
930 4085 1303 4155 evangelizare
1323 4084 1634 4139 denuntiare
1654 4084 1874 4150 dicitur,
1894 4094 2093 4139 semet-

516 4176 692 4247 ipsum
722 4179 1056 4233 annuntians
1087 4178 1241 4233 nobis
1276 4178 1532 4234 Dominus
1554 4218 1570 4243 ,
1597 4177 1833 4250 Angelus
1853 4185 2094 4243 vocatur,

519 4276 578 4325 el.
603 4268 742 4324 bene
773 4270 846 4324 ait
874 4289 887 4323 :
922 4269 982 4325 Si
1014 4269 1174 4339 fuerit
1200 4286 1296 4340 pro
1326 4286 1384 4325 eo
1413 4270 1641 4340 Angelus
1682 4269 1916 4341 loquens,
1949 4268 2095 4338 quia,

2188 3532 2315 3589 inde
2337 3534 2534 3604 quippe
2561 3530 2846 3586 annuntiat
2864 3529 3177 3599 :equitatem
3198 3535 3468 3592 nostram,
3492 3525 3635 3581 unde
3658 3540 3767 3580 sus-

2188 3626 2369 3695 cipere
2398 3625 2644 3693 dignatus
2672 3631 2754 3678 est
2782 3605 3152 3675 infirmitatem
3183 3628 3449 3673 nostram.
3478 3615 3764 3686 Sequitur:

2258 3716 2419 3771 Vsus.
2444 3713 2534 3768 24.
2561 3712 2893 3767 Miserebitur
2917 3711 3051 3781 ejus,
3076 3719 3125 3764 et
3146 3709 3279 3763 dicet
3302 3722 3320 3760 :
3350 3707 3547 3762 Libera
3570 3723 3771 3762 eum.—

2189 3806 2452 3863 Mediatnr
2476 3805 2568 3861 Dei
2596 3813 2650 3859 et
2675 3798 3146 3858 hominum‘homo
3169 3799 3420 3856 Christus
3446 3796 3608 3853 Jesns
3634 3796 3689 3852 in
3713 3810 3771 3851 eo

2189 3896 2478 3952 miseretur
2524 3893 2777 3955 hominis,
2815 3908 2924 3964 quo
2959 3891 3192 3946 formam
3235 3889 3478 3945 hominis
3508 3889 3771 3958 sumpsit;

2192 4002 2298 4058 qua
2329 3982 2700 4042 misericordia
2728 3983 2949 4039 homine
2976 3982 3256 4050 redempto
3300 3979 3435 4034 dicit
3460 3977 3613 4032 Patri
3650 3995 3664 4031 :
3699 3975 3776 4029 Li.

2194 4078 2314 4134 bera
2345 4093 2484 4143 eum,
2521 4085 2581 4131 ut
2618 4090 2722 4131 non
2755 4074 3046 4129 descendat
3072 4072 3126 4126 in
3171 4070 3606 4140 corruptionem.
3632 4067 3775 4125 Sicut

2188 4170 2301 4243 jam
2326 4183 2487 4239 supra
2516 4166 2769 4231 diximus,
2794 4166 2973 4220 dicere
2991 4164 3109 4234 ejus
3133 4171 3217 4217 est
3241 4177 3256 4217 :
3288 4162 3459 4216 libera
3488 4160 3775 4221 hominem.

2195 4270 2444 4319 naturam
2492 4259 2728 4316 hominis
2753 4257 3077 4314 assumendo
3101 4254 3329 4309 liberam
3376 4254 3773 4308 demonstrare.

517 4359 661 4414 sicut
703 4359 781 4414 ait
825 4358 1115 4428 Apostolus
1137 4399 1153 4425 ,
1189 4379 1206 4411 ι
1245 4360 1408 4414 etiam
1438 4360 1747 4431 interpellat
1793 4374 1891 4431 pro
1943 4358 2099 4414 nobis
2196 4353 2278 4409 Ex
2298 4367 2362 4409 ea
2385 4351 2583 4422 quippe
2606 4362 2773 4405 carne
2792 4362 2954 4418 quam
2979 4344 3229 4416 sumpsit,
3254 4343 3419 4400 etiam
3441 4343 3591 4397 hanc
3610 4351 3778 4397 oeten.-

521 4448 700 4522 (Rom.
732 4465 851 4515 vni,
884 4451 998 4521 54).
1039 4470 1057 4503 ι
1091 4450 1347 4521 Sequitur
1377 4469 1393 4506 :
1425 4449 1604 4507 Unum
1632 4455 1697 4508 de
1722 4452 2002 4508 similibus.
2027 4480 2101 4493 —-
2199 4447 2279 4502 dit
2325 4445 2550 4501 liberam
2583 4458 2744 4513 quam
2782 4440 3033 4504 redemit,
3063 4438 3204 4494 sicut
3230 4438 3346 4507 ipse
3374 4437 3452 4491 ait
3487 4454 3501 4490 :
3544 4453 3568 4488 ‹
3606 4434 3778 4522 Siros

520 4541 637 4598 Mos
667 4541 944 4598 medicina:
981 4549 1062 4603 est
1087 4583 1103 4607 ,
1150 4552 1210 4597 ut
1254 4542 1545 4612 aliquando
1575 4545 1764 4600 similia
1795 4543 2058 4600 similibus
2083 4583 2099 4610 ,

523 4633 816 4705 aliquando
861 4633 1131 4689 contraria
1181 4634 1470 4689 contrariis
1501 4645 1674 4691 curet.
1708 4633 1945 4690 Veniens
1973 4649 2102 4704 ergo

524 4726 592 4781 ad
619 4741 717 4782 nos
745 4726 979 4795 desuper
1025 4724 1264 4781 medicus
1308 4733 1512 4791 noster,
1543 4734 1794 4795 totosque
1835 4741 1934 4781 nos
1962 4726 2103 4780 iuve-

2199 4531 2723 4605 Filiusliberaverit,
2748 4544 2875 4586 vere
2901 4528 3053 4584 liberi
3078 4526 3233 4583 eritis
3260 4524 3443 4597 (Joan.
3478 4539 3605 4590 vm,
3630 4521 3736 4591 36).
3758 4539 3781 4572 ι

2210 4622 2472 4692 Superius
2513 4620 2660 4676 enim
2696 4620 2899 4675 dictum
2928 4616 3105 4672 fuerat
3133 4634 3147 4670 :
3176 4613 3633 4685 Appropinquavit
3672 4626 3781 4664 cor-

2206 4714 2435 4786 ruptioni
2463 4713 2641 4767 anima
2663 4711 2801 4780 ejus,
2832 4707 3174 4780 postmodum
3200 4705 3420 4767 dicitur,
3450 4719 3559 4756 non
3584 4702 3780 4755 descen-

525 4820 682 4875 niens
710 4818 1060 4889 languoribus
1086 4832 1323 4886 pressos,
1365 4817 1622 4887 quiddam
1648 4815 1803 4871 nobis
1831 4815 2027 4879 simile,
2053 4824 2099 4870 cl

2209 4803 2301 4857 dat
2339 4804 2394 4857 in
2416 4802 2827 4871 corruptionem.
2852 4827 2926 4838 —
2946 4797 3026 4853 Ac
3054 4797 3101 4851 si
3131 4796 3372 4852 diceret:
3401 4790 3543 4859 Quia
3565 4802 3785 4889 cognos-

525 4893 781 4981 quiddam
811 4909 1142 4964 contrarium
1176 4908 1444 4978 apposuit.
1474 4907 1612 4974 Quia
1650 4906 1792 4960 enim
1838 4905 1905 4959 ad
1930 4903 2108 4960 homi-

528 5016 627 5058 nes
660 5002 821 5057 homo
852 5001 1021 5066 venit,
1046 4999 1398 5055 concordavit
1443 4998 1599 5053 nobis
1631 4996 1854 5081 veritate
1876 5006 2106 5060 naturae,

532 5091 626 5118 ne“.
669 5090 790 5118 ’σηιξη
836 5090 898 5118 σι.1
933 5100 1241 5118 ιιΛΛΛΑοΛυΛη
1271 5087 1443 5118 ἴοιμι-1ο
1509 5087 1828 5118 ιιίοηιιηηηιῑῖθ

1878 5101 1905 5118 α
1953 5084 2108 5118 ΙιΛιιῖο

2210 4892 2384 4949 cendo
2410 4890 2777 4946 infirmitatem
2809 4903 2984 4953 suam,
3015 4901 3136 4943 esse
3161 4900 3220 4960 se
3242 4882 3586 4953 corruptioni
3616 4877 3781 4952 prosi-

2212 4997 2359 5037 mum
2396 4994 2505 5036 non
2530 4981 2759 5051 ignorat,
2789 4979 2993 5034 idcirco
3024 4978 3090 5033 ad
3119 4975 3487 5057 corruptionis
3514 4972 3778 5029 interitum

2213 5086 2318 5118 non
2342 5071 2650 5118 descendat.
2695 5068 2776 5118 Ad
2811 5067 3217 5118 corruptionem
3243 5064 3387 5118 enim
3414 5060 3780 5118 descenderet.
