3948 5398
145 353 262 413 385

834 349 1534 432 EPITQMEMORALIUM
1576 351 1634 410 S.
1676 350 1884 409 GREG.
1927 352 1994 408 IN
2033 352 2175 410 10B.
2214 385 2282 395 —
2319 355 2447 410 LIB.
2488 353 2678 412 XXIV.

3326 354 3430 415 386

145 479 342 523 cessor
375 471 558 534 justus
595 479 694 537 pro
739 465 988 521 omnibus
1044 475 1310 536 apparet,
1362 467 1737 537 memelipsum
1767 483 1814 540 Α
1843 464 2008 521 Suam
2040 466 2238 538 quippe
2263 465 2530 537 justitiam
2563 465 2771 523 homini
2805 466 3066 525 Dominus
3093 467 3290 536 reddit,
3325 485 3433 526 non

144 559 220 614 ad
254 557 658 629 prepitiandum
718 557 1028 613 hominibus
1060 558 1332 614 hominem
1374 557 1495 623 feci,
1531 567 1585 614 et
1612 560 1740 614 dum

148 665 244 704 me
265 648 546 704 hominem
576 646 832 711 exhibui,
865 648 916 702 in
961 663 1068 718 quo
1089 648 1238 719 justo
1266 649 1486 704 homine
1513 649 1744 703 homini-

146 738 257 793 bus
290 736 618 808 propitiarer
653 735 854 791 inveni.
901 736 969 790 Et
1000 737 1124 807 quia
1158 737 1529 792 infirmitatem
1571 739 1744 793 susci-

149 829 316 899 piens
364 829 662 894 Dominus,
725 828 851 883 dum
903 842 1118 900 ptenam
1171 839 1412 884 nostram
1464 829 1746 884 moriendo

153 918 431 985 toleravit,
461 922 869 990 corruptionem
917 929 1160 976 nostram
1210 921 1541 990 resurgendo
1573 929 1748 974 muta-

149 1007 232 1061 vit
257 1009 446 1074 ;-bene
490 1008 593 1064 iste
636 1008 873 1079 Angelus
910 1010 1259 1065 mortalitatis
1295 1022 1494 1064 nostrce
1539 1009 1747 1081 flagella

147 1099 458 1171 subjungit,
491 1115 787 1170 eorumque
810 1099 1122 1166 miseretur,
1157 1102 1344 1157 dicens
1375 1118 1389 1154 :

227 1189 396 1245 Vens.
425 1189 516 1244 25.
556 1189 876 1261 Consumpta
915 1201 987 1246 est
1015 1208 1140 1246 caro
1178 1210 1210 1247 a
1246 1192 1538 1264 suppliciis,
1577 1210 1748 1248 rever-

149 1288 302 1333 tatur
336 1280 408 1333 ad
451 1280 564 1334 dies
603 1279 972 1336 adolescentia:
1013 1299 1148 1337 saw.
1175 1313 1247 1325 —-
1274 1284 1354 1339 Ac
1399 1284 1444 1339 si
1496 1272 1746 1340 diceret?

150 1368 507 1427 Mortalitatis
533 1387 645 1426 suae
652 1387 817 1442 poena
834 1373 886 1426 in
903 1374 1190 1442 quamdam
1207 1376 1496 1431 vetustatis
1525 1391 1636 1432 suae
1663 1392 1751 1432 se-

142 1472 434 1517 nectutem
461 1462 702 1532 dejectus
725 1472 828 1530 est,
849 1474 1138 1518 revertatur
1161 1466 1229 1519 ad
1255 1465 1366 1520 dies
1385 1466 1749 1522 adolescentia:

148 1569 290 1618 saw,
328 1553 380 1607 id
411 1562 518 1619 est,
559 1553 725 1624 priori
758 1554 1068 1626 integritate
1089 1566 1404 1623 renovetur,
1431 1566 1491 1612 ut
1532 1573 1640 1613 non
1683 1573 1748 1614 eo

150 1652 378 1698 maneat
399 1659 507 1713 quo
529 1643 710 1714 lapsus
736 1653 839 1721 est,
865 1645 962 1700 sed
985 1646 1051 1700 ad
1080 1646 1182 1701 hoc
1204 1646 1514 1718 redemptus
1540 1648 1745 1715 redeat,

151 1732 222 1786 ad
249 1732 397 1801 quod
426 1733 835 1803 percipiendum
863 1733 1114 1789 conditus
1139 1733 1258 1788 fuit.
1293 1733 1576 1806 Scriptura
1602 1737 1746 1792 enim

1845 568 2004 624 quam
2052 570 2120 609 ex
2173 557 2464 626 semetipso
2515 558 2725 612 habuit.
2799 557 2945 614 Illam
2991 575 3122 631 ergo
3160 557 3435 628 justitiam

1845 646 2032 699 reddet
2058 645 2200 700 Deus
2234 646 2474 714 homini,
2515 650 2583 702 ad
2616 664 2777 718 quam
2808 651 3057 706 conditus
3086 651 3216 716 fuit,
3259 659 3321 705 ut
3351 650 3437 706 in-

1846 733 2050 789 hzerere
2075 734 2186 790 Deo
2215 735 2395 800 libeat,
2431 745 2488 790 ut
2517 737 2782 793 minacem
2812 737 2928 808 ejus
2956 739 3282 794 sententiam
3313 753 3440 810 per-

1848 822 2115 888 timescat,
2144 833 2204 878 ut
2231 826 2503 895 serpentis
2529 825 2709 879 callidi
2740 826 2951 882 blandis
2971 825 3085 894 jam
3116 827 3438 898 promissio-

1847 913 2006 968 nibus
2036 930 2141 969 non
2170 917 2375 970 credat.
2411 917 2671 987 Sequitur
2697 933 2711 972 :

1921 1003 2083 1058 Vens.
2111 1005 2201 1058 27.
2239 1005 2496 1076 Respiciet
2528 1008 2785 1072 homines,
2815 1019 2862 1062 et
2897 1009 3072 1062 dicet:
3107 1007 3438 1063 Peccavi.—

1850 1092 1957 1149 Sed
1992 1105 2331 1164 peccatorem
2375 1114 2434 1154 se
2473 1103 2614 1154 unde
2647 1109 3040 1171 cognosceret,
3093 1100 3137 1156 si
3166 1099 3438 1169 justitiam

1848 1203 1954 1243 non
1985 1189 2251 1245 haberet?
2287 1189 2456 1246 Nemo
2487 1193 2686 1263 quippe
2717 1192 3088 1248 fortitudinem
3121 1207 3298 1258 suam,
3332 1191 3438 1246 nisi

1848 1295 1970 1335 cum
2014 1291 2196 1338 rectus
2241 1297 2362 1339 esse
2408 1286 2677 1354 coeperit,
2727 1286 3104 1356 deprehendit.
3158 1287 3294 1339 Diam
3346 1284 3440 1354 qui

1849 1374 2069 1429 omnino
2119 1390 2410 1446 perversus
2459 1387 2583 1445 est,
2637 1393 2816 1448 neque
2865 1382 2967 1433 hoc
3021 1387 3204 1448 potest
3253 1377 3440 1431 videre

1847 1465 1991 1532 quod
2034 1474 2148 1531 est;
2198 1467 2291 1535 qui
2329 1481 2459 1522 vero
2503 1477 2843 1538 peccatorem
2891 1482 2950 1523 se
2994 1482 3113 1522 esse
3157 1465 3440 1536 intelligit,

1841 1552 1954 1623 jam
1984 1567 2049 1606 ex
2081 1563 2233 1623 parte
2264 1554 2443 1625 aliqua
2473 1571 2594 1611 esse
2625 1555 2808 1625 justus
2842 1556 3154 1621 inchoavit,
3195 1563 3357 1624 atque
3388 1551 3441 1606 id

1846 1643 1988 1714 quod
2036 1660 2143 1700 non
2185 1646 2366 1716 justus
2416 1646 2654 1713 fecerat,
2709 1663 2777 1703 ex
2826 1663 2891 1703 eo
2943 1647 3088 1718 quod
3137 1655 3221 1701 est
3261 1645 3441 1715 justus

1847 1744 2090 1788 accusat.
2143 1733 2423 1805 Scriptura
2445 1737 2646 1792 etenim
2674 1753 2830 1819 sacra
2857 1737 3146 1806 aliquando
3187 1734 3437 1790 homines

150 1836 315 1875 sacra
354 1837 500 1892 smpe
535 1823 955 1877 adolescentiam
988 1839 1087 1893 pro
1117 1825 1358 1879 novitate
1384 1827 1510 1881 vitae
1542 1841 1745 1896 ponere
1776 1842 1822 1903 Β
1852 1841 2053 1897 ponere
2082 1827 2221 1883 solet
2255 1828 2488 1883 humana
2521 1830 2794 1900 sapientes
2817 1871 2833 1897 ,
2887 1831 3029 1884 sicut
3075 1829 3151 1882 ait
3195 1826 3396 1881 Paulus
3423 1843 3438 1879 :

149 1912 460 1968 consuevit.
517 1913 671 1969 Unde
709 1914 944 1969 venienti
985 1930 1184 1985 sponso
1223 1916 1457 1971 dicitur:
1491 1935 1511 1968 ι
1543 1919 1744 1973 Adole-

150 2001 419 2056 scentulae
467 2001 772 2057 dilexerunt
824 2011 876 2058 te
921 2002 1100 2074 (Cant.
1129 2021 1178 2068 ι,
1210 2006 1286 2076 5).
1318 2025 1336 2057 ι
1396 2005 1745 2062 Senectutem

150 2095 359 2164 quippe
387 2094 588 2150 veteris
619 2095 855 2150 hominis
894 2095 1038 2150 inter
1077 2097 1208 2152 vitia
1253 2099 1622 2155 tabescentem
1652 2100 1746 2155 de-

150 2181 326 2236 flebat
353 2181 443 2237 ille
468 2182 561 2252 qui
588 2183 664 2236 ait
689 2200 701 2236 :
733 2203 750 2236 ι
781 2183 1082 2240 lnveteravi
1112 2186 1254 2241 inter
1284 2201 1474 2241 omnes
1504 2187 1753 2243 inimicos

151 2287 311 2327 meos
334 2271 509 2344 (Psal.
528 2289 603 2339 v1,
621 2273 696 2345 8).
729 2293 748 2328 ι
810 2274 1046 2331 Econtra
1074 2276 1214 2333 alius
1241 2279 1474 2349 gaudere
1500 2279 1554 2334 in
1579 2279 1751 2333 virtu-

154 2366 305 2420 tibus
336 2366 636 2422 admonens
671 2368 840 2423 dicit:
875 2386 894 2420 ι
926 2368 1154 2436 Laetare,
1191 2371 1430 2441 juvenis,
1469 2371 1524 2427 in
1564 2372 1748 2429 adole-

152 2459 366 2516 scentia
397 2469 484 2513 tua
515 2458 711 2530 (Eccle.
739 2477 817 2526 xi,
840 2460 918 2530 Si).
953 2481 970 2513 ι
1010 2461 1305 2533 Sequitur:

227 2551 402 2606 Vnus.
435 2549 526 2604 26.
573 2549 948 2621 Deprecabitur
979 2551 1281 2620 Dominum,
1322 2562 1370 2607 et
1399 2553 1676 2624 placabilis
1705 2553 1752 2608 ei

147 2643 279 2696 erit.
304 2672 377 2681 —
405 2641 565 2696 Prius
593 2641 737 2696 enim
767 2643 1047 2712 postulare
1073 2643 1335 2715 Angelum
1354 2685 1369 2710 ,
1413 2655 1469 2701 et
1505 2656 1751 2716 postmo-

154 2731 289 2786 dum
322 2731 599 2786 hominem
632 2731 798 2797 dicit,
851 2732 975 2802 quia
1023 2732 1129 2788 nisi
1177 2743 1302 2789 ante
1349 2735 1464 2805 ipse
1495 2735 1755 2792 Dominus

153 2838 258 2892 per
289 2823 724 2878 incarnationem
764 2838 917 2878 suam
953 2823 1305 2894 interpellans
1345 2825 1555 2880 Patrem
1588 2827 1753 2881 vitam

156 2922 405 2968 nostram
455 2921 700 2982 peteret,
754 2929 1028 2982 nunquam
1059 2930 1118 2970 se
1148 2924 1332 2969 nostra
1368 2916 1756 2972 insensibilitas

155 3004 230 3059 ad
257 3004 584 3074 posmlanda
625 3018 689 3058 ea
728 3019 848 3074 qua:
881 3014 1087 3060 mterna
1131 3016 1257 3060 sunt
1300 3009 1588 3062 excitaret.
1641 3009 1756 3064 Sed

153 3097 558 3154 incarnationis
580 3099 697 3168 cjus
714 3099 997 3166 praacessit
1023 3100 1219 3165 oratio,
1245 3109 1300 3154 ut
1323 3101 1557 3170 torporis
1586 3101 1756 3157 nostri

1854 1932 1873 1965 ί
1906 1912 2039 1970 Cum
2077 1916 2220 1970 enim
2271 1917 2342 1971 sit
2389 1917 2532 1971 inter
2561 1933 2654 1972 vos
2685 1916 2834 1971 zelus
2887 1927 2940 1970 et
2987 1917 3216 1980 invidia,
3261 1927 3442 1969 nonne

1848 2005 2093 2060 carnales
2119 2007 2291 2077 estis?
2321 2023 2499 2062 nonne
2533 2008 2779 2063 homines
2806 2008 2971 2062 estis?
3001 2027 3018 2059 ι
3042 2006 3093 2079 (Ι
3117 2003 3439 2076 Cor.m,5.)

1850 2096 1951 2164 Qui
2011 2098 2175 2152 etiam
2236 2099 2363 2169 quia
2427 2099 2632 2154 carnali
2701 2099 2973 2154 affectioni
3036 2097 3440 2164 succumbunt,

1850 2201 1957 2240 non
1995 2184 2108 2253 jam
2154 2187 2418 2253 homines,
2448 2189 2543 2243 sed
2580 2188 2827 2258 jumenla
2871 2189 3241 2244 nominantur.
3289 2187 3446 2243 Unde

1851 2288 1947 2344 per
1971 2274 2136 2330 David
2161 2275 2362 2330 dicitur
2387 2295 2398 2329 :
2438 2296 2454 2326 ι
2490 2278 2661 2332 llomo
2683 2293 2804 2332 cum
2837 2279 2888 2332 in
2918 2281 3124 2334 honore
3153 2287 3296 2332 esset
3335 2293 3443 2332 non

1853 2363 2139 2430 intellexit,
2198 2377 2544 2435 comparatus
2601 2377 2686 2422 est
2733 2369 3020 2436 jumentis,
3062 2387 3080 2419 ι
3129 2376 3184 2421 et
3231 2367 3441 2436 reliqua

1853 2451 2026 2524 (Psal.
2080 2471 2265 2521 sum,
2301 2456 2409 2526 15).
2458 2458 2764 2526 Aliquando
2811 2458 3061 2511 homines
3116 2472 3241 2510 cum
3287 2458 3442 2523 dicit,

1851 2559 1946 2601 eos
1975 2561 2004 2599 a
2030 2545 2223 2602 bestiis
2267 2548 2475 2603 ratione
2506 2549 2809 2619 distinguit,
2843 2549 3038 2618 quibus
3069 2565 3165 2618 per
3199 2550 3435 2618 prophe-

1854 2644 1962 2690 tam
1991 2635 2248 2691 Dominus
2277 2637 2447 2692 dicit:
2485 2658 2503 2688 ‹
2547 2639 2653 2693 Vos
2678 2649 2856 2693 autem
2898 2654 3114 2708 pascuae
3148 2655 3281 2692 mea:
3315 2655 3440 2710 gre-

1853 2744 1970 2801 ges,
2004 2730 2269 2796 homines,
2302 2746 2333 2785 e
2365 2731 2433 2785 tis
2455 2729 2670 2802 (Ezecli.
2709 2748 2896 2798 xxxiv,
2922 2733 3032 2802 51).
3064 2752 3082 2784 ›
3117 2731 3284 2786 Recte
3314 2745 3444 2803 ergo

1855 2821 1922 2876 de
1960 2821 2063 2876 hoc
2104 2821 2404 2890 pcenitenle
2457 2822 2658 2876 dicitur
2707 2840 2720 2876 :
2779 2821 3032 2893 Respiciet
3087 2823 3343 2886 homines,
3394 2831 3445 2876 et

1855 2911 1988 2964 dicet
2021 2924 2040 2962 :
2067 2910 2306 2964 Peccavi.
2341 2912 2419 2966 Ac
2461 2912 2506 2966 si
2555 2913 2766 2966 dicatur
2807 2931 2818 2964 :
2850 2911 3172 2966 Sanctorum
3199 2912 3444 2970 virorum

1856 3002 2102 3072 exempla
2147 3004 2434 3072 conspicit,
2479 3014 2644 3073 atque
2691 3019 2881 3058 eorum
2931 3002 3339 3072 comparatione
3384 3015 3447 3057 se

1857 3108 2122 3163 pensans,
2163 3093 2406 3163 iniquum
2455 3109 2513 3147 se
2540 3108 2661 3148 esse
2705 3093 3084 3162 deprehendit.
3137 3093 3241 3160 Qui
3299 3093 3447 3148 enim

157 3187 439 3259 evigilatio
478 3189 862 3256 subsequatur.
914 3187 1210 3258 Sequitur:
1248 3189 1315 3243 Et
1344 3190 1533 3245 videbit
1561 3191 1826 3265 [aciemc
1857 3184 2171 3254 plenissime
2234 3185 2537 3256 intelligere
2608 3187 2810 3255 appetit
2863 3185 3040 3255 qualis
3103 3195 3188 3240 est
3214 3181 3248 3250 ,'
3312 3183 3446 3238 tales

156 3279 280 3349 ejus
327 3280 380 3333 in
420 3277 619 3350 jubilo.
642 3308 712 3317 —
739 3277 914 3333 Aliter
943 3279 1085 3333 enim
1117 3281 1348 3350 quisque
1374 3283 1755 3351 compungitur

158 3389 291 3430 cum
319 3373 532 3429 interna
564 3373 782 3428 intuens
806 3370 1070 3426 malorum
1100 3387 1320 3427 suorum
1350 3387 1550 3442 pavore
1581 3382 1754 3429 terre-

161 3478 295 3524 tur:
329 3467 489 3523 aliter
517 3481 651 3521 vero
688 3465 1090 3536 compungitur,
1132 3481 1254 3520 cum
1290 3466 1486 3537 gaudia
1521 3481 1755 3536 superna

158 3563 528 3634 conspiciens,
577 3577 672 3632 spe
717 3561 952 3631 quadam
1000 3573 1057 3616 et
1101 3561 1399 3617 securitate
1446 3563 1751 3616 roboratur.

159 3653 332 3711 Menti
365 3655 512 3709 enim
548 3663 748 3708 nostrae
782 3653 848 3707 de
883 3652 1318 3708 consideratione
1354 3653 1612 3708 czecitatis
1645 3668 1757 3708 suae

156 3746 318 3818 prius
358 3746 500 3816 ignis
542 3744 907 3799 tribulationis
938 3744 1269 3812 immittitur,
1307 3752 1367 3800 ut
1393 3745 1572 3800 omnis
1601 3746 1757 3800 vitio-

158 3850 287 3890 rum
317 3849 503 3906 mrugo
532 3843 928 3890 concremetur.
984 3834 1052 3889 Et
1097 3843 1224 3890 tunc
1269 3837 1543 3891 mundatis
1583 3837 1756 3892 oculis

159 3925 348 3982 cordis
375 3925 465 3980 illa
497 3925 681 3979 laetitia
713 3925 902 3994 patria:
927 3925 1164 3981 cmlestis
1193 3927 1454 3996 aperitur,
1507 3937 1564 3983 ut
1605 3929 1756 4000 prius

156 4033 462 4090 purgemus
491 4017 723 4087 lugendo
748 4017 891 4088 quod
919 4016 1167 4084 fecimus,
1196 4028 1250 4075 et
1275 4021 1614 4088 postmodum
1643 4037 1756 4076 ma-

161 4108 422 4164 nifestius
455 4108 885 4178 contemplemur
915 4124 1013 4179 per
1040 4111 1236 4181 gaudia
1266 4113 1409 4182 quod
1439 4113 1754 4182 quaerimus.

157 4197 379 4255 Jubilus
410 4213 645 4268 namque
673 4197 892 4265 dicitur,
931 4200 1147 4269 quando
1192 4201 1460 4258 ineffabile
1504 4205 1758 4272 gaudium

159 4299 354 4345 mente
397 4289 721 4358 concipitur,
772 4290 916 4359 quod
961 4306 1062 4345 nec
1103 4291 1356 4348 abscondi
1399 4295 1608 4363 possit,
1661 4309 1762 4351 nec

160 4381 515 4437 sermonibus
546 4380 779 4450 aperiri;
831 4389 885 4436 et
927 4389 1108 4437 tamen
1156 4382 1478 4452 quibusdam
1524 4386 1761 4441 motibus

160 4472 436 4544 proditur,
470 4472 717 4542 quamvis
743 4471 907 4526 nullis
946 4474 1368 4543 proprietatibus
1398 4475 1756 4546 exprimatur.

1853 3275 2113 3330 nimirum
2162 3275 2322 3330 debet
2369 3275 2686 3346 conspicere
2734 3276 2909 3344 qualis
2961 3291 3067 3331 non
3114 3287 3218 3340 est,
3265 3283 3325 3329 ut
3369 3289 3439 3329 ex

1854 3365 2123 3420 bonorum
2174 3364 2348 3419 forma
2389 3367 2650 3420 metiatur
2673 3373 2879 3436 quanto
2909 3367 3024 3436 ipse
3064 3366 3278 3420 deserto
3299 3365 3442 3419 bono

1855 3454 2114 3510 deformis
2133 3465 2234 3510 est.
2271 3455 2420 3510 Unde
2444 3465 2499 3510 et
2524 3471 2619 3525 per
2649 3456 2991 3511 Ezechielem
3019 3457 3218 3512 dicitur
3245 3473 3259 3510 :
3295 3475 3312 3508 ι
3342 3454 3446 3510 Fili

1855 3545 2113 3613 hominis,
2135 3548 2361 3602 ostende
2401 3549 2584 3601 domui
2623 3547 2786 3602 Israel
2815 3550 3092 3619 templum,
3124 3558 3180 3604 et
3203 3548 3440 3604 confun-

1856 3638 2052 3693 dantur
2079 3639 2146 3692 ab
2173 3638 2552 3707 iniquitatibus
2579 3639 2721 3705 suis,
2741 3649 2794 3693 et
2824 3641 3120 3692 metiantur
3145 3638 3436 3707 fabricam,

1855 3737 1910 3782 et
1960 3729 2285 3783 erubescant
2330 3743 2397 3782 ex
2452 3730 2704 3784 omnibus
2761 3746 2879 3798 qua:
2931 3730 3178 3784 fecerunt
3228 3730 3446 3801 (Ezech.

1857 3835 2011 3884 xuii,
2041 3820 2150 3891 ll).
2192 3840 2211 3873 ο
2243 3821 2394 3876 Tunc
2429 3822 2628 3891 quippe
2667 3822 2925 3892 templum
2951 3823 3280 3886 ostenditur,
3318 3836 3444 3876 cum

1848 3907 1986 3978 justi
2009 3913 2191 3966 anima
2220 3920 2419 3982 quanta
2444 3914 2734 3968 sanctitate
2763 3912 2962 3984 fulgeat
2986 3914 3052 3968 ad
3075 3911 3450 3968 confusionem

1857 4019 2011 4059 suam
2039 4004 2422 4073 peccatoribus
2452 4005 2880 4060 demonstr..tur.
2911 4005 3086 4060 Metiri
3120 4019 3246 4060 vero
3273 4004 3445 4060 fabri-

1857 4110 1980 4150 cam
2012 4104 2097 4150 est
2124 4110 2354 4166 pensare
2393 4096 2666 4152 subtiliter
2705 4097 2978 4166 juslorum
3009 4097 3197 4151 vitam.
3247 4097 3445 4166 Sequi-

1861 4196 1948 4241 tur
1985 4204 1998 4240 :
2047 4184 2116 4240 Et
2140 4204 2254 4242 vere
2291 4186 2520 4259 deliqui,
2549 4199 2595 4242 et
2628 4198 2682 4242 ut
2713 4205 2857 4242 eram
2901 4189 3089 4258 dignus
3116 4205 3218 4244 non
3257 4190 3450 4261 recepi.

1858 4306 1931 4317 —
1954 4276 2276 4332 Peccatores
2319 4293 2379 4332 se
2425 4278 2739 4348 plerumque
2768 4279 3121 4345 confitentur,
3147 4281 3312 4336 etiam
3352 4281 3446 4349 qui

1861 4381 1921 4422 se
1944 4381 2066 4423 esse
2094 4384 2204 4422 non
2233 4369 2482 4424 credunt.
2523 4370 2658 4424 Nam
2707 4387 2848 4442 stepe
2875 4359 3142 4443 contingit
3167 4385 3224 4428 ut
3248 4375 3452 4444 passim

1863 4478 1924 4517 se
1962 4463 2214 4519 homines
2243 4463 2458 4533 iniquos
2483 4480 2604 4522 esse
2629 4467 2927 4535 fateantur,
2955 4471 3050 4524 sed
3073 4487 3196 4526 cum
3229 4481 3452 4541 peccata

163 4561 311 4617 Hinc
340 4563 602 4632 scriptum
633 4570 754 4619 est:
784 4581 802 4613 ι
837 4561 1034 4619 Beatus
1060 4565 1288 4634 populus
1316 4566 1409 4636 qui
1439 4567 1541 4621 scit
1562 4566 1762 4637 jubila-
1865 4570 1964 4610 sua
1996 4557 2266 4612 veraciter
2314 4557 2436 4612 aliis
2477 4562 2830 4630 arguentibus
2864 4564 3115 4640 audiunt,
3153 4563 3456 4621 defendunt

164 4654 374 4708 tionem
405 4647 580 4725 (Psal.
607 4667 871 4720 Lxxxvm,
900 4654 1010 4725 l6).
1048 4673 1066 4708 ι
1108 4653 1246 4722 Quia
1272 4656 1415 4710 enim
1442 4672 1540 4727 per
1565 4657 1760 4712 faciem

161 4745 467 4817 quemlibet
496 4745 880 4817 agnoscimus,
933 4763 1038 4803 non
1080 4749 1353 4806 immerito
1393 4753 1760 4824 cognitionem

163 4840 296 4906 Dei,
327 4839 525 4896 faciem
554 4855 833 4896 vocamus.
889 4839 1045 4897 Unde
1090 4841 1258 4899 Jacob
1303 4853 1590 4915 postquam
1633 4861 1760 4902 cum

163 4929 360 4999 angelo
406 4929 646 4986 luctatus
689 4938 804 4996 est,
847 4930 961 4984 ait:
997 4950 1015 4982 ί
1050 4930 1171 4987 Vidi
1204 4934 1489 4990 Dominum
1520 4935 1660 4993 facie
1691 4937 1761 4992 ad

162 5020 365 5076 faciem
393 5021 552 5093 (Gen.
578 5037 765 5085 xxm,
793 5020 914 5092 50);
945 5040 964 5073 r
1022 5036 1086 5077 ac
1131 5024 1177 5078 si
1225 5025 1472 5082 diceret:
1519 5027 1760 5099 Cognovi

165 5111 494 5176 Dominum,
537 5111 663 5182 quia
697 5125 787 5165 me
822 5125 1154 5182 cognoscere
1198 5114 1313 5183 ipse
1358 5117 1610 5188 dignatus
1656 5127 1760 5173 est.

165 5201 348 5268 Quam
377 5202 747 5274 cognitionem
777 5201 1090 5270 plenissime
1135 5204 1252 5260 ﬁeri
1301 5204 1503 5266 Paulus
1549 5211 1607 5265 in
1655 5209 1764 5265 fine

167 5301 402 5322 οΛοΟΑΙ-ι-
450 5293 664 5322 ΑἷηΛ-ιιεο
689 5311 708 5322 ι
733 5291 883 5322 τιιηη
914 5307 1228 5322 Ann-annnam
1261 5295 1399 5322 κει-ιηι
1436 5309 1483 5322 ,ι
1519 5300 1762 5322 --....!n.--

1863 4663 1924 4704 se
1945 4663 2311 4720 summopere,
2363 4660 2523 4722 atque
2575 4656 2896 4711 innocentes
2941 4657 3114 4712 videri
3158 4668 3453 4713 conantur.

1865 4739 2248 4811 Unusquisque
2281 4743 2425 4798 enim
2455 4744 2508 4798 in
2548 4743 2759 4818 ﬂagello
2789 4748 3018 4815 positus,
3062 4749 3244 4803 minus
3275 4749 3455 4803 adhuc

1863 4844 2088 4904 peccata
2119 4850 2215 4889 sua
2256 4835 2590 4903 considerat,
2617 4839 2663 4893 si
2706 4837 2790 4892 vel
2833 4847 2986 4894 tanto
3011 4838 3098 4894 vel
3136 4838 3371 4906 amplius
3399 4853 3458 4892 se

1863 4940 2185 4995 percussum
2211 4942 2374 4996 quam
2417 4930 2752 4991 merebatur,
2777 4929 3055 4984 existimat
3089 4945 3103 4981 :
3139 4930 3241 4984 iste
3277 4936 3460 4980 autem

1863 5020 1991 5088 quia
2026 5027 2236 5090 quanto
2282 5014 2552 5083 majorum
2612 5017 2864 5086 exempla
2911 5019 3245 5082 considerat,
3311 5023 3463 5068 tanto

1863 5110 2182 5166 districtiori
2228 5109 2635 5166 examinatione
2671 5123 2730 5164 se
2778 5121 2992 5178 pensat,
3023 5110 3203 5164 minus
3241 5122 3304 5161 se
3339 5120 3465 5176 per-

1865 5213 2082 5253 cussum
2116 5214 2283 5267 quam
2329 5199 2648 5255 merebatur
2677 5201 2947 5268 agnoscit,
2976 5200 3104 5269 quia
3141 5196 3201 5265 in
3241 5194 3465 5249 illorum

1955 5293 2066 5322 οἶοῖη
2107 5290 2374 5322 ηηηοηῖηἷί
2405 5305 2570 5322 “suam
2597 5293 2772 5322 η-ιηιοῖο
2804 5291 2906 5322 υἷιιῖ
2943 5292 3092 5322 nn|nn
3123 5287 3279 5322 I'nnril
3321 5286 3463 5322 nnnﬂ
