3948 5398
514 373 617 430 58τ

1505 369 1565 425 s.
1605 369 1855 427 ouo-ms
1893 370 2182 428 ABBATIS
2219 342 2715 431 armamaxas
2751 376 2790 432 ιι

3656 379 3766 434 ’⁸533

514 487 830 560 operatione
864 484 1002 539 bona
1035 492 1282 540 nostrum
1323 484 1551 539 liberum
1579 483 1863 539 arbitrium
1912 486 2092 554 sequi-
2122 492 2165 547 Α
2197 487 2520 560 Plerumque
2551 501 2729 546 autem
2764 509 3055 551 conversus
3093 496 3324 567 quisque
3355 493 3559 549 talibus
3598 502 3769 548 tenta-

523 588 631 643 tur,
658 577 1016 645 nosmetipsos
1042 574 1276 629 liberare
1313 575 1561 639 dicimur,
1587 575 1677 644 qui
1709 573 1960 628 liberanti
1993 588 2094 627 nos

518 668 744 725 Domino
785 666 1175 722 consentimus.
1226 665 1381 721 Unde
1427 666 1627 720 Paulus
1679 682 1799 721 cum
1839 666 2091 721 diceret:

2199 578 2405 634 tionum
2438 581 2672 637 stimulis
2702 585 2954 654 agitatur,
2987 586 3183 655 quibus
3225 596 3353 641 ante
3398 584 3767 640 conversionis

2197 669 2426 738 gratiam
2476 688 2750 742 nunquam
2798 674 3069 744 pulsatum
3116 691 3174 730 se
3212 691 3335 731 esse
3380 675 3766 731 reminiscitur.

522 780 541 812 ι
570 761 945 816 Abundantius
977 759 1080 813 illis
1126 759 1376 813 omnibus
1416 757 1681 822 laboravi,
1721 777 1739 809 ι
1767 773 1833 812 ne
1881 757 2098 812 labores
2197 756 2313 811 Non
2357 760 2481 829 quia
2524 771 2649 817 tunc
2675 765 2865 819 eadem
2903 765 3052 819 radix
3098 766 3410 820 tentationis
3445 766 3653 831 deerat,
3682 765 3771 820 sed

515 867 645 905 suos
687 851 790 905 sibi
818 849 1098 904 tribuisse
1140 848 1415 903 videretur
1441 848 1586 903 illico
1614 847 1856 916 adjunxit
1884 864 1896 900 :
1935 865 1953 898 ι
1981 846 2094 901 Non

515 950 694 997 autem
714 956 833 1011 ego,
857 941 950 995 sed
973 940 1146 1011 gratia
1174 939 1265 992 Dei
1299 952 1509 994 mecum
1531 937 1581 1009 (1
1606 937 1973 1009 Cor.xv,lO).»
2003 939 2097 993 Se-

516 1034 701 1105 quitur
750 1054 762 1089 :
807 1033 912 1090 Sed
943 1035 1114 1089 vivens
1157 1032 1326 1086 lucem
1374 1033 1586 1086 videret.
1617 1063 1690 1074 —
1725 1032 1925 1087 Lucem
1949 1034 2097 1087 vide-

514 1128 642 1181 licet
666 1126 937 1190 veritatis,
973 1139 1135 1195 quam
1161 1122 1323 1177 corde
1350 1121 1534 1175 videre.
1560 1131 1805 1177 mortuus
1831 1138 1941 1177 non
1974 1137 2097 1191 pos-

522 1226 626 1283 set,
656 1216 742 1271 vcl
781 1225 928 1271 certe
954 1215 1079 1286 quia
1123 1214 1387 1270 Dominus
1427 1213 1605 1269 dixit:
1637 1232 1654 1264 ‹
1694 1213 1806 1283 Ego
1835 1228 1952 1267 sum
2004 1211 2094 1267 lux

519 1309 707 1364 mundi
756 1307 939 1379 (Joan.
996 1324 1124 1373 vni,
1171 1308 1283 1379 l2).
1332 1327 1350 1360 ι
1401 1308 1667 1364 Videbunt
1712 1307 1885 1362 lucem
1930 1308 2094 1362 etiam

515 1401 737 1463 mortui,
773 1399 988 1469 quando
1031 1413 1222 1454 omnes
1252 1399 1437 1470 injusti
1480 1413 1605 1452 eum
1645 1397 1832 1452 venire
1862 1396 2097 1465 adjudi-

513 1492 656 1547 cium
682 1491 735 1546 in
761 1490 1112 1547 humanitatis
1137 1488 1313 1545 forma
1337 1488 1741 1558 conspexerint.
1776 1487 1882 1543 Sed
1905 1488 2094 1543 vivens

527 1592 655 1638 tunc
702 1581 877 1637 lucem
939 1581 1181 1651 respicit,
1222 1579 1315 1650 qui
1369 1579 1557 1636 liberis
1606 1578 1779 1635 oculis
1830 1579 2008 1635 cordis
2038 1578 2094 1633 in

512 1668 691 1724 forma
717 1670 835 1741 ejus
865 1669 1164 1724 divinitatis
1184 1667 1436 1723 attendit.
1469 1667 1729 1738 Sequitur
1757 1686 1771 1721 :

592 1763 758 1819 Vsus.
786 1762 877 1819 29.
906 1759 1038 1817 Ha’c
1060 1762 1236 1817 omnia
1273 1771 1523 1828 operatur
1554 1759 1716 1824 Deus,
1767 1750 2093 1816 tribus‘vici—

2197 852 2320 918 quia
2352 867 2457 906 non
2491 855 2804 923 apparebat.
2841 855 3119 911 llumanus
3155 858 3354 929 quippe
3392 854 3612 910 animus
3642 855 3772 909 mul-

2199 939 2268 994 tis
2292 942 2710 1008 cogitationibus
2753 954 3050 1014 occupatus
3080 961 3222 1016 saepe
3270 947 3493 1001 sibimet
3549 945 3650 1015 ipsi
3682 946 3774 999 ali-

2197 1044 2306 1098 quo
2331 1032 2490 1091 modo
2516 1042 2698 1087 manet
2725 1034 3054 1105 incognitus,
3078 1043 3141 1088 ut
3164 1035 3385 1090 omnino
3409 1035 3559 1104 quod
3590 1034 3775 1088 tolerat

2197 1121 2422 1174 nesciat.
2461 1119 2607 1175 Inter
2638 1122 2751 1177 haec
2781 1138 2911 1193 ergo
2936 1123 3266 1193 deprehensa
3306 1140 3459 1180 mens
3495 1123 3605 1179 huc
3633 1122 3777 1177 illuc-

2197 1225 2302 1279 que
2332 1211 2675 1279 distenditur,
2707 1223 2762 1268 et
2802 1214 3187 1285 multiplicibus
3239 1217 3608 1270 tentationum
3640 1215 3777 1269 8':le

2196 1297 2297 1355 bus
2327 1301 2651 1372 dissipatur;
2706 1303 2780 1357 ita
2832 1318 2962 1358 vero
3012 1303 3581 1360 circumfrementibus
3611 1314 3776 1359 tenta-

2201 1391 2406 1445 tiouum
2442 1393 2676 1448 motibus
2701 1403 3043 1463 angustatur,
3083 1403 3143 1449 ut
3173 1404 3321 1451 recte
3351 1395 3418 1450 de
3449 1410 3516 1450 eo
3545 1395 3654 1450 dici
3693 1396 3779 1449 de-

2196 1480 2347 1536 beat:
2371 1481 2792 1537 «Abominabilis
2807 1483 2856 1538 ei
2873 1484 2942 1538 sit
2959 1484 3012 1539 in
3033 1484 3144 1539 vita
3160 1500 3254 1540 sua
3279 1484 3457 1554 panis,
3482 1503 3501 1537 ›
3526 1493 3773 1554 utsupra.

2198 1569 2303 1628 Sed
2334 1573 2458 1643 quia
2489 1574 2806 1631 misericors
2833 1575 2985 1647 Deus
3004 1578 3217 1646 probari
3246 1592 3348 1631 nos
3375 1577 3649 1648 permittit
3676 1588 3779 1631 ten.

2196 1667 2512 1732 tationibus,
2542 1683 2651 1723 non
2676 1669 2978 1740 reprobari,
3009 1669 3151 1725 sicut
3179 1670 3443 1740 scriptum
3473 1676 3567 1723 est
3596 1686 3610 1722 :
3652 1688 3671 1719 ι
3702 1668 3779 1723 Fi-

2196 1755 2334 1812 delis
2361 1766 2540 1813 autem
2567 1758 2709 1813 Deus
2733 1760 2825 1830 qui
2855 1776 2965 1815 non
2997 1761 3231 1830 patietur
3256 1776 3352 1815 vos
3384 1760 3591 1814 tentari
3620 1775 3776 1828 supra

507 1856 605 1910 bus
649 1872 740 1925 per
780 1852 1036 1924 singulos.
1062 1874 1134 1894 -ι-
1169 1852 1248 1908 Ac
1284 1852 1331 1905 si
1356 1851 1563 1906 diceret
1594 1869 1606 1904 :
1633 1850 1787 1918 Quod
1821 1849 1986 1907 semel
2023 1852 2090 1908 de
2116 1832 2167 1894 Β
2193 1846 2247 1903 id
2293 1850 2433 1917 quod
2488 1849 2737 1920 potestis,
2769 1850 2863 1905 sed
2910 1848 3076 1906 faciet
3127 1867 3250 1906 cum
3284 1850 3593 1905 tentatione
3621 1848 3778 1903 etiam

512 1961 620 2000 uno
663 1945 799 2011 dixi,
854 1943 958 1999 hoc
1000 1942 1173 1998 tribus
1212 1939 1424 1996 vicibus
1465 1954 1564 2012 per
1602 1940 1843 2012 singulos
1887 1940 2089 2012 agitur.

513 2036 623 2092 Sed
670 2035 902 2092 solerter
963 2033 1278 2089 intuendum
1313 2038 1399 2087 est
1453 2046 1572 2102 quae
1616 2030 1732 2086 istae
1784 2039 1895 2087 tres
1945 2032 2095 2087 vices

512 2129 622 2183 sint
672 2127 870 2198 quibus
912 2125 1279 2194 unusquisque
1322 2122 1486 2178 homo
1525 2123 1800 2178 anxietate
1840 2123 2095 2178 maeroris

512 2218 765 2284 aﬂicitur,
796 2226 870 2284 et,
892 2224 1015 2287 post
1036 2229 1350 2278 mterorem,
1373 2215 1621 2285 protinus
1652 2215 1718 2269 ad
1746 2216 2091 2271 securitatem

510 2310 699 2366 laetitia
726 2318 970 2367 vocatur.
1012 2308 1183 2379 Igitur
1221 2306 1264 2362 si
1291 2307 1580 2378 vigilanter
1600 2307 1954 2371 attendimus,
1995 2306 2094 2362 has

511 2415 624 2461 tres
644 2404 792 2458 vices
819 2400 1068 2456 maeroris
1092 2407 1147 2454 et
1174 2399 1374 2455 ltetitite
1402 2398 1454 2453 in
1483 2398 1909 2468 uniuscujusque
1934 2396 2091 2454 electi

510 2488 691 2552 animo
718 2495 835 2549 istis
877 2491 1136 2548 alternari
1184 2491 1357 2546 modis
1390 2489 1721 2554 invenimus,
1754 2490 1806 2545 id
1850 2498 1935 2544 est
1968 2505 2093 2544 con-

507 2589 831 2651 versatione,
861 2584 1175 2649 tentatione,
1200 2590 1396 2637 morte.
1420 2581 1477 2635 ln
1494 2580 1667 2653 prima
1689 2580 1907 2651 quippe,
1931 2595 2093 2651 qualn

508 2678 762 2741 diximus,
785 2672 1214 2731 conversationis
1236 2672 1370 2733 vice,
1398 2670 1579 2739 gravis
1602 2682 1806 2723 maeror
1831 2677 1934 2735 est,
1970 2683 2091 2723 cum

509 2785 605 2823 sua
638 2766 1010 2835 unusquisque
1040 2770 1259 2834 peccata
1306 2759 1686 2825 considerans,
1726 2774 1981 2813 curarum
2014 2773 2096 2814 se-

506 2857 775 2914 cularium
822 2853 935 2909 vult
970 2852 1265 2923 compedes
1293 2864 1566 2919 rumpere,
1591 2857 1646 2903 et
1690 2848 1829 2902 viam
1859 2849 1954 2903 Dei
1999 2864 2096 2919 per

509 2948 740 3017 spatium
802 2958 1007 3000 securae
1077 2941 1512 2997 conversationis
1564 2940 1862 2997 ambulare.
1898 2940 2095 2997 .Recte

509 3055 640 3110 ergo
661 3039 728 3093 de
756 3037 859 3091 hoc
888 3044 1262 3090 amarescente
1298 3034 1516 3090 homine
1559 3033 1664 3089 dici
1709 3041 1916 3104 potest;
1944 3052 1964 3085 ι
1989 3034 2099 3088 Ab-

510 3127 825 3184 ominabilis
844 3128 893 3181 ei
920 3127 978 3180 lit
1000 3126 1177 3180 invita
1194 3124 1539 3194 suap‘auis,et
1562 3125 1759 3179 animae
1782 3123 1922 3179 illius
1944 3122 2098 3179 cibus

509 3230 637 3276 ante
663 3216 1058 3275 desiderabilis.
1085 3215 1352 3271 Tabescet
1386 3230 1515 3270 caro
1545 3213 1685 3284 ejus,
1713 3224 1769 3270 et
1801 3229 1951 3281 ossa,
1976 3228 2097 3287 qua!

510 3321 655 3368 tecta
702 3311 942 3376 fuerant,
991 3309 1360 3363 nudabuntur.
1402 3307 1866 3378 Appropinquavit
1909 3322 2099 3361 eorru-

510 3401 681 3471 ptioni
733 3400 911 3453 anima
957 3397 1095 3467 ejus,
1125 3405 1180 3452 et
1209 3397 1319 3451 vita
1346 3395 1488 3450 illius
1525 3394 1838 3452 mortiferis.
1866 3415 1884 3450 ι
1945 3394 2100 3451 Sicut

513 3508 675 3563 supra
722 3492 925 3547 dictum
976 3499 1063 3546 est
1110 3488 1233 3562 (Job
1265 3504 1459 3553 xxxiii,
1509 3487 1600 3554 20,
1656 3489 1772 3559 22).
1823 3487 1929 3544 Sed
1971 3490 2097 3560 quia

512 3582 694 3639 divina
726 3582 897 3653 gratia
940 3579 1147 3635 diutius
1188 3579 1314 3634 istis
1362 3577 1771 3634 difﬁcultatibus
1805 3577 1941 3634 allici
1988 3595 2098 3633 non

512 3672 868 3744 permittitur,
905 3670 1078 3741 ruptis
1114 3678 1463 3740 peccatorum
1505 3656 1814 3724 nostrorum
1844 3668 2096 3734 vinculis,

514 3762 674 3818 citius
705 3776 808 3817 nos
842 3761 910 3817 ad
938 3760 1242 3816 libertatem
1272 3773 1423 3814 nova:
1448 3758 1876 3814 conversationis
1907 3773 2099 3815 conso-

512 3852 674 3908 lando
703 3852 968 3923 perducit,
1002 3850 1170 3921 ﬁtque
1212 3850 1362 3905 cordi
1400 3850 1665 3904 immensa
1710 3849 1916 3914 laetitia,
1971 3850 2098 3920 quia

513 3943 563 3998 ei
590 3957 749 4012 quem
780 3939 1051 3996 desiderat
1089 3938 1202 4006 jam
1231 3953 1329 4007 per
1357 3954 1506 4009 spem
1550 3938 1862 3994 securitatis
1904 3954 2102 4009 appro-

516 4034 764 4103 pinquat,
795 4040 856 4087 ut
880 4040 1026 4086 recte
1055 4030 1121 4086 de
1145 4029 1251 4085 hoc
1281 4030 1383 4085 dici
1406 4029 1598 4086 debeat
1624 4046 1638 4084 :
1673 4050 1690 4081 ‹
1713 4031 2105 4101 Deprecabitur

515 4127 684 4179 Deum
709 4131 759 4178 et
784 4122 1069 4194 placabilis
1082 4121 1132 4176 ei
1153 4120 1279 4186 erit,
1296 4130 1351 4174 et
1370 4119 1573 4174 videbit
1596 4118 1789 4175 faciem
1806 4119 1924 4189 ejus
1944 4120 1995 4175 in
2012 4120 2101 4190 ju-

515 4212 647 4276 bilo,
662 4221 718 4266 et
743 4211 930 4266 reddet
944 4210 1147 4265 homini
1164 4207 1430 4277 justitiam
1448 4223 1621 4263 suam.
1636 4206 2103 4280 Respiciethomi-

516 4316 616 4356 nes
637 4309 690 4356 et
704 4301 864 4355 dicet.
889 4299 1138 4365 Peccavi,
1152 4311 1208 4354 et
1228 4314 1355 4355 vere
1368 4298 1588 4369 deliqui,
1603 4307 1656 4354 et
1672 4308 1729 4354 ut
1745 4314 1892 4354 eram
1911 4300 2105 4372 dignus

482 4378 485 4379 ν
508 4403 623 4446 ‘non
648 4391 846 4460 recepi.
862 4390 1137 4447 Liberavit
1156 4391 1392 4445 animam
1416 4406 1568 4446 suam
1593 4406 1661 4445 ne
1682 4399 1929 4462 pergeret
1951 4391 2005 4446 in
2024 4393 2107 4446 in-

518 4483 759 4548 teritum,
778 4476 873 4537 sed
891 4483 1076 4537 vivens
1098 4481 1273 4537 lucem
1297 4482 1499 4536 videret
1516 4480 1704 4549 (Ibid.,
1717 4482 1807 4547 26,
1822 4481 1933 4554 28).
1948 4481 2105 4539 rPost

518 4572 751 4644 primam
784 4572 949 4643 igitur
983 4571 1156 4626 vicem
1193 4571 1444 4626 mceroris
1490 4579 1652 4639 atque
1683 4572 1901 4641 hetitiae,
1937 4591 2099 4644 quam

519 4666 892 4737 unusquisque
918 4678 1015 4735 per
1042 4663 1279 4719 studium
1311 4664 1683 4719 conversionis
1707 4666 2103 4736 agnoscit,haec

519 4759 757 4815 secunda
774 4757 1071 4821 suboritur,
1086 4754 1212 4826 quia
1231 4769 1298 4809 ne
1310 4754 1618 4810 securitatis
1644 4757 1964 4828 negligentia
1995 4761 2103 4816 dis-

519 4847 785 4912 solvatur,
835 4845 1065 4918 impulsu
1115 4844 1434 4901 tentationis
1481 4843 1730 4900 allicitur.
1779 4845 1846 4899 Et
1884 4850 2098 4918 quidem

520 4942 753 5012 quisque
782 4940 836 4995 in
877 4939 994 5010 ipso
1025 4936 1453 4993 conversationis
1476 4935 1630 4990 initio
1654 4951 1843 5007 magna
1863 4939 2100 5010 plerum.

521 5049 631 5088 uue
678 5032 946 5088 excipitur
990 5029 1273 5086 dulcedine
1319 5026 1724 5088 consolationis.
1770 5032 1863 5084 sed
1900 5032 2096 5086 durum

2192 1944 2511 2007 proventum
2535 1945 2591 1991 ut
2610 1937 2830 2007 possitis
2849 1939 3118 1996 sustinere
3138 1938 3190 2010 (I
3214 1938 3408 2001 (ἴσως,
3438 1939 3548 2009 15),
3583 1958 3601 1991 ι
3628 1938 3779 1993 cilius

2193 2029 2581 2086 consolationis
2602 2046 2738 2102 opus
2757 2031 3018 2097 occurrit,
3038 2039 3091 2086 et
3114 2039 3396 2101 surgentes
3421 2031 3777 2085 tentatiouum

2195 2119 2445 2176 stiinulos
2488 2120 2721 2193 mitigat,
2772 2122 3259 2193 impugnantesque
3292 2135 3352 2175 se
3389 2120 3778 2191 cOgitationum

2197 2220 2377 2267 motus
2402 2212 2617 2267 interna
2644 2228 2779 2284 pace
2828 2212 3162 2284 tranquillat.
3191 2211 3422 2281 Moxque
3466 2212 3651 2265 anima
3681 2211 3778 2265 im-

2199 2311 2440 2358 mensam
2470 2303 2538 2358 de
2566 2318 2662 2374 spe
2688 2303 2895 2359 cmlesti
2922 2302 3163 2359 laetitiam
3198 2303 3429 2373 percipit
3475 2302 3606 2356 dum
3637 2301 3780 2356 devi-

2198 2402 2346 2450 ctum
2376 2393 2577 2449 malum
2618 2394 2839 2465 respicit
2882 2392 3024 2466 quod
3058 2393 3328 2459 toleravit,
3351 2402 3413 2449 ut
3430 2391 3557 2462 jure
3587 2393 3654 2447 de
3682 2392 3779 2447 hoc

2206 2491 2415 2539 tentato
2442 2483 2781 2554 liberataque
2807 2485 3023 2540 homine
3038 2484 3143 2540 dici
3159 2484 3353 2541 debeat
3376 2502 3390 2537 :
3417 2500 3435 2534 ι
3460 2481 3680 2538 Videbit
3705 2482 3781 2536 fa-

2194 2573 2335 2629 ciem
2361 2571 2478 2641 ejus
2498 2573 2551 2627 in
2568 2572 2761 2643 jubilo,
2783 2582 2842 2630 et
2862 2573 3112 2630 liberavit
3136 2575 3370 2630 animam
3393 2589 3549 2629 suam
3563 2589 3633 2629 ne
3660 2588 3779 2642 per-

2198 2673 2348 2736 geret
2370 2664 2423 2719 in
2446 2665 2722 2721 interitum
2743 2706 2758 2733 ,
2806 2667 2902 2723 sed
2928 2667 3115 2722 vivens
3136 2666 3309 2740 lucem
3338 2667 3564 2722 videret.
3607 2686 3625 2718 ι
3653 2664 3780 2719 Post

2197 2757 2630 2813 conversationis
2664 2773 2897 2829 namque
2939 2758 3233 2814 certamina
3257 2799 3272 2824 ,
3296 2769 3419 2830 post
3445 2757 3778 2828 probationis

2197 2863 2517 2914 aerumnam,
2569 2857 2740 2905 restat
2777 2849 2953 2905 adhuc
2985 2851 3119 2905 dura
3148 2850 3392 2905 tentatio.
3425 2849 3563 2916 Quia
3595 2849 3777 2904 venire

2200 2955 2305 2993 non
2333 2947 2510 3010 potest
2538 2940 2604 2994 ad
2640 2939 2893 3009 perfectae
2929 2939 3121 3012 gaudia
3160 2938 3449 3006 libertatis,
3489 2938 3593 2993 nisi
3631 2939 3778 3009 prius

2202 3033 2442 3089 debitum
2497 3032 2718 3089 solverit
2769 3033 3019 3088 humana:
3069 3032 3415 3088 conditionis.
3474 3030 3777 3087 Conversus

2203 3133 2385 3181 autem
2437 3125 2667 3196 quisque
2716 3125 2818 3181 sibi
2863 3135 3020 3181 caute
3055 3124 3342 3192 sollicitus,
3392 3122 3559 3181 tacite
3597 3138 3776 3178 secum

2202 3215 2551 3270 considerare
2579 3229 2685 3270 non
2711 3223 2909 3281 cessat,
2949 3223 3184 3271 aeternus
3205 3213 3376 3269 Iudex
3408 3230 3571 3284 quam
3596 3214 3777 3269 distri-

2203 3315 2323 3359 ctus
2340 3302 2618 3370 adveniet;
2644 3320 2908 3376 suumque
2928 3306 3216 3361 terminum
3239 3306 3478 3377 quotidie
3500 3305 3775 3377 prospicit,

2199 3403 2256 3450 et
2281 3404 2406 3450 ante
2434 3396 2782 3451 severitatem
2815 3403 2978 3451 tanta:
2999 3394 3242 3465 justitiat,
3274 3411 3410 3466 quas
3435 3396 3677 3451 rationes
3704 3396 3780 3448 vi-

2203 3493 2272 3540 ta:
2310 3500 2420 3541 sua;
2471 3486 2541 3541 sit
2590 3486 2886 3556 positurus,
2936 3486 3186 3542 attendit.
3214 3485 3541 3542 Cousiderat
3588 3486 3779 3557 quippe

2201 3576 2345 3645 quod
2394 3576 2537 3630 viam
2571 3561 2695 3632 vitae
2734 3578 3018 3647 praesentis
3060 3592 3400 3650 nequaquam
3456 3579 3580 3633 sine
3629 3579 3775 3649 culpa

2204 3666 2435 3722 transire
2465 3667 2769 3738 potuimus;
2793 3669 3127 3736 considerat,
3157 3670 3282 3741 quia
3305 3685 3404 3726 nec
3429 3670 3536 3726 hoc
3569 3672 3776 3744 quidem

2202 3756 2322 3811 sine
2349 3758 2532 3828 aliquo
2557 3768 2713 3813 reatu
2742 3767 2828 3815 est
2860 3760 3004 3829 quod
3034 3760 3377 3817 laudabiliter
3410 3763 3706 3833 gessimus,
3736 3762 3776 3817 si

2203 3857 2409 3904 remota
2439 3850 2640 3919 pietate
2656 3848 2983 3921 judicemur.
3012 3850 3146 3918 Quis
3169 3852 3313 3907 enim
3341 3861 3594 3907 nostrum
3623 3854 3779 3908 vitam

2200 3939 2620 4010 praecedentium
2650 3939 2872 3995 Patrum
2901 3940 3079 3997 valeat
3106 3940 3193 3997 vel
3230 3958 3491 4012 superare
3520 3945 3607 3999 vel
3639 3960 3778 3999 asse-

2202 4030 2330 4099 qui?
2358 4029 2425 4083 Et
2461 4038 2638 4083 tamen
2674 4031 2840 4085 David
2871 4032 3003 4087 dicit
3035 4050 3049 4087 :
3088 4050 3105 4083 ι
3136 4032 3214 4087 Ne
3240 4034 3412 4090 intres
3438 4036 3493 4090 in
3522 4034 3779 4105 judicium

2203 4135 2326 4176 cum
2349 4136 2508 4175 servo
2538 4130 2629 4176 tuo
2655 4119 2772 4192 (Ps.
2797 4136 2969 4186 eam.
2998 4124 3077 4197 2).
3111 4144 3130 4178 ι
3160 4123 3427 4181 Solutioui
3449 4142 3588 4200 ergo
3612 4128 3782 4183 carnis

2204 4213 2660 4283 appropinquans,
2690 4226 3077 4287 nonnunquam
3106 4223 3314 4274 terrore
3343 4219 3603 4275 vindictae
3627 4224 3780 4278 etiam

2198 4304 2328 4375 justi
2367 4304 2545 4359 anima
2579 4306 2848 4372 turbatur,
2887 4307 2996 4373 cui,
3027 4308 3147 4363 etsi
3185 4308 3314 4379 quid
3348 4313 3703 4381 tranquillum
3732 4312 3780 4366 in

2205 4394 2306 4450 hac
2335 4396 2445 4450 vita
2472 4410 2662 4466 sapere
2691 4397 2885 4467 potuit,
2916 4398 3108 4452 mortis
3137 4398 3365 4454 articulo
3392 4400 3783 4458 interveniente

2208 4487 2606 4554 concutitur,ut
2632 4486 2755 4556 jure
2782 4488 2885 4543 dici
2907 4487 3097 4544 debeat
3128 4507 3141 4544 :
3179 4508 3198 4541 ι
3220 4488 3628 4548 Abominabilis
3650 4495 3700 4549 ei
3730 4493 3781 4547 tit

2206 4577 2259 4632 in
2289 4578 2396 4633 vita
2421 4592 2513 4633 sua
2543 4579 2719 4649 panis,
2742 4598 2760 4631 ι
2785 4586 2840 4634 et
2867 4579 3095 4651 reliqua.
3120 4579 3224 4636 Sed
3245 4582 3370 4652 quia
3381 4580 3662 4648 iustorum
3679 4584 3783 4637 ani-

2205 4681 2307 4721 mae
2338 4683 2368 4720 a
2398 4666 2606 4722 levibus
2632 4667 2934 4737 quibusque
2977 4670 3247 4742 contagiis
3277 4672 3393 4740 ipso
3423 4687 3573 4743 saepe
3602 4672 3781 4729 mortis

2203 4769 2402 4825 pavore
2442 4763 2759 4825 purgantur,
2799 4767 3013 4812 aeterna:
3054 4759 3426 4815 retributionis
3454 4764 3659 4832 gaudia
3679 4763 3781 4831 jam

2205 4843 2274 4897 ab
2302 4843 2418 4914 ipsa
2447 4844 2631 4899 carnis
2653 4844 2920 4901 solutione
2941 4849 3267 4918 percipiunt.
3298 4848 3639 4922 Plerumque
3665 4865 3781 4906 vero

2201 4934 2710 5005 contemplationem
2756 4937 3062 5008 percipitmt
3090 4941 3379 5011 quamdam
3411 4944 3781 4998 retributionis

2205 5035 2437 5088 aeternet,
2462 5025 2625 5080 etiam
2642 5026 2952 5088 priusquam
2981 5042 3147 5085 carne
3166 5030 3560 5088 exsnolientur.
3581 5034 3780 5088 Hilare-
