3948 5398
134 297 238 356 589

830 287 1132 347 ΕΗΤΟΜΕ
1171 287 1538 344 MORALIUM
1579 286 1636 341 S.
1676 285 1742 342 Gl

1852 285 1886 337 ι.
1925 283 1990 338 IN
2027 283 2168 342 ΙΙΟΒ.
2207 314 2279 326 —
2316 284 2445 339 LIB.
2474 283 2665 340 XXIV.

3306 284 3412 342 390

134 411 378 480 despecto
424 406 705 477 temporali
750 404 973 465 lumine.
1018 401 1085 457 ad
1113 401 1454 472 splendorem
1484 400 1711 455 internae
1742 406 1786 464 Λ
1816 396 2087 452 rideamus
2106 396 2233 468 quid
2263 396 2327 451 sit
2359 396 2649 451 melius.-—
2672 393 2778 451 Sed
2805 404 2986 451 utrum
3025 395 3129 453 hoc
3148 394 3415 469 judicium

135 492 391 555 claritatis
425 506 716 553 recurrunt
754 504 812 549 ut
843 495 915 548 ibi
950 496 1156 558 vivant,
1203 492 1291 547 ubi
1321 507 1508 546 verum
1539 491 1717 545 lumen

133 592 412 648 sentiendo
437 591 686 656 videant;
735 589 823 642 ubi
858 602 966 641 non
994 586 1137 640 aliud
1168 585 1348 641 lumen
1380 593 1543 656 atque
1571 584 1719 640 aliud

132 684 257 746 vita,
289 682 382 736 sed
418 681 510 736 ubi
541 680 631 735 lux
660 681 773 750 ipsa
801 679 913 732 vita
944 678 1034 733 sit.
1064 676 1165 733 Ubi
1200 678 1277 732 sic
1302 693 1403 733 nos
1441 678 1532 731 lux
1570 686 1723 732 exte-

133 779 240 831 rius
267 776 703 839 circumscribat,
743 783 803 828 ut
833 773 1062 827 interius
1093 772 1346 842 impleat;
1384 772 1465 827 sic
1492 771 1721 827 interius

134 869 369 939 impleat,
417 876 478 919 ut
507 865 980 936 incircumscripta
1013 864 1257 922 exterius
1284 863 1719 918 circumscribat.

134 962 507 1016 llluminantur
552 973 683 1028 ergo
728 958 831 1012 hac
877 958 992 1011 luce
1042 955 1343 1019 viventium,
1380 970 1543 1024 quam
1572 963 1724 1010 tanto

134 1062 254 1105 tunc
269 1049 527 1106 subtilius
548 1049 913 1119 conspiciunt,
940 1055 1142 1117 quanto
1166 1061 1309 1101 nunc
1330 1047 1396 1100 ad
1415 1045 1558 1100 illam
1574 1046 1725 1115 prius

141 1140 343 1193 vivunt.
386 1136 652 1209 Sequitur
679 1155 693 1191 :

122 1248 123 1255 η
205 1228 371 1284 Vsus.
401 1229 493 1283 ⁸51.
548 1228 792 1295 Attende,
820 1226 945 1293 Job,
976 1236 1022 1281 et
1075 1228 1204 1281 audi
1240 1243 1340 1290 me,
1374 1238 1421 1281 et
1458 1238 1572 1281 tace
1600 1227 1727 1280 dum

132 1339 224 1393 ego
253 1321 465 1393 loquor.
493 1352 565 1362 —
597 1321 823 1389 Qualem
854 1336 914 1376 se
938 1320 1079 1391 apud
1107 1337 1166 1376 se
1195 1321 1413 1383 habeat,
1450 1321 1552 1375 hac
1577 1319 1727 1374 locu-

136 1413 281 1467 tione
312 1411 645 1468 manifestat.
677 1412 946 1466 immensa
983 1412 1128 1465 enim
1158 1411 1410 1480 superbia
1440 1418 1543 1473 est,
1573 1425 1602 1463 a
1646 1424 1731 1464 se-

135 1504 288 1558 niore
318 1503 420 1557 sibi
449 1503 811 1559 reverentiam
855 1502 1096 1571 exigere,
1130 1510 1186 1556 et
1230 1500 1507 1555 silentium
1556 1501 1727 1571 impe-

136 1609 258 1648 rare
290 1594 522 1650 meliori.
555 1593 816 1663 Sequitur
848 1609 862 1647 :

206 1683 372 1738 Vrsas.
406 1683 497 1739 52.
530 1681 590 1739 Si
617 1692 792 1737 autem
846 1682 1005 1736 habes
1033 1683 1171 1753 quod
1197 1680 1454 1752 loquaris,
1479 1680 1729 1751 responde

1818 499 1874 545 et
1922 488 2110 544 humili
2155 489 2319 545 corde
2367 489 2683 558 quaesierit,
2734 488 2892 544 facile
2939 491 3326 561 cognoscimus
3368 490 3417 548 si

1819 580 2206 649 subsequentia
2237 579 2355 648 ejus
2386 580 2548 633 verba
2588 594 2902 649 pensemus.
2937 579 3197 651 Sequitur
3223 596 3241 638 :

1891 669 2057 726 Vens.
2090 671 2144 735 5,
2178 670 2231 725 6.
2276 670 2415 737 Quia
2442 670 2644 734 dixisti,
2673 671 2774 725 Job
2796 687 2815 725 :
2830 671 3009 739 justus
3029 689 3171 740 sum,
3202 682 3252 728 et
3270 672 3419 729 Deus

1821 763 2068 817 subvertit
2079 761 2346 833 judicium
2380 778 2571 815 meum.
2602 760 2667 815 In
2689 761 2984 831 judicando
3005 765 3144 817 enim
3166 780 3249 819 me
3274 780 3423 820 men-

1822 851 2037 906 dacium
2072 862 2181 918 cst,
2220 861 2270 906 et
2312 852 2537 905 violenta
2566 853 2758 921 sagitta
2795 869 2910 907 mea
2944 852 3138 924 absque
3166 854 3275 909 ulla
3306 872 3424 926 pec-

1824 953 1961 997 cato.
1977 973 2045 982 —
2062 940 2186 997 iitec
2208 941 2429 996 beatum
2455 939 2556 995 Job
2578 940 2783 996 dixisse
2803 941 3073 1010 queritur,
3096 957 3216 1012 quae
3240 952 3424 999 tamen

1776 1054 1783 1063 -
1825 1032 1952 1103 quia
1986 1034 2210 1088 minime
2243 1032 2440 1087 dixerit
2480 1032 2739 1102 requisita
2781 1048 2954 1088 sacra:
2988 1034 3233 1092 historiae
3257 1037 3424 1092 verba

1828 1132 2117 1177 testantur.
2169 1122 2276 1177 Sed
2329 1123 2421 1192 qui
2460 1122 2726 1192 judicium
2777 1138 2932 1192 :cque
2989 1125 3315 1193 quaesierat,
3357 1140 3426 1182 ex

1827 1214 1981 1283 culpa
2019 1229 2180 1284 quam
2213 1214 2372 1269 tinxit
2418 1213 2670 1283 protinus
2708 1213 3041 1270 sententiam
3070 1216 3424 1287 promulgat;

1829 1319 1955 1357 nam
1998 1305 2243 1373 sequitur
2275 1321 2288 1359 :

1901 1394 2064 1450 Vens.
2097 1397 2150 1459 'i',
2175 1397 2227 1451 8.
2256 1394 2397 1460 Quid
2423 1404 2499 1449 est
2521 1395 2602 1449 vir
2624 1403 2677 1448 ut
2701 1404 2775 1449 est
2801 1393 2926 1460 Job,
2949 1397 3037 1467 qui
3058 1392 3180 1451 bibit
3205 1397 3432 1450 subsan»

1832 1491 2099 1544 nationem
2141 1487 2292 1559 quasi
2336 1504 2563 1558 aquam,
2596 1489 2685 1558 qui
2718 1488 2972 1558 graditur
3012 1504 3130 1542 cum
3167 1489 3432 1558 operatio-

1833 1581 1985 1636 nibus
2035 1578 2968 1650 iniquitatum.’HEccejudicium
3018 1595 3289 1651 qumrens,
3338 1581 3425 1650 juc

1833 1675 2033 1730 dicium
2079 1672 2336 1743 protulit,
2380 1681 2436 1727 et
2469 1682 2594 1743 post
2647 1663 3220 1744 allegationem'suam
3274 1674 3424 1730 nulla

136 1775 288 1839 mihi,
316 1775 565 1844 loquere;
594 1774 710 1829 volo
746 1774 882 1827 enim
905 1784 953 1826 te
976 1790 1228 1843 apparere
1238 1775 1469 1844 justum.
1492 1804 1566 1814 -—
1594 1769 1729 1841 Quia
1767 1757 1807 1815 Β
1838 1766 1979 1823 beati
2039 1764 2140 1821 Job
2176 1773 2493 1835 exspectata
2539 1766 2844 1830 sententia,
2903 1781 3029 1821 eum
3082 1767 3434 1823 damnatione

140 1876 323 1922 autem
358 1868 745 1937 praedicatores
769 1866 900 1937 justi
936 1867 1061 1920 dum
1109 1866 1378 1935 quoslibet
1404 1867 1731 1934 corripiunt,

136 1970 280 2025 smpe
310 1944 409 2025 per
448 1955 772 2009 humilitatis
802 1955 1035 2025 gratiam
1079 1957 1145 2009 ad
1176 1957 1565 2025 cogitationum
1610 1972 1737 2010 sua-

137 2062 261 2103 rum
287 2046 482 2101 intima
509 2054 883 2111 revertuntur,
918 2054 1083 2115 atque
1117 2046 1171 2099 in
1200 2061 1266 2100 eo
1297 2046 1413 2116 ipso
1438 2047 1583 2116 quod
1613 2062 1722 2101 cor-

137 2139 478 2210 ripiunt,nc
505 2137 632 2209 quid
673 2136 909 2193 fortasse
950 2136 1206 2191 fallantur
1246 2138 1572 2207 exquirunt,
1620 2154 1739 2192 cor-

138 2232 420 2302 reptisque
466 2230 747 2285 licentiam
776 2230 1052 2296 tribuunt,
1085 2240 1142 2285 ut
1173 2231 1216 2285 si
1244 2212 1375 2301 quid
1417 2246 1513 2300 pro
1541 2247 1599 2287 se
1635 2232 1738 2303 ipsi

132 2320 338 2393 justius
369 2321 612 2376 sentiunt
649 2320 939 2376 fateantur.
983 2320 1097 2376 Hoc
1143 2336 1535 2390 nonnunquam
1576 2322 1738 2377 etiam

138 2426 468 2485 arrogantes
489 2413 689 2468 itnitari
711 2422 992 2485 appetunt.
1010 2414 1293 2485 Paulisper
1313 2415 1458 2470 enim
1483 2415 1535 2469 in
1562 2415 1743 2470 verbis

137 2502 383 2560 elatione
422 2504 742 2573 postposita,
776 2505 930 2574 quasi
960 2519 1147 2559 eorum
1182 2518 1320 2574 quos
1348 2504 1672 2576 corripiunt,
1696 2504 1742 2560 si

138 2590 285 2646 forte
315 2593 544 2661 reperiri
571 2593 870 2664 potuerint,
886 2593 1155 2662 justitiam
1174 2602 1444 2665 quaarunt,
1477 2611 1586 2650 non
1616 2596 1742 2665 quia

137 2681 217 2735 ita
247 2680 516 2747 sentiunt,
548 2682 645 2736 sed
674 2682 799 2751 quia
828 2684 1011 2737 ornari
1035 2698 1131 2753 per
1161 2683 1394 2753 speciem
1429 2683 1746 2740 humilitatis

135 2770 567 2849 concupiscunt.
612 2769 857 2825 Metuunt
897 2772 1044 2826 enim
1086 2787 1154 2827 ne
1193 2772 1413 2842 superbi
1449 2787 1512 2828 ac
1556 2772 1746 2829 tumidi

135 2861 273 2932 quia
308 2869 459 2926 sunt,
490 2876 613 2917 esse
644 2862 948 2917 videantur.
980 2860 1243 2933 Sequitur
1269 2880 1282 2917 :
1362 2850 1365 2853 ’

219 2952 389 3008 Vens.
426 2952 517 3009 33.
563 2952 716 3020 Quod
746 2954 792 3009 si
817 2970 922 3009 non
955 2954 1140 3021 habes,
1167 2955 1298 3009 audi
1320 2972 1420 3021 me,
1450 2966 1496 3009 et
1527 2964 1660 3022 tace,
1699 2965 1749 3015 et

134 3046 343 3101 docebo
378 3034 441 3100 te
483 3046 815 3115 sapientiam.
854 3076 927 3086 -—
956 3045 1093 3114 Quia
1122 3047 1268 3101 enim
1312 3048 1577 3103 veraciter
1602 3063 1749 3117 qure-

1839 1860 2058 1931 dignuin
2086 1873 2151 1914 ex
2180 1858 2530 1927 reproborum
2554 1856 2815 1912 societate
2830 1856 3115 1926 judicavit.
3139 1857 3227 1912 Ait
3251 1858 3430 1912 enim:

1841 1951 1971 2017 Quis
2017 1961 2092 2005 est
2137 1950 2218 2003 vir
2265 1958 2319 2002 ut
2368 1958 2443 2002 est
2489 1947 2634 2001 Job?
2669 1946 2739 2003 Ut
2781 1948 2966 2017 utique
3012 1947 3432 2012 subaudiamus,

1838 2048 2018 2103 nullus
2044 2064 2059 2112 ;
2090 2058 2255 2117 atque
2300 2042 2576 2114 subjuugit
2603 2061 2616 2097 :
2655 2043 2759 2110 Qui
2789 2044 2915 2097 bibit
2958 2043 3430 2097 subsannationem

1840 2140 1994 2212 quasi
2019 2156 2232 2210 aquam.
2278 2128 2431 2208 Aqua
2467 2148 2647 2192 autem
2692 2152 2816 2191 cum
2847 2135 3086 2200 bibitur,
3119 2136 3192 2190 ita
3233 2135 3437 2206 liquide

1842 2234 2109 2298 sumitur,
2154 2240 2215 2285 ut
2239 2231 2305 2286 ad
2333 2229 2665 2285 sorbendum
2707 2228 2851 2282 nulla
2877 2228 2958 2283 sui
2996 2228 3323 2299 pinguedine
3354 2243 3439 2283 re-

1846 2324 2107 2377 tardetur.
2138 2320 2636 2377 Subsannationem
2663 2333 2791 2374 vero
2820 2328 2877 2373 ut
2900 2334 3097 2388 aquam
3122 2319 3308 2375 bibere
3327 2328 3436 2387 est,

1844 2412 2014 2467 Deum
2043 2411 2163 2465 sine
2191 2409 2373 2480 aliquo
2400 2408 2683 2464 obstaculo
2708 2407 3057 2480 cogitationis
3077 2408 3307 2463 irridere
3326 2449 3343 2474 ,
3379 2417 3441 2463 ut

1844 2515 1910 2557 eo
1937 2500 2081 2570 quod
2106 2498 2352 2571 superbit
2376 2498 2556 2569 lingua
2579 2497 2663 2553 vel
2695 2497 3027 2554 conscientia
3052 2536 3066 2562 ,
3096 2496 3239 2551 nulla
3273 2498 3441 2568 trepi-

1847 2594 1998 2650 datio
2041 2591 2404 2648 contradicat.
2438 2591 2565 2647 llaec
2607 2592 2787 2646 autem
2829 2589 2947 2659 ejus
2974 2590 3245 2646 sententia
3278 2605 3442 2660 super

1847 2685 2064 2740 beatum
2092 2682 2213 2749 Job,
2241 2691 2502 2753 quantum
2536 2684 2604 2736 ab
2634 2681 2855 2737 tramite
2876 2681 3126 2738 veritatis
3148 2681 3439 2747 cxorbitet,

1846 2775 1937 2831 illa
1962 2776 2126 2831 etiam
2150 2774 2498 2830 attestatione
2527 2773 2907 2844 cognoscimus
2928 2787 3037 2843 qua
3063 2772 3132 2826 ad
3165 2771 3442 2827 diabolum

1846 2868 2024 2924 dicit:
2070 2886 2088 2919 ‹
2127 2866 2380 2936 Nunquid
2430 2865 2790 2921 considerasti
2835 2879 3051 2921 servum
3082 2879 3260 2920 meum
3299 2863 3401 2921 Job
3427 2906 3443 2931 ,

1849 2958 1991 3029 quod
2035 2973 2141 3012 non
2172 2957 2245 3012 sit
2272 2957 2322 3010 ci
2356 2956 2551 3011 similis
2586 2970 2749 3026 super
2801 2955 3041 3009 terram?
3075 2975 3095 3006 ›
3129 2953 3253 3026 (Job
3290 2971 3330 3021 ι,
3363 2954 3445 3027 8.)

1853 3051 1993 3106 Ecce
2037 3064 2198 3118 quem
2233 3048 2444 3103 Veritas
2483 3047 2620 3102 dicit
2661 3047 2865 3117 absque
2908 3046 3312 3116 comparatione
3330 3045 3450 3116 jus-

138 3144 279 3188 runt
319 3133 514 3189 audire
540 3111 704 3204 quod
738 3133 947 3203 justum
968 3111 1060 3191 est
1082 3177 1096 3200 ,
1139 3137 1522 3207 mquanimiter
1560 3111 1751 3206 ex-spe-
1776 3111 1821 3175 C
1856 3151 1966 3197 tum
1986 3182 2002 3205 ,
2048 3111 2172 3195 eum
2200 3139 2319 3194 Elin
2350 3137 2549 3195 asserit
2581 3111 2793 3207 absque
2814 3111 3228 3209 comparatione
3257 3111 3450 3207 pecca-

138 3233 301 3279 ctant
325 3224 516 3279 audire
541 3226 685 3295 quod
708 3234 981 3297 quierunt.
1011 3227 1130 3282 Eliu
1153 3238 1333 3283 autent
1362 3229 1455 3299 qui
1482 3229 1751 3285 veraciter

136 3316 526 3389 requisitionis
558 3317 720 3372 verba
738 3301 858 3374 ’non
884 3319 1130 3390 protulit,
1165 3320 1268 3375 dici
1297 3321 1439 3390 quod
1462 3322 1751 3392 quaesierat

140 3423 259 3465 non
306 3398 598 3480 permisit;
640 3409 733 3464 sed
781 3424 905 3465 mox
943 3426 1064 3481 qua:
1111 3413 1444 3468 intrinsecus
1478 3414 1750 3481 gestavit,

136 3503 353 3575 erupit,
384 3502 712 3573 qualemque
746 3517 806 3559 se
832 3504 887 3559 in
922 3504 1093 3561 oculis
1143 3506 1257 3562 suis
1301 3506 1536 3562 habebat
1568 3516 1755 3563 osten—

139 3596 247 3661 dit,
285 3597 475 3651 dieens
509 3615 524 3650 :
562 3595 728 3663 Tace,
782 3606 831 3651 et
883 3597 1078 3653 docebo
1125 3608 1174 3654 te
1217 3600 1553 3669 sapientiam.
1587 3600 1755 3656 Arro-

136 3695 349 3759 gantes
370 3689 518 3744 enim
551 3689 676 3754 viri,
707 3691 924 3760 quando
954 3689 1159 3759 aliquid
1202 3689 1481 3746 humiliter
1511 3699 1751 3756 sonant,

137 3780 240 3833 diu
278 3780 336 3834 in
365 3780 612 3851 ejusdem
663 3781 846 3851 specie
890 3779 1214 3836 humilitatis
1260 3795 1365 3836 non
1415 3781 1753 3850 perdurant,

134 3887 274 3928 cum
310 3871 545 3928 fortasse
570 3883 822 3943 quierunt
858 3883 919 3928 ut
947 3873 1195 3938 audiant,
1222 3888 1347 3928 mox
1376 3872 1643 3942 loquendo
1662 3872 1755 3928 ob—

136 3964 305 4018 riant
334 3978 403 4018 ne
425 3964 746 4019 doceantur.
774 3962 1036 4034 Sequitur
1069 3981 1081 4017 :

719 4054 949 4111 CAPUT
988 4054 1228 4110 XXXIV.

226 4146 401 4202 Vens.
448 4148 501 4202 l.
544 4145 907 4223 Pronuntians
963 4148 1141 4219 itaque
1179 4144 1305 4202 Eliu
1354 4149 1513 4203 etiam
1548 4149 1660 4203 lucc
1688 4149 1762 4204 ιο·

131 4248 312 4293 eutus
356 4247 432 4292 est
460 4253 479 4293 :
520 4268 591 4278 —
617 4237 756 4306 Quid
800 4238 944 4293 enim
975 4254 1073 4310 per
1108 4239 1270 4311 hujus
1297 4240 1760 4310 pronuntiationis

133 4330 484 4387 vocabulum
506 4330 613 4386 nisi
638 4329 844 4387 inﬂatio
867 4330 1118 4387 elationis
1139 4332 1476 4388 ostenditur?
1507 4330 1576 4388 Ut
1595 4330 1762 4387 verba

131 4441 274 4497 qua:
329 4425 396 4480 de
424 4423 533 4479 alta
579 4424 848 4494 superbiae
880 4423 1065 4479 radice
1106 4423 1422 4488 veniebant,
1454 4437 1578 4480 cum
1623 4438 1759 4493 qua-

132 4520 277 4573 dam
338 4516 493 4588 quasi
549 4515 834 4573 altitudine
887 4524 943 4573 et
986 4516 1339 4573 diStinctione
1376 4515 1756 4586 procederent.

133 4608 425 4681 Sequitur
455 4626 469 4662 :

162 4774 167 4775 γ
213 4699 399 4756 Vatis.
439 4700 497 4767 2,
525 4697 583 4754 5.
623 4701 839 4766 Audite,
874 4700 1161 4770 sapientes,
1192 4699 1346 4755 verba
1375 4715 1513 4766 mea,
1557 4710 1606 4755 et
1629 4717 1755 4755 eru—

131 4794 272 4860 aiti,
310 4792 611 4847 auscultate
632 4809 731 4847 me.
754 4791 915 4846 Auris
944 4790 1081 4847 enim
1102 4790 1260 4847 verba
1279 4790 1486 4862 probat,
1503 4802 1553 4847 et
1575 4802 1757 4863 guttur

132 4904 303 4942 escas
344 4895 504 4956 gustu
553 4884 836 4956 dijudicat.
872 4913 942 4923 —
966 4884 1048 4951 Ac
1090 4883 1137 4938 si
1165 4883 1372 4939 diceret
1404 4900 1417 4936 :
1450 4882 1605 4939 Sicut
1652 4898 1757 4940 nec

129 4980 307 5035 naris
336 4994 514 5045 escas,
548 4992 650 5034 nec
669 4986 858 5050 guttur
887 4976 1052 5032 verba
1078 4975 1376 5047 cognoscit,
1405 4975 1480 5031 ita
1503 4991 1602 5031 nec
1624 4975 1760 5033 stul-

137 5081 235 5127 tus
267 5073 508 5143 quisque
528 5070 857 5127 sententiam
885 5067 1145 5137 sapientis
1172 5066 1445 5135 intelligit.
1472 5066 1761 5138 Sapientes

136 5177 284 5204 prun
319 5173 486 5204 ςιίηηρ
511 5161 727 5204 prndili
763 5159 953 5204 audito.
979 5159 1121 5204 nilnil
1158 5158 1300 5204 dico-
1324 5156 1415 5204 nui
1444 5159 1674 5204 notasti:
1693 5172 1756 5204 ea

1853 3240 2049 3288 torem.
2095 3231 2202 3286 Sed
2253 3229 2370 3285 haec
2418 3243 2541 3285 esse
2586 3228 2803 3300 propria
2840 3229 3211 3300 arrogantium
3252 3227 3449 3299 praedi-

1853 3333 2097 3380 catorum
2148 3323 2363 3388 solent,
2418 3331 2477 3377 ut
2526 3323 2692 3377 etiam
2734 3320 2965 3377 aillictos
3001 3322 3277 3377 auditores
3320 3336 3449 3377 suos

1855 3418 2029 3489 magis
2086 3416 2336 3471 distriete
2382 3415 2663 3486 corripere
2712 3423 2989 3485 appetant,
3039 3430 3201 3484 quam
3250 3414 3451 3471 blande

1856 3508 2120 3565 reioverc.
2172 3507 2298 3563 Plus
2346 3508 2495 3562 enim
2551 3508 2773 3563 student
2818 3506 3061 3562 ut‘mala
3109 3507 3449 3579 objurganda

1858 3599 2139 3671 increpent
2163 3639 2179 3664 ,
2230 3614 2393 3668 quam
2424 3597 2564 3653 bona
2615 3596 2885 3652 laudando
2916 3596 3261 3652 conﬁrment.
3294 3597 3450 3653 Unde

1859 3693 2121 3762 scriptum
2188 3700 2273 3745 est
2318 3706 2334 3745 :
2403 3708 2422 3742 «
2484 3690 2540 3744 In
2604 3704 2701 3744 ore
2758 3689 2907 3744 stulti
2966 3689 3115 3760 virga
3185 3688 3451 3758 superbia:

1860 3780 2060 3854 (Prov.
2110 3796 2237 3846 xw,
2266 3780 2332 3847 4)
2362 3798 2381 3832 ι
2435 3778 2834 3850 Nonnunquam
2881 3792 3011 3834 vero
3038 3779 3202 3834 etiam
3251 3779 3451 3848 prazdi«

1860 3884 2073 3930 catores
2105 3872 2238 3942 justi
2276 3871 2448 3942 rigide
2476 3869 2716 3936 feriunt;
2756 3869 2851 3926 sed
2880 3869 3028 3923 aliud
3066 3878 3150 3924 est
3181 3884 3303 3925 cum
3348 3867 3441 3937 ju-

1863 3966 2014 4021 stitia
2078 3965 2365 4032 stimulat;
2418 3964 2561 4018 aliud
2613 3979 2736 4018 cum
2785 3961 3035 4034 superbia
3085 3962 3256 4017 inﬂat.
3310 3961 3453 4017 JuSti

1862 4070 1984 4110 cum
2016 4069 2206 4111 severe
2231 4055 2535 4126 corrigunt,
2586 4054 2817 4109 internae
2862 4052 3164 4108 dulcedinis
3219 4053 3453 4125 gratiam

1863 4161 1971 4203 non
2003 4148 2286 4202 amittunt.
2318 4145 2455 4201 Nam
2518 4161 2662 4216 saepe
2711 4160 2812 4218 pro
2858 4145 3235 4215 inquietudine
3288 4144 3456 4202 refre-

1864 4241 2045 4296 nanda
2090 4256 2409 4311 pravorum,
2460 4241 2717 4297 duritiam
2771 4242 3007 4299 districti
3046 4244 3253 4316 vigoris
3295 4258 3453 4301 assu-

1864 4340 2037 4398 munt,
2065 4332 2160 4387 sed
2185 4333 2333 4388 intus
2358 4332 2645 4389 charilatis
2669 4334 2791 4405 igne
2819 4333 3127 4405 liqueﬁunt,
3152 4346 3315 4406 atque
3358 4352 3425 4393 eo

1869 4438 1989 4478 rum
2016 4437 2202 4478 amore
2228 4425 2424 4480 ardent
2460 4423 2514 4478 in
2566 4440 2705 4495 quos
2737 4440 2928 4495 aspera
2951 4427 3298 4503 correctione
3350 4443 3449 4482 sac-

1862 4514 2032 4569 viunt.
2086 4515 2239 4570 Unde
2286 4515 2548 4587 scriptum
2631 4522 2754 4573 est:
2838 4535 2859 4569 ι
2897 4517 3080 4573 Verba
3131 4519 3456 4589 sapientium

1861 4606 2017 4679 quasi
2049 4607 2279 4672 stimuli,
2327 4617 2383 4662 et
2410 4607 2549 4663 sicut
2577 4607 2719 4663 clavi
2749 4608 2803 4663 in
2834 4607 3001 4664 alium
3052 4608 3216 4665 deﬁxi
3246 4608 3453 4680 (Eccie.

1864 4714 1965 4764 xu,
1994 4698 2106 4770 ll).
2146 4718 2166 4752 ι
2204 4698 2501 4768 Sequitur:

1929 4792 2094 4848 Vens.
2129 4792 2182 4847 9.
2211 4791 2336 4847 Dixi
2362 4794 2499 4847 enim
2524 4808 2543 4848 :
2569 4790 2694 4848 Non
2721 4792 2943 4865 placebit
2991 4795 3072 4848 vir
3098 4793 3230 4861 Deo,
3253 4795 3461 4849 etiamsi

1859 4884 2154 4938 cucurrerit
2184 4896 2303 4937 cum
2352 4897 2435 4937 eo.
2456 4912 2528 4925 —
2561 4882 2718 4950 Quod
2766 4881 3010 4957 profecto
3039 4883 3167 4954 quia
3231 4881 3459 4937 minima

1864 4972 2082 5037 dixerit,
2107 4972 2352 5042 quisquis
2382 4972 2525 5027 beati
2547 4972 2648 5027 Job
2672 4964 2839 5028 verba
2871 4973 3022 5044 legit,
3052 4971 3321 5043 agnoscit.
3350 4969 3459 5023 Sed

1866 5065 1957 5135 qui
1991 5064 2192 5119 idcirco
2217 5062 2472 5133 loquitur,
2539 5070 2600 5119 ut
2627 5065 2975 5133 semetipsum
3003 5059 3337 5119 ostendendo
3365 5075 3457 5114 suo

1866 5156 2100 5204 nerhiat-
2134 5155 2263 5204 nniil
2296 5154 2494 5204 mirum
2536 5157 2660 5204 siin
2683 5155 2860 5204 altera
2889 5154 3046 5204 finiuit
3092 5150 3234 5204 quod
3276 5165 3462 5204 renre~
