3948 5398
532 344 636 400 391

1502 338 1559 398 S.
1602 336 1851 401 ODONIS
1891 341 2178 398 ABBATIS
2212 339 2711 397 CLUNIACENSlS
2750 335 2790 394 l1

3690 342 3797 410 392

534 458 819 526 iniquitas;
840 474 968 530 opus
1002 457 1137 514 enim
1155 459 1380 513 hommis
1399 459 1697 524 reddeei,et
1710 458 1866 528 juxta
1887 459 1993 512 vias
2019 459 2127 510 sin-
2160 465 2203 519 Α
2234 455 2450 523 quando
2470 454 2581 522 jam
2612 455 2772 510 nullis
2801 455 2914 510 suis
2959 455 3198 512 motibus
3227 453 3412 522 servit,
3448 457 3582 527 quia
3620 461 3804 527 praesi-

533 553 776 616 gutorum
819 549 1050 602 restituet
1063 550 1131 601 ei.
1149 578 1215 587 —
1229 547 1659 618 Benedixit,quia
1681 551 1732 602 in
1751 550 2120 618 omnipotente

537 641 646 694 Deo
669 639 926 709 iniquitas
941 640 1020 694 vel
1045 642 1293 708 uupietas
1318 656 1426 693 non
1455 653 1557 704 est,
1583 657 1634 694 ιιι
1660 640 1759 694 hac
1780 640 1885 694 vita
1913 655 2119 708 nequa-

534 743 698 798 quam
740 731 842 785 hoc
871 745 1087 799 semper
1111 731 1291 800 agitur
1315 730 1460 800 quod
1485 729 1784 800 subjungit,
1817 729 1939 800 quia
1963 727 2117 796 juxta

533 837 672 892 opus
705 836 860 876 suum
885 821 1116 892 singulis
1146 832 1199 876 et
1234 823 1393 891 juxta
1458 824 1566 876 vias
1617 823 1825 877 reddet.
1883 819 2016 875 Nam
2065 830 2120 874 et

534 911 736 966 inultos
777 911 967 966 illicita
1021 927 1085 964 ac
1132 927 1392 982 perversa
1444 921 1820 983 perpetrantes
1880 910 2118 981 gratuito

529 1005 812 1074 prmvenit,
841 1012 1003 1074 atque
1033 1004 1098 1056 ad
1130 1020 1292 1075 opera
1315 1014 1501 1059 sancta
1541 1005 1826 1059 convertit.
1893 1003 1958 1057 Et
1984 1017 2118 1056 non-

531 1093 709 1149 nul-los
738 1095 905 1148 rectis
937 1093 1148 1149 actibus
1204 1096 1414 1150 deditos
1461 1094 1672 1166 ﬂagello
1721 1093 2117 1148 interveniente

527 1185 781 1252 corripit,
808 1200 872 1240 ac
900 1185 945 1238 si
998 1184 1276 1253 placentes
1331 1186 1486 1254 quasi
1538 1184 1861 1254 displiceant
1906 1182 2112 1254 afﬂigit.

532 1273 826 1329 Salomone
855 1284 1170 1340 attestante,
1201 1276 1290 1344 qui
1346 1276 1459 1329 ait:
1498 1294 1516 1327 ι
1551 1275 1691 1330 Sunt
1736 1275 1867 1346 justi
1919 1275 2114 1345 quibus

530 1365 672 1420 mala
700 1366 944 1432 veniunt,
1005 1367 1160 1435 quasi
1217 1382 1381 1436 opera
1438 1367 1649 1438 egerint
1703 1367 2013 1438 impiorum,
2060 1375 2115 1420 et

537 1465 667 1511 sunt
698 1457 846 1526 impii
873 1458 964 1526 qui
994 1458 1064 1511 ita
1088 1458 1264 1513 securi
1293 1467 1440 1523 sunt,
1465 1473 1529 1513 ac
1556 1459 1600 1512 si
1648 1459 1921 1530 justorum
1970 1457 2112 1513 facta

535 1546 776 1602 habeant
819 1546 1023 1619 (Eccle.
1054 1564 1173 1612 vut,
1223 1548 1331 1618 14).
1371 1567 1390 1601 ι
1443 1549 1638 1603 Verius
1668 1564 1797 1620 ergo
1824 1549 1940 1603 Eliu
1969 1549 2112 1604 dice-

531 1647 616 1692 ret
655 1639 698 1692 si
721 1639 966 1700 dixisset.
996 1640 1122 1708 quia
1149 1640 1204 1694 in
1252 1639 1632 1710 Omnipotcnte
1675 1641 1928 1711 impietas
1950 1650 2110 1710 atque

527 1729 788 1799 iniquitas
817 1745 924 1784 non
951 1739 1052 1794 est,
1087 1730 1249 1785 etiam
1307 1746 1429 1786 cum
1471 1730 1627 1800 juxta
1685 1733 1799 1786 vias
1861 1733 2110 1803 proprias

2225 547 2360 599 dens
2387 546 2610 614 Spiritus
2639 554 2835 600 cuncta
2866 545 2982 616 ejus
3010 545 3150 601 ﬂuxa
3178 548 3552 619 restringit,et
3579 549 3805 618 quodam

2221 632 2578 688 districtionis
2607 650 2717 688 sua:
2751 634 2928 706 gladio
2965 651 3124 690 omne
3168 637 3310 705 quod
3351 637 3407 690 in
3436 635 3526 691 illa
3561 637 3698 692 male
3733 639 3810 690 vi-

2221 727 2400 792 vebat,
2452 727 2729 781 interficit.
2780 727 2893 781 Hoc
2919 728 3173 782 nimirum
3206 728 3504 798 disciplinae
3527 727 3702 798 gladio
3729 743 3812 782 se-

2223 819 2508 887 metipsum
2540 817 2804 873 Jeremias
2833 816 3176 872 interfecerat
3203 834 3323 872 cum
3355 819 3602 873 dicebat:
3624 837 3641 868 ι
3664 816 3810 872 Post-

2215 927 2378 980 quam
2407 912 2722 966 convortisti
2752 927 2854 975 me,
2894 913 2976 982 egi
3010 913 3406 982 paenitentiam,
3439 919 3496 967 et
3521 919 3808 982 postquam

2217 1001 2502 1054 ostendisti
2553 1001 2705 1066 mihi,
2735 1003 2978 1071 percussi
3008 1003 3182 1058 femur
3232 1018 3412 1057 meum
3466 1002 3607 1073 (Jer.
3659 1015 3809 1064 xxxi,

2219 1091 2328 1158 19).
2368 1110 2386 1144 ι
2413 1091 2552 1157 Quid
2573 1093 2715 1146 enim
2747 1093 2799 1146 in
2827 1093 3054 1158 femore,
3083 1094 3186 1148 nisi
3215 1093 3468 1162 voluptas
3502 1091 3692 1147 carnis
3730 1104 3811 1143 ac-

2217 1181 2450 1250 cipitur?
2485 1182 2551 1236 Et
2590 1182 2719 1251 quid
2765 1194 2848 1237 est
2896 1184 3038 1252 quod
3070 1184 3185 1238 ait:
3223 1203 3244 1235 ι
3286 1182 3586 1252 Postquam
3627 1189 3811 1235 osten-

2217 1269 2346 1323 disti
2381 1270 2533 1334 mihi,
2573 1271 2814 1339 percussi
2853 1270 3032 1325 femur
3070 1287 3270 1337 meum,
3319 1291 3338 1323 ι
3369 1271 3475 1325 nisi
3521 1278 3805 1338 postquam

2215 1375 2450 1430 superna
2489 1363 2810 1430 spiritaliter
2845 1363 3009 1428 vidit;
3051 1379 3210 1418 omne
3241 1365 3383 1434 quod
3411 1361 3646 1417 inferius
3677 1361 3729 1415 in
3755 1373 3809 1415 se

2213 1453 2506 1509 carnaliter
2537 1454 2748 1510 vivebat
2805 1456 3096 1510 exstinxit?
3133 1457 3188 1511 1n
3227 1465 3450 1527 peccato
3481 1456 3631 1510 enim
3672 1457 3791 1525 quis

2213 1560 2320 1614 que
2349 1546 2556 1614 positus
2585 1545 2934 1602 mortalitatis
2980 1563 3090 1604 suze
3115 1549 3456 1604 obliviscitur
3509 1557 3567 1603 et
3612 1559 3810 1602 terram

2217 1648 2279 1688 se
2310 1649 2431 1690 esse
2464 1651 2568 1690 non
2607 1636 2874 1703 meminit,
2908 1639 3035 1693 dum
3069 1639 3244 1693 adhuc
3273 1653 3371 1709 per
3395 1637 3714 1708 superbiam
3741 1638 3812 1691 in-

2217 1722 2396 1778 ﬂatur.
2442 1722 2568 1779 Post
2612 1726 2982 1781 conversionis
3015 1742 3144 1781 vero
3169 1727 3418 1798 gratiam,
3460 1741 3587 1780 eum
3639 1726 3812 1780 humi-

524 1822 839 1878 hominibus
869 1823 1093 1878 reddere
1116 1838 1223 1878 non
1251 1824 1484 1888 videtur,
1519 1839 1644 1876 nam
1696 1825 1917 1893 etquod
1947 1839 1978 1877 a
2007 1840 2106 1878 no-
2139 1811 2186 1870 Β
2217 1813 2386 1869 malis
2415 1815 2609 1885 Spiritu
2640 1816 2899 1886 tangitur,
2940 1817 3068 1886 quid
3106 1833 3163 1872 se
3188 1831 3311 1872 esse
3349 1816 3496 1870 aliud
3525 1832 3698 1887 quam
3741 1816 3810 1871 ci-

529 1912 613 1966 bis
641 1929 748 1966 non
784 1913 1123 1984 intelligitur,
1156 1929 1223 1968 ex
1263 1913 1462 1969 occulti
1509 1913 1701 1984 judicii
1754 1930 1862 1970 non
1907 1914 2109 1984 injusta

528 2000 683 2055 lance
711 2001 1007 2070 profertur.
1038 2003 1301 2071 Sequitur
1326 2022 1340 2058 :

599 2090 767 2146 Vens.
802 2091 888 2145 12.
929 2091 1056 2146 Vere
1086 2097 1223 2146 enim
1257 2094 1398 2148 Deus
1429 2113 1533 2149 non
1584 2098 1950 2151 condemnabit
2001 2097 2113 2167 [ru-

526 2193 661 2248 stra,
693 2201 784 2238 nec
816 2183 1152 2254 Omnipotens
1184 2187 1736 2258 subvertitjudicium.
1767 2218 1838 2228 —
1863 2189 1945 2244 Ad
1994 2189 2111 2243 dia-

528 2275 712 2330 bolum
741 2275 1004 2330 Dominus
1033 2277 1162 2331 dicit
1191 2295 1204 2330 :
1244 2297 1260 2328 t
1292 2277 1646 2333 Commovisti
1706 2293 1792 2332 me
1844 2282 2110 2335 adversus

527 2379 669 2427 eum,
698 2364 1064 2436 utaiﬂigerem
1090 2382 1213 2421 eum
1266 2366 1466 2422 frustra
1499 2368 1621 2438 (Job
1672 2385 1734 2433 ιι,
1769 2370 1845 2440 '5).
1888 2389 1906 2422 ι
1963 2369 2104 2424 Con-

530 2456 698 2509 traria
721 2457 917 2526 quippe
939 2455 1192 2512 videntur
1216 2499 1230 2524 ,
1280 2459 1385 2514 nisi
1425 2460 1608 2514 subtili
1659 2461 2102 2516 consideratione

527 2556 845 2614 pensentur.
876 2546 1029 2602 Aliud
1057 2564 1292 2618 namque
1318 2558 1404 2605 est
1448 2550 1731 2615 damnare,
1788 2550 1934 2605 aliud
1978 2549 2113 2605 allii-

525 2650 674 2704 gere.
706 2634 910 2707 Allligit
931 2651 1060 2708 ergo
1081 2624 1234 2707 juxtit
1263 2638 1465 2708 aliquid
1500 2639 1728 2704 frustra,
1779 2640 1874 2694 sed
1902 2639 2107 2695 frustra

529 2740 638 2779 non
669 2726 910 2780 damnat.
962 2727 1044 2781 An
1092 2727 1378 2796 nonjuxta
1434 2728 1634 2798 frustra
1679 2727 1781 2784 Job
1822 2729 2104 2796 aﬂlixerat,

527 2830 652 2868 eum
683 2831 807 2885 .non
863 2815 1076 2871 delebat
1118 2818 1332 2882 vitium,
1392 2818 1488 2872 sed
1545 2818 1798 2872 meritum
1855 2820 2104 2886 augebat.

526 2904 754 2960 Frustra
776 2906 920 2960 enim
947 2906 1310 2962 condemnare
1331 2923 1436 2962 non
1463 2916 1660 2978 potest,
1677 2907 1803 2977 quia
1833 2908 2110 2962 damnatio

528 2997 644 3050 fieri
679 3012 788 3052 non
814 3013 880 3053 ex
912 3007 1068 3068 parte
1096 2998 1161 3054 ad
1189 2999 1392 3069 aliquid
1435 3007 1637 3070 potest.
1682 3000 1814 3068 Quae
1856 2999 2109 3054 videlicet

526 3087 582 3140 in
608 3095 851 3142 extremo
875 3089 1030 3158 punit
1054 3103 1212 3144 omne
1241 3091 1386 3160 quod
1415 3091 1504 3144 hic
1535 3091 1768 3161 quisque
1814 3090 2107 3144 commise-

2214 1920 2402 1960 nerem
2449 1905 2802 1962 recordatur?
2839 1907 2897 1962 In
2945 1908 3184 1963 cinerem
3232 1907 3511 1962 Abraham
3562 1922 3813 1963 reversus

2216 1994 2418 2062 fuerat,
2451 1996 2638 2052 dicens
2674 2015 2688 2050 :
2725 2015 2744 2048 ι
2782 1997 3001 2068 Loquar
3021 1999 3088 2053 ad
3133 1999 3419 2053 Dominum
3455 2012 3664 2064 meum,
3693 2013 3810 2053 cum

2214 2084 2316 2140 sint
2356 2085 2533 2154 pulvis
2559 2095 2614 2141 et
2643 2085 2782 2141 cinis
2815 2086 2964 2155 (Gen.
2995 2086 3082 2152 18,
3112 2087 3223 2157 27).
3277 2107 3297 2140 ι
3333 2088 3472 2142 Hinc
3493 2086 3671 2143 David
3704 2089 3808 2143 ait:

2219 2191 2238 2225 ε
2271 2173 2494 2244 Auferes
2519 2175 2764 2246 spiritum
2795 2192 2977 2230 eorum
3019 2185 3068 2229 et
3106 2175 3370 2245 deficient,
3409 2194 3428 2228 ι
3493 2186 3552 2232 et
3601 2176 3810 2248 reliqua

2214 2260 2388 2334 (Psal.
2417 2280 2574 2330 ant,
2604 2263 2720 2338 29).
2745 2264 3001 2336 Sequitur
3028 2283 3042 2320 :

2289 2353 2452 2408 Vens.
2485 2355 2571 2408 16.
2604 2355 2665 2411 Si
2691 2356 2850 2412 habes
2877 2373 2999 2427 ergo
3029 2355 3374 2423 intellectum,
3409 2358 3540 2411 audi
3562 2358 3708 2428 quod
3734 2359 3813 2412 di-

2214 2445 2378 2514 citur,
2409 2457 2457 2500 et
2488 2448 2730 2502 ausculta
2759 2467 2929 2504 vocem
2981 2451 3174 2520 eloquii
3200 2452 3320 2505 mei.
3365 2481 3436 2491 —
3463 2450 3680 2510 Habent
3713 2452 3811 2506 hoc

2213 2540 2488 2610 proprium
2513 2556 2703 2596 omnes
2729 2551 3062 2613 arrogantes,
3087 2552 3146 2596 ut
3169 2560 3291 2616 cum
3337 2542 3572 2598 fortasse
3593 2554 3809 2598 acutum

2214 2631 2418 2699 aliquid
2447 2633 2706 2698 sentiunt,
2734 2634 2859 2688 inde
2889 2650 3013 2688 mox
3044 2634 3109 2688 ad
3135 2635 3324 2689 vitium
3344 2634 3599 2688 elationis
3629 2649 3810 2689 erum-

2217 2733 2362 2794 pant,
2398 2739 2698 2794 sensusque
2725 2726 2966 2780 omnium
3008 2727 3060 2780 in
3108 2726 3189 2780 sui
3244 2726 3654 2796 comparatione
3714 2729 3806 2781 de-

2213 2815 2470 2883 Spiciunt,
2507 2830 2675 2884 seque
2709 2816 2761 2869 in
2793 2831 2890 2870 suo
2913 2816 3118 2885 judicio
3145 2815 3373 2870 aliorum
3412 2815 3622 2870 meritis
3651 2823 3804 2871 ante-

2212 2914 2434 2974 ponant.
2467 2907 2606 2962 Ecce
2651 2907 2768 2961 Elin
2797 2909 3066 2977 quomodo
3101 2907 3377 2978 paulisper
3411 2907 3463 2960 in
3515 2907 3803 2962 elationem

2213 3012 2311 3066 per
2342 2998 2633 3051 verborum
2680 2999 3014 3053 incrementa
3053 2997 3286 3068 prolicit.
3321 2997 3534 3068 Saepius
3573 3011 3805 3068 namque

2213 3089 2462 3142 dixerat:
2503 3109 2520 3140 ‹
2562 3088 2618 3144 Si
2643 3091 2810 3145 habes
2837 3091 2980 3159 quod
3011 3090 3274 3160 loquaris,
3304 3089 3573 3159 responde
3597 3088 3750 3153 mihi,
3780 3108 3799 3140 ι

527 3175 617 3230 "it.
655 3174 765 3254 Nec
797 3177 1134 3245 Omnipotens
1159 3179 1403 3233 subvertit
1417 3179 1705 3249 judicium,
1754 3181 1881 3249 quia
1913 3180 1960 3234 si
2009 3179 2110 3233 mi-
2138 3182 2183 3244 C
2216 3189 2270 3232 ct
2297 3181 2499 3250 reliqua
2531 3179 2652 3251 (Job
2692 3197 2884 3246 xxxiii,
2915 3181 3026 3251 52).
3050 3181 3127 3236 Ae
3148 3181 3191 3235 si
3217 3181 3416 3236 diceret
3439 3199 3452 3233 :
3473 3179 3566 3235 Dic
3583 3178 3802 3250 aliquid,

535 3284 632 3323 eis
668 3279 814 3324 recta
847 3269 1100 3325 videntur
1126 3285 1249 3326 esse
1277 3286 1398 3341 qua:
1426 3272 1682 3342 patimur,
1737 3281 1883 3326 recte
1927 3282 2105 3326 tamen

523 3373 580 3414 ιιι
607 3361 819 3416 occulto
849 3362 1099 3417 examine
1123 3361 1512 3418 decernuntur.
1546 3364 1810 3434 Sequitur
1835 3382 1848 3418 :

595 3449 758 3506 Vens.
794 3453 882 3508 13.
913 3453 1080 3519 Quem
1101 3456 1365 3510 constituit
1395 3455 1560 3510 alium
1587 3473 1746 3532 super
1767 3467 1983 3522 terram,
2013 3468 2107 3512 aut

525 3556 678 3610 quem
718 3545 888 3612 posuit
913 3561 1071 3616 super
1095 3545 1269 3601 orbem
1289 3563 1442 3618 quem
1492 3547 1781 3617 fabricatus
1811 3550 1928 3604 est?
1944 3581 2016 3590 —
2038 3549 2110 3606 Ut

526 3630 776 3687 videlicet
799 3633 1111 3701 subaudias,
1137 3634 1364 3691 nullum.
1396 3636 1499 3692 Per
1535 3653 1594 3692 se
1623 3639 1819 3708 quippe
1844 3641 2108 3695 mundum

527 3720 689 3790 regit,
723 3737 881 3791 quem
930 3739 1027 3792 per
1057 3738 1116 3778 se
1163 3726 1424 3792 condidit,
1461 3744 1562 3782 nec
1589 3737 1710 3798 eget
1734 3729 1924 3784 alienis
1958 3729 2112 3799 adju-

527 3810 682 3866 toriis
715 3812 782 3866 ad
836 3814 1146 3885 regendum,
1191 3815 1285 3884 qui
1339 3832 1446 3871 non
1493 3819 1732 3886 eguitad
1779 3820 2106 3875 faciendum.

527 3899 632 3958 Sed
665 3903 780 3959 haec
810 3905 1013 3960 idcirco
1050 3905 1396 3978 colliguntur.
1432 3917 1490 3964 ut
1511 3909 1714 3978 liquido
1745 3911 1946 3967 indicet
1982 3913 2110 3982 quia

522 3994 860 4064 omnipotens
890 3997 1049 4060 Deus,
1083 3999 1128 4052 si
1156 4013 1252 4067 per
1271 3999 1620 4068 semetipsmu
1653 4016 1842 4070 regere
1867 4017 1978 4056 non
2008 4018 2107 4057 ne-

527 4085 678 4155 gligit
710 4088 851 4155 quod
885 4089 1112 4153 creavit,
1145 4091 1288 4157 quod
1327 4089 1464 4144 bene
1499 4091 1704 4144 creavit
1747 4091 1932 4160 utique
1972 4093 2110 4148 bene

530 4178 687 4245 regit,
714 4177 836 4246 quia
865 4180 1005 4246 quod
1035 4180 1118 4248 pie
1140 4180 1381 4235 condidit
1410 4180 1573 4249 impie
1601 4196 1705 4235 non
1736 4180 1994 4251 disponit.
2015 4181 2111 4237 Se-

527 4269 709 4336 quitur
734 4285 746 4321 :

600 4357 762 4411 Vens.
795 4358 879 4411 14.
916 4359 976 4414 Si
1006 4360 1254 4415 direxerit
1286 4363 1354 4415 ad
1383 4378 1498 4416 eum
1529 4379 1620 4417 cor
1644 4379 1819 4427 suum,
1865 4364 2108 4435 spiritum

523 4447 668 4500 illius
697 4459 744 4501 et
776 4450 961 4517 [latum
1006 4451 1073 4504 ad
1101 4468 1155 4504 se
1180 4452 1362 4506 trahit.
1386 4483 1456 4491 -—
1480 4453 1716 4508 Curvum
1736 4470 1831 4510 cor
1853 4464 1960 4520 est,
1985 4471 2106 4510 cum

2220 3275 2263 3329 si
2299 3284 2478 3329 tamen
2508 3276 2701 3344 dignus
2741 3277 2982 3345 potueris
3032 3291 3154 3332 esse
3193 3277 3286 3346 qui
3323 3277 3493 3332 dicas.
3534 3276 3671 3331 Hinc
3713 3291 3804 3330 au-

2221 3375 2328 3419 tem
2359 3366 2436 3418 ait
2467 3384 2479 3419 :
2516 3366 2577 3420 Si
2599 3368 2757 3420 habes
2783 3366 3122 3433 intellectum,
3152 3368 3279 3420 audi
3304 3368 3444 3438 quod
3484 3367 3702 3420 dicitur.
3730 3367 3801 3420 Ac

2214 3457 2257 3510 si
2287 3467 2472 3525 aperte
2511 3458 2698 3512 dicat:
2740 3459 2876 3512 Audi
2926 3474 3033 3522 me,
3063 3459 3107 3512 si
3150 3467 3328 3514 tamen
3375 3459 3575 3529 dignus
3609 3460 3802 3530 poteris

2211 3561 2333 3601 esse
2360 3547 2451 3616 qui
2495 3548 2696 3601 audiat.
2724 3545 2816 3602 Isti
2844 3548 3142 3616 quotidiani
3181 3548 3428 3604 defectus
3458 3549 3551 3618 qui
3591 3549 3647 3602 in
3690 3565 3797 3603 cor-

2213 3641 2369 3695 dibus
2411 3641 2763 3708 reproborum
2799 3639 2953 3703 fiunt,
2995 3640 3190 3708 quibus
3219 3640 3593 3694 indesinenter
3623 3638 3691 3694 ad
3717 3639 3800 3694 dcc

2213 3731 2410 3785 tcriora
2443 3731 2797 3786 descendunt.
2828 3731 3120 3800 Sequitur:

2286 3821 2445 3875 Vens.
2475 3823 2559 3876 17.
2599 3822 2851 3893 Nunquid
2881 3823 2974 3892 qui
3016 3839 3118 3876 non
3148 3833 3291 3876 amat
3329 3823 3602 3892 judicium
3632 3823 3801 3877 sanari

2216 3916 2424 3984 potest?
2443 3916 2701 3983 quomodo
2725 3925 2781 3967 tu
2806 3931 2924 3968 eum
2948 3915 3038 3985 qui
3053 3916 3234 3985 justus
3250 3926 3343 3980 est,
3369 3915 3426 3970 in
3455 3926 3665 3970 tantum
3691 3932 3800 3970 cono

2209 4007 2556 4060 demnas?-—
2587 4005 2788 4060 Bonam
2819 4001 3037 4076 quidem
3064 4007 3389 4062 sententiam
3426 4009 3686 4077 protulit,
3717 4007 3800 4062 sed

2209 4094 2368 4148 beato
2425 4093 2527 4148 Job
2552 4092 2872 4164 proferenda
2910 4111 3017 4150 non
3056 4095 3174 4150 fuit.
3210 4097 3268 4150 ln
3295 4097 3446 4151 omni
3487 4098 3640 4152 enim
3670 4099 3800 4168 quod

2210 4184 2409 4240 dicitur
2443 4200 2786 4256 summopere
2833 4185 3148 4242 intuendum
3181 4196 3263 4242 est
3295 4187 3426 4258 quid
3459 4189 3700 4254 dicatur,
3727 4191 3800 4244 cui

2217 4277 2451 4340 dicatur,
2481 4279 2752 4346 quomodo
2776 4277 3005 4332 dicatur.
3038 4278 3157 4332 Eliu
3187 4287 3367 4334 autem
3407 4282 3648 4335 attendit
3674 4282 3802 4350 quod

2211 4368 2432 4431 diceret,
2461 4368 2556 4422 sed
2587 4367 2671 4421 cui
2703 4367 2929 4432 diceret,
2960 4361 3076 4421 non'
3111 4369 3361 4423 attendit.
3392 4368 3599 4424 Beatus
3621 4373 3801 4440 quippe

2210 4457 2311 4513 Job
2337 4459 2555 4512 amabat
2573 4457 2858 4528 judicium,
2883 4457 3010 4526 quia
3031 4473 3223 4513 causas
3238 4473 3367 4512 suas
3392 4461 3674 4514 subtiliter
3691 4475 3798 4515 cum

525 4538 630 4600 ima
677 4541 900 4608 appetit,
945 4540 1196 4610 dirigitur
1232 4557 1355 4596 cum
1391 4543 1456 4596 ad
1505 4559 1736 4614 superna
1770 4545 2099 4601 sublevatur.
2132 4530 2182 4588 Ῐ)
2209 4551 2318 4605 Deo
2357 4566 2585 4621 pensare
2615 4561 2857 4614 noverat,
2903 4567 3002 4606 nec
3062 4553 3526 4607 eondemnaverat
3553 4569 3681 4608 eum
3721 4554 3798 4622 qui

523 4627 578 4682 Si
605 4643 733 4697 ergo
753 4629 912 4682 homo
937 4643 1032 4682 cor
1057 4643 1211 4682 suum
1235 4631 1299 4684 ad
1317 4630 1600 4686 Dominum
1629 4634 1830 4706 dirigit,
1855 4636 2102 4706 spiritum

518 4727 572 4771 et
597 4719 782 4772 ﬂatum
819 4718 962 4773 illius
994 4721 1253 4776 Dominus
1279 4723 1344 4776 ad
1371 4737 1429 4778 se
1461 4725 1662 4780 trahit:
1686 4728 1934 4797 spiritum
1959 4729 2106 4784 vide-

2207 4640 2382 4710 justus
2412 4648 2522 4706 est;
2565 4640 2658 4694 sed
2701 4655 2800 4694 cur
2853 4641 2970 4695 sine
3006 4649 3225 4712 peccato
3280 4657 3585 4710 percussus
3639 4645 3799 4698 luerat

2211 4728 2267 4783 in
2289 4729 2476 4783 dolore
2518 4730 2727 4798 positus
2777 4745 2899 4784 cum
2938 4731 3241 4786 humilitate
3271 4731 3613 4799 requirebat.
3653 4735 3800 4788 Amat

521 4811 648 4862 licet
694 4823 791 4877 pro
844 4809 1077 4864 internis
1125 4811 1543 4882 cogitationibus
1571 4832 1584 4881 ;
1611 4815 1794 4871 ﬂatum
1831 4833 1959 4874 vero
1998 4833 2106 4887 quo
2205 4821 2470 4890 judicium
2501 4821 2751 4890 quisquis
2779 4821 2894 4875 vias
2917 4836 3046 4875 suas
3073 4822 3343 4876 subtiliter
3359 4823 3616 4889 discutit,
3644 4834 3700 4879 et
3727 4838 3801 4878 se-

521 4915 718 4968 corpus
749 4901 1001 4967 trahitur,
1018 4917 1116 4971 pro
1140 4904 1386 4957 externis
1409 4906 1714 4962 actionibus
1733 4909 1902 4976 ponit.
1935 4910 2103 4964 Deum

521 5006 652 5046 eruo
683 4992 930 5046 sniritum
964 4993 1196 5049 hominis
1230 5004 1286 5049 et
1328 4994 1516 5050 ﬂatum
1559 4998 1624 5051 ad
1670 5013 1729 5052 se
1767 5001 1980 5055 trahere
2002 5010 2107 5056 est.

2212 4913 2506 4966 cretarium
2553 4913 2733 4967 cordis
2769 4913 3072 4982 ingressus,
3115 4915 3242 4983 quid
3271 4914 3540 4970 Dominus
3579 4916 3798 4986 ipsetri-

2212 5005 2364 5056 huat.
2393 5003 2521 5056 uuid
2553 5003 2668 5056 inse
2699 5005 2892 5056 debeat
2921 5004 3031 5056 Dee
3066 5014 3278 5056 'm-‘sat.
3309 5006 3566 5056 Arauens
3595 5008 3797 5056 beatum
