3948 5398
165 331 266 389 395

908 324 1208 383 EPITOME
1245 323 1609 382 mensuum
1640 276 1710 376 ἓ.

1847 320 1952 377 EG.
1993 320 2063 379 IN
2098 322 2236 380 103.
2276 313 2345 366 4-
2379 323 2505 380 LlB.
2551 326 2712 381 ΧΧΥ.

3329 336 3430 392 ὅθι

163 455 350 512 tesque
364 441 612 497 subditus
634 441 686 494 in
699 440 780 494 sui
803 439 1212 510 comparatione
1235 437 1556 506 despiciunt.
1591 434 1744 491 Uuue
1772 437 1822 496 Δ
1851 449 2236 498 monstrarent.
2291 441 2407 499 Dux
2452 447 2649 516 quippe
2671 457 2755 503 est
2778 447 2994 519 impius,
3031 453 3121 523 qui
3152 469 3183 508 ιι
3214 456 3432 516 tramite

163 535 418 604 scriptum
449 542 527 588 cst
558 551 570 585 :
607 549 627 583 (
670 533 868 586 Ducem
901 540 954 585 te
979 531 1406 592 constituerunt,
1431 527 1539 582 noli
1571 527 1742 582 extol-

164 629 222 693 li,
265 628 362 682 sed
381 641 502 682 esto
532 629 583 684 in
610 627 716 681 illis
743 627 898 696 quasi
925 642 1064 681 unus
1111 641 1175 680 ex
1211 625 1317 680 illis
1340 624 1528 691 (Eccli.
1565 640 1738 688 χχχιι,

163 716 250 786 l);
286 737 304 770 ι
335 719 473 772 bene
498 726 685 772 contra
712 732 810 772 eos
849 716 1068 772 dicitur.
1106 715 1212 782 Qui
1258 717 1385 769 dicit
1415 716 1521 784 regi
1548 728 1568 766 :
1597 715 1738 784 Apo-

159 818 313 860 stcta.
340 806 719 877 Unusquisque
744 806 888 860 enim
935 805 1200 874 superbus
1259 814 1439 858 rector
1471 803 1631 858 toties
1671 803 1738 856 ad

158 896 369 965 culpam
402 897 687 966 apostasice
726 896 1013 959 delabitur,
1045 896 1257 965 quoties
1299 910 1532 964 praeesse
1565 895 1740 949 homi-

159 988 314 1044 nibus
342 989 661 1050 delectatur,
708 987 930 1042 honoris
975 987 1057 1042 sui
1101 987 1475 1055 singularitate
1505 987 1735 1042 laetatur.

158 1077 269 1133 Sub
287 1094 394 1150 quo
420 1079 566 1133 enim
589 1078 659 1132 sit
683 1093 786 1132 non
819 1078 1150 1144 considerat,
1191 1087 1248 1133 et
1276 1079 1416 1148 quod
1439 1079 1739 1148 arqualibus

155 1168 308 1239 quasi
332 1183 437 1222 non
456 1168 528 1222 sit
542 1168 764 1236 aequalis
777 1166 1030 1222 exsultat.
1047 1167 1126 1221 Ad
1146 1168 1286 1221 viam
1302 1183 1536 1239 namque
1570 1169 1741 1239 pieta-

153 1259 228 1314 tis
244 1259 525 1326 ducerent,
564 1261 606 1315 si
619 1261 954 1316 subditorum
973 1261 1144 1316 oculis
1159 1261 1478 1316 humilitatis
1499 1261 1744 1331 exempla

1845 535 2093 589 veritatis
2123 537 2409 599 exorbitat.
2451 546 2506 592 ct
2543 539 2667 594 dum
2705 540 2818 609 ipse
2850 541 2903 595 in
2934 558 3174 616 prteceps
3201 550 3329 614 ruit,
3360 551 3430 608 ad

1844 627 2070 694 abrupta
2117 637 2408 697 sequentes
2457 629 2668 684 invitat.
2700 631 2818 688 Dux
2845 643 2928 688 est
2958 635 3178 707 impius,
3208 639 3301 708 qui
3331 655 3430 710 per

1846 717 2070 771 tumoris
2116 719 2359 788 exempla
2416 721 2557 774 viam
2583 723 2823 777 ostendit
2851 727 3074 782 erroris.
3100 727 3300 785 Paulus
3320 731 3431 790 dux

1844 807 2040 878 impius
2067 826 2187 866 esse
2224 821 2515 877 metuebat,
2541 829 2666 869 eum
2705 818 2986 886 potestatis
3017 834 3127 874 sua:
3154 821 3429 882 celsitudi-

1843 917 1964 956 nem
1996 903 2323 972 reprimebat
2355 904 2538 959 (licens
2564 923 2577 959 :
2615 925 2633 956 (
2670 905 2786 961 Non
2813 920 3120 978 quaerentes
3145 912 3213 966 ab
3254 912 3430 970 homi-

1844 992 2003 1047 nibus
2050 993 2276 1063 gloriam
2324 1008 2495 1064 neque
2527 1009 2556 1048 a
2592 995 2765 1062 vobis,
2814 1012 2992 1068 neque
3018 999 3086 1054 ab
3131 1000 3268 1065 aliis,
3298 1017 3424 1058 cum

1842 1096 2126 1153 possemus
2147 1084 2298 1140 oneri
2322 1098 2442 1140 esse
2463 1095 2525 1141 ut
2552 1085 2750 1143 Christi
2775 1089 3025 1159 apostoli,
3066 1094 3161 1148 sed
3189 1092 3320 1151 facti
3343 1109 3427 1151 su-

1846 1193 1965 1233 mus
1985 1178 2192 1249 parvuli
2218 1180 2269 1234 in
2295 1180 2470 1236 medio
2503 1192 2736 1238 vestrum
2765 1183 2818 1256 (1
2850 1183 3027 1241 Thess.
3059 1187 3228 1259 uxr).
3263 1208 3282 1240 ι

162 1414 3426 1447 mmw

1066 1581 1366 1659 LIBER
1399 1580 1956 1661 VICESIMUS
2014 1580 2513 1673 QUINTUS.

1562 1792 1648 1802 ..ο-

1653 1791 1912 1801 -σ-..ια--ν

1913 1789 2032 1800 —————.

218 1889 340 1962 ipsa
385 1889 635 1947 humana
683 1890 1008 1948 conditionis
1044 1883 1279 1963 qualitas
1323 1891 1529 1947 indicat
1573 1905 1735 1960 quam
1771 1893 1811 1952 Β
1841 1895 2031 1959 sponte
2058 1897 2353 1944 curvantur
2393 1888 2444 1943 in
2473 1889 2794 1946 humilitate.
2829 1889 2982 1947 Unde
3010 1899 3210 1949 sanctae
3239 1894 3429 1952 Eccle-

146 1981 312 2053 longe
357 1985 522 2039 rebus
573 1985 785 2040 caeteris
831 1992 1074 2055 praestat.
1129 1983 1263 2038 Nam
1296 1984 1487 2040 collata
1533 1983 1739 2038 homini

147 2075 293 2129 ratio
314 2075 508 2129 asserit
527 2084 790 2145 quantum
812 2076 1016 2140 omnia,
1047 2091 1166 2146 qua:
1193 2075 1275 2130 vel
1299 2076 1424 2138 vita,
1450 2075 1532 2130 vel
1555 2090 1737 2140 sensu,

147 2165 234 2219 vel
279 2167 488 2220 ratione
519 2176 749 2231 carent,
795 2177 986 2221 natura
1025 2166 1309 2222 rationalis
1348 2167 1643 2222 antecedit.
1677 2168 1742 2221 Et

149 2263 332 2310 tamen
379 2257 507 2326 quia
541 2258 608 2312 ab
655 2257 884 2312 internis
933 2266 1096 2327 atque
1140 2258 1500 2312 invisibilibus
1555 2257 1740 2313 oculos

146 2345 454 2402 claudimus
476 2387 492 2411 ,
525 2356 688 2418 atque
731 2347 1034 2402 visibilihus
1062 2348 1334 2417 pascimur
1357 2388 1373 2413 ,
1425 2349 1740 2419 plerumque

148 2437 425 2491 hominem
460 2453 566 2492 non
591 2451 656 2491 ex
683 2439 828 2508 quod
857 2436 973 2506 ipse
1001 2445 1106 2502 est,
1133 2438 1226 2492 sed
1252 2452 1318 2492 ex
1347 2438 1430 2492 his
1451 2453 1570 2508 qua:
1594 2438 1738 2492 circa

144 2528 325 2597 ipsum
352 2537 498 2593 sunt,
523 2544 866 2584 veneramur.
899 2529 1143 2599 Cumque
1170 2544 1275 2584 non
1303 2529 1578 2584 intuemur
1597 2529 1739 2599 quod

141 2619 262 2688 ipse
292 2619 400 2687 sit,
444 2620 537 2674 sed
572 2621 699 2690 quid
723 2621 894 2692 possit
918 2661 933 2685 ,
965 2622 1018 2675 in
1047 2621 1359 2691 acceptione
1387 2637 1737 2691 personarum

141 2726 256 2765 non
285 2726 350 2766 ex
377 2713 646 2779 personis,
674 2713 768 2766 sed
794 2728 858 2768 cx
889 2712 1052 2767 rebus
1077 2712 1446 2782 adjacentibus
1469 2713 1738 2778 ducimur,

139 2802 336 2872 sicque
367 2801 427 2855 lit
472 2811 533 2856 ut
575 2801 622 2857 is
663 2817 878 2873 quoque
901 2803 1042 2872 apud
1075 2818 1174 2857 nos
1216 2803 1360 2858 intus
1391 2804 1442 2858 in
1473 2803 1740 2874 discepta-

138 2896 295 2952 tione
325 2895 526 2958 veniat,
563 2895 654 2965 qtti
684 2894 817 2949 loris
845 2896 1177 2957 honoratur,
1209 2894 1334 2964 quia
1365 2894 1490 2948 dum
1521 2909 1620 2964 pro
1653 2895 1737 2950 bis

137 3003 266 3057 quae
292 3002 420 3056 erga
451 2986 602 3041 illum
635 2996 761 3041 sunt
785 2985 1120 3041 honorabilis
1148 2985 1412 3049 habetur,
1443 2985 1604 3041 rebus
1625 2985 1737 3041 suis

137 3081 198 3134 in
237 3078 494 3132 examino
545 3085 731 3132 nostro
779 3075 1146 3148 postponitur.
1181 3076 1250 3129 At
1293 3085 1482 3130 contra
1513 3075 1579 3130 de
1628 3075 1736 3132 Deo

137 3170 352 3224 dicitur
375 3185 388 3221 :

1847 1981 1940 2034 sia;
1965 1981 2032 2035 de
2073 1994 2332 2036 conversa
2365 1979 2515 2050 prole
2555 1990 2964 2050 persecuturum
2995 1981 3229 2037 dicitur:
3265 2001 3285 2035 ι
3327 1983 3433 2040 Ve-

1845 2071 1997 2124 nient
2035 2070 2102 2124 ad
2140 2079 2192 2123 te
2235 2070 2385 2124 curvi
2432 2069 2528 2124 lilii
2571 2085 2756 2124 eorum
2797 2070 2889 2141 qui
2929 2071 3350 2128 humiliaverunt
3378 2082 3433 2129 te

1845 2161 1980 2232 (Isa.
2013 2178 2105 2226 ιιι,
2140 2161 2252 2231 lt).
2294 2181 2312 2213 ›
2349 2162 2416 2216 Ει
2442 2162 2578 2216 bene
2613 2163 2680 2216 de
2706 2163 3062 2218 morientibus
3088 2165 3300 2234 populis
3324 2179 3429 2219 non

1843 2253 1921 2307 ait
1966 2253 2289 2314 transibunt,
2320 2253 2412 2307 sed
2433 2253 2863 2322 pertransibunt,
2892 2254 2982 2324 qui
3013 2256 3177 2310 etiam
3201 2256 3433 2311 vivendo

1845 2344 2213 2412 temporaliter
2237 2343 2478 2412 quotidie
2505 2343 2572 2395 ad
2605 2343 2764 2398 linem
2793 2344 3089 2411 tendimus,
3119 2355 3173 2400 et
3198 2361 3434 2416 praesen-

1845 2445 1950 2492 tem
1983 2439 2149 2490 vitam
2194 2437 2346 2505 quasi
2375 2437 2666 2506 quamdam
2702 2437 2866 2491 vitam
2909 2437 3208 2508 subigendo
3259 2447 3435 2495 transv

1843 2526 2013 2592 imus;
2041 2527 2143 2581 hoc
2183 2527 2357 2597 ipsum
2400 2527 2676 2581 morituris
2699 2526 2900 2594 vivere,
2926 2527 3080 2596 quasi
3111 2527 3177 2582 ad
3203 2537 3431 2584 mortem

1843 2618 1922 2672 ire
1947 2625 2051 2682 est,
2081 2627 2137 2672 et
2162 2626 2296 2687 quot
2319 2617 2437 2672 dies
2463 2619 2586 2672 vita:
2614 2620 2940 2690 peragimus,
2967 2619 3121 2689 quasi
3154 2620 3206 2675 in
3236 2619 3434 2680 itinere

1841 2709 1908 2762 ad
1953 2709 2130 2763 locum
2181 2709 2519 2779 propositum
2563 2719 2640 2765 tot
2681 2710 2931 2780 passibus
2979 2713 3428 2784 propinquamus.

1843 2797 2146 2870 Sequitur:
2181 2799 2248 2854 Et
2296 2801 2535 2870 auferent
2583 2802 2866 2856 violentum
2910 2803 3102 2874 absque
3149 2821 3330 2859 manu.
3359 2830 3433 2852 αα-

1843 2888 2138 2955 Subaudls,
2185 2890 2366 2945 divina
2411 2890 2636 2959 judicia.
2667 2892 2883 2963 Absque
2912 2908 3074 2948 manu
3113 2908 3244 2949 vero
3283 2894 3436 2950 aule-

1841 2991 1962 3036 rent
1983 2996 2106 3036 eum
2129 2983 2220 3052 qui
2244 2983 2688 3051 manuviolentus
2713 2984 2843 3052 fuit;
2872 2987 3075 3058 absque
3097 3003 3258 3045 manu
3283 2988 3434 3043 aul'c.

1841 3082 1982 3136 rent,
2011 3075 2136 3146 quia
2168 3075 2420 3130 videlicet
2448 3077 2630 3131 subito
2653 3080 2802 3132 exitu
2829 3088 3054 3150 urgente
3082 3080 3432 3138 invisibiliter

1842 3165 2074 3234 rapitur,
2116 3165 2208 3234 qui
2237 3165 2526 3222 visibiliter
2551 3169 2814 3237 rapiebat.
2850 3168 3145 3241 Sequitur:

216 3261 391 3315 Vsus.
426 3257 514 3315 {9.
559 3259 666 3326 Qui
709 3275 814 3314 non
865 3260 1055 3330 accipit
1094 3275 1372 3330 personam
1407 3259 1736 3330 principum,
1767 3247 1812 3309 C
1915 3253 2079 3310 Vens.
2110 3253 2202 3310 21.
2245 3255 2401 3310 Oculi
2440 3258 2578 3312 enim
2605 3259 2720 3329 ejus
2738 3276 2897 3332 super
2919 3263 3026 3318 vias
3060 3263 3352 3332 hominum,
3381 3264 3434 3321 et

134 3367 236 3406 nec
265 3351 508 3420 cognovit
531 3360 847 3421 tyrannum,
898 3367 1017 3404 cum
1043 3351 1352 3421 disceptaret
1383 3361 1564 3404 contra
1601 3367 1739 3420 pau-

134 3457 342 3507 perem.
367 3471 437 3481 —
458 3440 643 3494 Potest
667 3442 846 3495 autem
876 3455 972 3510 per
995 3441 1294 3511 principem
1327 3441 1408 3500 vel
1453 3449 1740 3512 tyrannum

129 3533 380 3604 quisque
429 3531 696 3600 superbus
739 3533 996 3604 intelligi,
1034 3549 1132 3604 per
1178 3549 1442 3604 pauperes
1481 3520 1612 3589 vero
1645 3536 1742 3589 bu~

134 3623 310 3679 miles
332 3624 630 3694 designari.
660 3622 970 3694 Tyrannum
992 3641 1123 3695 ergo
1145 3627 1531 3695 disceptantem
1552 3636 1741 3682 contra

133 3728 450 3783 pauperem
503 3728 612 3767 non
666 3716 946 3784 cognoscit
991 3715 1336 3785 omnipotens
1393 3713 1566 3777 Deus,
1613 3714 1741 3785 quia

131 3803 418 3872 superbos
445 3818 636 3858 omnes
664 3804 834 3858 vitam
858 3820 1008 3861 nunc
1045 3806 1327 3860 humilium
1355 3805 1740 3875 deprimentes,

132 3895 195 3950 in
218 3892 437 3962 judicio
465 3910 524 3948 se
553 3896 763 3950 nescire
786 3895 1056 3965 perhibet,
1086 3896 1274 3951 dicens
1299 3913 1312 3949 :
1353 3900 1378 3947 ι’
1407 3894 1602 3951 Nescio
1625 3909 1740 3958 vos,

130 3985 291 4038 unde
322 3984 442 4037 sitis
466 3983 623 4054 (Luc.
652 3999 772 4050 xm,
801 3983 915 4054 25).
950 4003 968 4035 ι
1001 3984 1066 4038 Ε(
1086 3986 1213 4056 quia
1245 3984 1323 4039 sic
1351 3996 1599 4054 potenter
1616 4000 1742 4040 cum

128 4072 262 4126 vult
289 4074 550 4137 destruit,
581 4073 721 4127 sicut
747 4088 870 4128 cunt
902 4073 1072 4128 voluit
1099 4085 1347 4144 potenter
1369 4075 1597 4140 creavit,
1621 4084 1746 4146 apte

131 4164 530 4219 ratiocinando
565 4163 912 4235 subiungitur
940 4182 956 4219 :
980 4162 1125 4234 Opus
1162 4168 1301 4220 enim
1327 4182 1579 4222 manuum
1630 4169 1744 4236 ejus

127 4264 266 4309 sunt
311 4255 559 4309 universi.
589 4284 659 4296 —
684 4256 866 4326 Atque
898 4272 1024 4310 mox
1051 4258 1301 4311 subditur
1330 4274 1344 4312 :

215 4345 392 4400 Vens.
421 4344 512 4401 20.
557 4345 743 4400 Subito
766 4347 1080 4411 morientur,
1102 4358 1150 4402 et
1176 4349 1231 4401 in
1255 4350 1427 4404 media
1455 4358 1602 4405 nocte
1623 4366 1745 4405 curs

1843 3359 2019 3399 omnes
2059 3359 2267 3416 gressus
2305 3362 2485 3401 eurum
2531 3351 2847 3405 considerat.
2877 3382 2949 3396 -—
2970 3353 3122 3411 Tunc
3155 3358 3302 3412 enim
3337 3373 3434 3416 ne;-

1844 3452 2116 3508 quaquam
2143 3440 2491 3496 considerare
2524 3444 2870 3511 credebatur,
2918 3449 3138 3516 quando
3163 3451 3437 3509 violentus

1844 3528 1947 3585 iste
1976 3545 2138 3586 omne
2182 3533 2382 3589 malum
2429 3535 2572 3604 quod
2603 3547 2817 3605 poterat
2847 3538 3016 3596 inulte
3061 3547 3432 3614 perpetrabat.

1845 3619 2236 3676 Atlstimabatur
2268 3623 2408 3678 Deus
2436 3625 2618 3694 injusti
2667 3637 2787 3684 acta
2843 3645 2950 3684 non
2997 3646 3259 3697 cernere,
3303 3635 3433 3704 quia

1845 3709 2128 3765 dill‘erebat
2155 3711 2302 3779 juste
2357 3715 2652 3780 damnare,
2699 3726 2754 3772 et
2803 3735 2997 3791 magna
3030 3721 3144 3790 ejus
3170 3724 3434 3794 patientia

1843 3802 2000 3873 quasi
2029 3805 2275 3872 quaedam
2299 3807 2620 3879 negligentia
2641 3812 2951 3881 putabatur.
2975 3814 3195 3887 iniquus
3218 3829 3439 3891 quoque

1846 3892 1962 3963 ipse
1992 3893 2153 3949 toties
2197 3910 2256 3949 se
2279 3896 2332 3950 in
2364 3902 2607 3968 peccatis
2634 3903 2750 3958 suis
2777 3919 2882 3960 non
2917 3907 3088 3963 videri
3118 3925 3146 3962 a
3178 3910 3289 3966 Deo
3313 3928 3434 3967 cre-

1844 3984 2019 4048 didit,
2072 3987 2287 4054 quoties
2333 3987 2501 4044 inulte
2546 3996 2826 4061 peccavit,
2871 3997 2956 4052 cui
3000 4013 3100 4071 per
3141 4005 3430 4073 quemdam

1845 4074 2142 4166 sapientem
2175 4078 2414 4132 dicitur:
2449 4097 2468 4132 ι
2523 4080 2599 4136 Ne
2632 4084 2824 4139 dicas:
2875 4086 3145 4157 Peccavi,
3194 4103 3248 4148 et
3299 4096 3433 4166 quid

1845 4165 2044 4218 accidit
2085 4166 2216 4220 mihi
2255 4168 2456 4223 triste?
2489 4170 2680 4242 (Eccli.
2714 4191 2768 4238 ν,
2801 4173 2882 4248 ιι.)
2916 4195 2936 4230 ι
2973 4179 3276 4238 Emendare
3320 4165 3432 4245 non

1845 4254 1958 4348 vult
1981 4257 2295 4324 nequitiam,
2321 4275 2420 4330 pro
2442 4277 2549 4333 qua
2570 4264 2785 4333 dignam
2813 4283 2918 4325 nou
2939 4275 3168 4343 protulit
3191 4289 3432 4348 pinnam.

1846 4345 2079 4403 Gressus
2120 4364 2248 4404 vero
2279 4352 2557 4409 hominum
2602 4367 2779 4424 vocat,
2823 4362 2909 4417 vel
2954 4345 3206 4439 singulas
3235 4384 3438 4443 operad

125 4434 418 4490 uabuutur
436 4436 619 4505 populi
655 4446 702 4489 et
739 4437 1152 4506 pertransibunt.
1185 4438 1592 4508 —Quamlibet
1622 4457 1748 4496 sero
1849 4439 2024 4494 tiones
2053 4441 2248 4512 quibus
2284 4445 2602 4516 innitimur,
2636 4451 2721 4506 vel
2764 4434 3100 4515 alternantes
3140 4434 3320 4520 metus
3346 4465 3434 4523 in-

125 4529 205 4582 de
241 4529 355 4581 hac
382 4527 488 4581 vita
515 4526 774 4582 tollantur
801 4528 992 4598 iniqui,
1017 4528 1197 4585 subito
1217 4539 1274 4584 et
1306 4540 1528 4602 repente
1555 4532 1748 4588 tulluna

1850 4529 2002 4628 tinnitu
2015 4533 2379 4602 cogitationis,
2411 4538 2609 4608 quibus
2636 4545 2789 4614 quasi
2819 4549 3069 4615 paSsibus
3099 4553 3180 4608 vel
3218 4555 3378 4628 longe
3398 4563 3431 4613 ti

126 4626 252 4678 tur,
289 4618 420 4688 quia
451 4618 614 4672 linem
645 4634 801 4673 suum
832 4619 1119 4690 cogitando
1144 4621 1442 4690 praevidere
1471 4623 1743 4678 nesciunt.
1775 4598 1824 4657 Ῑ)
1852 4623 2080 4679 Domino
2105 4629 2429 4695 recedimus,
2460 4632 2542 4687 vel
2572 4598 2670 4704 pie.
2684 4637 2752 4692 ad
2776 4598 2943 4695 Deum
2971 4598 3434 4717 prepinquamotis'i

127 4707 349 4764 Subito
390 4718 475 4765 est
520 4710 668 4781 quod
711 4719 837 4766 ante
883 4713 1126 4783 cogitare
1161 4727 1265 4768 non
1309 4715 1502 4783 potuit.
1554 4713 1750 4771 Subito

126 4799 308 4855 dives
354 4800 444 4855 ille
486 4800 687 4856 stultus
717 4809 800 4856 est
825 4841 841 4865 ,
888 4803 980 4872 qui
1022 4804 1220 4858 horrea
1257 4820 1378 4876 qua:
1423 4806 1748 4878 praeparavit

126 4889 420 4954 deseruit,
449 4899 508 4945 et
549 4889 747 4947 inferni
779 4891 955 4947 locum
981 4907 1140 4965 quem
1171 4908 1277 4950 non
1306 4897 1632 4964 praevidebat
1659 4897 1745 4954 in-

127 4981 323 5035 venit.
359 4980 512 5037 Unde
533 4983 582 5037 ei
609 4982 842 5037 dicitur:
875 5001 892 5032 ι
921 4981 1033 5038 Hae
1059 4995 1218 5040 nocte
1243 4998 1482 5056 repetent
1506 4990 1743 5045 animam

131 5081 305 5128 suam
330 5089 365 5128 a
401 5084 456 5128 te
483 5073 638 5144 (Luc.
674 5090 768 5138 xtl,
802 5073 920 5140 20),
958 5092 977 5126 ι
1027 5085 1079 5129 at
1110 5087 1296 5131 contra
1324 5078 1391 5130 de
1426 5079 1587 5148 justis
1613 5081 1747 5135 dici-

132 5170 238 5198 IIII-
273 5180 291 5195 ο
333 5181 357 5198 ι
399 5164 502 5198 \lnu
533 5174 708 5198 nulla.“

773 5164 968 5198 funali.“
1023 5182 1126 5198 nnn
1153 5169 1282 5198 Δοιῖο
1317 5169 1368 5198 :n
1399 5173 1631 5198 In..nl...:..
1687 5178 1747 5198 ..ο

1852 4715 1918 4768 ad
1970 4715 2136 4772 Demn
2182 4718 2326 4774 enim
2383 4726 2536 4793 quasi
2589 4738 2666 4782 tot
2715 4733 2992 4797 gressibus
3039 4715 3434 4806 niensaccidit;

1851 4809 2172 4903 quotbouis
2207 4813 2442 4903 minibus
2471 4820 2728 4889 prolicit,
2768 4834 2823 4879 et
2866 4843 3080 4885 rursum
3123 4841 3200 4886 tot
3235 4832 3435 4903 gressi—

1849 4897 1950 4952 bus
1991 4898 2150 4969 longe
2195 4901 2290 4966 lit,
2339 4914 2469 4976 quot
2509 4910 2667 4968 malis
2705 4914 3122 4984 cogitationibus
3147 4897 3436 4978 decrescit.

1849 4987 2108 5060 Sequitur
2135 5005 2150 5044 :

1929 5077 2095 5134 Vens.
2137 5079 2229 5138 2‘2.
2273 5081 2396 5140 Non
2433 5101 2560 5145 sunt
2603 5087 2857 5158 tenebrae,
2904 5099 2954 5149 et
2997 5103 3101 5152 non
3140 5108 3214 5152 est
3254 5097 3443 5151 umbra

1856 5174 2038 5198 Ακηιιοῖ-
2083 5180 2139 5198 ..ο
2166 5174 2518 5198 α,.--..-..1.--ι-,
