3948 5398
192 205 307 259 397

910 189 1210 247 EPITOME
1251 181 1617 245 MOBALIUH
1657 185 1718 242 S.
1759 185 1964 242 6118οκ
2005 183 2070 238 IN
2109 182 2248 238 JOB.
2289 214 2358 224 —-
2396 184 2518 240 LIB.
2565 185 2727 240 XXV.

3356 183 3462 246 898

193 317 375 370 Omne
408 311 608 382 quippe
635 315 916 380 peccatum
943 305 1086 376 quod
1119 310 1301 359 tamen
1327 301 1489 358 citius
1518 301 1786 371 pmniten-
1817 307 1862 362 Α
1889 297 1973 352 dis
2004 295 2327 352 admittitur.
2357 295 2490 352 Nam
2515 308 2608 352 aut
2629 300 2952 370 ignorantia,
2985 310 3076 356 aut
3128 300 3464 372 inﬁrmitate,

188 411 263 462 do
296 420 405 459 non
434 404 652 474 tegitur,
685 407 778 453 aut
811 406 1096 468 peccatum
1143 403 1228 450 est
1271 401 1328 448 et
1360 405 1522 447 causa
1555 389 1784 460 peccati,

189 505 289 548 aut
310 501 596 563 peccatum
643 497 698 544 et
739 502 898 557 poena
952 484 1180 555 peccati.
1230 481 1518 536 Peccatum
1553 492 1787 548 namque

187 588 337 656 quod
368 583 689 655 poenitentia
741 593 847 634 non
896 576 1073 640 diluit,
1103 576 1220 645 ipso
1261 589 1358 629 suo
1389 572 1628 643 pondere
1657 583 1786 625 mox

188 679 259 732 ad
283 675 434 730 aliud
463 673 653 729 trahit.
682 670 833 727 Unde
853 668 935 732 ﬁt,
973 677 1034 721 ut
1060 681 1164 721 non
1189 665 1360 719 solum
1387 670 1666 732 peccatum
1688 659 1782 724 sit,

188 766 286 820 sed
317 773 600 834 peccatum
630 769 686 816 et
727 774 890 814 causa
919 756 1146 828 peccati.
1179 753 1258 808 Ex
1303 752 1397 806 illo
1419 751 1619 821 quippe
1654 749 1784 804 vitio

186 857 347 927 culpa
402 856 738 924 subsequens
765 853 961 914 oritur,
991 865 1058 905 ex
1083 864 1189 919 quo
1217 855 1416 902 caecata
1441 860 1594 899 mens
1627 843 1782 898 duci-

184 954 280 1000 tur
307 946 377 998 ad
406 945 560 1014 pejus
586 952 642 997 et
679 941 784 997 alio
813 941 1026 1011 ligetur.
1081 937 1188 992 Sed
1232 944 1516 1006 peccatum
1547 933 1689 1002 quod
1713 947 1782 986 ex

183 1046 418 1110 peccato
439 1037 635 1099 oritur,
659 1048 768 1088 non
807 1030 921 1100 jam
947 1037 1230 1099 peccatum
1257 1024 1654 1090 tantummodo,
1681 1021 1779 1076 sed

181 1136 476 1199 peccatum
525 1134 608 1180 est
644 1133 702 1178 et
751 1136 912 1193 pinna
967 1117 1202 1190 peccati,
1243 1117 1371 1187 quia
1401 1119 1551 1184 justo
1575 1112 1781 1183 judicio

181 1219 536 1288 omnipotens
566 1215 708 1270 Deus
735 1229 832 1268 cor
882 1210 1160 1282 peccantis
1205 1207 1506 1271 obnubilat,
1548 1213 1608 1260 ut
1636 1219 1778 1274 pra:-

179 1310 432 1365 cedentis
486 1306 692 1376 peccati
725 1305 920 1359 merito
959 1303 1124 1358 etiam
1165 1301 1220 1354 in
1260 1299 1384 1354 aliis
1411 1299 1592 1353 cadat.
1643 1295 1781 1351 Hinc

183 1399 357 1453 David
384 1399 505 1453 ait:
545 1415 561 1449 ι
593 1397 814 1466 Appone
856 1393 1198 1463 iniquitatem
1245 1403 1407 1460 super
1438 1387 1780 1458 iniquitatem

179 1503 401 1552 eorum,
457 1499 514 1541 et
570 1501 676 1540 non
725 1485 928 1539 intrent
989 1483 1042 1536 in
1093 1481 1359 1552 justitiam
1404 1487 1550 1532 tuam
1601 1475 1775 1548 (Psal.

179 1594 380 1642 LXVIII,
421 1577 538 1647 28).
592 1595 611 1629 ι
669 1576 838 1644 Igitur
876 1574 1004 1643 quia
1054 1571 1486 1642 prmcedcntibus
1539 1568 1778 1638 peccatis

1889 396 1983 442 aut
2020 387 2199 443 studio
2249 399 2610 458 perpetratur,
2643 400 2699 444 et
2741 391 2959 460 gravius
2987 393 3202 462 quidem
3241 395 3466 451 inﬁrmi-

1890 488 1999 533 tate
2027 494 2190 550 quam
2220 479 2544 548 ignorantia,
2575 482 2670 535 sed
2699 481 3089 550 multogravius
3110 485 3287 539 studio
3301 501 3464 554 quam

1887 569 2200 625 inﬁrmitate
2223 580 2496 640 peccatur.
2528 572 2833 642 Ignorantia
2871 573 3070 628 Paulus
3121 584 3468 644 peccaverat,

1886 679 2007 720 eum
2050 664 2264 720 dicebat
2295 683 2308 719 ε
2349 684 2368 717 ς
2395 666 2495 733 Qui
2537 668 2684 736 prius
2722 666 2794 722 fui
2838 668 3180 738 blasphemus
3206 681 3261 725 et
3282 687 3472 740 perse-

1885 765 2060 821 cutor,
2093 775 2112 808 ν
2144 767 2200 811 et
2225 758 2426 827 reliqua
2451 758 2609 829 (Tini.
2636 776 2678 820 ι.
2709 759 2818 824 15).
2846 761 3035 815 Petrus
3063 777 3190 816 vero
3235 763 3468 818 inﬁrmi-

1889 853 1996 900 tate
2047 848 2308 916 peccavit.
2372 848 2634 903 Industria
2692 864 2819 903 vero
2859 861 3218 918 peccaverant
3271 852 3348 917 lii,
3401 854 3468 908 de

1885 935 2079 1003 quibus
2109 935 2319 990 dicebat
2354 937 2468 1005 ipse
2496 937 2752 1008 Magister
2781 955 2792 991 :
2827 956 2845 988 ι
2875 937 2931 992 Si
2955 953 3060 993 non
3104 940 3387 1006 venissem,
3414 949 3474 997 ct

1885 1024 2094 1080 locutus
2125 1027 2204 1082 eis
2243 1025 2486 1092 fuissem,
2547 1038 2823 1098 peccatum
2874 1045 2979 1084 non
3025 1030 3305 1096 haberent,
3342 1051 3362 1083 ι
3415 1041 3474 1086 et

1883 1117 2090 1187 reliqua
2139 1118 2318 1188 (Joau.
2367 1135 2459 1185 xv,
2499 1120 2710 1186 θεῷ).
2769 1120 2906 1176 Sunt
2953 1137 3079 1192 ergo
3124 1124 3363 1178 nou-nulli
3417 1125 3469 1178 in

1882 1207 2144 1274 Ecclesia,
2170 1209 2260 1278 qui
2291 1225 2396 1265 non
2426 1211 2597 1266 solum
2634 1213 2771 1266 bona
2798 1228 2901 1266 non
2931 1213 3154 1278 faciunt,
3183 1216 3276 1268 sed
3304 1215 3467 1269 etiam

1881 1310 2298 1370 persequuntur,
2327 1311 2381 1356 ct
2405 1319 2523 1373 quae
2551 1304 2647 1373 ipsi
2673 1303 2949 1374 negligunt
2980 1303 3162 1359 facere
3208 1306 3372 1359 etiam
3414 1304 3468 1359 in

1884 1392 2006 1447 aliis
2029 1392 2382 1448 detestantur.
2438 1393 2639 1448 Horum
2675 1403 2955 1465 peccatum
3004 1395 3211 1450 scilicet
3245 1411 3355 1450 non
3401 1411 3470 1452 ex

1883 1481 2197 1537 inlirmitate
2234 1483 2318 1536 vel
2367 1483 2689 1553 ignorantia,
2720 1486 2816 1540 sed
2839 1501 2904 1539 ex
2934 1486 3048 1540 solo
3077 1487 3254 1540 studio
3283 1503 3473 1558 perpe-

1883 1580 2073 1632 tratur,
2107 1572 2234 1642 quia
2280 1573 2530 1628 videlicet
2570 1575 2615 1628 si
2665 1575 2862 1629 vellent
2897 1574 3119 1645 implere
3163 1576 3325 1640 bona,
3372 1591 3472 1631 nec

175 1678 422 1725 emeatus
467 1668 656 1724 oculus
697 1666 902 1729 cordis,
952 1665 1068 1734 ipsa
1116 1662 1332 1717 rmcitas
1359 1676 1479 1730 quae
1501 1658 1780 1730 peccantis
1815 1665 1857 1722 Β
1887 1671 2066 1716 tamen
2098 1671 2340 1731 possent,
2369 1678 2434 1716 ea
2477 1679 2598 1732 quae
2640 1665 2692 1718 in
2738 1678 2797 1719 se
2840 1665 3134 1735 negligunt,
3177 1651 3364 1720 saltem
3417 1666 3469 1718 in

180 1760 430 1813 animum
479 1773 549 1813 ex
590 1764 716 1811 ante
745 1764 882 1810 actae
908 1753 1079 1824 culpat
1107 1751 1452 1807 damnatione
1478 1747 1779 1812 confundit,

179 1854 386 1908 merito
433 1867 541 1906 nos
567 1860 814 1915 vocatur,
848 1849 974 1919 quia
1003 1861 1102 1917 per
1131 1847 1272 1900 hanc
1300 1845 1369 1899 ab
1404 1843 1576 1898 oculis
1602 1842 1778 1897 delin-

173 1945 407 2014 quentis
458 1943 638 1998 lumen
682 1941 928 1996 veritatis
971 1936 1343 1993 absconditur.
1381 1935 1642 1988 lnducere
1681 1947 1781 1986 au-

177 2045 297 2090 tem
356 2043 576 2090 noctem
623 2033 822 2088 dicitur
884 2029 1164 2092 Dominus,
1217 2041 1323 2081 non
1356 2026 1501 2095 quod
1549 2025 1661 2094 ipse
1699 2033 1782 2078 tc-

175 2127 386 2182 nebras
427 2123 644 2190 inferat,
669 2123 765 2179 sed
801 2121 943 2192 quod
973 2121 1204 2175 obscura
1233 2118 1395 2173 corda
1441 2117 1783 2185 peccantium

179 2216 614 2272 misericorditer
644 2229 749 2269 non
794 2213 1047 2273 illustret,
1080 2219 1140 2265 ut
1183 2208 1288 2264 hoc
1316 2208 1490 2277 ipsum
1519 2207 1572 2259 in
1622 2213 1785 2260 nocte

175 2320 426 2360 cacasse
475 2305 565 2368 sit,
597 2318 626 2357 a
657 2302 870 2357 caneris
934 2299 1172 2356 tenebris
1223 2298 1456 2352 liberare
1523 2295 1780 2350 voluisse.

177 2396 447 2466 Sequitur
468 2437 484 2449 .

254 2487 426 2542 Vsus.
461 2485 553 2540 26.
585 2485 751 2551 Quasi
774 2484 960 2553 impios
992 2483 1244 2551 percussit
1269 2497 1356 2535 eos
1377 2480 1434 2533 in
1463 2482 1578 2533 loco
1601 2479 1779 2534 viden-

171 2580 343 2632 tium.
370 2608 443 2619 —
467 2578 524 2632 ln
556 2577 1022 2647 Scriptura_sacra
1063 2575 1214 2644 quasi
1261 2573 1550 2643 aliquando
1579 2586 1679 2640 pro
1709 2570 1782 2626 si-

179 2667 514 2732 militudine,
564 2667 856 2738 aliquando
901 2681 1000 2736 pro
1049 2666 1276 2719 veritate
1312 2665 1438 2734 poni
1479 2663 1777 2718 consuevit.

175 2756 293 2812 Pro
323 2757 673 2812 similitudine
701 2756 846 2810 enim
883 2755 1033 2827 quasi
1059 2755 1294 2824 ponitur,
1327 2754 1468 2807 sicut
1492 2751 1783 2822 Apostolus

175 2847 365 2903 dicit:
394 2865 414 2899 ι
448 2846 613 2914 Quasi
650 2847 858 2911 tristes,
899 2861 1115 2916 semper
1162 2855 1342 2900 autem
1372 2847 1666 2916 gaudentes
1693 2843 1779 2914 (ΙΙ

178 2939 312 2993 Cor.
346 2954 425 3003 vr,
470 2938 581 3008 l0).
620 2956 638 2990 ι
672 2936 776 2992 Pro
823 2936 1052 2991 veritate
1100 2943 1280 2990 autem
1344 2933 1581 3004 ponitur,
1641 2933 1781 2987 sicut

173 3030 426 3088 Joannes
450 3031 565 3085 ait:
601 3049 620 3082 ‹
664 3029 909 3084 Vidimus
957 3029 1184 3100 gloriam
1218 3029 1336 3098 ejus
1370 3027 1594 3098 gloriam
1624 3025 1777 3096 quasi
1807 3009 1851 3069 Ο

175 3121 451 3193 unigeniti
481 3137 511 3175 a
538 3120 698 3176 Patre
720 3120 903 3192 (Joan.
935 3136 974 3186 ι,
1004 3119 1113 3190 14).
1147 3138 1165 3170 ι
1201 3119 1313 3173 Hoc
1337 3128 1515 3172 autem
1549 3117 1665 3172 loco
1694 3117 1779 3170 ni-

180 3213 264 3268 hil
294 3212 476 3268 differt
496 3220 679 3268 utrum
733 3227 833 3283 pro
875 3211 1252 3276 similitudine,
1301 3225 1369 3264 an
1409 3225 1508 3280 pro
1549 3210 1781 3264 veritate

178 3305 258 3360 sit
314 3304 572 3373 positum,
627 3304 752 3372 quia
800 3303 1041 3372 quolibet
1095 3302 1306 3356 dicatur
1340 3301 1552 3366 ordine,
1594 3306 1780 3369 aperte

179 3408 357 3463 prava
385 3393 649 3448 malorum
688 3393 796 3446 vita
838 3393 1103 3463 signatur.
1152 3391 1348 3461 lmpios
1378 3405 1508 3446 vero
1533 3388 1780 3459 Scriptu-

182 3502 246 3541 ra
263 3501 426 3541 sacra
451 3486 668 3556 proprie
681 3483 923 3540 inﬁdeles
934 3483 1183 3554 appellat.
1203 3483 1316 3537 Hac
1331 3497 1563 3552 namque
1577 3482 1780 3537 disten-

183 3577 262 3630 tia
289 3585 609 3646 peccatores
638 3575 1308 3646 abimpiisdiscernuntur,
1327 3574 1451 3643 quia
1467 3588 1587 3628 cum
1600 3573 1778 3627 omnis

181 3669 389 3738 impius
417 3666 488 3722 sit
512 3677 783 3736 peccator,
799 3681 904 3721 non
923 3675 1102 3721 tamen
1123 3666 1298 3719 omnis
1311 3672 1564 3735 peccator
1577 3664 1778 3720 estim-

183 3765 345 3836 pius;
373 3773 628 3834 peccator
652 3765 798 3818 enim
837 3763 941 3819 dici
985 3763 1149 3817 etiam
1195 3762 1286 3831 qui
1339 3762 1391 3815 in
1422 3760 1524 3816 ﬁde
1548 3760 1670 3830 pius
1695 3766 1780 3815 est

181 3864 386 3926 potest.
423 3854 577 3910 Unde
616 3852 852 3909 Joannes
879 3854 956 3907 ait
986 3871 999 3907 :
1038 3871 1055 3904 ι
1087 3851 1144 3907 Si
1169 3852 1467 3931 dixerimus
1490 3851 1615 3921 quia
1653 3865 1779 3922 pec-

181 3958 376 4001 catum
433 3962 539 4002 non
593 3946 892 4010 habemus,
961 3943 1164 3998 veritas
1211 3943 1265 3997 in
1325 3943 1482 3998 nobis
1528 3957 1638 3998 non
1696 3948 1780 3997 est

178 4039 243 4109 (Ι
271 4038 435 4093 Joan.
483 4056 522 4104 ι,
549 4039 626 4108 8).
658 4057 677 4090 ι
707 4037 910 4107 Impius
958 4051 1088 4091 vero
1113 4036 1328 4106 proprie
1371 4034 1591 4100 dicitur,
1631 4033 1778 4103 quia

182 4134 471 4205 religionis
511 4133 716 4203 pietate
765 4139 1067 4202 separatur.
1116 4131 1192 4184 De
1236 4129 1431 4184 talibus
1469 4129 1614 4183 enim
1645 4127 1778 4180 Pro-

183 4230 356 4298 pheta
383 4227 459 4280 ait
488 4246 502 4280 :
546 4243 566 4276 ‹
605 4224 719 4280 Non
747 4231 1028 4294 resurgent
1056 4221 1202 4290 impii
1232 4221 1283 4274 in
1308 4221 1510 4291 judicio
1531 4218 1704 4290 (Paul.
1734 4234 1774 4283 ι,

1885 1752 2006 1807 aliis
2043 1761 2308 1808 amarent.
2371 1754 2628 1822 Sequitur
2658 1769 2672 1808 :
2697 1754 2765 1808 Et
2790 1771 2964 1809 mnes
2994 1757 3105 1810 vias
3138 1755 3251 1825 ejus
3281 1755 3472 1810 intelli-

1883 1861 2002 1914 gere
2024 1846 2320 1903 noluerunt.
2345 1880 2414 1888 —-
2444 1849 2558 1905 Non
2587 1851 2732 1905 enim
2763 1851 3076 1906 inﬁrmitate
3120 1867 3226 1905 non
3276 1850 3472 1905 intelli‘

1886 1945 2038 2004 gunt,
2077 1939 2168 1991 sed
2199 1939 2484 2009 intelligere
2513 1940 2811 2005 noluerunt,
2859 1942 2985 2010 quia
3037 1955 3179 2010 stepe
3227 1955 3347 2010 quae
3391 1941 3472 1992 fa-

1883 2039 2011 2078 cere
2035 2025 2336 2094 despiciunt
2359 2031 2520 2083 etiam
2556 2032 2699 2085 seire
2733 2039 3106 2085 contemnunt.
3140 2031 3278 2098 Quia
3325 2031 3468 2085 enim

1885 2114 2142 2182 scriptum
2171 2125 2255 2171 est
2283 2131 2297 2168 :
2332 2136 2350 2169 ι
2381 2117 2577 2173 Servus
2608 2121 2854 2175 nesciens
2893 2120 3218 2174 voluntatem
3260 2122 3472 2176 Domini

1885 2205 1966 2259 sui
2001 2218 2053 2258 ct
2076 2222 2180 2260 non
2209 2206 2412 2262 faciens
2437 2208 2619 2278 digna,
2658 2209 2829 2280 plagis
2859 2210 3130 2280 vapulabit
3167 2212 3375 2281 paucis,
3417 2222 3473 2266 et

1885 2308 2074 2350 servus
2112 2298 2288 2352 sciens
2315 2297 2644 2354 voluntatem
2673 2301 2881 2354 Domini
2910 2302 3022 2364 sui,
3053 2310 3108 2355 et
3137 2316 3240 2356 non
3272 2301 3474 2376 faciens

1878 2396 2033 2466 juxta
2057 2404 2202 2451 eam,
2229 2391 2504 2459 vapulabit
2534 2392 2718 2446 multis
2741 2393 2891 2464 (Luc.
2929 2410 3027 2459 xu,
3050 2395 3256 2465 47,48).
3293 2416 3310 2449 ι
3363 2376 3470 2452 Im;

1884 2481 2182 2549 punitatem
2222 2483 2482 2551 peccandi
2509 2485 2823 2540 existimant
2851 2489 3145 2544 remedium
3174 2492 3467 2548 nesciendi.

1885 2575 1985 2642 Qui
2035 2577 2286 2631 nimirum
2326 2578 2437 2633 sola
2477 2581 2743 2649 superbia:
2796 2581 3021 2652 caligine
3068 2586 3468 2652 tenebrescnnt,

1884 2676 2042 2736 atque
2067 2669 2186 2722 ideo
2216 2685 2322 2724 non
2355 2671 2688 2739 discernunt,
2717 2675 2844 2744 quia
2873 2675 3016 2731 aliud
3045 2678 3302 2744 nescisse,
3327 2679 3470 2733 aliud

1884 2758 2023 2812 scire
2064 2759 2318 2815 noluisse.
2366 2761 2589 2818 Nescire
2630 2765 2772 2819 enim
2825 2766 3125 2836 ignorantia
3176 2778 3279 2835 est,
3331 2771 3472 2826 scire

1882 2849 2119 2904 noluisse
2158 2851 2428 2921 superbia.
2489 2855 2582 2909 Via
2621 2857 2818 2927 quippe
2845 2867 2927 2913 est
2956 2861 3245 2917 incarnatze
3288 2864 3471 2918 omnis

1883 2941 2025 2993 actio
2071 2954 2232 3009 quam
2283 2945 2652 3014 temporaliter
2703 2948 2891 3018 gessit,
2942 2949 3042 3004 vim
3081 2950 3197 3020 ejus
3238 2961 3361 3007 sunt
3393 2954 3471 3008 vi-

1883 3031 2040 3087 vendi
2071 3033 2307 3099 ordines,
2351 3051 2486 3105 quos
2518 3037 2585 3092 ad
2625 3053 2686 3094 se
2730 3041 3068 3097 venientibus
3104 3045 3317 3100 stravit.
3367 3045 3470 3102 Tot

1884 3122 2068 3193 itaque
2115 3125 2180 3180 ad
2225 3140 2283 3182 se
2329 3128 2672 3185 venientibus
2723 3131 2838 3186 vias
2885 3133 3136 3202 prmbuit,
3164 3145 3296 3206 quot
3332 3138 3470 3192 bene

1882 3215 2096 3272 vivendi
2129 3218 2375 3288 exempla
2403 3222 2743 3277 monstravit.
2803 3223 3134 3282 llumilitatis
3181 3228 3297 3299 ejus
3337 3228 3471 3284 Pro-

1881 3305 2041 3373 pheta
2070 3307 2184 3361 vias
2223 3319 2531 3378 aspexerat,
2580 3326 2703 3366 cum
2753 3315 3062 3384 suspirabat
3102 3319 3328 3374 dicens:
3357 3340 3378 3372 ι
3411 3320 3468 3375 In

1881 3396 2152 3452 mandatis
2192 3399 2297 3454 tuis
2323 3403 2639 3466 exercebor,
2689 3412 2746 3458 et
2788 3407 3144 3463 considerabo
3189 3409 3306 3465 vias
3346 3419 3470 3465 tuas

1881 3483 2054 3557 (Paul.
2093 3502 2284 3554 cxvnt,
2329 3490 2441 3562 15).
2469 3511 2488 3544 ι
2546 3491 2680 3559 Quia
2723 3508 2852 3565 ergo
2882 3499 3099 3565 superbi
3128 3499 3328 3569 quique
3360 3503 3465 3556 ltu-

1881 3578 2125 3634 militatis
2160 3579 2453 3636 Dominicze
2484 3581 2626 3637 facta
2653 3592 3044 3653 contemnunt,
3073 3598 3219 3644 recte
3244 3591 3464 3654 dicitur,

1879 3671 1988 3724 vias
2028 3671 2144 3741 ejus
2188 3671 2473 3743 intelligere
2519 3674 2819 3730 noluerunt.
2859 3677 2986 3732 Vias
3020 3680 3200 3749 itaque
3230 3679 3346 3749 eius
3374 3683 3462 3738 in-
3505 3727 3512 3730 ..

1881 3762 2125 3833 telligere
2173 3771 2278 3829 est,
2318 3773 2376 3819 et
2411 3766 2687 3822 humiliter
2731 3767 2963 3823 tolerare
3004 3771 3347 3840 transitoria,
3410 3784 3468 3830 et

1878 3864 2292 3926 perseveranter
2319 3867 2636 3928 exspectare
2663 3875 2915 3916 mansura
2933 3900 2949 3926 ,
2979 3871 3040 3917 ut
3067 3865 3313 3935 exemplo
3360 3866 3464 3922 Do-

1879 3949 2080 4004 minico
2112 3959 2313 4005 aeterna
2347 3960 2624 4023 quaeratur
2651 3952 2821 4023 gloria
2856 3955 3158 4023 opprobriis
3189 3966 3463 4028 temperas

1878 4037 2018 4092 libus
2043 4049 2372 4109 comparata.
2414 4039 2672 4109 Sequitur
2704 4059 2716 4094 :

1949 4129 2110 4184 Vsus.
2145 4130 2235 4186 28.
2273 4128 2342 4184 Ut
2368 4133 2632 4201 pervenire
2658 4132 2890 4203 facerent
2921 4138 2994 4191 ad
3025 4149 3142 4192 eum
3180 4141 3464 4197 clamorem

1876 4223 2042 4293 egeni,
2073 4232 2120 4277 et
2147 4223 2350 4277 audiret
2374 4239 2550 4279 vocent
2568 4242 2875 4297 pauperum.
2902 4257 2972 4270 -—
2991 4229 3126 4285 Cum
3171 4233 3314 4287 enim
3371 4235 3460 4289 isti

180 4317 267 4387 5).
291 4335 314 4370 ι
338 4317 514 4372 Locus
528 4324 709 4371 autem
730 4315 1025 4371 videntium
1047 4322 1233 4413 sancta
1252 4312 1491 4368 Ecclesia
1515 4319 1770 4413 vocaturi
1805 4354 1852 4413 Β
1877 4316 2210 4386 superbiant,
2241 4316 2479 4372 clamant
2507 4320 2574 4373 ad
2605 4321 2890 4376 Dominum
2916 4322 2970 4377 hi
3001 4324 3091 4393 qui
3123 4325 3252 4393 ipsis
3273 4340 3462 4396 super.

184 4411 245 4466 in
273 4411 388 4480 ipsa
417 4409 561 4464 enim
588 4417 734 4464 recte
754 4407 1092 4470 consistitur,
1122 4413 1182 4458 ut
1208 4403 1385 4457 lumen
1403 4417 1611 4468 verum,
1630 4402 1774 4471 quod

184 4501 338 4556 Deus
366 4510 450 4555 est
470 4540 486 4566 ,
519 4499 789 4553 videatur.
825 4497 976 4552 Unde
1020 4497 1087 4550 ad
1118 4493 1338 4566 Moysen
1363 4493 1563 4547 dicitur
1589 4510 1602 4546 :
1637 4512 1655 4542 c
1680 4492 1774 4547 Est

186 4593 345 4647 locus
374 4605 540 4661 penes
583 4605 691 4654 me,
731 4597 787 4643 et
825 4588 995 4642 stabis
1016 4602 1179 4656 supra
1209 4597 1416 4656 petram
1447 4601 1568 4640 cum
1595 4594 1772 4639 trans-

187 4684 293 4739 ibit
317 4698 435 4738 mea
464 4679 716 4750 majestas
755 4677 951 4749 (Exod.
997 4692 1164 4731 xxvul
1184 4715 1199 4740 ,
1244 4676 1336 4741 21,
1367 4674 1480 4746 22).
1511 4693 1530 4728 t
1561 4675 1630 4730 Et
1656 4682 1777 4746 post

189 4777 512 4850 paululum:
551 4791 572 4825 ‹
605 4772 864 4827 Auferam
916 4785 1134 4825 manum
1197 4785 1411 4834 meam,
1462 4777 1520 4824 et
1569 4767 1776 4823 videbis

189 4867 497 4938 posteriora
521 4879 639 4919 mea
665 4861 854 4933 (Ibid.,
882 4860 995 4930 25).
1035 4880 1053 4912 ι
1092 4858 1239 4914 Multi
1261 4860 1456 4929 quippe
1477 4859 1619 4915 intra
1650 4872 1775 4914 san-

193 4971 339 5030 ctam
387 4957 684 5013 Ecclesiam
713 4953 876 5025 positi
905 4953 990 5021 pia
1022 4953 1201 5022 specie
1227 4992 1240 5017 ,
1272 4959 1426 5006 extra
1473 4951 1790 5006 Ecclesium.

192 5050 401 5106 inventi
430 5057 559 5103 sunt
598 5047 766 5118 impia
814 5045 1242 5098 conversatione.
1276 5042 1348 5096 De
1392 5043 1589 5109 quibus
1639 5043 1777 5096 bene

194 5140 332 5194 alias
355 5140 612 5208 scriptum
634 5145 759 5192 est:
803 5131 950 5186 «Vidi
981 5132 1176 5202 impios
1207 5131 1447 5202 sepultos
1466 5171 1481 5196 ,
1507 5133 1617 5202 qui,
1651 5143 1776 5184 cum

196 5233 527 5293 adviverent,
553 5230 603 5284 in
645 5229 774 5283 loco
807 5231 992 5278 sancto
1029 5233 1224 5290 erant,
1253 5232 1309 5277 et
1334 5221 1694 5278 laudabantur
1722 5219 1778 5273 in

195 5312 417 5377 civitate
463 5321 610 5389 quasi
659 5319 940 5388 justorum
981 5329 1146 5383 opera
1189 5313 1390 5384 (lz'ccle.
1437 5329 1569 5380 vm,
1602 5311 1714 5381 10).
1754 5328 1773 5360 ι

1879 4405 2147 4460 bicntibns
2195 4407 2592 4476 opprimuntur.
2650 4407 2746 4462 Vel
2793 4413 3217 4475 certe;‘idcirco
3263 4415 3465 4470 dicitur

1879 4495 2020 4566 quod
2047 4497 2116 4552 ad
2152 4497 2316 4551 Deum
2351 4497 2594 4555 fecerunt
2617 4501 2905 4557 clamorem
2944 4519 3239 4575 pauperum
3272 4521 3462 4575 pervea

1881 4587 2019 4650 nire,
2054 4589 2181 4658 quia
2223 4588 2344 4644 istis
2383 4590 2698 4647 cadentibus
2720 4593 2773 4646 i-n
2799 4607 2985 4648 eorum
3013 4595 3131 4650 loco
3177 4611 3457 4666 pauperes.

1881 4676 1934 4731 id
1961 4686 2046 4732 est
2072 4677 2321 4743 humiles,
2347 4680 2540 4749 spiritu
2577 4683 2956 4752 subrogantur.
3001 4685 3069 4740 Et
3094 4687 3218 4754 quia
3246 4686 3344 4738 hoc
3367 4700 3464 4739 eo.

1881 4786 2001 4825 rum
2051 4787 2179 4826 casu
2229 4771 2429 4826 factum
2473 4783 2578 4840 est,
2624 4775 2723 4844 ipsi
2776 4772 2968 4830 fecisse
3033 4775 3358 4837 referuntur,
3397 4791 3465 4831 eo

1880 4862 2132 4918 videlicet
2159 4863 2446 4918 locutionis
2476 4881 2673 4935 genere
2710 4879 2820 4934 quo
2846 4881 3090 4934 pugnare
3125 4873 3301 4919 castra
3329 4865 3465 4919 dici-

1881 4967 2021 5017 mus,
2061 4955 2186 5023 quia
2228 4963 2492 5024 pugnatur
2518 4971 2587 5011 ex
2613 4956 2739 5010 illis.
2795 4951 2887 5007 Vel
2912 4965 3086 5022 certe,
3117 4954 3241 5022 quia
3271 4964 3468 5010 cuncta

1881 5060 2000 5113 quae
2030 5045 2278 5114 superius
2321 5047 2461 5101 dicta
2511 5057 2656 5112 sunt,
2707 5044 2898 5100 referri
2939 5048 3109 5101 etiam
3137 5045 3201 5097 ad
3231 5051 3470 5100 rectores

1882 5134 2278 5190 ecclesiasticos
2333 5145 2601 5206 possunt,
2661 5134 2754 5204 qui
2820 5132 3012 5187 relicto
3074 5133 3472 5206 praedicationis

1886 5227 2084 5292 studio,
2142 5228 2242 5282 sub
2288 5228 2572 5283 occasione
2625 5222 2904 5296 regiminis
2959 5225 3194 5280 terrenis
3246 5227 3475 5294 negotiis

1887 5319 2251 5386 involvuntur,
2280 5329 2402 5389 apte
2431 5320 2807 5389 subjungitur:
2841 5310 2911 5364 Ut
2947 5318 3215 5382 pervenire
3246 5314 3476 5383 facerent
