3948 5398
487 202 601 261 399

1475 205 1531 261 5.
1578 205 1827 263 ODONIS
1871 205 2157 260 ABBATIS
2193 204 2691 263 CLUNIACENSIS
2727 204 2770 260 Ii

3651 204 3751 261 ‘09

487 321 829 391 querelarum
881 335 1232 391 prorumpere
1291 320 1527 376 clamore
1583 318 1910 389 compellunt
1937 359 1952 384 ,
2016 329 2077 373 ut
2103 326 2151 384 Α
2183 317 2277 371 ivit
2308 319 2373 371 ad
2422 332 2614 387 genus,
2638 331 2784 370 nunc
2811 317 2878 371 de
2919 328 3118 386 genere
3145 327 3206 370 se
3237 313 3505 370 convertit
3542 315 3613 370 ad
3641 331 3758 385 spe-

485 412 640 480 quasi
677 411 800 479 jure
838 411 1204 480 unusquisque
1231 409 1502 478 subjectus
1533 411 1600 464 de
1619 411 1726 464 vita
1753 409 1859 463 licti
1893 419 2076 478 pasto-

485 502 561 556 ris
617 503 1017 564 immurmuret,
1077 516 1176 554 cur
1220 510 1373 554 tenet
1429 501 1672 569 magistri
1721 500 1932 564 locum,
1983 500 2074 568 qui

487 609 593 649 non
635 603 854 648 exercet
888 593 1143 657 ofﬁcium,
1190 593 1438 663 quamvis
1480 592 1708 647 fortasse
1748 592 1938 647 melius
1980 607 2076 660 per

482 690 748 736 tumorem
779 683 1078 750 potentium
1106 684 1357 751 superbia
1387 681 1693 736 Judaaorum
1717 721 1732 747 ,
1761 691 1816 736 et
1847 698 1940 751 per
1966 681 2077 736 cla-

481 787 688 827 morem
719 788 1014 842 pauperum
1037 773 1303 826 desudcria
1328 773 1566 842 gentium
1595 774 1911 842 figurantur,
1938 772 2077 825 sicut

501 871 796 916 attestante
820 860 1084 924 Veritate,
1115 862 1530 930 perepula‘ntem
1557 863 1832 932 splendide
1855 863 2074 916 divitem

483 951 744 1009 Judaicus
803 952 1032 1021 pepulus
1077 952 1412 1021 designatur.
1459 953 1526 1006 Et
1582 967 1678 1022 per
1736 951 2072 1007 vulneratum

483 1042 775 1107 Lazarum,
811 1044 902 1112 qui
935 1044 1324 1112 interpretatur
1371 1042 1612 1111 adjutus,
1638 1043 1808 1096 forma
1858 1042 2074 1111 gentilis

484 1135 666 1205 populi
697 1135 1039 1203 exprimitur.
1065 1134 1172 1187 Illis
1202 1149 1332 1203 ergo
1379 1133 1726 1201 peccantibus
1774 1147 2073 1202 pauperum

483 1228 692 1285 clamor
742 1229 980 1293 auditur,
1031 1229 1158 1298 quia
1201 1229 1326 1281 dum
1359 1227 1526 1282 Judtci
1560 1237 1749 1282 contra
1793 1229 1958 1281 Deum
1983 1243 2074 1282 su-

479 1325 756 1395 perbiuut,
809 1323 875 1377 ad
928 1322 1096 1377 Deum
1155 1331 1282 1377 vota
1337 1320 1614 1392 gentilium
1685 1329 2069 1391 pervenerunt.

492 1412 755 1482 Sequitur
787 1431 800 1464 :
1267 1435 1269 1438 ·

553 1503 721 1557 Vens.
752 1501 841 1555 29.
885 1499 1008 1570 Ipso
1045 1505 1182 1555 enim
1231 1501 1541 1555 concedente
1581 1517 1782 1570 pacem,
1829 1500 1945 1570 quis
1997 1509 2070 1552 est

479 1595 570 1664 qui
625 1595 976 1648 condemnet?
1025 1595 1106 1647 Ex
1137 1611 1239 1664 quo
1287 1594 1616 1647 absconderit
1667 1594 1861 1647 rultum
1895 1611 2067 1657 suum,

2181 408 2338 463 ciem.
2373 406 2571 461 Verum
2622 422 2857 477 namque
2890 421 3067 476 regem
3113 421 3276 475 super
3325 405 3508 460 Judsca
3535 421 3758 475 regnare

2181 498 2368 560 noluit,
2409 506 2463 552 et
2511 498 2712 551 idcirco
2763 513 2829 550 ex
2881 497 3129 566 gentibus
3165 497 3376 550 meritis
3422 498 3757 567 hypocriten

2179 589 2410 656 accepit,
2460 588 2603 642 sicut
2648 603 2866 656 quoque
2913 587 3122 642 Veritas
3150 587 3206 642 in
3236 588 3536 657 Evangelio
3583 587 3756 641 dicit:

2185 697 2203 729 ι
2239 679 2348 749 Ego
2370 678 2492 731 veni
2529 679 2583 732 in
2617 679 2838 733 nomine
2869 677 3045 733 Patris
3076 678 3201 741 mei,
3237 688 3293 732 et
3334 694 3446 731 non
3474 678 3759 746 accepistis

2179 785 2296 834 me;
2341 769 2478 822 alius
2518 771 2701 823 veniet
2745 770 2798 822 iu
2845 770 3068 824 nomine
3123 784 3241 833 suo,
3288 770 3434 822 hunc
3482 769 3760 838 accipietis

2179 857 2360 930 (Joan.
2407 874 2461 923 v,
2491 859 2604 930 45).
2642 880 2660 912 ι
2696 861 2876 914 Potest
2899 861 3062 914 etiam
3093 877 3190 930 per
3213 861 3576 931 hypocritam,
3603 870 3760 930 caput

2181 950 2550 1006 Anticltristus
2569 952 2937 1026 [Antichristi]
2953 953 3221 1024 designari
3244 969 3259 1018 ;
3287 953 3547 1007 seductor
3565 953 3762 1022 quippe

2178 1040 2265 1094 ille
2280 1050 2404 1096 tunc
2418 1045 2767 1098 sanctitatem
2782 1044 3025 1108 simulat,
3043 1045 3177 1098 utad
3197 1045 3540 1114 iniquitatem
3559 1043 3762 1107 trahat,

2178 1134 2268 1187 sed
2295 1145 2512 1204 prapter
2533 1146 2750 1205 peccata
2775 1137 2958 1206 p0puli
2989 1152 3213 1206 regnare
3241 1137 3604 1206 permittitur,
3633 1135 3760 1204 quia

2177 1225 2432 1279 nimirum
2459 1236 2584 1281 tunc
2614 1228 2711 1296 ipsi
2734 1227 2993 1282 subillius
3012 1228 3273 1296 regimine
3296 1229 3762 1296 praeordinantur,

2175 1317 2299 1383 quia
2333 1317 2478 1386 digni
2510 1317 2627 1386 ejus
2683 1319 2911 1373 Domino
2961 1331 3088 1375 ante
3140 1305 3344 1374 saecula
3397 1319 3764 1388 prazsciuntur

2175 1408 2265 1476 qui
2299 1410 2535 1477 peccatis
2565 1410 3022 1480 subsequentibus
3066 1414 3311 1484 exigunt,
3341 1422 3400 1466 ut
3422 1411 3527 1466 sub
3557 1412 3649 1467 illo
3673 1412 3766 1480 ju-

2175 1500 2332 1555 diciis
2371 1504 2832 1570 prmcurrentibus
2863 1505 3243 1573 disponantur.
3287 1504 3441 1571 Quod
3471 1519 3605 1574 ergo
3637 1513 3764 1558 tunc

2173 1593 2543 1648 Antichristus
2585 1610 2750 1663 super
2777 1595 2969 1665 impius
3005 1606 3212 1666 regnat,
3246 1611 3352 1650 non
3389 1605 3476 1650 est
3515 1611 3584 1650 ex
3615 1594 3764 1664 inju-

478 1685 598 1753 quis
628 1695 702 1738 est
729 1686 818 1755 qui
847 1685 1224 1754 contempletur
1265 1685 1510 1738 eum?—
1539 1685 1707 1738 Nemo
1736 1699 1863 1753 ergo
1895 1685 2072 1738 discu-
2101 1694 2146 1752 Β
2174 1683 2320 1736 stitia
2343 1683 2564 1752 judicis,
2611 1687 2704 1739 sed
2730 1699 2797 1739 ex
2826 1685 2982 1755 culpa
3026 1687 3321 1756 patientis;
3359 1687 3616 1756 quamvis
3653 1687 3768 1754 ple-

481 1775 586 1828 tiat
638 1791 736 1828 cur
782 1783 962 1829 stante
1015 1775 1240 1829 Judaico
1288 1776 1484 1845 populo
1523 1777 1722 1830 dudum
1762 1778 1813 1829 in
1843 1775 2071 1831 infideli-

481 1877 594 1924 tate
617 1869 892 1939 gentilitas
931 1867 1247 1936 jacuit,cur
1277 1869 1343 1922 ad
1398 1869 1559 1922 Iidem
1605 1870 1912 1939 gentilitate
1958 1885 2074 1922 sur-

481 1968 640 2027 gente
667 1957 955 2013 Judaicum
987 1957 1242 2028 populum
1279 1959 1617 2012 inlidelitatis
1647 1957 1803 2028 culpa
1830 1968 2070 2027 prostra-

479 2050 580 2102 vit.
605 2047 774 2102 Nemo
802 2049 1057 2103 discutiat
1082 2064 1180 2103 cur
1210 2048 1348 2101 alius
1372 2049 1620 2102 trahatur
1649 2064 1713 2102 ex
1745 2049 1904 2109 dono,
1934 2048 2072 2102 alius

482 2141 776 2209 repellatur
824 2157 888 2195 ex
931 2142 1145 2195 merito.
1179 2141 1234 2195 Si
1285 2141 1429 2195 enim
1462 2141 1818 2211 gentilitatem
1854 2141 2072 2196 miraris

481 2245 838 2302 assumptam,
891 2235 1004 2301 ipso
1064 2234 1374 2287 concedente
1432 2251 1632 2301 pacem,
1683 2236 1800 2304 quis
1849 2243 1924 2287 est
1980 2233 2071 2302 qui

479 2325 826 2379 condemnet?
850 2324 905 2378 Si
931 2323 1172 2378 Judaeum
1197 2324 1539 2392 obstupescis
1561 2326 1843 2394 perditam,
1871 2339 1936 2377 ex
1965 2339 2072 2392 quo

475 2417 830 2472 absconderit
855 2416 1061 2468 vultum
1095 2431 1275 2480 suum,
1307 2417 1430 2485 quis
1453 2426 1537 2469 est
1565 2417 1656 2484 qui
1677 2415 2072 2483 contempletur

475 2506 643 2562 eum?
692 2505 878 2575 Itaque
909 2505 1195 2559 consilium
1237 2521 1460 2559 summa!
1491 2516 1547 2560 et
1593 2505 1818 2559 occulta:
1855 2505 2070 2561 virtutis

479 2595 782 2652 satisfactio
823 2597 895 2650 sit
947 2605 1134 2663 aperte
1192 2596 1438 2648 rationis.
1487 2593 1640 2650 Unde
1681 2595 1734 2648 in
1782 2594 2074 2664 Evangelio

478 2687 743 2744 Dominus
771 2703 891 2740 cum
931 2687 997 2739 de
1042 2684 1200 2752 hujus
1243 2686 1318 2740 rei
1364 2700 1526 2739 causa
1578 2684 1906 2753 loqueretur,
1943 2686 2018 2739 ait
2051 2703 2066 2740 :

486 2795 506 2828 ι
557 2776 834 2832 Confiteor
865 2776 984 2840 tibi,
1014 2775 1264 2838 Domine,
1296 2774 1457 2829 Pater
1501 2774 1624 2830 cmli
1661 2783 1716 2829 et
1767 2787 1942 2839 terrae,
1977 2777 2068 2844 qui

483 2869 812 2925 abscondisti
838 2870 952 2923 haec
989 2885 1016 2922 a
1043 2868 1379 2937 sapientibus
1407 2877 1462 2922 et
1497 2867 1872 2938 prudentibus,
1896 2877 1950 2921 et
1979 2883 2069 2921 re-

480 2958 674 3014 velasti
697 2974 760 3012 ea
796 2957 1036 3028 parvulis
1066 2957 1280 3027 (Matth.
1317 2972 1412 3017 xit,
1447 2956 1559 3026 55).
1595 2976 1616 3008 ι
1646 2956 1903 3025 Sequitur
1933 2974 1946 3009 :
1997 2953 2066 3008 Et

2180 1774 2332 1843 rique
2375 1785 2430 1829 et
2459 1776 2816 1844 principatum
2846 1776 2988 1832 illius
3017 1793 3124 1831 non
3164 1779 3438 1841 viderunt,
3476 1787 3534 1832 et
3585 1787 3764 1830 tamen

2177 1865 2294 1933 ejus
2349 1867 2672 1936 principatui
2730 1879 3075 1937 peccatorum
3156 1885 3376 1924 suorum
3443 1868 3766 1923 conditione

2177 1956 2512 2020 deserviunt,
2557 1958 2682 2027 quia
2712 1967 2767 2012 et
2817 1973 2979 2027 quem
3010 1958 3378 2012 dominantem
3404 1958 3510 2012 sibi
3540 1957 3767 2010 minimc

2178 2048 2539 2117 conspiciunt,
2591 2065 2713 2104 eum
2765 2051 2951 2120 procul
3005 2049 3168 2105 dubio
3221 2065 3477 2119 perverse
3526 2049 3767 2104 vivendo

2177 2147 2527 2192 venerantur.
2577 2139 2662 2192 An
2700 2155 2806 2192 non
2835 2139 2952 2208 ejus
2998 2138 3239 2193 membra
3270 2149 3395 2193 sunt
3436 2140 3527 2209 qui
3556 2154 3658 2208 per
3683 2137 3765 2192 af-

2178 2227 2388 2283 fectatae
2413 2229 2720 2282 sanctitatis
2742 2231 2973 2298 speciem
2995 2239 3257 2298 appetunt
3279 2229 3450 2284 videri
3478 2231 3623 2298 quod
3656 2247 3766 2286 non

2177 2321 2337 2374 sunt?
2379 2319 2492 2400 Ille.
2521 2336 2753 2390 namque
2794 2320 3168 2390 principaliter
3195 2321 3525 2391 hypocrisim
3559 2331 3767 2380 sumet,

2177 2413 2299 2482 quia
2333 2428 2454 2468 cum
2487 2415 2558 2468 sit
2606 2414 2894 2468 datnnatus
2928 2413 3090 2467 homo
3129 2423 3184 2467 et
3218 2429 3456 2483 nequam
3486 2414 3766 2482 spiritus,

2179 2502 2348 2556 Deum
2398 2517 2460 2556 se
2498 2518 2618 2557 esse
2655 2503 2937 2567 mentitur,
2989 2504 3082 2558 sed
3123 2505 3308 2572 procul
3349 2504 3512 2557 dubio
3543 2519 3612 2558 ex
3643 2506 3767 2574 ejus

2176 2607 2319 2646 nunc
2363 2607 2590 2662 corpore
2650 2595 2917 2662 prodeunt
2965 2595 3058 2663 qui
3116 2594 3432 2663 iniquitates
3483 2609 3612 2649 suas
3663 2595 3772 2649 sub

2179 2683 2412 2751 tegmine
2457 2685 2597 2738 sacri
2643 2685 2868 2739 honoris
2913 2685 3275 2749 abscondunt,
3320 2694 3380 2738 ut
3420 2685 3767 2754 professione

2175 2771 2344 2826 videri
2369 2783 2641 2844 appetant,
2667 2775 2811 2844 quod
2861 2789 2984 2829 esse
3026 2775 3281 2844 operibus
3330 2784 3607 2839 recusant,
3631 2778 3767 2845 quia

2176 2865 2319 2918 enim
2351 2866 2610 2932 scriptum
2661 2877 2745 2918 est
2797 2881 2810 2918 :
2857 2884 2874 2916 ι
2914 2865 3104 2921 Omnis
3142 2865 3235 2932 qui
3283 2864 3416 2920 facit
3450 2875 3765 2934 peccatum,

2177 2970 2366 3010 servus
2403 2966 2486 3010 εει
2529 2957 2734 3025 peccati
2772 2954 2955 3024 (Joan.
2989 2971 3108 3020 vin,
3139 2954 3252 3022 54).
3296 2975 3314 3006 ι
3359 2955 3579 3022 Quanto
3616 2973 3764 3012 nunc

481 3066 639 3120 super
657 3060 832 3119 gentes
872 3059 918 3102 et
949 3065 1105 3117 super
1127 3065 1303 3102 omnes
1329 3049 1582 3102 homines.
1605 3077 1676 3087 —
1696 3049 1775 3101 Ac
1805 3048 1848 3102 si
1881 3056 2067 3116 aperte
2097 3043 2141 3105 C
2174 3046 2397 3102 liberius
2446 3057 2713 3116 peragunt
2767 3063 3023 3117 perversa
3056 3065 3176 3117 qua:
3204 3048 3412 3113 volunt,
3443 3058 3595 3104 lauto
3641 3051 3768 3120 ejus

479 3143 880 3196 admoneamur
931 3141 1236 3205 attendere,
1281 3141 1405 3209 quia
1457 3139 1559 3195 hoc
1602 3140 1867 3210 judicium
1928 3141 2072 3209 quod

483 3249 649 3305 super
679 3251 839 3290 uuam
869 3244 1082 3302 gentem
1125 3235 1474 3300 describitur,
1506 3236 1669 3290 etiam
1697 3251 1860 3304 super
1883 3250 2072 3290 omnes

466 3323 732 3381 homines
756 3324 1010 3380 invisibili
1039 3325 1443 3380 examinatione
1484 3325 1814 3390 celebratur,
1844 3336 1902 3380 ut
1933 3326 2072 3382 alius

483 3418 801 3491 repellatur,
826 3447 828 3449 >
852 3419 994 3476 alius
1019 3419 1252 3492 eligatur
1277 3419 1508 3486 occulte,
1535 3419 1627 3476 sed
1657 3420 1834 3474 nullus
1855 3418 2068 3488 injuste.

479 3510 600 3569 Hoc
623 3526 756 3584 ergo
780 3513 924 3583 quod
955 3513 1008 3567 in
1039 3512 1292 3567 maximis
1320 3511 1437 3568 ﬂeri
1476 3514 1785 3577 cernimus,
1815 3513 1980 3566 etiam
2017 3511 2071 3566 in

477 3603 639 3658 nobis
660 3603 893 3674 singulis
915 3611 1074 3658 caute
1091 3603 1401 3658 timeamus.
1431 3602 1522 3657 Sic
1542 3603 1688 3657 enim
1714 3604 2072 3657 iutemluntur

482 3691 666 3748 divina
682 3691 883 3762 judicia
907 3706 1072 3761 super
1092 3708 1254 3747 unam
1283 3693 1546 3759 animam,
1568 3693 1710 3747 sicut
1732 3707 1894 3761 super
1909 3705 2071 3746 unam

481 3782 694 3847 urbem,
727 3783 868 3839 sicut
913 3798 1076 3852 super
1120 3799 1280 3837 unam
1308 3793 1545 3854 gentem,
1594 3784 1738 3838 sicut
1768 3799 1932 3853 super
1960 3785 2073 3838 uni-

483 3886 699 3928 versam
737 3873 953 3943 generis
999 3873 1218 3930 bumani
1270 3872 1692 3927 multitudinem.
1725 3871 1860 3940 Quia
1891 3881 1947 3929 et
1993 3873 2072 3929 sic

461 3964 716 4019 intendit
763 3963 1024 4020 Dominus
1057 3965 1305 4034 singulis,
1351 3980 1418 4020 ac
1437 3965 1485 4020 si
1509 3974 1720 4020 vaceta
1762 3966 1993 4028 cunctis,
2017 3974 2074 4020 et

481 4053 564 4109 sic
584 4053 745 4108 simul
769 4054 1278 4120 intenditomnihus,
1301 4070 1366 4111 ac
1395 4056 1622 4124 sivacet
1645 4072 1676 4110 a
1697 4057 1944 4127 singulis.
1968 4057 2071 4124 Qui

481 4144 629 4198 enim
654 4143 833 4198 omnia
877 4145 1306 4201 administrando
1330 4146 1536 4216 implet,
1568 4157 1720 4218 reget
1767 4149 1819 4200 in
1843 4148 2066 4217 piendo;

489 4249 593 4288 nec
617 4234 867 4289 universo
880 4237 1033 4289 deest
1059 4252 1180 4289 cum
1203 4237 1440 4306 disponit
1457 4253 1647 4301 .unum,
1677 4240 2068 4302 necuuideest,

487 4340 614 4381 cum
633 4326 868 4394 disponit
895 4326 1230 4391 universum,
1259 4339 1467 4382 cunctae
1497 4329 1707 4385 scilicet
1733 4338 1942 4386 natura:
1973 4347 2070 4387 sua

481 4415 726 4486 potentia
755 4425 906 4470 vetus
936 4426 1212 4484 operatur.
1245 4418 1504 4486 Sequitur
1535 4436 1547 4472 :

559 4505 720 4560 Vsus.
757 4503 846 4558 30.
883 4503 985 4570 Qui
1033 4521 1248 4575 regnare
1297 4506 1417 4574 fecit
1448 4507 1707 4564 hominem
1746 4509 2070 4579 hypocritam

467 4606 694 4668 propter
721 4598 1155 4667 peccatapopuli.
1173 4627 1242 4638 —
1263 4597 1398 4664 Quia
1425 4599 1586 4670 igitur
1604 4602 1668 4656 de
1693 4601 1870 4670 specie
1893 4609 2069 4657 trans-

2175 3140 2397 3192 servitio
2427 3138 2641 3192 olmoxii
2671 3139 3002 3207 obligantur.
3041 3138 3147 3192 Sed
3178 3140 3346 3208 quaeri
3382 3149 3563 3209 potest
3592 3142 3762 3195 ratio—

2173 3229 2426 3284 nabiliter
2461 3230 2730 3297 quomodo
2755 3229 2930 3282 hocin
2957 3227 3075 3283 loco
3113 3231 3335 3294 dicitur,
3364 3232 3510 3299 quod
3539 3247 3759 3300 regnan

2173 3322 2495 3392 hypocritam
2527 3320 2785 3376 Dominus
2829 3320 2976 3386 facit,
3011 3336 3132 3376 cum
3181 3322 3284 3378 hac
3312 3323 3380 3377 de
3411 3339 3469 3378 re
3505 3325 3762 3394 speciali-

2175 3422 2258 3467 ter
2277 3414 2524 3483 queritur
2550 3429 2648 3483 per
2678 3415 2991 3483 prophetam
3033 3415 3219 3470 dicens
3257 3432 3271 3468 :
3321 3434 3341 3466 α
3370 3417 3472 3486 Ipsi
3499 3433 3758 3488 regnave-

2173 3515 2324 3572 runt,
2347 3516 2529 3562 etnon
2570 3521 2637 3561 ex
2669 3523 2789 3573 me;
2843 3507 3116 3576 principes
3147 3509 3502 3576 exstiterunt,
3549 3520 3606 3564 et
3651 3525 3758 3565 non

2173 3600 2404 3668 cognovi
2446 3599 2593 3666 (Ose.
2645 3615 2762 3663 vin,
2811 3597 2890 3671 Δ).
2931 3619 2952 3652 ι
2998 3601 3132 3666 Quis
3160 3601 3304 3655 enim
3339 3611 3489 3657 recte
3519 3603 3760 3657 sentiens

2171 3689 2345 3752 dicat,
2376 3690 2502 3758 quia
2535 3688 2666 3744 facit
2702 3691 2962 3744 Dominus
3001 3691 3147 3758 quod
3187 3691 3414 3746 minime
3437 3694 3754 3758 cognoscit:

2173 3781 2266 3834 sed
2289 3781 2415 3850 quia
2456 3781 2597 3836 scire
2625 3781 2716 3835 Dei
2745 3781 3049 3851 approbare
3069 3792 3172 3845 est,
3202 3783 3416 3838 nescire
3443 3786 3754 3854 reprobate.

2173 3865 2327 3922 Unde
2353 3869 2676 3938 quibusdam
2720 3885 2857 3938 quos
2893 3873 3148 3940 reprobat
3175 3873 3349 3927 dicit:
3389 3890 3410 3922 σ
3439 3873 3640 3929 Nescio
3664 3889 3757 3928 vos

2172 3961 2314 4014 unde
2363 3962 2505 4016 sitis.
2543 3961 2818 4017 Discedite
2845 3979 2875 4017 a
2905 3978 3012 4027 me,
3061 3979 3255 4021 oumes
3279 3967 3523 4034 operarii
3556 3967 3753 4038 iniqui-

2174 4051 2300 4105 tatis
2346 4049 2498 4122 (Luc.
2532 4065 2652 4117 xm,
2695 4053 2767 4108 9.5
2794 4054 2904 4124 27).
2942 4074 2960 4108 ι
2991 4055 3057 4108 Ει
3093 4055 3388 4125 aliquando
3430 4057 3619 4113 facere
3665 4058 3754 4113 Dei

2171 4149 2279 4205 est,
2301 4157 2425 4196 cum
2448 4143 2520 4205 id,
2553 4145 2693 4212 quod
2734 4147 2849 4199 fieri
2883 4146 3152 4215 prohibet,
3184 4149 3472 4202 irascendo
3497 4149 3753 4218 permittit

2172 4237 2386 4291 metire.
2412 4236 2567 4292 Unde
2587 4247 2641 4292 et
2675 4241 2817 4308 regis
2843 4238 3058 4310 IEgypti
3100 4256 3198 4294 cor
3223 4257 3282 4295 se
3303 4241 3583 4296 obdurare
3609 4256 3750 4296 asse-

2174 4330 2302 4392 ruit,
2351 4331 2478 4398 quia
2526 4331 2774 4384 videlicet
2813 4332 3069 4386 obdurari
3108 4332 3377 4400 permisit.
3429 4332 3572 4388 Miro
3600 4332 3751 4387 modo

2096 4405 2147 4463 Ῑ)
2175 4424 2484 4494 hypocritas
2514 4423 2776 4478 Dominus
2828 4440 3058 4492 regnare
3115 4423 3246 4480 facit
3295 4435 3352 4480 et
3382 4426 3598 4491 nescit;
3630 4423 3748 4480 facit

2173 4514 2423 4580 sinendo,
2458 4515 2632 4569 nescit
2663 4513 3019 4583 reprobando.

490 4799 3712 4840 m—w

1337 5078 1341 5082 _
1430 4989 1725 5066 LIBER
1781 4987 2336 5068 VI‘CESIMUS
2395 4988 2816 5067 SEXTUS.

561 5301 725 5354 Vens.
752 5300 843 5366 '51,
872 5301 960 5356 5‘2.
993 5302 1131 5366 Quia
1159 5318 1280 5372 ergo
1321 5303 1524 5358 locutus
1549 5321 1664 5360 sum
1690 5308 1758 5360 ad
1787 5308 1976 5386 Deum,
2019 5322 2066 5365 te

2178 5309 2335 5366 fortia
2364 5311 2524 5382 paulo
2549 5312 2797 5382 superius
2820 5326 2881 5366 se
2902 5312 3104 5370 dixisse
3134 5325 3425 5383 memorat,
3461 5325 3517 5372 et
3545 5323 3740 5373 secutu-
