3948 5398
218 349 333 409 ιοι

980 353 1284 413 ιεριτοιιε
1313 352 1675 413 ΜΟΒΑῌυΜ
1715 354 1771 409 S.
1811 354 1847 409 G

1956 357 2018 413 G.
2055 358 2123 414 ΙΝ
2160 355 2300 418 JOB.
2329 388 2399 401 --
2425 359 2552 417 LIB.
2595 360 2781 418 XXVI.

3397 353 3503 412 50!

220 481 423 523 errore
452 466 733 539 requirere
762 468 1036 537 studeant,
1078 472 1299 542 quando
1336 486 1396 528 se
1436 472 1689 527 noverint
1716 485 1822 525 non
1850 478 1899 535 Α
1925 472 2140 543 erigunt
2167 487 2331 543 quam
2361 473 2693 544 relinquunt.
2724 452 2826 541 Qui
2876 474 3019 529 enim
3052 471 3377 528 necessitate
3406 482 3504 526 ee-

220 571 471 612 errasse.
518 556 622 625 Qui
653 574 870 614 rursum
899 560 1179 631 requirere
1227 561 1311 615 vel
1338 561 1490 631 argui
1531 560 1599 617 de
1636 575 1822 616 errore

224 646 569 717 despiciunt,
609 649 655 704 si
692 650 911 719 quando
946 665 1007 706 se
1047 666 1263 708 errasse
1312 652 1581 709 veraciter
1614 666 1819 722 cogno-

222 746 414 794 scunt.
450 738 712 810 Sequitur
738 754 753 770 '

303 829 474 887 Vsus.
504 831 594 886 55.
622 831 675 887 Ν
681 834 938 904 unquia-a
965 842 1014 887 te
1040 833 1177 889 Deus
1197 837 1387 904 expetit
1406 852 1545 901 eam,
1568 837 1693 906 quia
1712 838 1822 890 dis-

223 927 416 998 plicuit
465 928 601 982 tibi?
633 934 701 969 -ὲ-
737 928 817 983 Ac
867 929 913 983 si
960 929 1165 986 diceret
1194 947 1208 985 :
1242 930 1354 999 Ego
1377 945 1560 984 coram
1593 931 1702 984 Deo
1728 943 1821 984 ra-

230 1022 410 1074 tiones
438 1021 716 1092 positurus
766 1036 906 1076 sum.
934 1022 1044 1078 Cur
1072 1024 1232 1079 modo
1273 1025 1529 1095 iniquitas
1568 1039 1688 1080 mea
1712 1039 1741 1078 a
1769 1033 1821 1080 te

228 1110 689 1179 reprehenditur?
711 1110 842 1179 Quae
856 1121 1067 1169 constat
1084 1115 1227 1184 quia,
1255 1116 1397 1185 quod
1419 1116 1473 1168 in
1497 1115 1701 1185 judicio
1722 1124 1822 1172 ate

227 1216 343 1255 nou
374 1204 710 1274 requiratur.
760 1204 914 1261 Recti
949 1207 1076 1272 viri,
1118 1222 1243 1262 eum
1277 1206 1472 1274 injuste
1495 1208 1565 1263 ab
1591 1208 1824 1264 homini-

230 1298 339 1353 bus
369 1298 729 1369 impetuntur,
775 1302 842 1356 ad
874 1317 1168 1372 supernum
1197 1303 1461 1371 judicium
1514 1313 1820 1360 recurrunt.

232 1388 397 1447 Unde
418 1392 561 1446 etab
582 1393 772 1448 eodem
800 1393 902 1449 Job
920 1394 1123 1469 dicitur
1150 1413 1164 1448 :
1201 1412 1221 1446 ι
1256 1394 1394 1450 Ecce
1426 1397 1478 1450 in
1505 1395 1647 1451 ctelo
1673 1396 1826 1452 testis

234 1496 426 1546 meus,
458 1492 515 1538 et
540 1484 791 1540 conscius
821 1499 973 1541 meus
998 1486 1051 1541 in
1076 1474 1307 1542 excelsis
1331 1487 1456 1557 (Job
1505 1503 1617 1549 xvi.
1648 1487 1761 1559 20).
1800 1507 1820 1542 ι

234 1571 309 1626 Et
333 1573 462 1643 quia
516 1574 566 1629 ei
597 1590 939 1646 summopere
987 1576 1200 1648 placere
1230 1579 1473 1647 cupiunt,
1512 1577 1631 1649 ejus
1659 1577 1828 1633 solius

234 1666 617 1722 testimonium
643 1668 946 1739 requirunt.
986 1669 1232 1725 Perversi
1257 1686 1475 1743 quoque
1506 1672 1630 1742 quia
1646 1669 1827 1739 justo-

235 1767 365 1809 rum
395 1755 564 1810 vitam
585 1756 862 1822 deserunt,
910 1758 1006 1814 sed
1029 1774 1410 1830 nonnunquam
1443 1760 1652 1831 eloquia
1676 1775 1829 1816 scru-

1928 575 2107 635 gente,
2135 583 2262 622 vera
2292 568 2359 623 de
2384 583 2444 623 se
2466 568 2605 622 bona
2636 567 2893 636 loquitur,
2935 572 3085 620 tanto
3123 564 3297 635 magis
3324 562 3506 618 humi-

1929 657 2066 712 litati
2112 657 2379 731 jungitur,
2429 666 2634 731 quanto
2660 670 2716 714 et
2757 658 2972 715 veritati
3010 657 3269 714 sociatur.
3313 653 3508 725 Sequi—

1927 758 2058 806 tur:

1996 841 2163 898 Vsus.
2200 842 2291 898 36.
2348 843 2508 898 Pater
2550 844 2645 909 mi,
2693 843 2940 913 probetur
2978 840 3080 896 Job
3128 857 3291 911 usque
3336 839 3405 892 ad
3451 837 3515 908 ﬁ-

1926 948 2065 986 nem.
2110 961 2184 973 —-
2217 931 2356 988 Ecce
2385 933 2486 988 hoc
2510 933 2654 1004 quod
2682 933 2747 988 de
2782 933 3106 1004 arrogantiae
3141 941 3351 986 tumore
3378 944 3514 985 con-

1926 1030 2167 1091 ceperat,
2204 1022 2258 1077 in
2286 1022 2468 1078 verbis
2502 1023 2669 1078 etiam
2712 1020 3108 1076 maledictionis
3147 1018 3365 1083 exaltat,
3417 1015 3514 1072 sed

1927 1109 2159 1167 fortasse
2192 1112 2448 1167 benevole
2471 1113 2579 1167 vim
2603 1111 2936 1181 probationis
2962 1119 3204 1181 optaret,
3228 1111 3271 1165 si
3300 1109 3516 1164 stetisse

1926 1218 2049 1258 eum
2072 1204 2125 1257 in
2156 1202 2799 1275 probationejudicasset.
2846 1202 2914 1259 Ut
2934 1218 3064 1258 vero
3089 1210 3271 1273 aperte
3304 1199 3517 1256 malitia

1926 1295 2043 1364 ejus
2075 1294 2409 1350 crudelitatis
2428 1304 2703 1365 appareat,
2735 1295 2964 1365 probare
2985 1295 3160 1350 adhuc
3189 1309 3284 1363 per
3310 1290 3519 1362 ﬂagella

1927 1384 2249 1454 deprecatur
2297 1399 2456 1455 quem
2499 1384 2641 1440 inter
2690 1383 2897 1455 ﬂagella
2950 1384 3156 1455 lapsum
3204 1382 3368 1438 fuisse.
3404 1380 3518 1450 jam

1929 1473 2194 1542 queritur,
2226 1475 2490 1544 praemisit
2533 1474 2675 1545 quod
2698 1474 2890 1539 sensit,
2925 1483 2985 1529 ut
3007 1473 3247 1544 apertius
3268 1470 3522 1541 cognosci

1930 1562 2122 1619 debeat
2146 1565 2287 1633 quod
2312 1572 2480 1635 optat.
2524 1565 2713 1620 Adhuc
2744 1563 2902 1620 feriri
2947 1565 3185 1635 postulat
3223 1563 3366 1635 quod
3408 1562 3524 1633 jam

1929 1669 2188 1726 peccasse
2226 1657 2327 1712 sub
2364 1671 2526 1711 manu
2567 1655 2814 1712 ferientis
2852 1666 3091 1712 accusat.
3150 1656 3373 1726 Propria
3403 1656 3522 1709 hinc

1932 1748 2309 1818 arrogantium
2352 1757 2482 1803 vota
2529 1757 2676 1815 sunt,
2710 1757 2769 1803 ut
2796 1748 2961 1803 vitam
2992 1747 3283 1803 dolentium
3312 1743 3523 1801 exami-

238 1854 453 1911 tantur,
481 1862 608 1904 cum
653 1849 722 1904 de
762 1848 878 1904 suis
926 1849 1067 1905 male
1117 1851 1285 1920 geslis
1333 1851 1701 1921 increpant”,
1730 1851 1835 1906 hoc
1864 1832 1910 1892 Β
1938 1839 2056 1895 nari
2106 1839 2287 1894 acrius
2328 1840 2702 1909 deprecentur,
2744 1840 2868 1911 quia
2918 1847 3121 1909 quanto
3149 1838 3366 1893 sibimet
3395 1835 3527 1906 ipsis

237 1948 535 1995 assumunt
566 1940 623 1995 in
657 1951 984 2012 argumento
1009 1942 1363 2009 defensionis,
1386 1942 1676 2015 quodjusti
1706 1957 1837 2014 pro-

240 2030 433 2087 ferunt
458 2047 584 2087 cum
597 2033 911 2088 testimonio
923 2034 1194 2103 puritatis.
1215 2032 1368 2090 Unde
1387 2034 1468 2089 eis
1481 2042 1536 2089 et
1547 2044 1840 2090 consuetu-

245 2121 325 2177 do
339 2120 456 2190 jam
489 2122 633 2177 facta
656 2126 761 2189 est,
786 2133 847 2179 ut
866 2124 915 2180 si
939 2128 1063 2194 quis
1080 2140 1175 2181 eos
1205 2125 1272 2180 de
1297 2125 1456 2181 factis
1487 2126 1600 2181 suis
1628 2133 1840 2195 arguat,

242 2213 347 2268 Dei
374 2215 547 2284 magis
567 2215 833 2286 judicium
866 2232 1029 2287 quam
1060 2218 1343 2272 hominum
1367 2227 1633 2287 quaerant.
1658 2218 1703 2271 Α
1731 2218 1843 2274 Deo

238 2304 395 2361 enim
410 2314 468 2360 et
480 2323 604 2362 cum
626 2323 686 2363 se
698 2309 1032 2365 damnandos
1048 2309 1318 2375 noverint,
1328 2308 1558 2378 judicari
1574 2319 1840 2376 metuunt,

238 2394 485 2466 judicari
515 2398 586 2453 ab
628 2398 938 2456 hominibus
984 2400 1329 2457 erubescunt.
1360 2400 1673 2472 Proponuut
1717 2388 1861 2474 ergo

248 2490 431 2560 magis
447 2492 593 2559 quod
616 2500 886 2557 metuunt,
917 2501 976 2548 ut
1006 2492 1108 2549 hoc
1130 2494 1310 2549 minus
1337 2493 1610 2550 declinare
1633 2495 1848 2551 valeant

244 2584 401 2653 quod
414 2584 762 2640 erubescunt.
779 2584 1055 2656 Scriptum
1073 2588 1270 2657 quippe
1284 2594 1400 2642 est:
1426 2606 1444 2638 ι
1458 2586 1847 2657 Unusquisque

251 2683 508 2729 nostrum
523 2690 623 2744 pro
639 2691 699 2731 se
722 2678 987 2733 rationem
1005 2678 1192 2732 reddet
1211 2678 1321 2733 Deo
1344 2677 1521 2750 (Rom.
1549 2695 1661 2743 xiv,
1689 2679 1798 2741 1‘2).
1824 2699 1842 2731 ι

250 2767 401 2835 Quia
436 2783 569 2823 vero
618 2772 739 2825 ess’e
769 2770 1150 2835 culpabiliores
1179 2770 1355 2825 solent
1380 2770 1435 2824 hi
1477 2771 1568 2841 qui
1608 2771 1751 2840 loqui
1793 2771 1848 2826 in

251 2860 610 2915 contentione
654 2860 934 2920 inchoant.
964 2876 1124 2931 quam
1152 2861 1241 2931 qui
1275 2861 1675 2930 responderint,
1722 2861 1850 2917 sub—

255 2947 409 3003 didit
448 2947 636 3004 dicens
664 2963 680 3001 :
717 2947 795 3002 Tu
821 2950 956 3003 enim
982 2951 1179 3020 coepisti
1214 2950 1376 3021 loqui,
1403 2961 1450 3005 et
1492 2966 1595 3005 non
1643 2967 1756 3021 ego.
1781 2980 1852 2992 —

259 3036 345 3093 Eo
375 3053 437 3094 se
462 3038 805 3094 innocentem
834 3040 1081 3103 credidit,
1105 3056 1215 3111 quo
1243 3041 1487 3111 pulsatus
1531 3041 1731 3110 erupit,
1761 3041 1849 3096 ni-

259 3128 469 3184 mirum
495 3131 744 3186 uesciens
767 3131 893 3201 quia
921 3130 1229 3185 innocentia
1267 3145 1372 3185 non
1400 3140 1642 3203 tempore
1665 3129 1852 3185 defen-

1932 1929 2189 2002 justiores
2217 1940 2360 1995 sunt,
2390 1938 2537 1984 tanto
2577 1929 2767 1985 alienis
2809 1928 3082 1986 doloribus
3125 1929 3370 1983 duriores
3411 1924 3530 1981 exi-

1939 2027 2104 2074 stunt.
2154 2018 2414 2074 Nesciunt
2446 2021 2589 2075 enim
2626 2021 2679 2075 in
2708 2035 2767 2076 se
2791 2021 3097 2090 passionem
3136 2018 3324 2073 alienae
3373 2016 3529 2071 infir-

1941 2110 2147 2165 mitatis
2186 2112 2424 2177 trahere,
2452 2121 2505 2167 et
2533 2112 2676 2167 sicut
2697 2127 2829 2178 suae,
2858 2112 2932 2166 ita
2959 2113 3124 2166 etiam
3167 2108 3395 2181 proximi
3430 2107 3531 2162 im—

1940 2201 2223 2258 becillitati
2278 2203 2548 2259 misereri.
2611 2202 2729 2261 Viri
2795 2213 2974 2259 autem
3035 2204 3303 2261 veraciter
3357 2201 3532 2257 sancti

1942 2292 2199 2365 ﬂagellari
2239 2294 2547 2366 quempiam
2573 2295 2735 2351 etiam
2763 2312 2860 2366 pro
2900 2296 3055 2366 culpa
3101 2301 3450 2366 cognoscunt,
3477 2302 3534 2348 et

1944 2386 1988 2441 si
2018 2385 2263 2456 qumdam
2302 2385 2419 2456 ejus
2467 2386 2771 2441 inordinata
2823 2388 3145 2458 corripiunt,
3190 2387 3257 2440 ad
3286 2386 3530 2455 quaedam

1947 2487 2127 2532 tamen
2178 2475 2411 2531 dolentia
2451 2476 2855 2547 compatiuntur
2879 2519 2893 2541 ,
2926 2486 2980 2531 et
3007 2478 3187 2532 sciunt
3213 2476 3291 2531 sic
3327 2484 3537 2529 tumen-

1949 2566 2020 2621 tia
2052 2580 2321 2636 premere,
2353 2575 2413 2621 ut
2444 2567 2621 2622 sciant
2656 2567 2819 2622 etiam
2848 2575 3071 2623 cruenta
3101 2565 3363 2627 refovere,
3405 2578 3539 2634 qua-

1950 2667 2107 2715 tenus
2133 2659 2187 2714 in
2210 2658 2289 2714 eis
2316 2673 2439 2714 cum
2484 2657 2619 2713 dura
2654 2659 2967 2724 emolliunt,
3012 2659 3221 2713 infirma
3263 2655 3537 2711 roborent.

1951 2751 2211 2821 Sequitur
2242 2767 2256 2805 :
2282 2748 2367 2805 Ne
2402 2750 2611 2805 desinas
2659 2750 2722 2804 ab
2760 2751 2968 2806 homine
3000 2747 3309 2821 iniquitatis.
3340 2776 3408 2787 --
3434 2744 3541 2799 llo—

1950 2844 2151 2899 minem
2185 2843 2484 2914 iniquitatis
2505 2852 2680 2907 vocat,
2705 2859 2864 2914 quem
2888 2842 3027 2898 Deus
3044 2839 3248 2911 justum
3281 2855 3391 2911 prie
3415 2853 3538 2894 om-

1950 2933 2109 2991 nibus
2138 2950 2370 3006 superna
2393 2934 2741 2991 attestatione
2766 2933 3064 2990 denuntiat.
3118 2932 3373 3004 Sequitur
3398 2946 3413 2983 :

2021 3025 2187 3082 Vens.
2228 3026 2318 3080 57.
2358 3025 2463 3093 Qui
2513 3026 2662 3080 addit
2698 3042 2854 3095 super
2894 3034 3103 3096 peccata
3152 3040 3249 3077 sua
3300 3021 3543 3091 blasphe-

1955 3118 2137 3172 miam.
2162 3147 2233 3157 —
2261 3119 2496 3173 Accusat
2543 3132 2665 3172 eum
2710 3126 2767 3171 et
2802 3132 2900 3187 pro
2928 3115 3164 3186 peccatis
3191 3113 3302 3170 suis
3336 3111 3548 3183 ﬂagella

262 3206 438 3284 ditur,
493 3222 586 3277 sed
628 3190 857 3277 ratione.
910 3221 1050 3289 Quid
1102 3222 1247 3277 enim
1281 3221 1400 3289 ejus
1449 3190 1855 3279 detensionibus
1881 3190 1927 3253 C
1959 3212 2240 3276 meruisse,
2270 3219 2323 3266 et
2348 3219 2467 3281 post
2492 3209 2697 3283 ﬂagella
2720 3225 2992 3281 peccasse.
3036 3208 3218 3278 Longe
3241 3222 3367 3261 vero
3391 3205 3547 3261 aliter

260 3310 733 3367 adminiculatur?
760 3310 915 3379 Quod
954 3311 999 3365 si
1052 3312 1249 3366 tacenti
1283 3312 1425 3367 nulla
1475 3312 1676 3377 intulit,
1710 3322 1859 3369 recte

262 3415 454 3460 tamen
485 3403 761 3459 iuchoanti
792 3419 957 3474 prava
983 3405 1281 3476 respondit.
1312 3403 1466 3471 Quod
1488 3406 1535 3460 si
1560 3405 1687 3475 quid
1722 3406 1859 3460 nosti

261 3494 481 3560 melius,
508 3493 735 3560 loquere.
759 3493 1040 3562 Quamvis,
1079 3496 1206 3550 dum
1236 3511 1341 3550 non
1366 3496 1462 3563 ait,
1507 3498 1632 3567 quia
1664 3497 1859 3552 melius

264 3590 440 3664 nosti,
494 3589 588 3645 sed
618 3589 748 3659 quid
798 3589 990 3645 melius
1042 3591 1224 3655 nosti,
1276 3590 1520 3660 loquere,
1557 3591 1719 3646 nimis
1758 3591 1862 3646 hoc

264 3682 451 3752 ipsum
476 3683 786 3752 superhisse
804 3690 911 3747 est,
943 3682 1009 3737 de
1036 3682 1279 3737 melioris
1306 3683 1536 3738 scientia
1559 3682 1858 3738 dubitasse.

270 3775 438 3840 Ecce,
478 3776 604 3829 dum
635 3775 791 3845 quasi
839 3775 1117 3831 humiliter
1148 3776 1305 3830 beato
1328 3774 1431 3830 Job
1467 3775 1613 3844 loqui
1651 3775 1860 3841 tribuit,

267 3866 419 3935 quod
452 3866 781 3921 intrinsecus
812 3875 1072 3934 gestaret,
1103 3866 1357 3921 ostendit.
1415 3864 1674 3935 Sequitur
1704 3880 1719 3919 :

351 3956 511 4012 Vens.
563 3957 654 4012 54.
704 3956 815 4011 Viri
863 3955 1207 4028 intelligentes
1258 3957 1543 4027 loquantur
1605 3956 1753 4011 milii.
1794 3986 1865 3997 —

275 4048 615 4118 Dedignatus
639 4046 893 4103 videlicet
912 4047 958 4100 si
983 4047 1143 4102 beato
1178 4044 1277 4101 Job
1308 4045 1452 4117 loqui
1482 4053 1858 4117 praesumeret,

273 4140 372 4213 qui
410 4141 564 4212 quasi
609 4138 727 4209 ejus
754 4139 1055 4210 intelligere
1078 4141 1243 4194 verba
1274 4155 1378 4194 non
1413 4149 1617 4211 posset.
1647 4139 1715 4194 Et
1738 4139 1865 4209 quia

274 4250 387 4289 non
416 4232 592 4288 solum
620 4231 687 4286 ad
724 4230 1075 4300 loquendum,
1108 4231 1200 4286 sed
1230 4232 1395 4286 etiam
1445 4232 1508 4286 ad
1538 4231 1867 4286 audiendum

273 4324 497 4378 beatum
539 4319 640 4377 Job
696 4321 974 4393 indignum
1025 4319 1191 4374 fuisse
1234 4321 1519 4390 judicavit,
1574 4322 1864 4392 sequitur:

283 4415 385 4469 Vir
404 4416 615 4484 sapiens
643 4412 829 4468 audiat
874 4428 975 4467 me.
1006 4442 1077 4453 —-
1102 4412 1178 4467 Ac
1204 4411 1247 4466 si
1273 4412 1482 4467 diceret
1513 4429 1526 4465 :
1558 4410 1692 4467 Huic
1719 4411 1866 4482 loqui

277 4506 482 4576 injuste
513 4505 853 4572 conceditur,
896 4504 988 4576 qui
1027 4505 1190 4560 etiam
1225 4503 1415 4559 audire
1450 4504 1617 4559 verba
1647 4505 1864 4575 Sapien-

1960 3299 2219 3355 Dominus
2235 3298 2466 3367 judicat,
2505 3300 2597 3370 qui
2629 3309 2679 3353 et
2706 3299 2906 3368 frustra
2933 3296 3256 3369 ﬂagellatam
3287 3295 3546 3359 insinuat,

1958 3401 2014 3447 et
2034 3392 2174 3447 bona
2206 3391 2439 3461 duplicia
2466 3399 2588 3461 post
2621 3388 2827 3461 ﬂagella
2865 3388 3141 3453 retribuit;
3195 3400 3352 3457 paena
3401 3384 3550 3440 enim

1960 3483 2186 3540 debetur
2212 3483 2405 3552 culpm,
2432 3497 2537 3536 non
2569 3481 2869 3553 praemium.
2923 3479 3119 3535 Beatus
3151 3494 3279 3549 ergo
3308 3476 3411 3533 Job
3435 3476 3552 3532 sine

1961 3572 2118 3642 culpa
2175 3570 2389 3627 locutus
2438 3571 2742 3626 ostenditur
2781 3612 2796 3636 ,
2853 3586 3013 3641 quem
3064 3577 3182 3640 post
3222 3568 3552 3624 locutionem

1961 3664 2180 3736 praemia
2220 3664 2644 3733 subsequuntur.
2688 3661 2946 3732 Sequitur
2984 3680 2997 3715 :
3039 3660 3188 3713 Inter
3220 3675 3314 3713 nos
3343 3657 3553 3711 interim

1963 3757 2369 3827 constringatur,
2400 3765 2446 3809 et
2479 3764 2601 3809 tunc
2630 3756 2699 3808 ad
2711 3754 2976 3825 judicium
3020 3761 3259 3822 provocet
3302 3750 3557 3805 sermoni-

1965 3848 2057 3902 bus
2098 3848 2205 3902 suis
2244 3847 2429 3903 Deum.
2453 3879 2523 3889 ——
2546 3848 2624 3903 Ac
2665 3848 2710 3901 si
2763 3846 2967 3901 diceret
2996 3859 3010 3898 :
3043 3844 3119 3898 Ex
3154 3851 3335 3897 nostra
3375 3856 3557 3897 asser~

1966 3938 2111 3994 tione
2138 3945 2449 4009 c0gnoscat,
2499 3938 2623 4007 quia
2667 3950 3000 4006 nequaquam
3040 3934 3231 3991 divinae
3278 3930 3557 3987 examina-

1968 4031 2099 4087 tioni
2131 4030 2378 4087 suﬂiciat.
2433 4028 2691 4100 Sequitur
2722 4044 2735 4081 :

2512 4117 2739 4176 CAPUT
2788 4115 3005 4172 XXXV.

2040 4212 2215 4284 Igitur
2251 4211 2376 4267 Eliu
2413 4212 2525 4267 lucc
2549 4226 2758 4265 rursum
2788 4208 2991 4263 locutus
3014 4217 3202 4279 est.'—
3241 4205 3432 4262 Omnis
3468 4206 3561 4276 qui

1969 4305 2139 4361 multa
2182 4305 2443 4376 loquitur,
2494 4304 2549 4360 in
2597 4302 2868 4358 locutione
2910 4317 3029 4357 sua,
3062 4300 3273 4373 semper
3324 4301 3563 4371 incipere

1970 4395 2176 4460 studet,
2206 4378 2475 4465 quatenus
2508 4392 2853 4448 inchoatione
2878 4391 2995 4463 ipsa
3032 4391 3563 4463 suspensosaudito-

1974 4501 2064 4542 res
2095 4484 2277 4552 faciat,
2302 4492 2356 4541 et
2387 4499 2453 4539 eo
2497 4485 2757 4540 attentius
2786 4492 3020 4549 taceant,
3047 4499 3154 4555 quo
3179 4483 3337 4555 quasi
3366 4497 3566 4540 novum

278 4559 417 4653 tium
448 4613 555 4653 non
582 4603 842 4651 meretur.
868 4559 1045 4662 Aique
1071 4608 1191 4649 mox
1217 4600 1404 4663 aperte
1427 4607 1587 4663 quam
1612 4559 1847 4665 despect:

1974 4580 2163 4635 audire
2190 4577 2390 4649 aliquid
2418 4585 2755 4648 exspectant.
2796 4576 3091 4647 Sequitur:

281 4690 351 4747 de
380 4689 476 4745 illo
501 4690 721 4752 sentiat,
752 4685 1065 4740 manifestat
1100 4683 1286 4739 dicens
1320 4702 1333 4737 :

2044 4668 2210 4725 Vens.
2246 4670 2297 4736 i,
2324 4668 2379 4724 2.
2425 4667 2681 4740 Nunquid
2722 4667 2815 4721 tibi
2855 4684 3004 4738 aqua
3049 4666 3252 4721 videtur
3290 4675 3384 4720 tua
3423 4666 3567 4734 cogi—

1976 4761 2130 4826 tatio,
2180 4770 2234 4813 ut
2281 4759 2477 4812 diceres
2509 4773 2526 4810 :
2554 4758 2760 4812 Justior
2787 4755 2895 4809 Deo
2918 4772 3031 4809 sum
3057 4754 3083 4808 2
3105 4784 3176 4795 —
3198 4753 3333 4821 Quia
3376 4751 3571 4806 beatus

1977 4851 2077 4908 Job
2106 4850 2391 4922 justiorem
2423 4862 2482 4904 se
2513 4849 2618 4904 Deo
2639 4863 2745 4902 non
2774 4846 2991 4909 dixerit,
3026 4844 3201 4899 omnis
3229 4842 3320 4912 qui
3363 4850 3569 4895 textum

1982 4942 2218 4999 historia:
2245 4941 2374 5013 legit
2414 4941 2677 5010 agnoscit.
2717 4935 2825 4991 Sed
2857 4936 2968 4990 ait:
3005 4954 3022 4987 ι
3048 4933 3318 5003 Proponat
3348 4929 3576 4999 aequita-

1984 5045 2092 5091 tem
2144 5044 2338 5092 contra
2386 5048 2489 5095 me,
2525 5043 2579 5088 et
2610 5029 2890 5104 perveniat
2915 5029 2982 5085 ad
3009 5026 3287 5083 victoriam
3313 5022 3577 5091 judicium

1984 5144 2163 5185 meum
2208 5127 2329 5199 (Job
2370 5141 2530 5192 mu,
2581 5126 2657 5197 7).
2700 5143 2719 5176 ι
2777 5120 2958 5174 Vitam
2995 5134 3143 5175 suam
3170 5114 3419 5170 videlicet
3439 5127 3579 5184 pen-

355 4777 527 4835 Vens.
551 4776 641 4833 35.
674 4776 779 4831 Job
803 4785 976 4830 autem
1005 4774 1161 4829 stulte
1199 4772 1405 4828 locutus
1424 4782 1519 4838 est,
1549 4782 1595 4827 et
1625 4773 1776 4829 verba
1801 4773 1870 4827 il-

284 4871 391 4926 lius
418 4887 523 4925 non
556 4877 748 4923 sonant
774 4867 1128 4937 disciplinam.
1156 4895 1226 4905 —
1249 4863 1377 4919 Sine
1407 4863 1691 4934 disciplina
1717 4863 1871 4919 locu—

288 4972 401 5018 tum
416 4962 635 5016 beatum
661 4957 764 5014 Job
793 4957 1042 5022 credidit,
1071 4959 1197 5029 quia
1216 4959 1423 5030 justum
1452 4976 1509 5016 se
1540 4960 1592 5014 in
1610 4961 1723 5016 suis
1745 4975 1875 5029 ope-

287 5053 439 5109 ribus
470 5052 636 5107 fuisse
660 5049 1005 5104 memoravit.
1028 5046 1228 5106 Verum
1258 5050 1491 5105 fortasse
1512 5050 1631 5105 Elin
1650 5051 1875 5116 diceret,

289 5145 333 5199 si
360 5160 423 5200 ea
467 5158 585 5210 qua:
610 5143 803 5199 beatus
833 5138 935 5195 Job
974 5141 1040 5195 de
1075 5142 1252 5210 seipso
1291 5152 1629 5208 narraverat,
1676 5159 1784 5199 non
1815 5142 1880 5198 de
