3948 5398
533 375 644 432 ωδ

1499 372 1556 427 5.
1594 372 1846 430 ODONIS
1882 371 2170 427 ABBATIS
2207 371 2706 428 CLUNIACENSIS
2744 371 2786 427 ll

3632 385 3714 441 ιοι

535 498 714 556 gerem
742 500 867 540 eum
911 483 1110 538 frustra
1151 482 1272 553 (Job
1310 499 1368 549 ιι,
1410 484 1489 554 5).
1517 504 1539 536 ›
1598 485 1690 538 Vel
1728 492 1877 539 certe
1914 483 2109 538 intueri
2136 489 2185 548 Α
2212 497 2370 552 quos,
2403 499 2507 537 non
2539 483 2711 538 solum
2745 484 2838 552 qui
2861 485 3132 538 exteriora
3194 486 3330 539 bona
3390 490 3602 558 rapiunt,
3642 499 3715 551 sed

537 573 907 642 Redemptoris
946 573 1116 627 nostri
1156 573 1494 642 praesentiam
1547 575 1739 642 potuit.
1791 574 1908 643 Ipse
1963 573 2108 628 enim

535 667 730 735 quiest
756 665 926 719 virtus
953 664 1130 722 Patris
1160 673 1214 719 et
1235 667 1521 736 sapientia,
1551 668 1713 722 etiam
1739 667 1853 736 ejus
1885 668 2110 736 aequitas

537 769 641 807 non
687 755 1126 810 inconvenienter
1169 756 1449 826 accipitur.
1506 757 1675 823 Quam
1715 757 1920 812 scilicet
1947 759 2112 828 aequi-

539 852 729 909 tatem,
783 843 907 913 quia
961 845 1101 899 Deus
1146 845 1343 914 iniquis
1400 845 1726 916 fugientibus
1776 848 2110 902 incarnatam

537 931 866 987 ostendendo
905 942 1090 987 contra
1131 935 1326 1002 posuit,
1350 950 1442 990 eos
1467 937 1713 1005 protinus
1737 936 1804 991 ab
1832 936 2112 1006 iniquitate

538 1021 827 1077 revocavit.
877 1020 1133 1093 Sequitur
1163 1041 1175 1076 :

609 1109 771 1164 Vens.
802 1111 854 1164 5.
907 1109 1101 1166 Dia-isti
1143 1114 1277 1166 enim
1310 1127 1330 1165 :
1368 1113 1491 1167 Non
1535 1113 1627 1167 tibi
1663 1113 1830 1182 placet
1866 1115 2004 1185 quod
2035 1131 2116 1168 re—

537 1211 674 1254 ctum
701 1211 796 1265 est,
827 1203 902 1255 vel
924 1202 1046 1271 quid
1068 1203 1159 1256 tibi
1189 1205 1441 1272 proderit,
1471 1205 1518 1258 si
1553 1221 1644 1274 ego
1685 1221 1962 1274 peccavero
1985 1206 2010 1258 ?
2043 1235 2116 1246 —

539 1290 596 1344 Si
638 1299 746 1344 tota
794 1291 912 1346 libri
951 1293 1118 1347 series
1146 1293 1457 1358 attenditur,
1487 1294 1562 1348 nil
1590 1294 1780 1348 borum
1804 1295 1994 1350 beatus
2017 1293 2117 1348 Job

538 1381 742 1435 dixisse
771 1391 1122 1447 monstratur,
1147 1383 1242 1439 sed.
1269 1393 1587 1454 arrogantes
1615 1398 1737 1438 cum
1757 1397 1863 1438 non
1892 1393 2118 1456 possunt

539 1470 932 1538 reprehendere
972 1471 1118 1540 juste
1155 1487 1273 1542 qua:
1324 1481 1469 1537 sunt,
1521 1471 1920 1542 reprehendunt
1963 1487 2116 1526 men-

542 1562 722 1617 tiendo
748 1578 865 1632 qua:
893 1579 998 1617 non
1030 1574 1174 1618 sunt.
1233 1563 1488 1634 Sequitur
1517 1581 1532 1620 :

610 1653 772 1708 Vens.
807 1656 862 1708 4.
917 1653 1102 1724 Itaque
1144 1671 1233 1724 ego
1280 1654 1591 1724 respondebo
1631 1653 1952 1708 sermonibus
2015 1654 2117 1708 tuis

538 1754 584 1797 et
633 1744 814 1799 amicis
865 1745 966 1798 tuis
1014 1746 1490 1800 tecum—Dictis
1549 1745 1914 1814 superioribus
1963 1744 2118 1814 quasi

538 1835 680 1890 beati
708 1833 807 1888 Job
831 1834 1117 1904 culpabilia
1151 1837 1315 1890 verba
1342 1837 1603 1900 narravit,
1632 1846 1792 1905 atque
1813 1851 1880 1892 ex
1907 1836 1988 1890 eis
2017 1835 2118 1889 sibi

539 1925 818 1978 materiam
845 1924 1093 1994 loquendi
1116 1926 1438 1995 praeposuit;
1468 1926 1561 1981 sed
1584 1926 1763 1981 verbis
1791 1927 2123 1996 subsequen-

541 2015 682 2070 tibus
717 2014 837 2069 forti
888 2018 1134 2071 acumine
1164 2018 1378 2072 discutit
1404 2017 1505 2072 hoc
1531 2017 1673 2088 quod
1699 2017 1802 2073 sibi
1821 2017 1888 2072 ad
1911 2016 2122 2072 dicendi

539 2106 818 2160 materiam
848 2106 1110 2161 fallaciter
1133 2107 1306 2173 finxit,
1331 2116 1384 2160 et
1407 2106 1576 2162 fortes
1603 2107 1816 2177 quidem
1843 2115 1972 2162 sunt
1996 2120 2123 2160 sen-

543 2195 724 2252 tentia:
738 2213 856 2272 qua:
876 2206 1196 2270 sequuntur,
1227 2198 1321 2252 sed
1343 2198 1484 2252 beati
1508 2196 1607 2254 .Iob
1632 2211 1875 2267 persona:
1902 2194 2123 2250 minime

541 2298 865 2358 congruunt.
917 2288 1171 2358 Sequitur
1201 2309 1214 2342 :

611 2379 774 2434 Vens.
805 2378 859 2445 5,
890 2379 942 2444 ϐ,
975 2379 1027 2432 7.
1072 2377 1287 2449 Suspice
1313 2379 1516 2444 caelum,
1562 2390 1607 2433 et
1649 2379 1870 2443 intuere,
1913 2387 1960 2432 et
2001 2393 2124 2432 con—

541 2470 786 2540 templare
832 2473 1044 2535 a'tltera,
1089 2471 1225 2540 quod
1269 2470 1430 2524 altior
1476 2481 1524 2523 te
1569 2471 1656 2523 sit.
1704 2468 1763 2523 Si
1808 2468 2122 2538 peccaveris,

538 2563 663 2634 quid
687 2564 732 2617 ei
763 2562 964 2617 nocebis
989 2563 1013 2616 ?
1063 2560 1126 2616 Et
1155 2562 1200 2616 si
1220 2561 1577 2632 multiplicata:
1603 2560 1796 2630 fuerint
1828 2559 2124 2629 iniquitates

541 2666 663 2720 tute,
684 2656 810 2725 quid
836 2655 999 2723 facies
1029 2663 1212 2708 contra
1252 2671 1368 2708 eum
1395 2654 1418 2707 ?
1451 2651 1622 2707 Porro
1665 2655 1710 2707 si
1747 2653 1894 2723 juste
1936 2650 2123 2721 egeris,

539 2745 662 2815 quid
685 2743 902 2799 donabis
933 2745 999 2810 ei,
1035 2755 1125 2798 aut
1169 2744 1295 2815 quid
1343 2745 1406 2798 de.
1447 2759 1606 2796 manu
1641 2753 1734 2796 tua
1771 2742 1981 2812 accipiet
2007 2741 2031 2794 1’
2053 2769 2123 2780 --

541 2836 796 2904 Quamvis
842 2835 1001 2890 beato
1038 2833 1139 2890 Job
1183 2835 1374 2889 scienti
1409 2833 1611 2903 majora
1641 2848 1979 2904 nequaquam
2020 2830 2122 2886 dici

543 2929 645 2981 ista
670 2928 987 2992 debuerunt,
1019 2942 1142 2982 vera
1179 2935 1356 2980 tamen
1385 2935 1510 2981 sunt
1539 2941 1658 2996 quae
1687 2927 1956 2988 dicuntur,
1981 2923 2124 2994 quod

541 3019 791 3075 videlicet
823 3018 932 3075 Deo
971 3035 1069 3074 nec
1097 3029 1313 3090 peccata
1346 3027 1528 3074 nostra
1571 3027 1819 3084 noceant,
1860 3031 1959 3070 nec
1988 3016 2124 3070 bene

544 3119 696 3180 gesta
739 3120 1082 3168 concurrant.
1128 3110 1427 3178 Sequitur:

2210 571 2374 626 etiam
2398 573 2488 642 qui
2517 573 2672 627 malis
2701 575 2814 629 suis
2836 574 3079 630 moribus
3097 585 3152 630 et
3179 576 3299 630 vitae
3329 582 3551 647 reproba:
3573 596 3719 640 exem-

2211 663 2297 734 plo
2327 664 2538 718 interna
2566 674 2754 720 nostra
2782 665 3044 736 dissipare
3071 667 3417 722 contendunt.
3442 669 3508 722 Illi
3537 688 3718 742 namque

2211 772 2273 811 ea
2296 773 2416 826 qua:
2439 757 2593 812 nobis
2619 766 2771 812 extra
2795 768 2942 825 sunt,
2973 759 3226 813 invadere
3257 761 3508 823 ambiunt,
3553 764 3628 818 isti
3645 783 3720 822 nos

2211 846 2441 916 prtedari
2466 847 2693 900 interius
2723 857 3004 916 quaerunt;
3035 858 3090 902 et
3149 849 3272 917 quia
3324 849 3376 902 in
3425 850 3522 905 hoc
3564 858 3720 911 mundo

2213 933 2733 988 abundatmalorum
2767 936 2873 989 vita
2901 951 3020 1005 qua:
3067 937 3291 1001 cruciat,
3348 947 3487 992 recte
3535 940 3721 997 dicitur:

2213 1021 2828 1093 Proptermultitudinem
2845 1025 3278 1080 calumniatorum
3292 1028 3593 1082 clamabunt.
3607 1031 3728 1097 Quis-

2215 1113 2336 1182 quis
2357 1114 2501 1168 enim
2531 1114 2670 1169 male
2699 1115 2882 1169 vivere
2908 1131 3006 1169 suo
3057 1130 3152 1170 nos
3203 1117 3444 1186 exemplo
3483 1122 3724 1188 compellit,

2215 1202 2391 1256 adhuc
2418 1202 2470 1255 in
2499 1202 2652 1257 nobis
2677 1217 2808 1258 voce
2837 1203 3240 1259 calumniatoris
3291 1207 3478 1260 utitur.
3524 1207 3728 1279 Quisquis

2216 1306 2345 1346 vero
2374 1302 2658 1362 peccatum
2681 1295 2932 1358 suadens,
2991 1295 3155 1348 etiam
3210 1305 3413 1350 terrere
3441 1312 3530 1352 nos
3550 1301 3728 1368 appetit,

2211 1384 2323 1454 jam
2345 1393 2535 1438 contra
2563 1399 2661 1439 nos
2689 1385 2913 1440 brachio
2936 1386 3237 1457 tyrannidis
3280 1387 3453 1442 saevit.
3508 1389 3646 1445 Aliud
3670 1401 3732 1445 est

2216 1477 2361 1531 enim
2383 1477 2507 1531 vilia
2539 1478 2766 1533 suadere
2790 1479 3042 1545 vivendo,
3072 1478 3216 1533 aliud
3270 1477 3506 1547 jubendo
3547 1490 3730 1536 terrere.

2220 1566 2479 1636 Sequitur
2504 1581 2517 1620 :

2288 1657 2454 1713 Vens.
2481 1661 2568 1713 lt).
2599 1659 2665 1712 Et
2689 1677 2791 1714 non
2820 1661 2950 1716 dixit
2975 1677 2994 1715 :
3019 1659 3119 1714 σω
3145 1671 3218 1713 est
3243 1660 3382 1714 Deus
3409 1662 3494 1729 qui
3519 1661 3621 1731 fecit
3640 1662 3735 1715 nte!

2220 1779 2289 1788 -—
2319 1749 2432 1804 Mos
2457 1765 2629 1805 sacra:
2655 1750 2949 1820 Scripturae
2967 1761 3074 1816 est,
3103 1760 3214 1805 uta
3257 1751 3512 1822 singulari
3557 1767 3736 1807 numero

2150 1834 2194 1893 Β
2222 1839 2289 1894 ad
2319 1839 2584 1909 pluralem
2605 1839 2784 1894 subito
2811 1848 3072 1905 transeat,
3111 1849 3274 1910 atque
3301 1857 3334 1894 a
3360 1840 3545 1910 plurali
3567 1841 3626 1894 ad
3647 1843 3733 1895 sin-

2221 1928 2460 2000 gularem
2489 1937 2750 1983 vertatur.
2793 1928 2942 1984 Unde
2964 1939 3019 1984 et
3050 1930 3165 1983 Elin
3198 1944 3229 1982 a
3261 1929 3453 1998 plurali
3477 1944 3674 1983 numero
3694 1930 3731 1982 in

2222 2019 2547 2091 singularem
2606 2019 2850 2083 veniens,
2903 2019 2968 2072 ad
3033 2034 3323 2088 personam
3373 2019 3544 2074 subito
3581 2019 3736 2072 infirmi

2223 2109 2642 2179 uniuscujusque
2674 2110 2942 2174 transivit,
2977 2109 3204 2164 fortasse
3225 2110 3354 2178 quia
3381 2126 3412 2164 a
3433 2108 3637 2179 singulis
3654 2124 3737 2163 me-

2199 2199 2325 2256 lius
2351 2200 2753 2272 recognoscitur
2778 2201 3035 2271 quidquid
3082 2201 3186 2254 dici
3241 2199 3580 2270 singulariter
3620 2197 3737 2252 audi-

2224 2303 2333 2359 tur,
2362 2301 2422 2347 ut
2456 2292 2523 2347 ad
2552 2307 2648 2348 cor
2676 2307 2830 2347 suum
2860 2293 3090 2361 quisque
3146 2291 3353 2354 redeat,
3387 2300 3442 2346 et
3501 2292 3551 2344 in
3585 2298 3739 2344 scatet-

2225 2387 2340 2455 ipso
2370 2387 2473 2440 hoc
2500 2383 2640 2454 quod
2683 2384 2748 2438 de
2783 2397 3103 2452 unoquoque
3153 2382 3357 2436 dicitur
3412 2381 3736 2451 reprehendat.

2223 2475 2477 2545 Quisquis
2503 2475 2646 2530 enim
2681 2474 3069 2528 adversitatum
3127 2473 3475 2528 tribulatione
3502 2471 3738 2542 frangitur,

2224 2583 2253 2621 a
2281 2582 2386 2635 quo
2439 2565 2616 2621 factus
2652 2575 2738 2621 est
2791 2565 3009 2619 minime
3052 2565 3472 2633 contemplatur.
3519 2562 3637 2618 Nam
3673 2564 3739 2633 qui

2223 2657 2365 2724 quod
2393 2671 2500 2710 non
2530 2663 2650 2710 erat
2695 2655 2843 2719 fecit,
2882 2654 3082 2708 factum
3115 2655 3232 2709 sine
3269 2655 3640 2726 gubernatione
3663 2668 3742 2706 non

2223 2746 2440 2810 deserit,
2463 2754 2518 2800 et
2551 2745 2640 2814 qui
2673 2744 2900 2812 benigne
2927 2745 3220 2810 hominem,
3278 2760 3609 2816 nequaquam
3645 2759 3740 2798 cru-

2223 2836 2355 2892 ciari
2385 2834 2581 2905 injuste
2610 2835 2893 2905 permittit.
2923 2833 3180 2905 Sequitur
3205 2848 3219 2886 :
3247 2834 3352 2899 Qui
3376 2835 3513 2887 dedit
3557 2834 3742 2888 carmina

2223 2929 2278 2982 in
2301 2937 2467 2981 nocte.
2518 2956 2587 2966 ——
2616 2925 2845 2982 Carmen
2877 2927 2928 2980 in
2956 2933 3115 2981 nocte
3139 2933 3243 2990 est,
3275 2924 3465 2979 laetitia
3516 2926 3562 2979 in
3613 2925 3742 2978 tribu-

2221 3017 2442 3081 latione,
2474 3015 2600 3086 quia
2630 3026 2687 3070 ct
2726 3015 2774 3070 si
2809 3016 3079 3086 pressuris
3103 3015 3475 3085 temporaliter
3495 3015 3744 3086 aliligimur,

2223 3105 2444 3176 spejam
2473 3115 2650 3160 tamen
2705 3106 2771 3160 de
2817 3107 3120 3160 :eternitate
3173 3106 3490 3177 gaudemus.
3544 3104 3744 3159 Carmina

614 3197 776 3254 Vens.
806 3200 858 3253 8.
894 3198 1131 3263 Homini,
1157 3200 1246 3270 qui
1271 3201 1459 3258 similis
1490 3201 1566 3252 tui
1591 3210 1663 3253 est
1705 3198 1901 3252 nocebit
1931 3196 2116 3264 impie-
2143 3192 2188 3254 C
2221 3195 2417 3250 Paulus
2441 3195 2495 3249 in
2527 3203 2685 3250 nocte
2755 3195 3105 3265 praedicabat,
3159 3195 3346 3250 dicens
3375 3211 3389 3248 :
3451 3215 3467 3246 ι
3500 3195 3596 3264 Spe
3649 3207 3747 3262 gau-

544 3303 626 3345 tas
655 3302 766 3356 tua,
794 3301 842 3343 et
869 3290 1036 3358 ﬁlium
1060 3291 1283 3345 hominis
1329 3289 1598 3358 adjucabit
1647 3287 1858 3357 justitia
1908 3297 2021 3340 tua.
2052 3313 2123 3325 ——

549 3382 654 3438 Sed
690 3381 833 3436 inter
865 3381 978 3434 haec
1011 3380 1136 3434 illud
1167 3379 1393 3434 solerter
1451 3380 1765 3433 intuendum
1797 3379 1938 3448 quod
1993 3377 2117 3430 ait:

555 3474 772 3542 Suspire
797 3473 1004 3536 ca'lum,
1026 3483 1068 3524 et
1094 3473 1375 3538 intuere,et
1407 3469 1971 3539 contemplarent/tera
1984 3469 2120 3538 quod

551 3564 708 3618 altior
737 3573 784 3616 te
813 3564 898 3615 sit.
945 3560 1068 3616 Huic
1098 3562 1241 3617 enim
1267 3563 1472 3624 dicens,
1509 3562 1765 3614 nimirum
1821 3560 2026 3630 colligit
2065 3566 2122 3612 ut

549 3652 900 3711 considerare
926 3651 1115 3705 debeat
1147 3662 1350 3728 quanto
1383 3650 1562 3710 minus
1593 3650 1703 3704 Deo
1753 3649 1963 3715 actione
2023 3663 2121 3702 sua

549 3757 642 3808 aut
669 3745 841 3816 prosit
887 3751 977 3797 aut
1038 3753 1250 3808 noceat,
1302 3743 1389 3802 cui
1442 3741 1725 3796 altitudine
1786 3740 1908 3796 cmli
1959 3747 2123 3808 atque

547 3836 765 3897 aetheris
787 3836 1042 3904 prodesse
1065 3833 1148 3890 vel
1174 3848 1368 3888 nocere
1392 3848 1495 3891 non
1526 3835 1717 3902 possit.
1766 3831 2022 3899 Quamvis
2068 3830 2121 3883 in

548 3926 688 3984 coelo
717 3924 798 3979 vel
823 3925 1024 3979 aethere
1055 3938 1341 3992 possumus
1363 3937 1628 3994 supernas
1681 3929 1981 3990 potestates
2032 3933 2124 3972 ac-

548 4021 750 4090 cipere,
810 4017 1008 4073 divinis
1056 4030 1270 4085 semper
1321 4013 1602 4068 obtutibus
1660 4013 2006 4073 inbmrentes,
2066 4018 2124 4062 ut

550 4126 672 4168 cum
711 4109 983 4178 angelicos
1011 4106 1234 4175 spiritus
1272 4104 1428 4172 longe
1454 4103 1630 4158 adhuc
1675 4119 1704 4156 a
1729 4101 1882 4155 nobis
1919 4100 2123 4155 distare

552 4197 940 4268 conspicimus,
981 4195 1080 4264 ipsi
1113 4191 1356 4248 Creatori
1388 4203 1550 4264 atque
1594 4190 1930 4246 Dominatori
1967 4189 2124 4258 spiri-

553 4305 702 4352 tuum
730 4301 932 4360 quanto
967 4290 1230 4348 distamus
1257 4287 1486 4343 interius
1518 4302 1893 4358 agnoscamus,
1933 4299 2121 4354 corpo-

555 4397 700 4438 ream
730 4390 904 4434 tamcn
927 4379 1047 4434 coeli
1070 4379 1392 4448 tetberisque
1420 4379 1702 4432 materiam
1736 4378 1837 4432 hoc
1863 4377 1982 4431 loco
2001 4391 2124 4430 sen-

555 4475 657 4530 tire
686 4471 763 4526 nil
805 4472 1099 4525 obstamus.
1130 4467 1263 4523 Nam
1294 4469 1339 4523 si
1383 4468 1665 4538 vigilanter
1684 4467 1952 4522 exteriora
1995 4482 2122 4521 con-

2223 3283 2433 3348 dentes,
2465 3285 2518 3338 in
2551 3283 2892 3339 tribulatione
2934 3285 3201 3352 patientes
3261 3283 3444 3356 (Rom.
3473 3301 3565 3350 xu,
3608 3284 3698 3353 l2).
3727 3301 3742 3333 ι

2222 3375 2450 3432 Carmen
2483 3375 2535 3429 in
2574 3384 2732 3430 nocte
2767 3375 2935 3429 David
2979 3385 3339 3446 expresserat,
3387 3377 3477 3446 qui
3534 3376 3745 3430 dicebat:

2227 3486 2244 3518 ι
2293 3467 2370 3520 Tu
2402 3481 2462 3522 es
2491 3467 2756 3536 refugium
2779 3482 2810 3520 a
2839 3482 3092 3537 pressura
3121 3483 3241 3538 qua:
3284 3469 3630 3523 circumdedit
3667 3481 3747 3529 me,

2222 3557 2513 3610 exsultatio
2548 3571 2687 3621 mea,
2717 3557 2920 3610 redime
2973 3573 3059 3611 me
3106 3573 3138 3610 a
3191 3557 3644 3612 circumdantibus
3684 3568 3747 3608 me

2224 3645 2396 3718 (Psal.
2424 3663 2578 3711 xxxi,
2612 3647 2688 3718 7).
2731 3667 2751 3700 ι
2794 3648 3082 3718 Sequitur:

2293 3739 2457 3794 Vens.
2488 3738 2570 3791 li.
2605 3739 2708 3804 Qui
2734 3739 2880 3792 docet
2921 3757 3014 3793 nos
3042 3756 3198 3810 super
3233 3741 3478 3809 jumenta
3529 3751 3679 3804 terra,
3713 3747 3747 3790 et

2223 3844 2380 3896 super
2402 3826 2636 3880 volucres
2663 3826 2776 3881 cadi
2806 3828 2978 3880 erudit
3033 3843 3148 3882 nos.
3207 3859 3277 3868 ——-
3321 3827 3570 3885 Iumenta
3628 3836 3749 3881 terra

2224 3929 2367 3986 sunt,
2410 3920 2499 3989 qui
2526 3935 2621 3974 usu
2654 3919 2776 3974 vita:
2798 3919 3036 3974 carnalis
3061 3920 3167 3975 ima
3203 3931 3503 3992 appetunt;
3549 3920 3749 3976 volucres

2222 4025 2350 4065 vero
2371 4010 2496 4064 caeli
2520 4019 2666 4073 sunt,
2690 4011 2782 4079 qui
2814 4013 3059 4080 superba:
3105 4013 3437 4068 curiositatis
3482 4012 3642 4067 studio
3677 4022 3748 4061 su-

2222 4100 2407 4154 blimia
2433 4109 2862 4170 perscrutantur.
2895 4102 2971 4156 llli
2997 4103 3226 4157 vivendo
3249 4118 3307 4158 se
3333 4105 3600 4174 deponunt
3640 4098 3746 4154 infra

2224 4210 2386 4264 quam
2413 4203 2578 4260 sunt;
2618 4193 2708 4248 isti
2747 4195 3071 4264 inquirendo
3094 4211 3152 4250 sc
3181 4196 3396 4250 elevant
3448 4196 3582 4251 ultra
3622 4204 3746 4266 quam

2222 4295 2467 4356 possunt.
2495 4286 2606 4341 lllis
2635 4301 2730 4356 per
2789 4302 2943 4341 sacra
2994 4287 3206 4358 eloquia
3271 4289 3505 4342 dicitur:
3557 4304 3575 4337 ι
3607 4282 3746 4338 Nolite

2224 4381 2341 4436 fieri
2369 4381 2508 4435 sicut
2538 4395 2709 4448 equus
2734 4389 2789 4434 et
2819 4380 3014 4445 mulus,
3047 4381 3101 4434 in
3129 4380 3325 4450 quibus
3356 4395 3462 4433 non
3493 4386 3574 4433 est
3621 4370 3744 4430 intel-

2228 4469 2400 4524 lectus
2429 4467 2600 4538 (Prol.
2662 4483 2815 4529 xxxt,
2872 4467 2948 4538 9).
2981 4486 3000 4519 ι
3055 4467 3284 4521 Istorum
3332 4467 3588 4535 superbus
3631 4459 3746 4514 labor

560 4564 837 4634 spicimus,
870 4576 967 4630 per
1019 4562 1132 4631 ipsa
1183 4560 1369 4616 eadem
1402 4560 1466 4614 ad
1492 4559 1753 4614 interiora
1779 4575 2114 4614 revocamur.
2149 4534 2199 4598 ι)
2226 4561 2555 4629 increpatur,
2587 4561 2712 4614 dum
2740 4558 2936 4613 dicitur
2963 4575 2976 4611 :
3008 4575 3026 4608 ι
3058 4557 3263 4611 Altiora
3293 4565 3344 4612 te
3371 4571 3439 4610 ne
3488 4550 3740 4625 quaesieris.

557 4654 708 4710 Unde
741 4652 940 4706 Paulus
973 4652 1086 4703 ait:
1144 4669 1162 4699 ι
1200 4648 1490 4703 lnvisibilia
1541 4647 1677 4717 ejus,
1731 4664 1826 4718 per
1884 4663 1948 4702 ea
2003 4663 2122 4720 qua:

556 4743 698 4797 facta
724 4750 850 4795 sunt
878 4739 1145 4796 intellecta
1173 4739 1602 4807 conspiciuntur,
1631 4739 1959 4808 sempiterna
1988 4754 2121 4808 quo-

552 4852 658 4906 que
685 4833 858 4887 virtus
884 4833 1002 4902 ejus
1023 4841 1078 4886 et
1103 4831 1359 4886 divinitas
1384 4828 1562 4900 (Rom.
1598 4829 1650 4893 8,
1688 4831 1794 4899 10).
1828 4849 1846 4880 r
1874 4829 2122 4883 Humana

555 4926 802 4994 impietas
837 4923 884 4977 ei
917 4931 1091 4986 nocet,
1122 4937 1280 4994 quem
1333 4921 1688 4992 per-vertendo
1737 4921 2003 4990 inqulnal,
2069 4929 2125 4974 et

554 5031 916 5078 rut-snmemn
950 5013 1800 5084 adjuvatnostrajustitia,quem
1865 5027 1894 5065 a
1943 5013 2124 5081 pravis

557 5108 866 5168 actionibus
883 5115 1072 5164 mutat.
1104 5103 1292 5164 Noceri
1314 5106 1457 5158 enim
1491 5103 1570 5156 vel
1611 5103 1848 5170 adjuvari
1879 5102 2126 5160 nesciunt

556 5215 617 5246 ca
643 5213 763 5246 tum
797 5197 928 5246 vela
957 5198 1098 5246 ῖιυιιο
1123 5195 1414 5246 corrumpi.
1448 5193 1582 5246 Vela
1643 5193 1784 5246 malo
1829 5189 2122 5246 nermutari

2224 4659 2279 4704 et
2325 4649 2548 4704 fortiora
2591 4659 2734 4704 tene
2771 4656 3044 4704 scrutatus
3096 4647 3262 4701 fueris
3303 4645 3491 4716 (Eccli.
3522 4640 3741 4707 111,23)»

2229 4739 2385 4800 Docet
2414 4741 2578 4811 igitur
2623 4757 2714 4796 nos
2745 4741 2888 4796 Deus
2912 4756 3068 4809 super
3097 4739 3512 4809 jumentateme
3561 4747 3602 4788 et
3627 4743 3746 4798 super

2225 4831 2458 4888 volucres
2503 4831 2636 4884 ctcli.
2685 4830 2827 4902 Quia.
2849 4831 2974 4884 dum
3028 4831 3130 4884 hoc
3180 4829 3321 4896 quod
3374 4841 3572 4888 sumus,
3611 4831 3741 4886 agno-

2231 4922 2455 4983 scimus,
2484 4935 2582 4976 nec
2602 4921 2780 4976 carnis
2825 4935 2924 4974 nos
2974 4918 3258 4972 infirmitas
3307 4916 3503 4986 dejicit,
3555 4927 3641 4966 nec
3678 4922 3744 4960 su-

2229 5010 2427 5080 perbia:
2482 5009 2702 5077 Spiritus
2751 5007 2928 5070 levat,
2983 5023 3082 5061 nec
3136 5006 3411 5060 dclluemlo
3463 5004 3575 5059 imis
3617 4995 3744 5061 subji-.

2229 5099 2426 5164 cimur,
2479 5114 2577 5152 nec
2641 5098 2998 5172 superbiemlo
3045 5098 3111 5150 de
3162 5095 3478 5150 sublimibus
3523 5089 3739 5146 inﬂantur-

2231 5189 2331 5244 Oui
2387 5191 2528 5242 cnim
2574 5189 2772 5242 labitur
2840 5203 3043 5240 carne.
3113 5186 3467 5240 iumentorum
3546 5178 3738 5238 aooeliw
