3948 5398
227 223 348 280 405

944 236 1246 297 ΕΡΙΤΟΜΕ
1285 240 1651 303 MORALIUM
1688 247 1746 304 S.
1786 249 1818 305 (Ξ

1929 250 1993 305 G.
2034 251 2100 305 ΙΝ
2137 249 2277 309 JOB.
2320 286 2386 295 —
2421 256 2549 312 LIB.
2591 258 2777 317 XXVI.

3413 271 3514 327 102)

229 334 394 391 tione
418 343 769 410 corroborat,
806 346 932 416 quia
963 357 1016 403 et
1050 351 1102 405 in
1136 356 1527 424 tranquillitate
1555 375 1662 415 non
1695 369 1829 415 tem-
1858 363 1903 423 Α
1933 362 2173 416 exaudiri
2216 377 2372 420 voces
2402 367 2727 436 dissimulat,
2760 382 2815 427 ct
2852 376 2993 444 quod
3026 381 3399 450 unusquisque
3433 391 3513 437 to-

229 437 424 494 perat,
458 438 517 484 et
565 432 767 490 idcirco
794 438 966 493 nescit
995 440 1220 497 adversa
1260 445 1509 507 tolerare.
1544 451 1667 517 quia
1694 466 1825 507 cou-

230 517 470 575 stitutus
515 522 571 577 in
616 529 888 596 prosperis
915 533 1242 602 cogitatione
1268 551 1329 593 se
1359 555 1465 593 non
1503 542 1651 597 novit
1679 558 1709 598 a
1736 559 1829 599 vo-

230 608 357 665 latn
407 614 687 673 volucrum
733 635 979 690 premere
1006 666 1022 690 ,
1070 643 1171 683 nec
1201 630 1447 687 carnales
1478 644 1655 691 motus
1681 651 1711 690 a
1737 636 1826 707 ju-

232 710 557 760 mentorum
583 709 816 779 ingluvie
843 715 1143 772 sublevare.
1173 718 1327 786 Quod
1350 723 1567 793 quidem
1604 726 1828 797 intelligi

228 792 411 847 etiam
461 795 623 850 aliter
671 809 849 868 potest
896 818 912 857 :
955 803 1060 870 Qui
1091 808 1240 862 docet
1264 792 1551 883 nossuper
1584 792 1829 884 jumenta

233 890 419 947 terrte,
450 894 498 936 et
527 901 684 957 super
725 891 961 948 volucres
1005 895 1119 951 cali
1161 901 1331 953 erudit
1379 918 1490 955 nos.
1524 904 1657 959 Nam
1689 907 1832 962 sicut

222 970 611 1039 iumentorum
640 984 901 1038 vocabulo
930 986 1176 1057 signatur
1200 991 1307 1046 vita
1338 994 1615 1050 hominum
1649 1000 1829 1055 carnis

231 1066 422 1122 adhuc
446 1071 681 1127 motibus
702 1075 1060 1145 subditorum,
1080 1083 1153 1136 ita
1169 1084 1525 1154 appellatione
1549 1090 1827 1147 volucrum

233 1156 512 1227 ﬁguratur
535 1161 697 1218 elatio
728 1166 1017 1236 spirituum
1063 1176 1419 1243 superborum
1446 1219 1460 1246 ,
1515 1188 1571 1235 ut
1604 1195 1702 1251 per
1737 1184 1826 1253 ju-

234 1260 427 1306 tnenta
473 1254 690 1323 quidem
739 1262 939 1316 terreni
986 1263 1257 1333 homines,
1289 1285 1387 1339 per
1415 1272 1662 1328 volucres
1699 1290 1829 1330 vero

230 1341 509 1399 daemonia
558 1347 925 1419 designentur.
968 1355 1123 1411 Unde
1154 1374 1277 1416 cum
1316 1364 1523 1418 semina
1572 1367 1829 1424 Dominus

224 1430 392 1498 juxta
440 1438 583 1492 viam
630 1441 836 1498 diceret
909 1448 1189 1516 cecidisse,
1232 1453 1511 1522 subjunxit
1545 1474 1560 1513 :
1596 1435 1619 1510 ἶ
1650 1459 1829 1518 Vene-

230 1534 371 1578 runt
426 1527 679 1585 volucres
743 1534 910 1599 ctnli,
964 1547 1020 1591 et
1071 1541 1422 1599 comederunt
1470 1561 1531 1601 ea
1589 1546 1823 1617 (Matth.

228 1629 362 1675 xm,
405 1616 503 1687 4),
547 1638 566 1672 ι
624 1621 883 1679 nimirum
934 1642 1032 1696 per
1079 1630 1323 1689 volucres
1372 1616 1607 1707 signans,
1636 1653 1827 1695 aereas

1931 451 2069 506 lerat
2096 468 2200 509 non
2244 455 2471 525 ignorat.
2523 458 2693 515 Nemo
2740 478 2868 535 ergo
2894 467 2986 535 qui
3034 469 3240 525 tardius
3269 472 3507 538 auditur,

1930 543 2115 599 credat
2146 547 2290 614 quod
2322 562 2351 601 a
2393 564 2627 619 superna
2675 569 2804 609 cura
2832 559 3142 630 negligitur.
3174 562 3329 633 Saepe
3362 551 3509 620 enim

1930 645 2112 691 nostra
2141 637 2430 705 desideria,
2454 642 2579 711 quia
2608 644 2860 701 celeriter
2885 664 2991 705 non
3022 650 3178 718 tlunt,
3210 654 3513 712 eXaudiun-

1931 732 2039 788 tnr,
2066 732 2121 779 et
2145 727 2289 795 quod
2319 728 2544 798 implere
2573 734 2784 790 concite
2815 739 3047 807 petimus
3075 756 3139 796 ex
3171 742 3286 813 ipsa
3317 743 3511 801 melius

1931 817 2184 870 tarditate
2216 831 2588 888 prosperatur.
2633 823 2894 895 Sequitur
2925 847 2938 882 :
3500 842 3505 851 '

2003 906 2167 963 Vens.
2200 909 2287 964 14.
2330 911 2509 967 Etiam
2539 931 2655 969 cum
2686 917 2904 985 dixeris,
2942 937 3044 976 non
3073 925 3388 991 considerat,
3412 927 3511 996 ju'

1929 997 2107 1052 dicare
2135 1015 2311 1054 coram
2340 1000 2455 1069 illo,
2478 1013 2525 1057 et
2550 1017 2789 1075 exspecta
2808 1026 2945 1064 eum.
2977 1041 3045 1050 —-
3067 1011 3324 1070 Fortasse
3343 1016 3509 1082 enim,

1931 1087 2054 1141 dum
2083 1088 2289 1145 clamor
2318 1101 2508 1148 noster
2530 1097 2682 1165 quasi
2717 1097 3023 1172 negligitur,
3058 1086 3185 1174 spes
3212 1119 3331 1175 qua:
3363 1106 3513 1162 cordi

1931 1177 2106 1234 inerat
2136 1180 2461 1248 infirmatur,
2489 1193 2543 1240 et
2571 1200 2802 1257 superna
2829 1189 3093 1259 adjutoria
3120 1194 3367 1250 defutura
3395 1212 3515 1251 ereA

1930 1272 2126 1339 dimus,
2161 1275 2285 1343 quia
2332 1276 2536 1334 tardius
2561 1279 2943 1350 impetramus;
2994 1301 3058 1340 ac
3094 1300 3232 1357 pene
3275 1287 3515 1343 incensi;

1930 1365 2117 1418 derata
2151 1366 2259 1422 Deo
2294 1381 2415 1423 esse
2460 1369 2899 1440 ingemiseimus,
2934 1390 3054 1444 qua:
3100 1377 3267 1430 inulta
3317 1378 3515 1433 tolera-

1932 1472 2072 1511 mus.
2117 1456 2224 1513 Sed
2268 1473 2393 1513 cum
2423 1475 2523 1516 nos
2552 1461 2653 1516 ista
2691 1463 3086 1534 desperationis
3114 1468 3349 1538 procella
3378 1484 3512 1524 con.

1930 1551 2147 1617 turbat,
2189 1567 2453 1608 concussa
2514 1568 2667 1609 meus
2708 1556 2870 1612 citius
2920 1558 2975 1612 in
3021 1568 3233 1629 portum
3290 1561 3405 1631 spei
3458 1576 3515 1616 se.

1932 1641 2192 1710 collocat,
2244 1645 2289 1699 si
2343 1660 2538 1702 causas
2583 1662 2751 1714 suas,
2801 1664 2924 1704 cum
2977 1650 3206 1707 Domino
3244 1651 3517 1707 subtiliter

228 1716 560 1774 potestates.
606 1713 789 1770 Sancti
821 1729 999 1774 autem
1046 1722 1168 1787 viri,
1206 1724 1329 1793 quia
1358 1742 1459 1782 nec
1491 1728 1704 1785 infirma
1734 1731 1828 1786 bo-
1863 1714 1905 1773 Β
1932 1742 2146 1802 pensat,
2177 1734 2222 1789 si
2261 1736 2400 1790 bona
2428 1737 2547 1807 ejus
2577 1739 2643 1794 ad
2675 1742 2992 1797 memoriam
3026 1751 3266 1806 revocat,
3299 1742 3342 1797 si
3373 1741 3512 1796 mala

229 1797 449 1854 minum
497 1806 744 1877 exempla
796 1821 1078 1880 appetunt,
1109 1829 1209 1872 nec
1248 1832 1464 1873 rursum
1493 1820 1826 1879 daemoniaca

224 1888 544 1947 subtilitate
583 1893 865 1965 falluntur,
905 1911 963 1957 et
984 1920 1139 1974 super
1162 1907 1403 1975 jumeuta
1436 1921 1611 1978 terrw,
1655 1922 1705 1966 et
1740 1930 1830 1968 su-

223 1996 330 2047 per
373 1983 486 2037 caeli
525 1985 792 2055 volucres,
839 1992 1038 2049 virtute
1104 1995 1428 2053 eruditionis
1476 2014 1823 2061 excrescunt.

224 2070 437 2130 Paulus
480 2093 639 2148 super
690 2082 935 2151 jumenta
981 2086 1093 2156 jam
1144 2097 1296 2144 terra:
1345 2091 1569 2148 edoctus
1625 2093 1821 2162 fuerat,

225 2163 426 2220 dicens
474 2185 488 2221 :
549 2188 567 2221 ‹
613 2169 762 2226 Multi
828 2176 1141 2241 ambulant,
1193 2197 1211 2230 ι
1290 2190 1346 2235 et
1418 2182 1578 2251 paulo
1638 2194 1818 2255 post:

229 2277 250 2308 ι
292 2257 535 2325 Quorum
584 2263 710 2320 finis
744 2266 1027 2334 interitus,
1060 2286 1291 2341 quorum
1324 2274 1465 2330 Deus
1497 2286 1685 2333 venter
1716 2291 1820 2344 est,

219 2358 284 2405 et
313 2350 488 2420 gloria
519 2353 571 2407 in
594 2356 912 2413 confusione
939 2360 1177 2431 ipsorum
1207 2365 1296 2433 qui
1331 2374 1541 2422 terrena
1571 2370 1817 2439 sapiunt;

220 2452 422 2499 nostra
475 2455 656 2502 autem
705 2455 1048 2510 conversatio
1098 2456 1148 2511 in
1193 2458 1348 2515 caelis
1384 2468 1467 2515 cst
1516 2459 1700 2533 (Phil.
1736 2480 1816 2531 Ill,

221 2536 345 2606 18).
398 2559 418 2589 ι
470 2539 537 2593 Et
581 2558 795 2599 rursum
817 2586 830 2610 ,
862 2563 1020 2617 super
1058 2549 1294 2604 volucres
1321 2554 1435 2606 cali
1463 2556 1733 2610 eruditum
1761 2572 1820 2612 se

222 2640 459 2685 noverat
481 2673 497 2696 ,
527 2649 650 2689 cum
697 2636 911 2694 dicebat
942 2658 956 2694 :
992 2658 1011 2692 ε
1043 2640 1273 2699 Nescitis
1299 2647 1554 2713 quoniam
1602 2649 1821 2719 angelos

215 2719 628 2787 iudicabimus?
663 2746 682 2778 ι
741 2727 792 2795 (1
818 2728 943 2784 Cor.
989 2748 1062 2796 vt,
1106 2733 1185 2799 ὅ.)
1234 2734 1311 2790 Ac
1361 2736 1406 2790 si
1452 2737 1659 2793 diceret
1691 2757 1703 2792 :
1731 2738 1817 2794 ln-

220 2813 423 2869 tlrmus
455 2816 905 2894 pusillanimitate
936 2822 1111 2879 vietus
1164 2825 1265 2880 ista
1303 2842 1410 2881 non
1458 2828 1614 2893 dixit,
1649 2839 1703 2885 et
1739 2831 1819 2885 id-

223 2905 381 2960 circo
407 2922 531 2963 eum
581 2910 930 2971 adversitatis
960 2919 1186 2972 tentatio
1215 2920 1461 2989 perculit,
1506 2922 1631 2992 quia
1663 2931 1815 2979 tran-

218 2996 516 3065 quillitatis
562 3009 804 3073 tempora
848 3006 963 3061 haec
1036 3019 1232 3064 cuncta
1284 3015 1617 3068 transeuntia
1669 3016 1811 3071 nulla

217 3087 557 3157 perfectione
585 3095 881 3163 superavit.
912 3096 1170 3167 Sequitur
1202 3119 1215 3153 :

296 3177 464 3234 Vitas.
504 3182 592 3236 1‘2.
642 3182 727 3238 Ibi
755 3185 1080 3253 clamabunt,
1119 3200 1167 3244 et
1199 3209 1300 3246 non
1342 3195 1586 3248 exaudiet
1609 3208 1821 3267 propter

216 3272 524 3341 superbiam
548 3275 834 3331 malorum.
863 3278 932 3319 '—
954 3280 1051 3346 lbi,
1083 3283 1335 3339 videlicet
1366 3288 1416 3340 in
1450 3287 1816 3354 tribulatione,

218 3371 285 3416 ut
315 3371 537 3418 econtra
587 3366 653 3421 de
698 3368 893 3438 gaudio
934 3372 1197 3441 scriptum
1258 3385 1382 3430 est:
1419 3397 1437 3428 ι
1471 3378 1591 3433 Filii
1629 3395 1816 3436 servo-

217 3465 348 3504 rum
400 3460 612 3509 tuorum
653 3456 1035 3517 inhabitabunt
1083 3463 1153 3518 ibi
1201 3462 1373 3536 (Psal.
1406 3484 1478 3534 cr,
1511 3469 1621 3540 29).
1658 3491 1675 3522 ι
1713 3470 1818 3527 Sed

218 3540 509 3610 videbunt,
538 3547 830 3611 incertum,
860 3558 1043 3605 utrum
1070 3554 1236 3619 dicat,
1263 3565 1487 3625 propter
1511 3561 1817 3628 superbiam

218 3635 497 3691 malorum
532 3654 639 3693 non
668 3642 938 3705 exaudiet,
981 3659 1046 3698 an
1098 3655 1320 3715 propter
1363 3651 1671 3719 superbiam
1704 3669 1819 3707 ma-

216 3725 405 3780 lorum
433 3727 765 3785 clamabunt.
806 3731 1036 3805 lntelligi
1083 3745 1262 3790 autem
1316 3737 1507 3794 melius
1540 3750 1741 3809 potest,
1773 3744 1817 3798 si

217 3832 335 3870 non
374 3818 618 3874 exaudiri
670 3823 890 3891 potius,
937 3837 1147 3895 prapter
1190 3826 1451 3881 malorum
1497 3833 1815 3901 superbiant,

212 3923 388 3977 quam
420 3909 657 3966 clamare
684 3912 1012 3969 referantur.
1069 3916 1201 3971 Nam
1230 3920 1372 3988 quod
1402 3931 1623 3992 propter
1651 3924 1820 3980 malo-

217 4016 349 4055 rum
404 4004 712 4072 superbiam
763 4005 1037 4073 clamant,
1087 4025 1252 4080 supra
1294 4011 1410 4083 jam
1463 4013 1662 4069 dictum
1711 4025 1813 4071 est.

216 4089 371 4162 Ergo
396 4092 552 4148 nobis
585 4094 690 4149 hoc
715 4110 876 4150 versu
908 4096 1171 4165 inanitur,
1203 4100 1346 4169 quod
1379 4101 1539 4172 paulo
1567 4104 1816 4162 subtilius

213 4181 561 4248 attendatur,
589 4185 715 4254 quia
742 4200 884 4256 saepe
912 4189 1158 4257 oppressi
1189 4190 1430 4260 quidem,
1457 4191 1584 4248 dum
1615 4194 1818 4250 clama-

214 4276 425 4341 verint,
452 4293 519 4333 ex
546 4294 604 4334 se
634 4279 850 4349 quidem
899 4290 1180 4336 merentur
1225 4281 1439 4350 audiri,
1493 4286 1585 4341 sed
1632 4295 1815 4342 tamen

213 4384 414 4423 eorum
451 4371 718 4427 desideria
765 4381 988 4443 prepter
1034 4373 1457 4445 apprimentium
1503 4380 1811 4448 superbiam

216 4465 572 4522 dill'eruntur.
602 4465 792 4524 Justus
817 4470 1014 4539 quippe
1045 4471 1325 4536 Dominus,
1355 4480 1410 4526 et
1436 4488 1562 4527 suos
1588 4475 1813 4544 permit-

214 4555 293 4610 tit
348 4558 722 4628 temporaliter
746 4552 1021 4628 'opprimi,
1061 4567 1115 4613 et
1153 4559 1513 4615 violentorum
1550 4561 1810 4618 malitiam

214 4648 475 4718 nequiter
499 4650 713 4721 augeri,
755 4657 816 4704 ut
861 4650 987 4704 dum
1030 4650 1222 4704 borum
1264 4650 1372 4706 vita
1406 4652 1457 4706 in
1491 4654 1811 4725 purgatione

215 4741 437 4805 teritur,
477 4742 695 4797 illorum
731 4739 971 4812 nequitia
1009 4750 1435 4797 eonsummetur.
1482 4742 1562 4800 Ac
1589 4745 1634 4799 si
1665 4744 1811 4817 dice-

214 4842 305 4888 ret
332 4848 349 4888 :
372 4834 570 4891 Reatus
600 4833 1021 4904 opprimentium
1039 4834 1226 4889 audire
1251 4850 1410 4891 voces
1438 4837 1689 4906 prohibet
1714 4854 1810 4909 op-

213 4941 566 4993 pressorum,
615 4940 723 4981 nec
774 4927 1080 4996 eripiuntur
1124 4927 1409 4983 visibilitcr
1456 4929 1628 5000 justi,
1684 4932 1810 5001 quia

213 5016 407 5074 salvari
436 5014 792 5075 invisibiliter
820 5033 927 5071 non
955 5025 1236 5072 merentur
1265 5016 1470 5086 injusti.
1495 5018 1655 5076 Unde
1682 5037 1798 5075 rur-

212 5124 327 5167 sum
351 5125 449 5181 per
476 5105 815 5180 prophetam
846 5106 1045 5161 dicitur
1079 5122 1091 5160 :
1136 5126 1154 5157 ι
1191 5104 1323 5160 Cum
1353 5107 1551 5163 viderit
1588 5111 1804 5178 sapien-

214 5209 290 5256 tes
333 5201 680 5258 morientes,
730 5193 889 5250 simul
937 5196 1197 5266 insipiens
1252 5205 1307 5251 et
1347 5198 1498 5253 stulti
1549 5200 1807 5269 peribunt

166 5274 181 5289 ’
205 5287 372 5360 (Psal.
400 5305 596 5353 vattt,
636 5283 756 5353 1'5).
789 5302 808 5335 ι
860 5286 1154 5355 Sequitur:

488 5383 550 5398 ι-
662 5375 837 5398 m-----
896 5396 899 5398 _
950 5380 962 5398 .-
1002 5396 1009 5398 _
1069 5379 1092 5398 Α·
1166 5388 1227 5398 ...-
1406 5382 1439 5398 ι·
1479 5392 1488 5398 .
1550 5381 1587 5398 n

1932 1839 2052 1893 quae
2073 1825 2230 1880 bonis
2254 1826 2373 1896 ejus
2400 1827 2630 1883 reddidit
2655 1833 2794 1901 apud
2822 1834 3168 1903 semetipsum
3190 1833 3381 1889 callide
3404 1848 3513 1887 non

1930 1922 2190 1980 accusat,
2239 1916 2283 1970 si
2329 1919 2613 1987 perpendit
2657 1922 2801 1991 quod
2850 1924 2920 1978 ab
2951 1938 3017 1979 eo
3040 1924 3185 1993 juste
3214 1925 3429 1988 meruit,
3460 1934 3517 1980 et

1929 2010 2072 2079 quod
2097 2010 2394 2067 clementer
2422 2015 2639 2084 accipit.
2672 2016 2749 2071 Ac
2778 2018 2822 2073 si
2862 2017 3068 2074 diceret
3099 2035 3113 2071 :
3146 2018 3281 2074 Cum
3314 2019 3515 2074 ideirco

1930 2099 2069 2154 Deus
2088 2102 2433 2157 considerare
2458 2120 2563 2159 non
2588 2107 2846 2176 creditur,
2874 2110 2999 2179 quia
3025 2111 3178 2165 tarde
3202 2111 3512 2175 miseretur,

1929 2190 2116 2246 intima
2147 2194 2493 2265 cogitationis
2526 2197 2828 2267 ingredere,
2857 2209 3020 2271 atque
3051 2202 3159 2256 illic
3186 2217 3372 2257 coram
3399 2201 3516 2270 ejus

1926 2281 2096 2337 oculis
2136 2298 2314 2339 causa:
2345 2292 2449 2339 tute
2481 2284 2745 2354 judicium
2774 2290 3021 2358 suscipe,
3053 2298 3109 2343 et
3139 2305 3258 2358 quae
3294 2292 3410 2360 ipse
3434 2292 3516 2346 vr—

1924 2372 2099 2425 vcndo
2142 2372 2451 2440 contulisti,
2494 2374 2579 2429 vel
2616 2390 2737 2445 quae
2785 2377 3168 2432 miserabiliter
3201 2380 3512 2450 percepisti,

1924 2463 2190 2518 discerne.
2263 2463 2395 2519 Nam
2452 2467 2543 2537 qui
2602 2470 2955 2538 semetipsum
3009 2484 3193 2525 coram
3244 2472 3354 2526 Deo
3405 2487 3512 2528 non

1917 2551 2161 2621 jndicat,
2212 2568 2335 2608 eum
2382 2555 2507 2609 dum
2556 2557 2845 2629 allligitur,
2903 2575 3006 2633 non
3051 2569 3350 2631 exspectat.
3408 2561 3512 2617 Se-

1921 2645 2107 2714 quitur
2147 2662 2160 2699 :
2568 2658 2575 2663 ’

1992 2735 2155 2791 Vsus.
2189 2739 2276 2793 15.
2310 2738 2465 2794 Nunc
2488 2743 2623 2796 enim
2653 2761 2755 2798 non
2776 2745 2936 2814 infert
2960 2745 3191 2814 furorem
3216 2764 3392 2813 suum,
3423 2765 3513 2802 nec

1921 2825 2192 2879 ulciscitur
2218 2827 2387 2882 valde.
2417 2860 2488 2871 —-
2521 2830 2709 2886 Scelus
2747 2833 2946 2904 quippe
2996 2835 3137 2890 Dens
3173 2835 3264 2890 diu
3294 2830 3512 2899 tolerat,

1920 2916 2045 2985 quia
2079 2917 2132 2971 in
2162 2927 2482 2987 perpetuum
2513 2920 2755 2986 damnat,
2780 2931 2836 2977 et
2860 2923 3099 2979 furorem
3133 2940 3277 2981 nunc
3308 2924 3512 2980 inferne

1922 3008 2246 3073 dissimulat,
2275 3011 2401 3080 quia
2429 3009 2808 3069 eﬂ‘undendum
2853 3016 2971 3072 sine
3015 3015 3120 3071 line
3152 3017 3204 3070 in
3231 3028 3510 3088 posterum

1845 3074 1891 3137 Ο
1924 3108 2126 3154 servat.
2169 3099 2476 3156 Electorum
2508 3118 2740 3173 namque
2790 3115 2874 3161 est
2915 3107 3005 3162 bic
3050 3110 3257 3164 conteri
3282 3148 3296 3173 ,
3348 3118 3407 3164 ut
3444 3110 3512 3163 ad

1918 3193 2143 3260 praemia
2193 3194 2423 3248 debeant
2467 3204 2686 3251 mternte
2731 3198 3064 3255 luereditatis
3111 3200 3357 3266 erudiri;
3413 3217 3512 3255 no-

1920 3290 2089 3334 strum
2118 3291 2203 3336 est
2230 3282 2317 3337 hie
2355 3282 2562 3354 ﬂagella
2605 3287 2904 3356 percipere,
2936 3289 3133 3359 quibus
3164 3297 3417 3345 servatur
3445 3292 3512 3345 de

1918 3373 2221 3428 aeternitate
2251 3374 2507 3443 gaudere.
2543 3374 2680 3431 llinc
2708 3378 2853 3431 enim
2882 3379 3143 3451 scriptum
3174 3388 3259 3437 est
3288 3398 3303 3435 :
3337 3398 3356 3432 ι
3386 3380 3512 3435 Fla-

1920 3461 2085 3529 gellat
2115 3478 2332 3517 omnem
2363 3464 2532 3518 lilium
2563 3480 2724 3535 quem
2765 3468 2959 3538 recipit
3005 3468 3190 3539 (Hebr.
3230 3485 3328 3536 xu,
3361 3468 3437 3539 6).
3480 3489 3501 3523 ι

1920 3548 2058 3605 Hinc
2083 3551 2150 3604 ad
2174 3551 2437 3608 Joannem
2466 3553 2665 3609 dicitur
2696 3572 2710 3609 :
2752 3574 2771 3607 ι
2801 3556 2913 3628 Ego
2938 3573 3074 3627 quos
3101 3574 3224 3613 amo
3251 3574 3420 3629 arguo
3451 3567 3511 3620 et

1919 3641 2125 3712 castigo
2172 3641 2353 3712 (Apoc.
2386 3658 2470 3707 tu,
2502 3644 2610 3715 19).
2647 3665 2665 3696 ι
2731 3644 3037 3699 Notandum
3072 3662 3203 3701 vero
3229 3655 3332 3711 est,
3361 3648 3507 3715 quod

1919 3730 2202 3786 subintulit
2224 3732 2390 3796 valde,
2423 3734 2551 3802 quia
2590 3742 2646 3789 et
2667 3734 2712 3789 si
2741 3749 2863 3804 qua:
2888 3735 3268 3804 longanimiter
3286 3735 3504 3801 tolerat,

1920 3823 2167 3892 quaedam
2199 3832 2377 3879 tamen
2424 3825 2476 3879 in
2524 3826 2627 3881 hac
2675 3827 2840 3881 etiam
2868 3828 2976 3881 vita
3005 3826 3235 3897 ﬂagellat
3260 3868 3275 3891 ,
3316 3837 3370 3883 et
3415 3828 3505 3884 hic

1919 3929 2307 3987 nonnunquam
2348 3915 2513 3973 ferire
2542 3917 2764 3972 inchoat
2790 3918 2935 3988 quod
2968 3929 3169 3975 aeterna
3226 3919 3506 3975 damnatio

1918 4017 2277 4063 consummat.
2310 4007 2449 4078 Ergo
2483 4019 2536 4062 et
2569 4007 2823 4063 nonnulla
2868 4009 3120 4079 percutit,
3161 4017 3214 4063 et
3245 4008 3500 4065 nonnulla

1918 4097 2089 4151 inulta
2114 4096 2456 4167 derelinquit,
2481 4097 2607 4167 quia
2634 4099 2680 4152 si
2706 4098 2847 4152 nulla
2875 4108 3171 4165 resecaret,
3192 4100 3315 4169 quis
3336 4101 3505 4159 Deum

1919 4202 2008 4242 res
2052 4189 2323 4243 humanas
2350 4203 2541 4243 curare
2579 4190 2935 4245 credidisset?
2983 4191 3049 4246 Et
3094 4208 3310 4247 rursum
3341 4193 3387 4247 si
3419 4193 3508 4250 hic

1918 4289 2111 4336 cuneta
2145 4289 2471 4350 percuteret,
2512 4292 2814 4337 extremum
2843 4283 3105 4354 judicium
3157 4286 3299 4341 unde
3330 4287 3502 4340 r'esta-

1921 4372 2039 4429 ret?
2080 4374 2341 4445 Sequitur
2371 4393 2383 4428 :

1991 4467 2156 4522 Vsus.
2187 4467 2274 4522 16.
2320 4466 2458 4535 Ergo
2510 4466 2613 4521 Job
2657 4467 2855 4537 frustra
2904 4471 3107 4540 aperuit
3150 4486 3206 4523 os
3245 4484 3418 4534 suum,
3455 4481 3505 4524 et

1918 4561 2110 4631 absque
2144 4560 2361 4613 scientia
2406 4560 2560 4613 verba
2601 4558 2935 4630 multiplicat.
2981 4590 3051 4601 --
3096 4559 3222 4615 Haec
3248 4561 3503 4614 nimirum

1916 4653 2179 4716 inferens,
2233 4652 2424 4707 beatus
2472 4652 2593 4717 Job,
2648 4661 2715 4708 et
2761 4653 2895 4708 nihil
2961 4654 3129 4709 scisse
3185 4654 3400 4718 asserit,
3446 4661 3504 4707 et

1917 4743 2083 4798 amita
2111 4742 2346 4807 dixisse;
2394 4753 2447 4798 ct
2492 4758 2615 4798 eum
2661 4744 2775 4812 ipse
2824 4759 2946 4815 qute
2989 4744 3153 4798 sentit
3204 4742 3506 4813 loquaciter

1915 4834 2113 4891 inferat
2138 4876 2152 4900 ,
2183 4834 2326 4889 hunc
2358 4835 2422 4889 de
2450 4834 2580 4888 vitio
2611 4832 2951 4901 loquacitatis
2979 4842 3217 4888 accusat.
3267 4830 3374 4886 Sed
3402 4832 3507 4887 hoc

1920 4938 2136 4995 quoque
2183 4937 2305 4977 esse
2354 4924 2631 4994 praprium
2700 4922 3067 4993 arrogantium
3124 4919 3301 4982 solet,
3350 4926 3411 4974 ut
3450 4928 3510 4974 et

1918 5028 2089 5087 pauca
2126 5012 2352 5066 credant
2397 5029 2517 5083 quae
2559 5011 2661 5080 ipsi
2713 5013 2883 5067 multa
2929 5010 3201 5072 dixerint,
3242 5014 3297 5061 et
3337 5009 3505 5063 multa

1917 5108 2161 5170 credant,
2196 5119 2316 5175 quae
2347 5106 2480 5178 ipsis
2510 5119 2683 5176 pauca
2713 5104 2985 5159 dicuntur.
3020 5099 3278 5168 Sequitur
3310 5114 3325 5150 :

2469 5193 2700 5255 CAPUT
2731 5193 2969 5249 XXXVI.

1991 5289 2152 5342 Vens.
2186 5288 2237 5349 1,
2276 5285 2333 5340 2.
2375 5289 2592 5345 Addens
2618 5299 2821 5353 quoque
2848 5282 2972 5338 Eliu
2997 5279 3184 5342 etiam,
3223 5278 3338 5331 luce
3369 5278 3512 5333 locu-

1919 5393 1928 5398 .
2104 5392 2113 5398 .
2163 5394 2173 5398 _
2216 5376 2249 5398 ﬂ
2322 5382 2355 5398 ,ο
2589 5395 2613 5398 .-
2629 5375 2854 5398 --.Ι-.1.-.--

2932 5381 2971 5398 ,ι
3014 5370 3256 5398 2..Α;-..ι,.
3296 5370 3392 5398 131ιέ
3462 5383 3469 5393 σ
