3948 5398
541 296 649 351 407

1543 304 1600 359 S.
1641 303 1894 360 ODONlS
1936 303 2225 360 ABBATIS
2264 305 2764 383 CLUNIACENSIS
2801 310 2845 364 ιι
3669 322 3745 382 ιω

520 414 958 502 ἱςυιιεδιιῆιιείιιιις
1013 425 1168 475 tanto
1201 417 1350 473 enim
1390 421 1715 491 semetipsos
1761 420 1992 478 credunt
2030 421 2130 479 do-
2159 434 2207 495 Α
2236 422 2304 478 ad
2328 421 2448 492 ejus
2476 414 2887 481 similitudidem
2915 426 3151 495 ducitur,
3178 428 3246 484 de
3270 444 3374 499 quo
3399 431 3629 502 scriptum
3652 449 3744 500 est;

520 486 746 562 'ctiores
767 486 1068 570 ostendere,
1096 519 1297 578 quanta
1327 522 1390 565 se
1410 486 1710 580 potuerunt
1737 511 2133 583 multiplicitate

549 596 894 669 loquacitatis
935 600 1170 671 aperire.
1206 600 1465 670 Sequitur
1496 618 1512 655 :
1543 602 1735 658 Adhuc
1774 604 1939 659 habeo
1991 604 2131 675 quod

545 706 639 761 pro
684 690 794 745 Deo
835 689 1042 762 loquar.
1085 720 1157 733 --
1195 690 1330 760 Quia
1375 694 1520 749 enim
1551 711 1695 766 saepe
1738 696 1841 751 sibi
1890 698 2132 754 sentiunt

545 781 746 839 silentii
776 784 1137 852 reverentiam
1195 799 1302 840 non
1348 785 1570 853 deferri,
1602 788 1693 845 Dei
1744 803 2129 859 nonnunquam

543 875 842 944 potentiam
871 875 937 929 de
964 890 1071 945 quo
1100 876 1254 945 quasi
1284 875 1580 946 loquuntur
1609 877 1906 941 insinuant,
1936 893 2001 933 ac
2030 878 2132 935 sub

539 964 980 1037 praetextujllius
1011 966 1114 1029 sibi
1144 966 1416 1022 silentium
1447 966 1688 1038 exigunt,
1722 967 1867 1037 quod
1910 967 2130 1023 minime

541 1063 844 1111 merentur.
887 1055 1028 1125 Quia
1071 1071 1198 1113 vero
1227 1073 1617 1128 nonnunquam
1664 1059 1915 1115 doctores
1953 1060 2127 1116 sancti

541 1147 734 1202 crebro
782 1156 1075 1218 repetunt,
1124 1149 1170 1204 si
1213 1163 1319 1220 qua
1365 1149 1650 1205 obscurius
1686 1151 1891 1218 dicunt,
1921 1161 1981 1206 ut
2007 1169 2129 1223 qua:

540 1238 752 1294 occulta
782 1238 1077 1310 pradicant
1102 1240 1411 1297 auditorum
1443 1242 1698 1298 cordibus
1725 1257 1856 1300 voce
1883 1245 2000 1300 haec
2026 1245 2121 1302 ite-

536 1332 768 1390 rationis
812 1333 1136 1402 inl’undant,
1185 1335 1502 1407 plerumque
1541 1336 1645 1393 hoc
1670 1346 1932 1408 appetunt
1957 1339 2126 1395 etiam

537 1432 857 1492 arrogantes
907 1425 1149 1494 imitari,
1194 1434 1250 1482 et
1299 1425 1594 1485 insolenter
1638 1443 1704 1484 ea
1738 1443 1859 1499 qua:
1888 1428 2128 1486 dixerint

538 1515 824 1587 replicant.
853 1517 1111 1589 Sequitur
1140 1534 1156 1575 δ

609 1605 776 1665 Vens.
812 1608 864 1664 5.
904 1608 1146 1680 Repetam
1178 1612 1447 1667 scientiam
1479 1631 1646 1668 meam
1672 1631 1703 1668 a
1741 1616 2018 1685 principio.
2056 1646 2123 1657 —

537 1696 643 1753 Sed
672 1699 798 1769 quia
848 1700 1123 1755 nominata
1169 1701 1396 1758 scientia
1449 1713 1627 1758 tumor
1658 1704 1841 1759 cordis
1887 1704 1938 1758 in
1989 1718 2123 1760 voce

534 1784 825 1852 claruerat,
859 1804 1120 1862 arrogans
1159 1802 1343 1862 aperte
1373 1792 1707 1862 agnoscitur,
1741 1792 1786 1847 si
1825 1809 1931 1848 non
1961 1793 2121 1850 citius
2150 1793 2198 1854 Β

532 1877 716 1949 aliquo
745 1879 1012 1936 velamine
1042 1881 1318 1952 pallietur.
1369 1883 1626 1952 Sequitur
1654 1902 1667 1937 :
1696 1882 1761 1937 Et
1793 1893 2117 1954 operatorem

529 1986 704 2026 meum
732 1973 950 2044 probato
990 1973 1220 2044 justum.
1264 2005 1331 2016 -—
1380 1973 1483 2041 Ut,
1534 1974 1660 2029 dum
1709 1975 1862 2045 quasi
1894 1989 1992 2045 pro
2024 1976 2117 2032 Dei

523 2058 738 2127 justitia
786 2062 1063 2133 loquitur,
1113 2065 1254 2134 apud
1302 2065 1535 2135 humana
1597 2064 1801 2136 judicia
1856 2067 2119 2138 quidquid

532 2161 858 2222 arroganter
885 2151 1056 2208 afﬂuit
1078 2163 1393 2209 excusetur.
1428 2153 1685 2226 Sequitur
1717 2174 1729 2210 :

603 2240 771 2299 Vens.
823 2244 877 2299 4.
946 2241 1077 2299 Vere
1122 2246 1260 2299 enim
1301 2246 1493 2312 absque
1537 2245 1809 2303 mendacio
1853 2262 2117 2303 sermones

530 2334 650 2391 mei.
679 2363 752 2374 —
776 2333 910 2390 Cum
941 2333 1010 2389 ab
1038 2335 1268 2391 inﬁrmis
1298 2334 1639 2393 auditoribus
1672 2351 1730 2393 se
1755 2336 1981 2408 intelligi
2009 2352 2116 2392 non

456 2414 467 2423 ’
525 2439 687 2497 posse
730 2427 1108 2497 conspiciunt,
1162 2427 1339 2483 solent
1404 2426 1720 2499 plerumque
1767 2428 1936 2484 etiam
1980 2426 2112 2497 justi

525 2520 753 2575 laudare
781 2519 919 2575 bona
965 2535 1087 2591 qua:
1117 2520 1322 2583 dicunt,
1357 2536 1464 2575 non
1492 2521 1634 2591 quod
1668 2521 1768 2592 ipsi
1798 2522 1913 2577 suis
1942 2520 2115 2576 laudi-

522 2608 627 2666 laus
656 2610 889 2677 inhiant,
922 2611 1018 2666 sed
1056 2610 1197 2681 quod
1224 2610 1499 2666 auditores
1528 2610 1882 2667 subaudiendi
1912 2609 2117 2667 sollici-

527 2702 716 2759 tudine
743 2704 1065 2765 accendant.
1100 2711 1160 2758 ut
1189 2703 1315 2758 dum
1344 2717 1532 2758 eorum
1571 2717 1702 2758 voce
1733 2702 2112 2773 przel'eruntur,

527 2793 600 2849 ab
644 2793 859 2850 illorum
902 2794 1157 2850 cordibus
1205 2794 1518 2850 ardentiore
1561 2792 1757 2849 aﬂ‘ectu
1806 2794 2110 2865 rapiantur.

535 2880 687 2941 Unde
713 2884 938 2951 Paulus,
966 2901 1091 2941 cum
1119 2884 1254 2940 mira
1293 2883 1594 2940 Corinthiis
1629 2892 1685 2940 et
1727 2884 1893 2939 multa
1939 2884 2111 2940 dixis-

531 2987 640 3043 set,
668 2976 914 3047 adiunxit
942 2993 957 3031 :
992 3000 1010 3028 ι
1039 2976 1114 3034 Os
1145 2986 1387 3032 nostrum
1418 2984 1570 3047 patet
1611 2975 1678 3031 ad
1713 2991 1832 3041 vos,
1862 2991 1897 3031 o
1921 2974 2110 3032 Corin-

531 3070 665 3135 thii;
711 3084 809 3125 cor
849 3076 1093 3124 nostrum
1138 3065 1417 3131 dilatatam
1453 3075 1539 3123 est
1569 3063 1652 3137 (Il
1683 3062 1806 3120 Cor.
1839 3066 2052 3137 v1.11).
2083 3083 2103 3118 s

2238 529 2256 562 ς
2295 508 2468 567 Omne
2499 513 2731 569 sublime
2760 515 2925 581 videt,
2954 525 3009 570 ct
3036 517 3150 587 ipse
3171 526 3256 573 est
3292 533 3383 573 rex
3410 535 3558 589 super
3579 525 3747 582 univer-

2231 620 2322 661 sos
2364 604 2503 660 filios
2568 608 2833 676 superbia:
2887 607 3009 677 (Job
3042 624 3152 674 xu,
3205 609 3320 680 25),
3367 629 3387 663 ›
3438 620 3491 665 et
3535 613 3594 668 de
3634 615 3748 684 cuius

2230 708 2457 763 corpore
2525 695 2725 751 dicitur
2773 711 2788 750 :
2846 715 2865 749 ι
2911 696 3204 756 Getmratio
3248 700 3399 770 cuius
3435 701 3614 758 excelsi
3657 717 3749 762 sunt

2230 786 2406 852 oculi,
2458 796 2515 843 et
2558 788 2826 858 palpebra:
2872 790 2989 857 ejus
3037 790 3092 845 in
3143 791 3253 846 alta
3305 803 3553 847 surrecta:
3593 792 3747 863 (Pros.

2233 894 2339 935 xxx
2368 919 2382 943 ,
2438 878 2549 949 13).
2583 897 2602 930 ι
2671 878 2838 934 Deum
2889 879 3091 950 quippe
3135 880 3333 935 imitari
3382 880 3632 937 desiderat
3665 885 3747 955 qui,

2231 968 2502 1037 fastigium
2546 968 2799 1038 potentiae
2841 969 3033 1025 alienis
3084 969 3322 1024 intentus
3349 969 3674 1037 utilitatibus,
3709 982 3752 1028 et

2233 1076 2337 1115 non
2365 1061 2480 1115 suis
2505 1060 2681 1116 elatus
2712 1059 2982 1126 laudibus,
3013 1061 3391 1127 administrat;
3441 1063 3527 1134 qui
3549 1062 3748 1134 pro:th

2230 1150 2442 1208 caneris
2488 1150 2745 1220 prodesse
2807 1152 3056 1222 appetit,
3108 1167 3212 1207 non
3258 1168 3507 1222 praeesse.
3553 1152 3751 1211 Tumorit

2231 1256 2463 1311 namque
2488 1241 2675 1306 elatio,
2706 1256 2814 1297 non
2843 1242 2977 1298 ordo
3016 1245 3319 1313 potestatis,
3352 1245 3404 1299 in
3433 1244 3637 1299 crimine
3659 1256 3748 1312 est;

2229 1331 2529 1401 potentiam
2583 1331 2725 1386 Deus
2773 1331 2996 1398 tribuit,
3046 1332 3331 1388 elationem
3382 1347 3505 1389 vero
3547 1335 3749 1404 potenti:

2229 1420 2430 1481 malitia
2458 1429 2657 1477 nostra:
2687 1422 2887 1479 mentis
2933 1422 3160 1479 invenit.
3213 1423 3487 1480 Tollamus
3511 1441 3626 1495 ergo
3648 1429 3752 1495 quod

2227 1511 2294 1568 de
2333 1524 2519 1568 nostro
2549 1512 2877 1575 contulimus
2904 1555 2921 1580 ,
2969 1523 3025 1569 et
3077 1514 3221 1571 bona
3257 1524 3383 1571 sunt
3420 1529 3534 1585 quae
3560 1516 3651 1572 Deo
3675 1514 3753 1571 lar-

2227 1603 2408 1675 giente
2441 1602 2795 1674 possidemus.
2829 1602 3086 1675 Sequitur
3119 1621 3134 1657 :

2299 1732 2461 1793 Vsus.
2494 1736 2546 1792 6.
2579 1735 2688 1793 Sed
2710 1754 2812 1792 non
2839 1735 3007 1791 salvat
3028 1736 3235 1807 impios,
3263 1746 3311 1791 et
3325 1736 3583 1808 judicium
3599 1752 3756 1808 perspe.

2228 1828 2372 1884 ribus
2399 1829 2601 1884 m’buit.
2634 1860 2703 1871 —
2734 1829 3016 1901 Scriptura
3041 1845 3199 1886 sacra
3245 1830 3561 1901 plerumque
3603 1843 3756 1899 paupe-

2221 1936 2312 1977 res
2351 1920 2586 1976 humiles
2615 1934 2811 1976 vocare
2838 1922 3140 1977 consuevit.
3201 1919 3359 1977 Unde
3416 1921 3469 1975 in
3520 1918 3755 1991 Evangelia

2220 2033 2341 2074 sum
2364 2016 2667 2086 adiectione
2699 2016 2923 2089 spiritus
2956 2018 3329 2084 nominantur,
3387 2018 3516 2074 dum
3543 2017 3710 2073 dicitur
3736 2034 3749 2070 :

2226 2126 2246 2161 ι
2279 2108 2427 2165 Beati
2449 2123 2715 2179 pauperes
2743 2110 2962 2178 spiritu,
2994 2111 3251 2180 quoniam
3276 2111 3515 2180 ipsorum
3556 2119 3629 2166 est
3674 2124 3743 2166 re-

2218 2215 2380 2272 gnum
2417 2200 2676 2256 cmlorum
2731 2199 2947 2273 (Matth.
2974 2217 3055 2266 ttt,
3085 2202 3162 2275 5).
3198 2222 3217 2256 ι
3249 2202 3391 2271 Quia
3412 2204 3550 2259 enim
3593 2202 3748 2258 divitia

2216 2292 2505 2348 visibiliter
2533 2302 2781 2363 potentes
2806 2293 3122 2359 ostendunt,
3156 2294 3298 2364 apud
3328 2296 3747 2364 semetipsospsu-

2216 2396 2373 2460 peres
2394 2382 2538 2446 sunt,
2571 2383 2664 2453 qui
2693 2382 2818 2439 elati
2848 2384 2901 2439 in
2924 2385 3042 2439 suis
3097 2385 3452 2440 conscientiis
3479 2399 3576 2438 non
3629 2392 3741 2438 sunt.

2215 2471 2323 2528 Eos
2350 2488 2477 2529 vero
2507 2473 2701 2543 impios
2727 2482 2902 2538 vocat,
2934 2473 3027 2544 qui
3058 2482 3153 2527 aut
3174 2490 3206 2529 a
3258 2473 3387 2529 fidei
3444 2474 3630 2544 pietate
3668 2472 3752 2527 dis-

2209 2565 2383 2636 juncti
2416 2573 2566 2631 sunt,
2597 2574 2694 2620 aut
2722 2566 2775 2621 in
2806 2566 2911 2621 hoc
2933 2566 3076 2636 quod
3100 2565 3335 2622 ﬁdeliter
3380 2565 3623 2630 credunt,
3657 2578 3751 2635 pra-

2214 2658 2298 2714 vis
2328 2658 2430 2715 sibi
2487 2659 2734 2715 moribus
2784 2659 3187 2714 contradicunt.
3239 2657 3589 2728 Omnipotens
3641 2655 3749 2710 Dens

2213 2751 2388 2807 elatos
2433 2750 2686 2816 destruit,
2714 2750 2949 2806 humiles
2999 2763 3129 2805 vero
3152 2764 3252 2820 per
3284 2749 3552 2820 judicium
3598 2747 3753 2802 liberos

2211 2842 2409 2908 reddit,
2443 2842 2522 2899 vel
2550 2850 2699 2898 certe
2715 2841 2986 2913 judicium
3035 2840 3358 2912 pauperibus
3415 2838 3608 2902 tribuit,
3657 2835 3749 2906 quia

2212 2934 2267 2990 bi
2308 2934 2400 3005 qui
2430 2933 2681 3004 nequiter
2711 2933 3111 3005 opprimuntur,
3169 2931 3271 3003 ipsi
3324 2940 3456 2986 tunc
3488 2943 3650 3003 super
3683 2940 3752 2995 op-

2213 3041 2494 3099 pressores
2520 3041 2647 3083 suos
2678 3026 2896 3099 iudices
2916 3026 3163 3081 veniunt.
3196 3022 3497 3095 Sequitur:

533 3159 643 3215 Sed
680 3167 1000 3228 arrogantes
1022 3199 1039 3225 ,
1077 3158 1202 3215 dum
1255 3172 1351 3213 cor
1399 3157 1664 3212 bonorum
1713 3158 2005 3224 nesciunt,
2056 3165 2111 3213 et
2137 3144 2182 3206 C
2284 3159 2450 3215 Vens.
2478 3158 2531 3213 7.
2566 3156 2691 3213 Non
2713 3157 2918 3228 auferet
2947 3146 2979 3213 ἁ
2996 3158 3145 3229 justo
3171 3155 3352 3212 oculos
3380 3172 3524 3222 suos,
3551 3163 3597 3211 et
3643 3164 3749 3222 reget

524 3248 669 3306 solas
706 3249 999 3318 aliquando
1040 3260 1202 3303 voces
1246 3247 1553 3311 imitantur,
1584 3244 1816 3301 ell‘erunt
1843 3245 2111 3301 laudando

524 3353 649 3409 quae
675 3336 880 3402 dicunt,
910 3351 1017 3392 non
1043 3335 1187 3407 quod
1235 3335 1316 3391 eis
1357 3344 1541 3405 torpor
1564 3333 1895 3389 audientium
1928 3334 2113 3404 displi-

524 3441 634 3495 cet,
670 3432 763 3486 sed
798 3431 940 3501 quod
967 3429 1069 3486 sibi
1106 3428 1379 3485 inhianter
1419 3427 1650 3497 placent.
1702 3425 1961 3496 Sequitur
1990 3445 2003 3480 :
2039 3425 2108 3480 Et

516 3523 750 3593 perfecta
792 3523 1008 3589 scientia
1052 3520 1359 3593 probabitur
1380 3519 1494 3574 tibi.
1544 3549 1615 3560 -—
1642 3517 1907 3573 Nimirum
1938 3520 2110 3574 sensit

522 3629 583 3673 se
613 3629 807 3686 magna
834 3615 1124 3680 dicturum,
1152 3612 1249 3669 sed
1279 3612 1513 3667 tumenti
1546 3610 1710 3667 corde
1737 3610 1840 3667 hoc
1867 3613 2010 3681 quod
2039 3612 2106 3666 de

519 3706 816 3777 sentetipso
844 3705 1150 3761 sublimiter
1183 3703 1509 3767 aestimavit,
1558 3711 1739 3758 tacere
1770 3717 1875 3756 non
1907 3702 2104 3774 potuit,

517 3804 575 3854 et
600 3795 799 3851 idcirco
828 3795 970 3865 quod
999 3803 1207 3850 rectum
1232 3793 1456 3867 sensit,
1500 3791 1773 3853 laudando
1797 3791 2103 3863 praecurrit,

516 3888 642 3959 quia
664 3887 775 3958 jam
802 3888 1020 3957 quidem
1053 3886 1236 3941 divino
1257 3884 1464 3953 judicio
1490 3898 1614 3944 reus
1636 3891 1800 3948 esset,
1831 3883 1876 3937 si
1909 3896 2103 3953 magna

514 3977 586 4036 de
625 3993 687 4035 se
713 3978 905 4034 saltem
953 3977 1161 4034 silendo
1198 3975 1479 4035 sensisset.
1527 3974 1666 4039 Ante
1714 3971 1915 4028 subtile
1959 3972 2103 4026 enim

514 4069 766 4125 veritatis
799 4084 1026 4136 examen
1074 4066 1255 4125 securi
1293 4066 1521 4123 omnino
1549 4079 1654 4119 non
1702 4077 1909 4129 sumus,
1936 4061 2102 4118 etiam

517 4156 562 4216 si
591 4160 829 4215 humano
847 4160 1050 4231 judicio
1083 4159 1227 4229 quod
1262 4159 1324 4215 in
1363 4157 1520 4231 nobis
1549 4153 1870 4226 reprehendi
1910 4153 2104 4210 debeat

519 4264 628 4306 non
657 4250 935 4305 habemus.
968 4248 1226 4320 Sequitur
1253 4267 1274 4303 :.

598 4341 762 4397 Vsus.
813 4341 867 4396 5.
917 4340 1057 4399 Deus
1099 4351 1332 4412 potentes
1375 4355 1480 4394 non
1519 4336 1720 4407 objicit,
1754 4352 1871 4405 cum
1909 4346 1956 4391 et
1997 4337 2106 4407 ipse

515 4431 584 4484 sit
625 4436 823 4496 potens.
864 4456 936 4469 --
978 4426 1035 4481 In
1064 4441 1163 4480 usu
1190 4426 1311 4479 vita:
1359 4424 1603 4478 mortalis
1651 4423 1896 4499 quaedam
1924 4438 1992 4502 ex
2020 4436 2105 4481 se-

2212 3252 2268 3307 in
2291 3250 2424 3307 solio
2451 3267 2548 3306 suo
2586 3249 2807 3306 collocat
2837 3251 2891 3304 in
2911 3260 3220 3321 perpetuum
3273 3259 3319 3303 et
3371 3247 3455 3303 illi
3497 3247 3743 3317 eriguntur.

2210 3371 2281 3381 —
2316 3341 2619 3397 Abstulisse
2648 3340 2792 3396 enim
2844 3355 2874 3394 a
2921 3337 3084 3408 justis
3132 3337 3320 3395 oculos
3375 3353 3506 3393 suos
3550 3335 3740 3390 fortasse

2214 3428 2476 3485 Dominus
2500 3430 2775 3496 creditur,
2830 3428 2958 3499 quia
3015 3428 3341 3500 mjustorum
3398 3423 3753 3482 crudelitatist

2211 3519 2303 3576 hic
2329 3520 2451 3575 sine
2482 3518 2715 3574 vindicta
2743 3518 3056 3577 lacerantur
3081 3557 3099 3581 ,
3124 3517 3218 3573 sed
3265 3516 3500 3583 (amulos
3524 3528 3639 3570 suos
3656 3520 3752 3565 tunc

2211 3611 2385 3680 magis
2427 3610 2680 3681 respicit,
2731 3624 2859 3665 cum
2912 3609 3116 3681 injuste
3171 3623 3266 3664 eos
3311 3605 3555 3677 nequitia
3603 3613 3746 3675 per“?

2209 3702 2426 3773 quentis
2444 3701 2650 3775 allligit.
2684 3701 2887 3758 Videns
2906 3702 3050 3756 enim
3074 3700 3218 3771 quod
3237 3699 3516 3756 humiliter
3541 3695 3742 3752 tolerent.

2210 3792 2466 3860 nimirum
2489 3793 2601 3863 jam
2633 3792 2913 3863 praevidet,
2944 3791 3073 3861 quid
3112 3790 3222 3845 illic
3246 3790 3327 3845 eis
3357 3783 3744 3845 misericorditer

2207 3892 2600 3953 recompenset.
2655 3882 2829 3953 Reges
2877 3890 3055 3936 autem
3095 3881 3232 3937 bene
3276 3881 3453 3936 sancti
3501 3877 3599 3934 viri
3636 3871 3750 3930 Scri-

2207 3980 2381 4044 ptura:
2406 3986 2575 4026 sacrae
2606 3969 2917 4025 testimonio
2961 3978 3243 4035 vocantur,
3284 3970 3412 4039 quia
3442 3964 3747 4023 tentationum

2207 4078 2428 4119 suarum
2461 4061 2695 4119 motibus
2721 4076 2827 4117 non
2859 4060 3246 4117 consentiendo
3275 4058 3644 4121 succumbere,
3680 4048 3750 4105 sed

2208 4151 2445 4223 regendo
2499 4166 2730 4221 [incesse
2765 4160 3050 4225 noverunt.
3085 4150 3223 4229 Quia
3252 4150 3421 4221 igitur
3446 4149 3513 4204 ab
3543 4148 3634 4203 hac
3673 4154 3749 4213 pq-

2209 4250 2406 4298 testate
2428 4242 2726 4312 regiminis,
2756 4241 2823 4297 ad
2855 4250 3177 4311 potestatem
3234 4246 3517 4295 transeunt
3557 4231 3747 4291 retribu‘

2214 4335 2421 4407 tionis,
2472 4334 2686 4405 dicatur
2734 4341 2921 4402 recte:
2971 4331 3138 4403 Reges
3186 4333 3243 4389 in
3289 4330 3424 4385 solio
3474 4321 3748 4384 collocatis

2210 4436 2542 4496 perpetuum.
2593 4424 2927 4495 Sometipsos
2977 4423 3124 4479 enim
3181 4420 3416 4492 regendo
3462 4418 3529 4474 ad
3580 4420 3748 4481 tempus

516 4487 765 4588 met-ipsis
789 4523 914 4573 sunt
946 4514 1123 4584 noxia,
1151 4514 1404 4583 quaedam.
1431 4527 1560 4567 vero
1590 4487 1772 4571 ex‘his
1810 4527 1929 4581 quae
1962 4498 2110 4567 eirea
2139 4487 2186 4547 θ
2210 4487 2427 4587 ’ῐειιῖςαιί
2458 4525 2605 4582 sunt,
2635 4514 2729 4571 sed
2757 4487 2817 4570 iii
2842 4513 2992 4585 regni
3049 4487 3606 4585 erectio't‘tisinternm
3644 4497 3748 4557 solio

516 4609 639 4679 ipsa
665 4614 976 4661 versantur.
1015 4603 1093 4668 Ex
1136 4602 1452 4673 semetipsis
1480 4604 1724 4672 quaedam
1762 4612 1886 4658 sunt
1926 4600 2107 4667 noxia,

494 4699 664 4757 sicut
675 4705 896 4769 peccata
910 4704 1070 4766 atque
1085 4694 1308 4766 flagitia;
1322 4694 1566 4763 quaedam
1585 4708 1709 4748 vero
1722 4706 2107 4762 nonnunquatn

517 4787 676 4847 nobis
695 4802 762 4842 ex
786 4787 871 4841 his
892 4801 1011 4858 quze
1039 4786 1181 4841 circa
1212 4786 1324 4857 ipsa
1351 4792 1477 4840 sunt
1506 4792 1722 4849 nocent,
1747 4783 2107 4855 sicuttempo-

518 4878 651 4934 ralis
663 4877 903 4948 potentia
919 4876 996 4932 vel
1014 4875 1200 4946 copula
1217 4874 1537 4946 coniugalis.
1551 4875 1758 4945 Bonum
1778 4888 2008 4943 namque
2020 4880 2105 4928 est

518 4972 847 5043 coniugium,
879 4970 972 5025 sed
1004 4969 1142 5025 mala
1182 4979 1309 5025 sunt
1340 4983 1459 5038 qua:
1485 4970 1630 5023 circa
1677 4967 1803 5022 illud
1836 4984 1901 5022 ex
1945 4965 2104 5035 huius

517 5063 704 5122 mundi
732 5072 1264 5127 curasuccrescunt.
1299 5061 1449 5118 Unde
1482 5069 1537 5116 et
1562 5060 1759 5115 Paulus
1794 5060 1869 5115 ait
1898 5074 1913 5114 :
1952 5078 1969 5111 ‹
1999 5057 2100 5126 Qui

516 5163 697 5209 autem
727 5169 849 5210 cum
878 5168 1046 5219 uxore
1070 5162 1174 5221 est,
1203 5154 1405 5222 cogitat
1430 5166 1550 5221 qua:
1580 5158 1705 5207 sunt
1736 5150 1940 5212 mundi,
1963 5164 2102 5220 quo-

514 5245 672 5300 modo
721 5245 931 5314 placeat
967 5245 1122 5299 uxori
1179 5243 1231 5316 (ι
1254 5240 1376 5298 Cor.
1403 5257 1504 5307 vn,
1536 5242 1649 5314 53).
1695 5262 1715 5295 s
1778 5242 1969 5314 Magna
2018 5249 2105 5296 est

2217 4608 2270 4664 in
2299 4616 2616 4679 perpetuum
2671 4605 3009 4666 collocantur
3045 4646 3059 4669 ,
3117 4614 3174 4678 et
3229 4619 3294 4659 eo
3346 4602 3458 4668 illic
3518 4596 3745 4667 accipiunt

2215 4691 2530 4773 [insipiunt]
2560 4696 2695 4757 alios
2726 4698 2888 4771 digne
2926 4694 3191 4769 judicare,
3242 4708 3350 4765 quo
3404 4691 3495 4746 hic
3538 4685 3746 4773 nesciunt

2211 4771 2517 4859 semetipsis
2543 4789 2792 4859 nequiter
2819 4802 3064 4865 parcere.
3122 4785 3258 4841 Hinc
3300 4783 3445 4840 enim
3495 4780 3622 4835 alias
3642 4771 3744 4865 dici-

2178 4954 2181 4955 ν
2215 4889 2301 4935 tur
2337 4896 2359 4952 τ’
2384 4899 2402 4930 ι
2440 4878 2623 4934 Donec
2645 4861 2858 4951 iustitia
2887 4887 3240 4934 convertatur
3289 4877 3342 4931 in
3378 4872 3631 4945 judicium
3653 4861 3741 4938 (P8-

2209 4987 2362 5037 xcm,
2417 4969 2539 5042 l5).
2573 4989 2591 5021 ι
2622 4969 2758 5040 Apte
2823 4978 3001 5024 aute-.n
3054 4969 3111 5025 in
3166 4977 3470 5039 perpetuum
3519 4958 3740 5042 subdenst

2208 5071 2333 5138 apte
2358 5038 2924 5131 quid'dicat'insittuat
2947 5073 2963 5123 ;
2989 5056 3032 5112 si
3066 5038 3209 5112 enim
3247 5046 3312 5125 de
3349 5048 3565 5108 'terreni
3621 5038 3742 5113 regni

2205 5146 2350 5221 salio,
2366 5145 2599 5221 diceret,
2624 5148 2930 5222 nullatenus
2970 5150 3025 5203 in
3068 5159 3371 5219 perpetuum
3419 5139 3740 5198 subdidisset.

2206 5246 2331 5315 quia
2359 5243 2562 5314 quique
2589 5241 2715 5296 illud
2748 5241 3038 5309 arripiunt,
3065 5230 3312 5310 profecto
3344 5250 3448 5292 non
3503 5234 3555 5287 in
3599 5243 3658 5283 eo
3696 5224 3741 5277 is

3437 5328 3475 5338 -
3661 5330 3738 5338 ι-..
