3948 5398
203 337 321 394 409

960 343 1260 401 ΕΡΙἸῸΜΕ
1294 340 1657 400 ΜθιιΑιιυιι
1698 339 1756 396 S.

1881 339 2002 394 LEG.
2047 338 2112 394 IN
2149 339 2513 396 JOB.—LIB.
2555 339 2742 396 XXVI.

3381 340 3486 396 “0

203 451 355 506 alias
384 455 644 526 scriptum
669 464 752 512 est
778 498 789 510 .
825 475 842 508 ι
880 455 1183 512 Humiliasti
1208 469 1306 510 nos
1328 455 1382 509 in
1407 454 1526 509 loco
1553 450 1800 506 aﬂictioo
1829 455 1876 512 Α
1977 449 2244 504 Veasdﬁ.
2264 449 2606 506 Simulatorn
2622 462 2668 506 et
2683 450 2863 505 callidi
2890 461 3168 521 provocant
3207 451 3343 507 iram
3364 451 3480 508 Dei.

202 543 301 598 nis
331 541 450 613 (Ps.
485 546 772 618 xuu,20).
817 565 834 599 ι
869 545 1162 616 Sequitur:

1904 569 1976 581 —
2003 539 2137 595 Cum
2167 541 2495 596 simulatores
2524 542 2753 608 diceret,
2803 550 2924 610 apte
2953 539 3251 608 subjunxit,
3292 552 3341 596 et
3371 541 3484 596 cal-

284 632 458 690 Vens.
494 639 549 702 8,
580 639 632 693 9.
667 637 755 702 Et,
785 641 829 692 si
856 639 1052 707 fuerint
1073 640 1125 692 in
1153 640 1448 702 catenis,"et
1506 637 1804 692 vinciantur
1903 632 2017 694 lidi,
2043 632 2167 701 quia
2191 631 2292 686 nisi
2323 631 2538 701 ingenio
2559 632 2812 695 calleant,
2835 633 2977 700 quod
3003 632 3169 686 videri
3200 640 3478 700 appetunt,

201 725 432 793 funibus
479 731 824 796 paupertatis,
866 731 1114 784 indicabit
1171 733 1244 785 eis
1305 747 1460 800 opera
1503 745 1705 789 eorum,
1751 738 1801 782 et

204 815 417 870 scelera
442 833 648 882 eorum,
677 822 802 889 quia
828 821 1035 873 violenti
1057 822 1291 890 fuerunt.
1321 851 1389 862 —-
1412 820 1630 874 Catena:
1664 817 1801 872 obli-

201 907 448 971 gationis
480 919 628 973 sunt,
664 910 777 979 ipsa
808 911 984 965 adhuc
1043 911 1276 965 retentio
1325 908 1796 980 peregrinationis.

199 990 462 1064 Ligatum
491 1013 551 1052 se
584 999 668 1054 his
699 1001 907 1055 catenis
931 999 1128 1055 Paulus
1177 1008 1483 1069 aspexerat,
1540 1011 1663 1054 cum
1715 998 1797 1052 di-

203 1086 414 1141 cebat:
480 1108 498 1140 ι
547 1090 883 1146 Desiderium
937 1093 1143 1148 habens
1218 1091 1488 1157 dissolvi,
1566 1100 1622 1146 et
1671 1105 1792 1145 cum

197 1171 432 1228 Christo
458 1191 582 1232 esse
629 1177 852 1248 (Philip.
911 1197 949 1244 ι,
986 1181 1101 1251 ‘25).
1145 1201 1163 1233 ι
1199 1181 1542 1251 Paupertatis
1576 1180 1793 1235 funibus

197 1265 414 1318 victum
443 1281 502 1321 se
533 1283 654 1324 esse
684 1271 971 1335 cernebat,
999 1273 1220 1340 quando
1249 1287 1408 1327 veras
1435 1273 1655 1326 divitias
1709 1272 1792 1324 in-

197 1360 389 1418 tuens,
415 1371 508 1411 eas
535 1358 700 1412 etiam
751 1359 1032 1430 discipulis
1077 1361 1363 1425 exorabat,
1391 1361 1579 1414 dicens
1607 1379 1618 1412 :
1658 1379 1676 1411 ι
1721 1361 1790 1416 Ut

195 1439 398 1496 sciatis
424 1459 544 1513 qua:
600 1447 673 1501 sit
720 1463 844 1519 spes
888 1450 1189 1504 vocationis
1230 1451 1366 1518 ejus,
1419 1464 1540 1518 qua:
1588 1449 1788 1504 divitia:

194 1531 392 1604 gloria:
422 1537 752 1593 hereditatis
777 1539 896 1610 ejus
953 1542 1006 1596 in
1054 1542 1256 1597 sanctis
1287 1542 1502 1611 (Epltes.
1533 1557 1572 1604 ι,
1605 1542 1715 1612 18).
1760 1560 1782 1594 ι

193 1623 348 1681 Bene
374 1637 555 1684 autem
587 1639 705 1700 post
735 1630 834 1685 ista
865 1632 1154 1686 subditur:
1186 1631 1443 1684 Indicavit
1495 1633 1569 1684 eis
1628 1647 1784 1698 opera

191 1731 406 1781 eorum,
439 1719 563 1787 quia
593 1719 802 1773 violenti
855 1720 1088 1788 fuerunt.
1119 1721 1253 1774 Cum
1302 1721 1445 1774 enim
1493 1734 1783 1790 supernam

1902 735 2136 789 congrue
2181 721 2438 774 simulare
2465 736 2570 775 non
2615 733 2858 791 possunt.
2889 721 3026 776 Sunt
3051 722 3194 776 enim
3225 720 3479 776 nonnulla

1901 809 2029 862 vitia
2056 824 2176 878 qua:
2193 810 2356 863 etiam
2381 825 2410 862 a
2435 824 2594 863 sensu
2621 811 2948 864 tardioribus
2977 809 3132 866 facile
3164 819 3481 880 perpetran-

1900 908 2008 953 tur.
2041 900 2285 954 Elatione
2311 915 2544 969 namque
2576 901 2958 966 intumescere,
2986 903 3232 957 avaritia:
3257 903 3480 958 testibus

1900 987 2128 1052 inhiare,
2160 988 2384 1044 luxuria:
2420 989 2654 1059 pulsanti
2683 993 3036 1047 succumbere
3063 994 3226 1047 etiam
3253 992 3480 1062 quilibet

1894 1076 2119 1131 obtusus
2151 1087 2350 1147 potest.
2376 1079 2752 1136 Simulationis
2772 1096 2899 1136 vero
2921 1080 3209 1136 falsitatem
3235 1081 3474 1150 exsequi,

1894 1166 1997 1220 nisi
2020 1167 2141 1236 quis
2179 1168 2476 1223 subtilioris
2503 1169 2702 1240 ingenii
2734 1168 2920 1234 fuerit,
2951 1185 3054 1224 non
3088 1178 3286 1240 potest.
3310 1170 3475 1236 Quis-

1893 1257 2016 1326 quis
2061 1259 2206 1311 enim
2260 1259 2380 1314 talis
2424 1269 2531 1325 est,
2569 1262 2636 1314 ad
2681 1262 3032 1317 custodienda
3073 1261 3323 1316 videlicet
3351 1262 3475 1326 duo,

1892 1349 2143 1402 continua
2169 1350 2550 1406 observatione
2583 1353 2859 1418 dividitur,
2883 1363 2940 1406 ut
2966 1353 3159 1407 calide
3190 1351 3404 1408 noverit
3422 1360 3479 1407 et

1890 1439 2163 1495 occultare
2191 1442 2332 1510 quod
2364 1452 2464 1504 est,
2495 1454 2552 1498 et
2576 1453 2853 1499 ostentare
2881 1448 3024 1516 quod
3069 1461 3174 1501 non
3202 1455 3303 1502 est.
3333 1445 3476 1500 Iram

1889 1531 2088 1599 quippe
2138 1532 2231 1586 Dei
2281 1536 2476 1589 mereri
2522 1545 2628 1600 est,
2661 1537 2825 1591 etiam
2876 1538 3168 1593 nesciendo
3206 1552 3473 1606 peccare:

1888 1637 2182 1690 provocare
2203 1640 2330 1680 vero
2350 1638 2454 1692 est,
2479 1630 2745 1684 mandatis
2767 1629 2909 1684 illius
2929 1629 3148 1684 sciendo
3165 1629 3470 1694 contraire;

1886 1715 2028 1770 scire
2072 1717 2290 1777 bonum,
2329 1719 2422 1773 sed
2449 1719 2754 1788 despicere;
2788 1718 2967 1774 facere
3007 1735 3188 1788 posse,
3233 1719 3326 1774 sed
3365 1735 3471 1774 non

191 1805 431 1876 gloriam
486 1811 662 1880 magis
707 1811 940 1866 amando
994 1811 1365 1881 coguocimus,
1432 1820 1561 1865 tunc
1612 1810 1773 1876 mala,
1809 1792 1853 1850 Β
1883 1805 2034 1861 velle.
2069 1806 2144 1862 De
2174 1807 2370 1876 quibus
2396 1824 2528 1864 voce
2547 1810 2820 1865 Dominica
2852 1811 3049 1865 dicitur
3079 1827 3092 1865 :
3127 1829 3145 1862 ι
3173 1812 3264 1865 Vae
3294 1813 3470 1876 vobis,

187 1913 319 1968 qua:
341 1901 573 1970 egimus,
604 1903 854 1972 graviora
885 1904 1052 1958 fuisse
1077 1903 1358 1957 sentimus.
1388 1901 1540 1957 Unde
1561 1911 1615 1956 et
1642 1901 1785 1955 Pau-

185 1989 280 2045 lus
309 1999 434 2060 post
459 2003 768 2063 perceptam
799 1993 1029 2063 gratiam
1056 2007 1412 2061 supernorum
1437 2033 1454 2056 ,
1480 2009 1543 2047 ea
1581 2008 1701 2061 qua:
1727 1993 1780 2046 in

184 2094 252 2136 Ie
282 2082 465 2135 studia
513 2083 773 2137 virtutum
828 2085 1134 2138 crediderat
1174 2084 1356 2147 fuisse,
1404 2084 1516 2154 jam
1573 2084 1778 2138 scelera

184 2173 564 2244 cognoscebat
590 2175 818 2229 dicens:
858 2193 875 2226 ι
914 2176 1014 2241 Qui
1073 2175 1226 2244 prius
1280 2173 1355 2228 fui
1407 2174 1773 2242 blasphemus,

182 2270 246 2317 et
270 2251 594 2332 persecutor
619 2272 673 2318 et
701 2265 1150 2327 contumeliosus,
1202 2264 1294 2318 sed
1348 2252 1777 2318 misericordiam

182 2363 523 2409 consecutus
548 2370 690 2419 sum,
743 2358 874 2426 quia
927 2357 1184 2427 ignorans
1229 2355 1329 2410 feci
1383 2358 1434 2410 in
1488 2356 1780 2410 increduli-

179 2455 307 2502 tate
339 2447 504 2518 (Tim.
536 2465 575 2514 ι,
609 2448 719 2520 15).
757 2469 776 2502 ι
813 2449 906 2504 Vel
932 2460 1097 2505 certe.
1139 2469 1157 2500 ι
1195 2450 1300 2504 Sed
1327 2465 1446 2518 qua:
1478 2450 1608 2505 mihi
1663 2449 1779 2505 fue-

179 2547 322 2592 runt
350 2537 520 2601 lucra,
554 2539 670 2594 haec
720 2541 1019 2596 arbitratus
1061 2555 1180 2594 sum
1235 2550 1455 2610 propter
1500 2540 1776 2596 Clu-istum

181 2627 517 2684 detrimenta
547 2630 766 2701 (Philip.
807 2647 888 2696 tu,
921 2633 998 2700 7).
1039 2651 1054 2683 ι
1083 2631 1376 2701 Sequitur:

258 2717 427 2776 Vens.
461 2721 547 2775 10.
577 2721 837 2776 Revelabit
875 2734 1077 2795 quoque
1110 2741 1289 2778 aurem
1318 2741 1498 2778 eorum
1524 2736 1578 2780 ut
1614 2728 1778 2782 corri-

175 2811 321 2880 piat,
341 2820 389 2864 et
411 2809 651 2880 loquetur
671 2826 726 2864 ut
749 2823 1076 2866 revertantur
1097 2815 1160 2867 ab
1184 2815 1474 2884 iniquitate.
1494 2816 1778 2871 —Aurem

176 2898 368 2953 revela
379 2914 435 2952 re
455 2907 540 2953 est
568 2899 900 2954 intellectum
924 2903 1248 2972 cognitionis
1268 2905 1511 2972 aperire;
1538 2905 1778 2960 revelata

174 3003 318 3042 vero
350 3004 483 3043 aure
529 2990 899 3059 unusquisque
939 2991 1246 3061 corripitur,
1277 2992 1492 3060 quando
1527 2993 1781 3048 intrinse-

176 3094 282 3133 cus
311 3090 641 3135 azternorum
671 3081 935 3135 bonorum
973 3082 1300 3136 desiderium
1331 3084 1581 3153 percipit.
1599 3084 1780 3140 Potest

1888 1895 2092 1952 Scriba:
2113 1909 2168 1952 et
2193 1900 2477 1965 Pltarismi,
2494 1903 2620 1970 quia
2644 1903 2849 1957 similes
2871 1904 3002 1959 estis
3025 1904 3292 1974 sepulcris
3322 1904 3472 1960 deal-

1884 1987 2024 2044 batis
2059 1989 2298 2060 (Mallia,
2330 2008 2484 2058 xxm,
2515 1995 2627 2063 27).
2655 1994 2962 2064 t'Sequitur
2996 2013 3009 2049 :
3047 1994 3231 2066 Neque
3271 1995 3472 2050 clama-

1883 2079 2008 2132 bunt
2041 2097 2158 2133 cum
2187 2081 2346 2135 vincti
2376 2083 2592 2150 fuerint.
2623 2112 2691 2123 —
2725 2082 2916 2139 Omnis
2942 2084 3180 2155 iniquus,
3209 2084 3321 2153 qui,
3346 2099 3468 2139 cum

1882 2171 2099 2240 iniquus
2129 2173 2218 2232 sit,
2249 2182 2469 2228 sanctus
2499 2175 2666 2228 videri
2696 2177 2920 2246 appetit,
2953 2177 3005 2229 in
3032 2175 3228 2245 flagelli
3252 2190 3472 2244 percus-

1881 2260 2035 2314 sione
2062 2261 2450 2330 depreltensus,
2497 2264 2654 2319 fateri
2687 2266 2830 2335 quod
2862 2266 3081 2335 iniquus
3113 2275 3199 2321 est
3238 2267 3468 2322 erubes-

1881 2353 1973 2406 cit.
2006 2352 2169 2418 Quasi
2200 2354 2354 2409 liberi
2387 2371 2515 2410 vero
2545 2372 2750 2421 sumus,
2779 2374 2901 2412 cum
2930 2359 3075 2410 nulla
3127 2360 3467 2414 correctione

1879 2445 2243 2515 castigamur;
2275 2448 2426 2515 quasi
2455 2449 2743 2513 vincimur,
2773 2465 2896 2504 eum
2927 2449 3135 2519 flagello
3167 2453 3472 2519 percussio-

1881 2533 1967 2588 nis
1989 2535 2368 2605 astringinmr.
2396 2536 2570 2594 Vincti
2599 2540 2762 2609 igitur
2783 2549 2936 2595 tanto
2962 2541 3262 2595 clamamus
3282 2541 3466 2606 altius,

1878 2634 2083 2694 quanto
2106 2627 2157 2679 in
2176 2628 2523 2696 percussione
2550 2629 2728 2699 positi,
2755 2638 2975 2699 peccata
3007 2640 3190 2684 nostra
3222 2629 3468 2686 veracius

1879 2717 2218 2772 conﬁtemur.
2262 2719 2620 2776 Simulatores
2667 2721 2828 2775 etiam
2876 2720 3202 2790 deprehensi
3255 2717 3466 2790 ﬂagello

1880 2807 2246 2876 percussionis
2273 2819 2551 2874 extremm,
2581 2811 2706 2880 quia
2734 2808 3128 2865 confessionem
3153 2824 3344 2877 puram
3375 2809 3462 2864 vel

1880 2898 2062 2954 alllicti
2091 2915 2346 2956 exercere
2369 2902 2664 2972 negligunt,
2689 2901 2843 2969 quasi
2871 2900 3036 2955 vincti
3065 2900 3304 2954 clamare
3330 2913 3465 2954 con-

1881 2998 2162 3056 temnunt,
2217 2993 2466 3060 quamvis
2527 2992 2751 3062 intelligi
2808 2991 2970 3046 etiam
3037 2990 3194 3045 aliter
3253 2997 3456 3060 potest.

1881 3078 2070 3134 Omnis
2118 3082 2262 3135 enim
2309 3083 2425 3151 qui,
2457 3097 2581 3136 cum
2620 3082 2838 3152 iniquus
2867 3082 2958 3143 sit,
3003 3081 3107 3136 dici
3144 3089 3365 3136 sanctus
3395 3081 3462 3136 ab

175 3187 320 3227 vero
360 3173 414 3227 in
443 3174 653 3228 catenis
681 3181 736 3228 et
774 3172 992 3228 funibus
1035 3175 1391 3245 paupertatis,
1419 3188 1576 3245 pceua
1611 3177 1773 3232 etiam
1804 3145 1849 3206 ο
1881 3171 2188 3227 hominibus
2239 3189 2344 3227 non
2386 3174 2743 3242 pertimescit,
2773 3174 2873 3228 etsi
2920 3175 3160 3242 iniquum
3205 3188 3264 3227 se
3297 3173 3462 3227 tacita

179 3265 500 3335 temporalis
546 3264 855 3320 alllietionis
891 3266 1139 3335 intelligi.
1193 3267 1328 3333 Quia
1365 3282 1505 3336 saepe
1532 3267 1774 3336 jubentis

173 3357 348 3411 verba
377 3372 481 3411 non
504 3358 748 3419 audiunt,
770 3358 1017 3413 ferientis
1045 3361 1364 3415 verberibus
1387 3361 1770 3426 admonentur,

174 3457 242 3502 ut
289 3449 360 3501 ad
405 3449 544 3502 bona
593 3449 858 3503 desideria
910 3463 1072 3517 poena
1127 3451 1344 3505 trahant
1383 3467 1520 3520 quos
1550 3454 1772 3523 prtemia

175 3553 293 3594 non
315 3537 564 3592 invitant.
593 3537 742 3593 [inde
771 3555 866 3608 per
882 3539 1204 3607 Propltetam
1232 3541 1453 3596 dicitur:
1477 3561 1496 3592 ι
1526 3541 1582 3596 1η
1618 3542 1771 3598 freno

175 3637 239 3684 et
297 3644 454 3683 canto
498 3630 750 3684 maxillas
790 3646 978 3685 eorum
1009 3633 1344 3702 constringe,
1390 3634 1481 3702 qui
1527 3649 1632 3689 non
1679 3650 1773 3704 ap-

176 3721 498 3793 proximant
523 3721 589 3775 ad
618 3730 668 3776 te
697 3719 870 3791 (Psal.
896 3737 1044 3784 χχχι,
1077 3722 1152 3792 9).
1187 3741 1205 3773 ι
1225 3723 1512 3792 Sequitur:

258 3812 428 3866 Vens.
449 3812 533 3866 Η.
562 3810 626 3866 Si
651 3813 913 3867 audierint
938 3821 986 3866 et
1017 3813 1414 3877 observarerint,
1445 3813 1769 3882 complebunt

174 3899 295 3952 dies
327 3915 450 3953 suos
475 3902 528 3954 in
555 3901 709 3965 bono,
736 3911 783 3955 et
809 3917 976 3956 annos
1000 3917 1124 3954 suos
1162 3902 1216 3954 in
1239 3901 1428 3972 gloria.
1449 3932 1517 3942 —-
1536 3903 1640 3957 Per
1669 3904 1767 3958 bo-

174 4006 312 4046 num
337 4002 490 4047 recta
520 3994 682 4058 actio,
706 4009 802 4064 per
823 3994 1048 4065 gloriam
1070 4009 1200 4048 vero
1227 4010 1458 4063 superna
1481 3996 1768 4051 retributio

175 4083 518 4153 designatur.
567 4083 668 4151 Qui
699 4100 826 4153 ergo
866 4085 1086 4140 obedire
1123 4087 1410 4156 praeceptis
1450 4086 1765 4142 cmlestibus

173 4173 423 4240 student,
452 4175 563 4229 dies
585 4177 639 4229 in
662 4176 792 4229 bono
821 4176 1274 4246 contemplantur,
1297 4194 1461 4231 annos
1491 4179 1544 4232 in
1570 4178 1762 4248 gloria,

173 4267 308 4339 quia
354 4275 409 4321 et
438 4282 656 4322 cursum
700 4269 982 4338 prtesentis
1014 4270 1274 4338 temporis
1317 4271 1368 4323 in
1401 4279 1548 4324 recto
1575 4285 1759 4340 opere,

171 4366 232 4413 et
259 4360 783 4414 consummationem
832 4375 986 4414 suam
1019 4359 1305 4428 perliciunt
1353 4359 1497 4414 felici
1530 4361 1762 4417 retribu-

173 4448 350 4504 tione.
393 4447 650 4519 Sequitur
673 4465 690 4503 :

250 4536 418 4593 Vens.
464 4539 548 4594 12.
595 4540 658 4594 Si
685 4557 802 4595 vero
842 4559 944 4596 non
993 4543 1278 4608 audierint,
1327 4544 1621 4598 transibunt
1673 4560 1765 4612 per

170 4629 436 4701 gladium,
467 4639 512 4683 et
539 4641 912 4684 consumentur
941 4632 993 4684 in
1031 4632 1273 4686 stultitia.
1294 4633 1513 4700 —Qttia
1543 4641 1598 4687 et
1643 4634 1763 4687 vin-

171 4722 322 4777 dicta
352 4735 445 4775 eos
475 4721 528 4774 in
557 4720 904 4775 tribulatione
925 4724 1180 4790 percutit,
1205 4732 1260 4778 et
1279 4723 1402 4779 linis
1429 4726 1481 4778 in
1514 4724 1764 4780 fatuitate

171 4809 473 4869 concludit.
507 4810 647 4865 Sunt
675 4812 876 4865 etenim
906 4813 1146 4866 nonnulli
1174 4828 1310 4882 quos
1340 4829 1370 4868 a
1395 4815 1620 4883 perditis
1645 4830 1762 4871 mo-

169 4901 328 4956 ribus
357 4917 454 4960 nec
484 4911 758 4957 tormenta
792 4913 1159 4973 compescunt.
1189 4905 1262 4960 De
1291 4909 1487 4977 quibus
1508 4923 1606 4978 per
1633 4923 1760 4978 pro-

171 4992 395 5060 phetam
449 4993 687 5048 dicitur:
720 5010 739 5043 ι
771 4993 1092 5049 Percussisti
1139 5011 1253 5059 eos,
1302 5015 1402 5054 nec
1444 5000 1756 5068 doluerunt,

167 5079 453 5150 ﬂagellasti
498 5097 613 5148 eos,
656 5091 714 5136 et
753 5093 1048 5139 tenuerunt
1089 5087 1361 5154 suscipere
1415 5090 1758 5159 disciplinam

171 5170 293 5202 l'a'
364 5188 392 5202 Iv
444 5175 496 5202 τὶ
555 5195 571 5202 -
604 5174 752 5202 D.snn
801 5191 925 5202 Α-Αιη
959 5175 1155 5202 Aude..-
1215 5182 1352 5202 κη--.
1398 5198 1484 5202 ---7.
1537 5182 1685 5202 -.ΙγγΔὩΑ
1731 5200 1752 5201 η

555 5195 571 5202 ι
604 5174 752 5202 υαιηΛ
801 5191 925 5202 Anan
959 5175 1155 5202 ιεζιιῖΔ---ι
1215 5193 1336 5202 own---

1875 3261 2202 3329 cogitatione
2232 3265 2600 3333 reprehendit,
2628 3273 2804 3318 tamen
2837 3265 2964 3318 dum
2992 3265 3188 3334 sapius
3215 3274 3461 3320 sanctum

1875 3351 2063 3404 audire
2091 3366 2148 3404 se
2177 3353 2422 3421 coeperit,
2455 3353 2555 3408 hoc
2577 3355 2721 3422 quod
2748 3354 2816 3407 de
2847 3369 2905 3408 se
2954 3354 3280 3409 intrinsecus
3313 3362 3462 3408 tene-

1873 3441 1966 3497 bat
1989 3445 2209 3498 amittit.
2245 3446 2381 3500 Dum
2411 3463 2542 3508 vero
2570 3449 2748 3502 subita
2792 3450 3142 3519 percussione
3171 3449 3457 3512 feriuntur,

1875 3532 2089 3603 iniquos
2119 3551 2178 3590 se
2200 3537 2284 3590 vel
2308 3540 2576 3592 veraciter
2611 3539 2793 3604 fateri,
2826 3539 2907 3592 vel
2944 3540 3086 3594 sicut
3112 3547 3240 3592 sunt
3265 3540 3460 3605 depre—

1867 3622 2112 3679 hendere
2140 3626 2363 3682 omnino
2392 3642 2496 3681 non
2526 3638 2774 3697 possunt,
2803 3629 2930 3697 quia
2961 3629 3214 3683 videlicet
3240 3637 3460 3682 sanctos

1873 3729 1931 3769 se
1953 3715 2185 3768 humana
2215 3717 2549 3785 professione
2576 3719 2942 3773 crediderunt.
2973 3719 3178 3785 Quibus
3202 3720 3337 3773 bene
3361 3733 3459 3786 per

1869 3804 2186 3870 prophetam
2223 3806 2452 3860 dicitur:
2483 3825 2502 3856 ι
2540 3805 2753 3870 Redite,
2789 3807 3191 3875 praedicatores,
3220 3805 3456 3879 [Praevav

1869 3893 2156 3965 ricatores]
2188 3897 2254 3949 ad
2277 3911 2371 3950 cor
2397 3895 2532 3967 (lsa.
2570 3912 2692 3959 va,
2719 3895 2793 3967 8).
2831 3916 2849 3949 ι
2883 3896 3166 3966 Sequitur:

1945 3982 2101 4039 Vens.
2129 3985 2214 4038 M.
2241 3985 2534 4040 Moriemur
2554 3987 2608 4039 in
2635 3997 2933 4057 tempestate
2954 3988 3144 4041 animae
3167 4003 3365 4040 eorum.
3382 4016 3453 4028 —

1866 4076 2029 4142 Quasi
2088 4078 2434 4148 tranquillum
2475 4094 2707 4149 namque
2745 4079 3068 4134 videbantur
3097 4079 3296 4141 vivere,
3326 4093 3450 4132 cum

1867 4169 1932 4222 de
1977 4168 2284 4223 sanctitatis
2333 4176 2592 4223 curarent
2648 4168 2805 4222 laude
2851 4168 3106 4239 gaudere.
3166 4166 3271 4221 Sed
3317 4177 3454 4222 tem-

1865 4266 2073 4328 pestate
2130 4258 2306 4312 subita
2353 4273 2540 4313 eorum
2582 4258 2762 4313 anima
2796 4259 3047 4320 moritur,
3093 4273 3213 4328 qua:
3255 4259 3452 4316 huma-

1865 4363 1949 4402 na:
2003 4349 2175 4404 laudis
2225 4350 2459 4419 pessima
2502 4351 2894 4419 tranquillitate
2943 4351 3248 4407 laetabatur.
3315 4351 3453 4409 Hinc

1863 4443 2058 4510 quippe
2079 4457 2172 4497 eos
2195 4442 2350 4496 turbo
2371 4443 2552 4497 subito
2573 4443 2714 4512 rapit
2736 4444 3121 4513 percussionis,
3149 4459 3285 4513 quos
3303 4457 3454 4498 arro-

1795 4509 1841 4568 D
1870 4509 2056 4600 gantia
2078 4533 2286 4586 externi
2313 4532 2515 4588 favoris
2535 4509 2777 4598 extollit;
2807 4543 2883 4598 et,
2908 4535 3032 4589 dum
3057 4509 3453 4604 amplectuntur

1870 4622 1924 4676 in
1947 4623 2104 4678 laude
2125 4625 2266 4694 quod
2291 4639 2396 4678 non
2427 4635 2575 4689 sunt,
2610 4636 2831 4696 repente
2862 4629 3142 4682 inveniunt
3168 4630 3220 4682 in
3247 4627 3452 4684 ultione

1867 4716 2010 4784 quod
2056 4725 2199 4770 sunt.
2249 4714 2540 4785 Sequitur:
2571 4714 2640 4769 Et
2670 4718 2774 4770 vita
2805 4734 2984 4772 eorum
3014 4719 3147 4772 inter
3180 4719 3453 4787 e/femina-

1855 4819 1968 4864 tos.
2000 4840 2072 4849 —
2099 4810 2155 4864 Si
2206 4810 2348 4864 enim
2401 4811 2626 4865 viriliter
2671 4811 2932 4874 viverent,
2973 4811 3087 4864 laus
3136 4809 3451 4862 transitoria

1868 4903 2010 4958 nulla
2032 4918 2126 4957 eos
2144 4903 2490 4972 corruptione
2517 4903 2752 4956 vitiaret.
2779 4901 2851 4956 Ut
2878 4903 2943 4956 de
2965 4901 3154 4956 electis
3182 4899 3453 4967 Propheta

1868 4998 2156 5066 persuadet
2193 4997 2420 5050 dicens:
2461 5017 2478 5048 ι
2509 4994 2752 5048 \‘iriliter
2803 4996 2964 5064 agite,
3017 5002 3073 5046 et
3117 4989 3455 5044 confortetur

1867 5105 1963 5146 cor
2011 5097 2252 5143 vestrum
2304 5085 2480 5156 (Psal.
2507 5101 2636 5148 xxx,
2664 5084 2778 5153 25).
2808 5104 2826 5136 ι
2870 5085 3033 5154 Igitur
3079 5079 3456 5136 simulatorem

2165 5178 2486 5202 4,-.--:....l--
2537 5176 2763 5202 Μηηζιιιιι
2840 5175 2958 5202 ηιιῗη
3016 5170 3188 5202 Ι.ιιιι¹ἶο
3242 5167 3452 5202 ΙΙΙῩΙΙΠὲη
