3934 5400
495 318 595 373 ιιι

1480 317 1540 373 S.
1581 315 1834 374 ODONIS
1868 311 2162 375 ABBATIS
2193 314 2690 373 CLUNIACENSIS
2728 316 2769 370 ll

3664 312 3768 368 ιη

498 429 666 501 igitur
693 427 761 483 de
791 426 1139 483 daumatione
1168 427 1524 499 reproborum
1563 427 1693 498 quid
1734 436 1949 498 agatur,
1991 442 2088 481 au-
2114 427 2165 488 Α
2193 427 2287 481 rite
2344 428 2630 497 potestatis
2676 420 3006 491 enitescant,
3058 436 3119 481 ut
3156 433 3303 482 tanto
3339 434 3467 481 tunc
3504 426 3771 495 potentias

499 521 755 584 divimus,
798 518 867 574 de
904 518 1183 589 ereptione
1228 519 1517 574 humilium
1544 519 1672 589 quid
1698 525 1959 587 sequatur
1986 532 2084 571 au-

502 611 734 675 diamus.
771 609 1030 679 Sequitur
1055 628 1070 664 :

573 702 737 756 Vsus.
773 699 859 754 l5.
907 699 1109 771 Eripiet
1156 716 1438 770 pauperem
1479 702 1545 755 de
1582 701 1827 771 angustia
1870 715 2085 754 sua.—

503 792 716 861 Pauper
738 791 805 846 de
832 791 1081 861 angustia
1130 806 1227 846 sua
1272 790 1524 861 eripitur,
1564 805 1687 846 cum
1717 788 2086 859 unusquisque

502 882 723 938 humilis
762 882 830 935 de
883 882 986 936 hac
1014 881 1468 951 peregrinationis
1494 896 1604 937 suae
1632 878 1920 934 aﬂlictione
1951 878 2087 933 libe-

500 984 675 1029 ratur.
709 973 1006 1043 Sequitur:
1033 973 1104 1028 Et
1145 972 1387 1027 revelavit
1426 973 1481 1027 in
1527 971 1864 1027 tribulatione
1906 985 2087 1024 aurem

501 1066 945 1135 ejus.——Aurem
976 1064 1030 1119 in
1064 1063 1412 1120 tribulatione
1463 1063 1705 1119 revelare
1731 1072 1817 1118 est
1845 1060 2087 1116 auditum

503 1159 685 1214 cordis
715 1158 1002 1214 verberum
1026 1157 1199 1227 plagis
1226 1159 1457 1228 aperire.
1488 1157 1620 1213 Cum
1649 1157 1795 1211 enim
1820 1160 2088 1225 praecepta

506 1248 863 1318 despicimus,
891 1248 1232 1302 districtione
1260 1247 1542 1303 nobiscum
1572 1246 1773 1317 agitur,
1799 1254 1859 1299 ut
1881 1242 2089 1315 ﬂagella

496 1339 814 1394 timeamus.
842 1338 1102 1409 Sequitur
1126 1356 1141 1392 :

576 1428 735 1483 Vsus.
769 1429 857 1482 l6.
905 1427 1079 1500 Igitur
1126 1429 1347 1484 salvabit
1375 1440 1426 1484 te
1455 1430 1520 1484 de
1553 1445 1644 1483 ore
1671 1437 1897 1499 angusto
1933 1428 2091 1483 latis-

496 1518 652 1572 sime.
683 1546 757 1559 -ι
787 1516 975 1573 Omnis
1001 1518 1090 1588 qui
1124 1517 1266 1572 viam
1296 1519 1422 1573 vitae
1451 1518 1726 1582 deserens,
1758 1517 1810 1571 in
1839 1525 2092 1587 peccato-

500 1622 619 1661 rum
644 1622 702 1663 se
723 1608 976 1663 tenebras
995 1608 1196 1679 dejicit,
1223 1610 1576 1679 semetipsum
1602 1609 1759 1678 quasi
1783 1609 1836 1663 in
1869 1616 2089 1678 puteum

498 1696 585 1752 vel
610 1698 665 1752 in
693 1696 904 1753 foveam
951 1699 1160 1755 mersit.
1193 1699 1253 1753 Si
1284 1714 1415 1754 vero
1455 1699 1660 1754 diutina
1687 1700 2091 1768 perpetratioue

2188 525 2381 570 cuncta
2408 516 2675 586 judicent,
2708 524 2912 584 quanto
2940 514 3081 570 nunc
3112 515 3166 569 in
3198 515 3279 570 eis
3305 513 3560 570 subtilius
3582 523 3770 568 cuncta

2180 606 2515 677 iudicantur.
2542 606 2667 661 Haec
2695 606 2816 661 Elia
2841 606 3060 676 quando
3086 604 3401 675 spondendo
3427 603 3629 669 intulit,
3659 618 3774 672 qua:

2185 696 2377 752 beatus
2419 694 2520 752 Job
2566 710 2782 765 semper
2825 694 3095 751 credendo
3133 694 3400 749 stabiliter
3437 693 3633 749 tenuit.
3669 691 3769 746 Se-

2186 789 2375 858 quitur
2403 806 2416 842 :

2258 877 2423 935 Vsus.
2482 879 2567 934 18.
2619 878 2743 933 Non
2793 889 2841 933 te
2890 894 3012 947 ergo
3055 886 3258 947 superet
3297 877 3403 939 ira,
3452 885 3509 929 ut
3554 873 3774 943 aliquem

2189 971 2475 1041 opprimas.
2510 999 2581 1010 —-
2610 967 2950 1040 Arrogantes
2983 969 3130 1023 enim
3167 967 3262 1022 ira:
3298 965 3471 1021 motui
3499 965 3777 1036 deputant,

2188 1060 2448 1131 quidquid
2479 1076 2509 1115 a
2543 1069 2733 1117 sancta
2776 1060 3023 1115 Ecclesia
3067 1059 3272 1131 geritur
3319 1072 3559 1129 censura
3614 1058 3778 1116 disd-

2188 1152 2366 1224 plinae,
2398 1162 2453 1210 et
2478 1154 2882 1223 quia‘liumanae
2920 1152 3093 1206 laudis
3135 1150 3379 1222 appetitu
3403 1148 3635 1220 benigni
3666 1161 3778 1205 stu-

2189 1245 2319 1301 dent
2355 1260 2571 1314 semper
2616 1258 2881 1314 apparere
2898 1243 2922 1309 ,”
2955 1242 3131 1298 nullos
3171 1250 3397 1299 censent
3425 1240 3782 1297 districtionis

2190 1335 2483 1389 severitate
2533 1333 2907 1403 corrigendos.
2969 1330 3122 1386 Unde
3166 1345 3195 1385 a
3238 1330 3398 1386 bonis
3450 1329 3781 1393 rectoribus,

2160 1424 2602 1494 .sicutsuperius
2623 1424 2826 1479 dictum
2862 1432 2967 1488 est,
3008 1421 3238 1493 Opprimi
3288 1423 3593 1499 aestimant,
3651 1434 3783 1490 quos

2191 1515 2390 1571 invitos
2416 1524 2649 1569 cernunt
2677 1529 2707 1568 a
2729 1513 2878 1569 vitiis
2901 1514 3165 1569 coerceri.
3196 1513 3437 1568 Auctore
3465 1521 3657 1567 autem
3690 1511 3786 1567 Do-

2190 1605 2338 1659 mino
2367 1604 2493 1674 quia
2525 1604 2581 1659 in
2606 1603 2819 1658 eunetis
2847 1604 3032 1658 mundi
3058 1604 3306 1672 partibus
3327 1612 3517 1659 sancta
3543 1602 3782 1658 Ecclesia

2190 1696 2430 1753 culmine
2474 1696 2753 1768 religionis
2801 1697 3067 1761 excrevit,
3123 1696 3267 1752 hanc
3309 1695 3484 1766 ipsam
3516 1704 3787 1763 tempora-

497 1789 664 1844 etiam
715 1790 1106 1846 consuetudine
1161 1790 1468 1859 iniquitatis
1519 1790 1864 1860 Opprimitur,
1911 1806 1980 1847 ne
2022 1792 2089 1847 ad
2121 1782 2167 1843 Β
2196 1787 2298 1843 lem
2354 1787 2673 1857 potentiam,
2710 1787 2839 1856 quia
2885 1787 3102 1856 quidem
3151 1789 3288 1844 bene
3345 1788 3541 1854 utitur,
3598 1788 3779 1842 obtre-

496 1896 778 1950 supertora
819 1880 933 1949 jam
964 1883 1133 1952 possit
1161 1896 1477 1953 exsurgere,
1519 1882 1677 1952 quasi
1723 1892 1954 1953 angusto
1994 1898 2091 1939 ore

497 1968 645 2038 putei
685 1978 1016 2023 coarctatur.
1060 1968 1212 2025 Unde
1257 1970 1426 2025 David
1473 1971 1738 2041 propheta
1776 1972 1877 2027 sub
1912 1973 2091 2041 specie

495 2060 845 2129 peccantium
897 2066 1111 2126 exorat,
1160 2061 1349 2117 dicens
1390 2077 1405 2116 :
1460 2080 1479 2113 ι
1507 2061 1624 2118 Non
1674 2077 1761 2117 tne
1814 2065 2093 2136 demergat

500 2160 798 2220 tempestas
844 2166 1021 2221 aquae,
1068 2166 1248 2222 neque
1282 2153 1573 2208 absorbent
1618 2168 1706 2208 me
1738 2152 2089 2223 profundum,

388 2256 395 2265 ‘
498 2256 673 2311 neque
700 2250 890 2314 urgeat
916 2258 1081 2312 super
1101 2258 1189 2298 me
1207 2253 1404 2314 puteus
1424 2259 1486 2299 os
1517 2260 1672 2300 suum
1698 2242 1873 2317 (Psal.
1899 2260 2086 2309 LXVIII,

496 2329 612 2400 i6).
638 2350 658 2382 ι
689 2330 976 2387 Latissime
1003 2333 1202 2403 quippe
1228 2333 1294 2389 de
1324 2348 1421 2389 ore
1451 2343 1684 2405 angusto
1706 2335 1967 2401 salvatur,
1994 2335 2089 2405 qui

496 2428 555 2474 et
578 2429 704 2489 post
733 2420 1077 2492 iniquitatum
1105 2421 1321 2495 jugum,
1363 2425 1432 2480 ad
1466 2424 1774 2481 libertatem
1802 2428 1929 2482 boni
1957 2442 2088 2498 ope-

498 2526 577 2567 ris
595 2513 909 2583 paenitendo
937 2515 1237 2572 reducitur.
1284 2516 1453 2572 David
1491 2518 1753 2588 propheta
1781 2519 2089 2576 conclusio-

496 2616 624 2657 nem
670 2603 1001 2675 angustioris
1027 2615 1335 2676 aspexerat,
1363 2623 1488 2663 cum
1523 2608 1738 2665 dicebat
1765 2628 1780 2665 :
1820 2629 1838 2662 ι
1871 2610 2088 2667 Salvam

496 2692 678 2749 fecisti
705 2694 773 2750 de
802 2696 1217 2753 necessitatibus
1247 2700 1485 2754 animam
1512 2715 1711 2765 meam,
1742 2717 1845 2757 nec
1869 2704 2090 2760 conclu-

493 2783 613 2839 sisti
640 2800 727 2838 mc
755 2785 809 2839 in
839 2801 1034 2842 manus
1063 2787 1270 2844 inimici
1309 2788 1483 2859 (Psul.
1515 2806 1644 2856 xxx,
1674 2791 1810 2863 8,9).
1856 2811 1874 2845 ι
1905 2793 2088 2850 Latis-

494 2874 635 2930 sime
662 2884 844 2931 autem
875 2877 1144 2934 salvatum
1176 2896 1234 2937 se
1263 2890 1512 2949 noverat,
1560 2899 1685 2939 cum
1725 2885 1981 2941 subderet
2006 2887 2088 2942 di-

496 2977 658 3018 cens:
683 2983 700 3015 ι
716 2963 962 3021 Statuisti
987 2967 1041 3022 in
1070 2968 1190 3024 loco
1208 2971 1448 3040 spatioso
1474 2973 1639 3043 pedes
1661 2989 1813 3029 meos
1839 2973 2080 3047 (Ibid.).o

498 3051 801 3122 Sequitur:
834 3054 904 3109 Et
938 3072 1045 3112 non
1088 3058 1307 3114 habente
1356 3061 1758 3130 fundamentum
1811 3080 1969 3134 super
2010 3082 2083 3121 se.

493 3171 565 3183 —-
594 3143 767 3200 Omne
811 3156 1098 3216 peccatum
1149 3150 1565 3207 fundamentum
1607 3168 1712 3208 non
1745 3155 1930 3222 habet,
1960 3158 2087 3227 quia

496 3250 606 3289 non
641 3249 708 3290 ex
739 3237 959 3307 propria
984 3248 1178 3297 natura
1218 3242 1489 3298 subsistit.
1521 3242 1717 3298 Malum
1751 3244 1949 3315 quippe
1971 3247 2088 3304 sine

499 3326 803 3381 substantia
841 3335 947 3397 est,
1002 3330 1148 3400 quod
1201 3339 1382 3387 tamen
1432 3343 1708 3405 utcunque
1738 3337 1831 3400 sit,
1863 3336 1917 3392 in
1961 3338 2087 3395 boni

496 3426 695 3474 natura
723 3420 1000 3476 coalescit.
1034 3422 1205 3490 Quem
1261 3425 1406 3480 enim
1439 3427 1581 3497 rapit
1607 3429 1890 3501 iniquitas,
1919 3431 2088 3487 inier-

494 3523 604 3564 nus
663 3511 937 3566 absorbet.
991 3512 1188 3568 Aliter.
1252 3515 1503 3572 infernus
1553 3534 1683 3574 vero
1729 3536 1837 3576 non
1887 3522 2090 3578 habere

495 3595 726 3654 fundum
757 3610 905 3656 recte
933 3602 1195 3670 creditur,
1224 3605 1350 3674 quia
1379 3607 1611 3676 quisque
1637 3610 1706 3664 ab
1736 3610 1828 3666 illo
1856 3613 2085 3682 rapitur,

498 3687 554 3743 in
602 3688 868 3745 immenso
914 3689 1227 3747 devoratur.
1273 3692 1463 3749 Aliter.
1521 3695 1657 3752 Nam
1702 3700 1845 3754 sicut
1880 3702 2003 3770 quis
2032 3703 2088 3757 in

496 3786 661 3847 puteo
688 3780 973 3849 mergitur,
1007 3783 1154 3851 putei
1183 3781 1352 3838 fundo
1392 3786 1683 3854 retinetur,
1721 3791 1797 3844 ita
1826 3806 2089 3849 corruens

500 3868 656 3938 quasi
683 3869 737 3923 in
784 3870 1019 3939 quodam
1065 3870 1217 3929 fundi
1264 3877 1384 3933 loco
1434 3880 1761 3935 consisteret
1809 3886 2011 3947 anima,
2041 3885 2086 3940 si

496 3959 667 4016 semel
694 3960 843 4032 lapsa
875 3963 928 4017 in
959 3964 1141 4035 aliqua
1168 3982 1228 4021 se
1256 3970 1465 4037 peccati
1512 3986 1765 4026 mensura
1803 3975 2083 4030 retineret.

499 4048 606 4105 Sed
655 4067 778 4107 eum
818 4065 1044 4124 peccato
1082 4057 1139 4111 in
1188 4073 1297 4128 quo
1343 4058 1568 4126 labitur,
1611 4078 1717 4117 non
1761 4073 1937 4134 potest
1968 4081 2087 4122 esse

494 4151 776 4208 contenta,
816 4144 942 4199 dum
973 4147 1216 4215 quotidie
1246 4149 1313 4203 ad
1340 4150 1608 4205 deteriora
1638 4150 1906 4219 dejicitur,
1933 4156 2086 4224 quasi

498 4230 553 4283 in
586 4240 803 4299 puteum
833 4236 1053 4303 cecidit,
1099 4237 1327 4294 fundum
1358 4255 1465 4295 non
1496 4242 1705 4297 invenit
1731 4260 1839 4313 quo
1868 4245 2082 4317 ﬁgatur.

498 4319 654 4375 Esset
683 4322 826 4378 enim
855 4322 1052 4381 fundus
1076 4329 1249 4397 putei,
1279 4330 1324 4384 si
1348 4328 1542 4387 fuisset
1566 4347 1819 4388 mensura
1848 4337 2078 4406 peccati.

498 4407 762 4479 Sequitur
787 4430 801 4466 :
830 4412 1051 4482 Requies
1094 4430 1268 4473 autem
1290 4436 1482 4475 mensa:
1508 4431 1614 4477 tua:
1653 4426 1751 4478 erit
1778 4424 1934 4494 plena
1965 4429 2083 4496 pin-

2192 1876 2391 1931 ctaudo
2444 1876 2497 1930 in
2544 1876 2739 1931 vitium
2812 1874 3061 1931 elationis
3107 1875 3404 1932 inﬂectunt.
3450 1875 3784 1931 Moraliter:

2192 1966 2380 2023 Omnis
2439 1981 2538 2036 per
2577 1981 2739 2037 quem
2782 1980 3004 2023 necesse
3045 1975 3128 2022 est
3162 1967 3337 2023 aliena
3385 1968 3520 2023 vitia
3555 1968 3783 2037 corrigi,

2191 2058 2540 2129 semetipsum
2579 2058 2731 2129 prius
2777 2059 2937 2114 debet
2980 2057 3210 2115 solerter
3265 2060 3494 2125 intueri,
3538 2075 3610 2114 ne
3662 2060 3783 2114 dum

2192 2150 2359 2206 alium
2404 2149 2712 2217 ulciscitur,
2762 2151 2881 2221 ipse
2927 2150 3222 2208 ulciscendi
3260 2150 3783 2223 iuroresuperetur.

2189 2242 2518 2313 Plerumque
2543 2242 2689 2298 enim
2716 2252 2953 2299 mentem
3002 2244 3102 2299 sub
3145 2244 3371 2301 obtentu
3412 2242 3645 2312 justitia:
3698 2248 3785 2300 ira:

2191 2333 2510 2389 immanitas
2554 2341 2759 2400 vastat,
2788 2341 2845 2389 et
2869 2334 2998 2388 dum
3027 2334 3183 2404 quasi
3214 2336 3368 2389 saavit
3394 2334 3517 2390 zelo
3562 2335 3785 2389 rectitn-

2190 2423 2353 2491 dinis,
2384 2425 2589 2481 rabiem
2616 2424 2796 2496 explet
2822 2422 3045 2490 furoris,
3068 2422 3322 2495 justeque
3350 2426 3397 2480 si
3429 2425 3619 2481 facere
3642 2427 3787 2481 asti—

2190 2523 2325 2582 mat,
2366 2515 2627 2585 quidquid
2667 2518 2748 2570 ira
2777 2516 3031 2585 nequiter
3058 2516 3249 2571 dictat.
3286 2514 3423 2583 Quia
3457 2517 3719 2573 videlicet
3742 2517 3782 2571 si

2190 2606 2256 2672 is,
2307 2606 2399 2677 qui
2448 2606 2723 2676 corrigere
2786 2605 3000 2671 nititur,
3057 2605 3137 2661 ira
3183 2617 3499 2678 superetur,
3531 2609 3787 2678 opprimit

2188 2704 2478 2765 antequam
2511 2695 2773 2765 corrigat,
2801 2704 2874 2759 et,
2905 2695 3029 2751 dum
3061 2696 3181 2767 plus
3215 2713 3376 2767 quam
3403 2698 3571 2754 debet
3597 2713 3785 2755 accen-

2189 2784 2360 2852 ditur,
2415 2785 2516 2840 sub
2556 2786 2718 2856 justaa
2766 2784 2987 2840 ultionis
3024 2786 3249 2842 obtentu
3285 2786 3353 2841 ad
3381 2788 3782 2844 immanitatem

2186 2876 2520 2932 crudelitatis
2565 2874 2879 2932 eﬂ‘renatur.
2910 2876 3203 2948 Sequitur:
3238 2878 3352 2933 Nec
3390 2880 3689 2934 multitudo
3712 2881 3783 2934 lo-

2187 2986 2367 3025 corum
2397 2968 2608 3024 inclinet
2633 2978 2702 3023 te.
2735 2999 2801 3009 —
2823 2968 2904 3025 Ac
2925 2970 2972 3025 si
3000 2970 3141 3027 idem
3171 2981 3374 3026 sancta:
3397 2970 3666 3028 Ecclesia
3686 2973 3785 3027 bu—

2186 3058 2472 3114 militatem
2516 3059 2689 3130 magis
2747 3059 2894 3115 inter
2934 3075 3195 3131 prospera
3244 3063 3598 3118 conservanti
3635 3078 3783 3119 arro—

2115 3138 2161 3202 C
2194 3149 2436 3220 gantiam
2475 3164 2610 3204 voce
2657 3148 2897 3205 dicatur.
2932 3148 3069 3218 Quia
3097 3152 3297 3221 ubique
3324 3153 3452 3208 iidei
3479 3153 3783 3209 reverentia

2191 3238 2411 3305 coleris,
2443 3254 2576 3296 cave
2611 3254 2680 3294 ne
2709 3238 2953 3309 ejusdem
2976 3241 3302 3297 reverentiae
3342 3240 3584 3298 fastibus
3619 3243 3784 3298 extol-

2190 3329 2353 3397 laris;
2399 3332 2661 3401 quosdam
2710 3332 2908 3403 quippe
2948 3332 3312 3403 conspiciunt,
3362 3334 3494 3403 quia
3529 3335 3636 3390 sub
3665 3334 3784 3389 reli-

2189 3421 2364 3491 gionis
2403 3423 2627 3478 obtentu
2652 3422 2784 3477 vitio
2816 3422 3071 3479 elationis
3109 3425 3500 3490 intumescunt,
3539 3435 3600 3481 et
3640 3426 3777 3496 quod

2189 3513 2243 3567 in
2294 3512 2617 3582 quibusdam
2659 3511 2782 3581 jure
2834 3515 3263 3585 reprehendunt,
3314 3515 3421 3573 hoc
3474 3516 3681 3586 injuste
3716 3516 3779 3569 ad

2189 3605 2394 3660 crimen
2447 3605 2689 3661 omnium
2744 3607 3089 3676 pertrahunt.
3142 3606 3452 3663 Notandum
3485 3624 3622 3664 vero
3646 3607 3783 3678 quod

2189 3709 2297 3749 non
2322 3694 2399 3749 ait
2424 3710 2441 3748 :
2470 3693 2580 3750 Nec
2606 3694 2892 3752 multitudo
2920 3696 3161 3752 locorum
3176 3697 3410 3754 ‘extollat
3440 3708 3520 3765 te,
3543 3700 3643 3756 sed
3670 3700 3775 3754 ait:

2190 3784 2302 3840 Nec
2332 3786 2613 3841 multitudo
2643 3785 2881 3842 locorum
2922 3788 3135 3843 inclinet
3171 3798 3239 3843 te.
3272 3787 3467 3845 Omnis
3500 3790 3652 3846 enim
3691 3791 3778 3860 qui

2190 3878 2560 3947 temporaliter
2605 3879 2900 3943 extollitur,
2950 3894 3017 3935 eo
3055 3882 3175 3951 ipso
3207 3895 3316 3951 quo
3361 3882 3669 3948 extollitur,
3696 3884 3779 3936 in-

2187 3969 2422 4025 clinatur
2454 3987 2466 4023 :
2501 3971 2627 4039 quia
2674 3985 2797 4026 cum
2839 3985 2899 4026 se
2937 3972 3182 4028 exterius
3211 3973 3394 4043 erigit,
3433 3973 3587 4029 intus
3616 3974 3777 4028 cadit.

2188 4062 2465 4118 Moraliter
2496 4082 2508 4117 :
2543 4063 2599 4118 ln
2653 4072 2730 4118 tot
2767 4064 2968 4134 quippe
2999 4064 3137 4120 locis
3175 4064 3541 4131 inclinamur,
3571 4066 3626 4121 in
3652 4075 3777 4135 quot

2187 4154 2534 4222 supervacuis
2575 4154 2725 4213 curis
2762 4154 3127 4209 extendimur.
3178 4154 3315 4210 Nam
3351 4155 3500 4210 sicut
3526 4154 3681 4210 locus
3700 4162 3780 4209 est

2186 4245 2451 4313 corporis,
2503 4244 2736 4313 spatium
2782 4244 3092 4314 corporale,
3141 4245 3216 4300 ita
3264 4245 3415 4299 locus
3467 4256 3556 4300 est
3586 4243 3779 4301 mentis

2188 4351 2527 4407 unaquaeque
2589 4336 2817 4393 intentio
2871 4337 3235 4408 cogitationis.
3296 4336 3427 4404 Qua:
3477 4335 3613 4392 dum
3679 4337 3777 4391 huc

2187 4425 2421 4495 illucque
2467 4425 2782 4496 impellitur,
2823 4427 2871 4481 si
2903 4427 3192 4483 dilectione
3217 4428 3399 4496 aliqua
3434 4427 3779 4498 cogitationis

497 4500 740 4569 guedine.
762 4534 833 4543 —
853 4504 1089 4575 Requies
1104 4524 1306 4564 mensa:
1325 4520 1410 4565 est
1440 4511 1664 4569 refectio
1689 4488 2079 4573 satietatis'in-
2110 4488 2161 4548 θ
2191 4532 2303 4573 suae
2333 4488 2568 4573 libenter
2591 4488 2910 4587 occupatur,
2938 4516 3088 4572 velut
3116 4518 3170 4573 in
3196 4488 3327 4573 loco
3349 4488 3595 4588 quodam
3623 4517 3773 4589 poni-

425 4636 439 4654 ,
502 4600 690 4657 ternm,
715 4608 835 4662 qua:
856 4596 1182 4667 pinguedine
1207 4598 1363 4670 plena
1395 4602 1614 4671 dicitur,
1640 4605 1767 4675 quia
1792 4606 1846 4661 in
1872 4617 2087 4664 azterna:

476 4683 796 4741 ~voluntatis
822 4699 1161 4759 prteparatur
1182 4690 1315 4759 (59).
1332 4691 1501 4761 Hujus
1530 4710 1730 4751 mensae
1759 4696 1944 4767 epulas
1962 4712 2087 4751 csu-

501 4774 679 4831 riebat
699 4777 967 4848 Propheta
992 4796 1114 4836 cum
1142 4782 1347 4844 diceret
1379 4803 1391 4839 :
1425 4802 1443 4836 ι
1470 4783 1724 4841 Satiabor
1754 4787 1880 4842 dum
1906 4788 2088 4843 mani--

480 4866 789 4923 v'estabitur
815 4870 993 4941 gloria.
1016 4882 1105 4929 tua
1127 4872 1300 4945 (Psal.
1332 4891 1450 4941 xvi,
1475 4877 1590 4948 25).
1622 4897 1641 4931 ι
1679 4877 1970 4947 Sequitur:

580 4957 744 5015 Vsus.
772 4962 859 5016 l7.
890 4962 1068 5019 Causa
1090 4977 1180 5019 tua
1201 4968 1355 5036 quasi
1385 4968 1533 5038 impii
1560 4968 1805 5036 judicala
1826 4978 1923 5036 est,
1943 4987 2076 5026 cau-

497 5067 615 5106 sam
656 5052 1022 5127 judiciumque
1053 5060 1289 5129 recipies.
1321 5089 1390 5100 --
1415 5060 1690 5116 Bonorum
1721 5077 1883 5117 causa
1916 5063 2083 5119 tristi-

499 5143 576 5198 tia
605 5154 711 5211 est,
759 5161 991 5215 quorum
1040 5164 1202 5205 causa
1251 5152 1404 5219 quasi
1435 5152 1584 5223 impii
1621 5151 1915 5221 iudicatur,
1956 5156 2084 5225 quia

496 5247 690 5289 eorum
733 5236 820 5292 hic
852 5238 1063 5308 justitia
1105 5249 1332 5310 paterno
1376 5239 1587 5314 ﬂagello
1615 5243 1896 5315 fatigatur,
1925 5253 1986 5301 ut
2013 5245 2082 5302 ad

496 5323 818 5394 ampliorem
843 5329 1207 5397 vigilantiam,
1232 5346 1338 5387 non
1361 5332 1536 5388 solum
1560 5335 1908 5400 perceptione
1930 5351 2082 5391 man-

2194 4619 2302 4673 tur,
2334 4616 2393 4663 ut
2420 4608 2689 4676 quiescat,
2742 4623 2868 4662 nam
2918 4607 3132 4677 quoties
3174 4606 3300 4662 victi
3335 4607 3495 4663 taedio
3524 4623 3556 4661 a
3578 4609 3775 4679 cogitas

2196 4700 2342 4754 tione
2369 4698 2422 4752 in
2448 4698 2832 4768 cogitationem
2861 4699 3130 4765 ducimur,
3156 4697 3311 4768 quasi
3332 4697 3478 4753 fessa
3505 4708 3691 4753 mente
3714 4699 3772 4752 de

2192 4789 2312 4845 loco
2342 4790 2410 4845 ad
2455 4789 2633 4845 locum
2679 4790 2995 4860 migramus.
3047 4789 3148 4844 Tot
3192 4790 3379 4858 itaque
3416 4788 3537 4844 loca
3564 4789 3769 4845 culmen

2181 4880 2380 4936 mentis
2427 4880 2711 4946 inclinant,
2752 4887 2888 4949 quot
2929 4880 3166 4935 suborta:
3206 4880 3567 4949 cogitationes
3606 4880 3773 4935 unita—

2185 4980 2294 5026 tem
2335 4972 2488 5029 bonae
2521 4971 2840 5028 intentionis
2880 4973 3166 5042 dissipant.
3194 4972 3363 5027 Recta
3387 4974 3595 5029 etenim
3628 4990 3769 5030 mens

2182 5073 2377 5130 staret,
2399 5064 2445 5118 si
2471 5064 2563 5118 uni
2589 5064 2676 5118 cui
2701 5063 2963 5119 debuerat
2988 5065 3327 5133 cogitationi,
3360 5080 3585 5137 semper
3610 5068 3771 5123 iuba:-

2186 5166 2351 5213 reret.
2381 5156 2643 5225 Sequitur
2668 5173 2681 5210 :

2260 5245 2427 5302 Vsus.
2458 5246 2545 5302 i9.
2580 5245 2790 5315 Depone
2820 5247 3232 5316 magnitudinem
3271 5257 3421 5301 tuam
3450 5247 3649 5319 absque
3676 5250 3764 5301 tri-

2180 5338 2471 5400 bulatione,
2495 5346 2542 5392 et
2568 5353 2743 5392 omnes
2774 5337 3010 5393 robustos
3035 5337 3362 5400 fortitudine.
3379 5338 3615 5400 —Quos
3643 5340 3764 5394 alios
