3934 5400
95 218 188 276 “5
785 213 1085 270 ΕΡΙΤΟΜΕ
1119 212 1483 269 ΜοῐιΑιιιωι
1523 211 1581 264 S.
1624 209 1692 264 ω

1779 210 1833 263 Β.
1876 209 1940 263 IN
1977 211 2116 266 J08.
2150 243 2218 252 -—-—
2258 213 2384 267 LIB.
2423 214 2635 268 XXVII.

3240 217 3345 272 414

96 331 391 402 Magnitudo
437 331 616 400 itaque
661 330 778 401 ejus
807 331 864 385 in
913 330 1257 386 robustorum
1299 343 1517 384 suorum
1555 327 1665 380 vita
1695 330 1746 388 Α
1773 326 1954 381 vivere
1984 328 2166 397 inique
2193 330 2518 396 didicerunt,
2558 338 2834 400 pastorum
2867 328 2981 384 loca
3013 330 3338 400 percipiunt,

98 421 351 485 consistit,
406 422 527 490 quia
587 429 716 475 tunc
771 421 1056 492 gloriosior
1104 419 1366 484 redditur,
1415 433 1537 472 cum
1566 433 1664 487 pro

97 512 393 565 defensione
440 512 709 577 veritatis,
758 513 825 566 ad
873 519 1104 568 mortem
1156 526 1327 580 usque
1369 510 1438 564 ab
1478 509 1665 563 electis

99 599 226 654 illius
258 601 527 654 constanti
574 602 774 656 virtute
821 611 1082 657 certatur.
1126 602 1460 670 Arrogantes
1503 599 1667 669 igitur

97 690 204 753 viri,
228 690 505 745 subductis
528 692 594 746 de
622 692 724 747 hoc
754 693 953 748 mundo
979 693 1260 757 apostolis,
1297 691 1575 746 subductis
1597 691 1666 745 ad

99 794 312 849 superna
357 781 716 851 martyribus,
766 783 893 852 quia
945 781 1175 837 fortasse
1203 782 1453 838 doctores
1478 780 1666 835 valen-

101 870 355 938 tioresque
379 873 700 941 prmpositos
725 875 938 928 abunde
962 888 1084 928 esse
1108 873 1471 942 conspiciunt,
1511 873 1666 941 quasi

99 963 184 1016 soli
238 979 296 1017 se
355 967 686 1020 remansisse
747 968 888 1020 intra
949 967 1250 1021 Ecclesium
1301 966 1670 1036 suspicantur.

100 1051 232 1109 Unde
260 1055 385 1109 dum
417 1057 790 1126 seprtcferunt
837 1060 909 1125 ei,
955 1059 1102 1114 velut
1149 1059 1492 1114 consulentes
1546 1058 1669 1112 illu-

101 1146 233 1209 dunt,
264 1145 513 1200 dicentes
547 1164 562 1201 :
605 1147 816 1216 Depone
851 1149 1268 1218 magnitudinem
1298 1158 1444 1202 tuam
1475 1149 1672 1218 absque

99 1233 439 1302 tribulatione,
488 1245 539 1290 et
597 1252 773 1291 omnes
821 1240 1062 1292 robustos
1105 1237 1435 1307 fortitudine.
1489 1238 1568 1290 Ac
1623 1237 1671 1292 si

99 1325 278 1394 apertis
307 1326 822 1394 exprobratiouibus
851 1329 994 1383 dicat
1021 1346 1034 1383 :
1067 1328 1420 1398 Nequaquam
1459 1328 1668 1399 magni-

100 1418 318 1472 tudinem
365 1419 573 1475 babere
621 1421 881 1485 confidas,
923 1423 1048 1491 quia
1093 1422 1370 1476 subductis
1401 1421 1674 1490 prioribus

100 1508 340 1575 partibus,
386 1509 508 1580 jam
554 1527 664 1567 non
710 1512 876 1568 habes
907 1513 972 1568 de
1005 1527 1234 1582 quorum
1261 1513 1372 1567 vita
1404 1512 1672 1582 glorieris.

100 1598 271 1653 Dicunt
319 1601 438 1656 haec
487 1602 732 1672 profecto
784 1606 1108 1670 nescientes,
1157 1605 1282 1674 quia
1331 1604 1673 1673 omnipotens

1767 423 1909 491 quod
1941 432 2084 478 recte
2122 426 2336 492 quidem
2382 425 2485 480 dici
2519 433 2794 495 poterant,
2822 425 2866 479 si
2899 426 3176 481 humiliter
3203 427 3341 483 dice-

1768 525 1936 570 retur.
1962 515 2272 571 Moraliter:
2304 515 2415 570 Nox
2435 516 2633 586 quippe
2659 517 3016 585 protrahitur,
3048 531 3171 572 cum
3199 519 3336 574 sub-

1768 615 1886 662 orta
1923 607 1990 660 de
2026 607 2324 660 teutatione
2360 606 2578 660 tristitia
2607 607 2978 662 consolatione
3003 608 3213 663 concita
3239 624 3346 662 non

1768 697 1994 761 sinitur;
2025 713 2132 752 nox
2159 698 2513 767 protrahitur,
2543 700 2667 767 quia
2701 713 2904 753 maeror
2919 699 3082 753 animi
3110 698 3350 754 confusis

1769 788 2187 858 cogitationibus
2214 788 2518 859 elongatur.
2551 788 2707 853 Nam,
2745 789 2871 842 dum
2907 804 3058 843 mens
3089 789 3261 858 posita
3287 789 3339 842 in

1771 879 2086 943 teutatione,
2122 879 2434 933 considerat
2466 879 2608 948 quod
2651 893 2681 931 a
2716 878 2932 932 virtutis
2966 893 3078 932 sua:
3119 877 3346 947 pristina

1771 968 2041 1024 soliditate
2075 969 2370 1040 repellitur,
2396 969 2734 1038 superductis
2763 968 3022 1032 moribus,
3049 969 3201 1037 quasi
3231 969 3354 1037 qui—

1771 1065 1994 1119 busdam
2027 1064 2266 1118 tenebris
2291 1073 2546 1126 caecatur,
2566 1070 2730 1132 atque
2758 1061 2826 1116 ab
2851 1060 2998 1114 omni
3024 1059 3141 1114 luce
3171 1060 3351 1130 gaudii

1772 1155 1888 1226 ejus
1917 1154 2104 1210 oculus
2131 1155 2419 1218 clauditur,
2450 1154 2575 1207 dum
2607 1151 2834 1206 sollicita
2866 1151 3097 1220 trepidat
3125 1165 3210 1212 ne,
3244 1151 3349 1205 hoc

1775 1251 1917 1319 quod
1943 1265 2067 1305 esse
2115 1250 2315 1304 dudum
2347 1258 2606 1320 coeperat,
2660 1248 2900 1302 funditus
2939 1248 3171 1301 amittat.
3203 1244 3356 1299 Unde

1775 1349 1828 1396 et
1856 1340 1992 1395 bene
2023 1341 2218 1394 dicitur
2244 1342 2454 1410 quodin
2485 1341 2585 1395 hac
2610 1350 2765 1394 nocte
2786 1355 2884 1408 pro
2911 1339 3145 1393 robustis
3174 1335 3358 1408 populi

1776 1431 2095 1496 ascendunt,
2123 1431 2246 1499 quia
2275 1430 2529 1486 videlicet
2561 1432 2614 1484 in
2665 1431 2766 1483 hoc
2796 1444 3018 1483 nemore
3046 1428 3359 1483 tentationis

1775 1538 1872 1592 pro
1903 1521 2140 1577 robustis
2169 1522 2400 1576 motibus
2439 1521 2796 1591 cogitationes
2824 1520 3054 1590 indigna:
3085 1527 3137 1572 ct
3171 1518 3364 1572 multi—'

1776 1613 1945 1684 plices
1989 1612 2043 1666 in
2071 1614 2234 1668 corde
2265 1613 2570 1682 prosiliunt.
2600 1611 2734 1666 Nam
2787 1610 2916 1664 dum
2966 1626 3022 1664 se
3055 1611 3106 1663 in
3143 1620 3361 1679 pertur-

100 1689 219 1744 Deus
245 1691 547 1747 Eeclesiam
575 1711 727 1749 suam
749 1696 908 1767 digna
924 1698 1044 1752 sine
1067 1696 1534 1750 administratione
1565 1710 1670 1749 non
1701 1701 1748 1759 B
1775 1704 1994 1758 baiione
2023 1704 2307 1774 conspicit,
2334 1703 2446 1774 jam
2494 1717 2668 1773 ρωηω
2721 1702 2935 1756 amissa;
2971 1700 3113 1770 quod
3161 1698 3356 1760 fuerat.

103 1782 304 1848 deserit;
336 1800 464 1839 nam
508 1801 629 1840 cum
675 1786 842 1843 fortes
869 1789 940 1843 ad
969 1789 1249 1858 praiminm
1275 1796 1451 1851 vocat,
1481 1802 1668 1842 eorum

100 1875 199 1929 vice
233 1877 432 1931 debiles
468 1879 546 1932 ad
572 1881 871 1933 certamina
903 1881 1143 1935 roborat.
1181 1879 1316 1935 Cum
1349 1879 1468 1933 illos
1495 1878 1674 1934 susci-

103 1967 270 2034 piendo
296 1977 637 2033 remunerat,
659 1971 781 2024 istis
813 1970 1056 2026 laborum
1085 1972 1230 2026 vires
1255 1986 1390 2041 quas
1419 1985 1671 2025 remune-

101 2068 188 2122 ret,
222 2059 625 2114 subministrat.
667 2061 743 2115 De
764 2062 962 2130 quibus
984 2063 1158 2117 eidem
1190 2071 1389 2116 sanctae
1418 2059 1674 2115 Ecclesia:

101 2144 305 2200 dicitur:
339 2165 357 2198 ι
385 2147 505 2204 Pro
544 2149 788 2218 patribus
823 2150 928 2204 tuis
957 2151 1069 2205 nati
1099 2158 1224 2205 sunt
1250 2151 1346 2204 tibi
1374 2149 1490 2202 filii.
1522 2148 1672 2203 Con-

103 2235 265 2292 stitues
313 2251 408 2292 eos
463 2238 751 2308 principes
800 2255 964 2309 super
1009 2253 1223 2294 omnem
1265 2248 1464 2294 terram
1495 2236 1670 2310 (Psal.

114 2343 236 2393 xuv,
260 2328 345 2400 l7)
377 2349 397 2381 ι
443 2329 737 2386 Moraliter
772 2351 784 2385 :
841 2315 1067 2386 Robusti
1113 2331 1309 2401 quippe
1339 2339 1466 2385 sunt
1497 2338 1675 2384 motus

110 2420 279 2484 cordis,
324 2435 447 2475 cum
486 2420 664 2486 nulla,
707 2422 813 2476 nisi
837 2437 958 2490 quae
987 2421 1204 2476 virtutis
1234 2431 1380 2484 sunt,
1413 2422 1671 2475 sentiunt.

112 2509 200 2566 Sed
236 2513 666 2584 magnitudinem
711 2521 767 2569 et
811 2512 1059 2568 robustos
1110 2521 1287 2568 motus
1333 2512 1674 2581 deponimus,

112 2605 299 2672 quando
329 2605 586 2675 pulsante
611 2606 745 2660 vitio
773 2606 1020 2676 cogimur
1040 2619 1270 2674 pensare
1296 2603 1439 2674 quod
1466 2616 1672 2657 sumus.

113 2693 353 2752 Robustos
378 2705 568 2752 motus
593 2695 939 2767 deponimus,
967 2697 1183 2767 quando
1211 2711 1316 2750 non
1335 2693 1446 2762 jam
1474 2694 1542 2747 de
1568 2693 1674 2746 vir-

115 2795 206 2841 tute
234 2787 554 2852 attollimur,
592 2788 685 2843 sed
723 2787 777 2841 in
812 2785 967 2856 culpa
998 2785 1387 2840 consentiendo
1413 2780 1675 2836 obruendi

112 2879 208 2947 ipsa
246 2894 344 2948 qua
389 2880 696 2950 quatimur,
749 2877 1072 2934 infirmitate
1115 2875 1495 2930 formidamus.
1527 2873 1605 2926 Ae
1630 2871 1675 2925 si

113 2978 272 3037 aperte
299 2968 824 3024 diceretur:0mne
875 2982 982 3036 quo
1041 2966 1371 3020 intrinsecus
1417 2962 1482 3016 de
1533 2963 1674 3016 bona

1771 1793 1969 1849 fluctus
2011 1794 2064 1847 in
2097 1809 2158 1848 se
2185 1794 2497 1847 innumeros
2547 1791 2916 1860 tumultusque
2942 1796 3247 1844 coaeervat.
3277 1789 3359 1843 Ac

1773 1884 1817 1939 si
1847 1883 2047 1954 quippe
2077 1883 2283 1937 diceret
2325 1883 2377 1936 in
2427 1882 2723 1936 teutatione
2757 1881 3124 1950 deprehensus
3154 1893 3168 1932 :
3199 1878 3360 1934 citius

1775 1975 2028 2029 tenebras
2079 1974 2330 2027 maeroris
2385 1972 2579 2036 incide,
2614 1986 2705 2036 ne,
2749 1971 2842 2040 qui
2883 1971 2936 2023 in
2973 1969 3366 2038 tranquillitate

1775 2067 1840 2122 de
1863 2075 1914 2120 te
1943 2067 2052 2119 alta
2083 2080 2354 2126 sensuras,
2385 2065 2438 2118 in
2460 2063 2863 2133 perturbatione
2885 2077 3101 2132 quoque
3127 2061 3366 2116 deterius

1775 2156 2165 2226 cogitationum
2193 2164 2246 2209 te
2270 2153 2500 2223 caligine
2521 2152 2842 2208 confundas.
2873 2151 3025 2218 Quod
3054 2159 3202 2204 recte
3231 2149 3352 2203 Eliu

1775 2245 2000 2309 diceret,
2031 2245 2075 2298 si
2107 2253 2286 2299 tamen
2309 2244 2396 2298 cui
2427 2243 2633 2297 diceret
2674 2241 2860 2296 sciret.
2895 2239 3028 2294 Nam
3057 2241 3172 2294 hanc
3198 2240 3360 2294 beato

1774 2333 1876 2390 Job
1923 2345 2074 2389 tanto
2109 2335 2284 2388 minus
2339 2341 2656 2403 congruunt,
2691 2339 2894 2400 quanto
2940 2329 3008 2384 ab
3043 2329 3134 2384 illo
3173 2330 3366 2384 omnia-

1777 2430 1936 2484 altius
1961 2427 2228 2480 sciuntur.
2263 2423 2520 2493 Sequitur
2548 2441 2560 2476 :

1849 2519 2013 2576 Vens.
2063 2519 2154 2572 2|.
2206 2513 2340 2569 Cave
2372 2531 2432 2568 ne
2481 2513 2704 2566 declines
2748 2512 2818 2565 ad
2851 2510 3195 2580 iniquitatem,
3229 2509 3364 2561 hanc

1777 2613 1913 2667 enim
1967 2610 2164 2679 coepisti
2216 2608 2360 2677 sequi
2413 2617 2527 2675 post
2582 2603 2962 2658 miseriam.—-
2990 2600 3104 2656 Hoc
3124 2598 3366 2670 profecto

1780 2707 2096 2770 arrogantes
2122 2696 2377 2752 Ecclesiae
2426 2694 2700 2748 miseriam
2749 2701 2945 2746 vocant
2979 2691 3121 2759 quod
3167 2689 3363 2755 despc-

1780 2799 1920 2845 ctam
1948 2789 2060 2842 Deo
2079 2787 2197 2856 ejus
2227 2783 2625 2838 multitudinem
2655 2781 3019 2852 suspicantur,
3047 2786 3186 2834 eteo
3218 2776 3365 2830 illam

1783 2883 1977 2937 altiore
2009 2881 2244 2935 elatione
2290 2884 2665 2941 contemnunt,
2693 2891 2799 2945 quo
2829 2883 2884 2929 et
2908 2873 3218 2943 despectum
3252 2870 3364 2924 Deo

1784 2973 2024 3027 funditus
2047 2972 2412 3040 suspicantur.
2443 2968 2539 3023 His
2574 2968 2739 3036 igitur
2770 2965 2999 3035 ﬁgurata
3027 2960 3367 3031 expositione

113 3058 294 3114 δειίοθθ
323 3063 671 3114 inminuens
699 3057 954 3126 reprime.
1000 3065 1054 3111 Cl
1081 3055 1266 3110 cordis
1313 3065 1496 3107 ηιοιυε
1540 3067 1676 3122 quos
1704 3049 1748 3109 ί)
1784 3061 2128 3123 transcursis,
2158 3059 2268 3128 jam
2311 3073 2454 3114 nunc
2479 3055 2755 3112 inferenda
2784 3064 2912 3109 sunt
2946 3068 3066 3123 qua:
3091 3049 3368 3105 moraliter

113 3164 166 3203 ex
192 3160 324 3205 recto
347 3165 514 3221 opere
552 3149 806 3206 robustos
835 3147 1126 3210 habueras,
1155 3147 1382 3213 depone,
1410 3143 1534 3212 quia
1561 3140 1674 3209 jam

115 3240 158 3292 in
183 3241 285 3309 ipsa
343 3239 704 3308 adversitatis
754 3237 1058 3294 teutatione
1111 3234 1464 3297 consideras,
1515 3247 1678 3302 quam

115 3330 286 3385 frustra
315 3332 466 3402 prius
505 3330 582 3385 de
623 3338 676 3384 te
721 3343 916 3399 magna
959 3326 1136 3381 elatus
1178 3324 1506 3379 atstimabas.
1548 3323 1679 3390 Qua:

114 3423 335 3478 videlicet
371 3420 700 3494 magnitudo
746 3420 950 3475 idcirco
982 3419 1187 3486 absque
1220 3414 1564 3469 tribulatione
1589 3415 1680 3468 dc—

111 3517 329 3583 ponenda
356 3515 585 3577 dicitur,
620 3512 748 3582 quia
779 3510 1037 3564 nimirum
1071 3505 1372 3562 teutatione
1403 3503 1680 3558 humilitas

113 3606 318 3672 proﬁcit.
374 3607 650 3674 Prospera
678 3612 762 3657 est
795 3602 912 3670 ipsa
949 3596 1268 3659 adversitas,
1296 3607 1415 3663 quae
1446 3599 1678 3646 mentem

116 3697 171 3748 ab
205 3696 428 3752 elatione
475 3692 748 3757 custodit,
795 3691 890 3747 sed
931 3699 1111 3743 tamen
1166 3687 1284 3741 sine
1335 3699 1528 3755 magna
1583 3682 1682 3736 tri-

117 3783 362 3840 bulatione
419 3800 528 3840 non
590 3783 804 3854 agitur,
862 3795 986 3835 cum
1048 3774 1342 3846 tranquilla
1399 3787 1553 3828 mens
1609 3770 1681 3824 ir-

119 3884 283 3931 ruente
303 3877 607 3932 teutatione
628 3873 782 3944 quasi
807 3869 1090 3942 repentino
1113 3869 1267 3924 hoste
1296 3865 1563 3920 turbatur.
1590 3860 1683 3916 Se-

117 3968 276 4035 quitur
299 3988 312 4022 :

178 4061 325 4116 Vens.
357 4062 445 4116 20.
482 4059 571 4115 Ne
595 4059 874 4131 protrahas
905 4067 1126 4120 noctem,
1162 4064 1218 4107 ut
1257 4051 1542 4106 ascendant
1587 4064 1682 4117 po-

119 4150 212 4216 puli
249 4169 338 4222 pro
387 4154 484 4207 eis.
515 4153 695 4206 -—Ac
743 4150 788 4204 si
837 4157 1028 4218 aperte
1077 4154 1399 4215 arrogantes
1451 4141 1679 4195 dicant:

120 4238 413 4308 Ignorantia:
438 4253 545 4298 tua:
573 4239 904 4297 obscuritate
929 4251 1033 4290 non
1061 4250 1212 4306 agas,
1246 4242 1303 4286 ut
1338 4233 1390 4286 in
1426 4231 1545 4285 loco
1571 4226 1682 4281 for-

1780 3153 2109 3215 seutiuntur,
2136 3159 2196 3204 ut
2225 3150 2394 3218 figura
2421 3146 2674 3201 Ecclesia:
2703 3144 3116 3215 eognita,quam
3143 3152 3368 3209 expres-

1781 3257 1897 3296 sam
1935 3238 2263 3310 generaliter
2291 3237 2564 3292 credimus
2596 3234 2880 3288 audiamus
2913 3232 3078 3286 etiam
3106 3227 3247 3299 quod
3302 3239 3370 3279 ex

1784 3337 1869 3391 his
1894 3336 2075 3390 verbis
2103 3335 2158 3388 in
2203 3332 2429 3402 singulis
2479 3329 2786 3400 specialiter
2813 3327 3149 3396 colligamus.
3191 3321 3369 3376 Mora-

1786 3429 1910 3482 liter
1948 3425 2332 3494 :lniquitatem
2368 3430 2490 3493 post
2521 3421 2795 3475 miseriam
2840 3417 3105 3486 sequitur,
3128 3411 3219 3483 qui
3245 3417 3371 3480 post

1783 3517 1921 3572 mala
1944 3531 2063 3585 qua:
2090 3522 2211 3584 post
2233 3511 2625 3568 correctionem
2661 3509 2894 3564 sustinet
2922 3504 3148 3559 ferventi
3176 3501 3364 3565 corde,

1782 3606 2132 3678 impatientia
2180 3604 2410 3658 fastibus
2435 3600 2819 3655 inﬂammatur.
2850 3596 3002 3663 Quod
3030 3595 3242 3649 beatum
3270 3589 3371 3643 Job

1780 3701 2120 3768 perpetrasse
2170 3693 2288 3748 Elin
2335 3691 2586 3753 credidit,
2627 3688 2756 3756 quia
2805 3701 2949 3748 eum,
2987 3684 3128 3736 inter
3159 3679 3369 3750 ﬂagella

1785 3789 2054 3860 positum,
2107 3783 2289 3839 liberis
2340 3779 2495 3837 effari
2549 3777 2770 3834 vocibus
2829 3773 3064 3837 audivit;
3116 3769 3370 3824 videlicet

1783 3881 2032 3937 nesciens
2060 3877 2209 3947 quia,
2235 3888 2396 3929 omne
2421 3871 2565 3941 quod
2589 3870 2750 3934 dixit,
2790 3882 2897 3920 non
2933 3865 3036 3918 hoc
3077 3862 3144 3917 de
3168 3860 3368 3928 iniqui-

1783 3982 1894 4028 tate
1943 3966 2310 4038 impatientiae,
2368 3963 2464 4018 sed
2509 3961 2576 4016 de
2620 3960 2820 4013 virtute
2849 3952 3096 4010 veritatis
3124 3949 3370 4021 protulit,

1784 4066 1874 4135 qui
1901 4063 1970 4117 ab
1996 4059 2191 4115 interni
2228 4056 2426 4126 judicis
2447 4052 2714 4108 sententia
2743 4062 2844 4103 nec
2880 4061 3004 4102 cum
3028 4057 3086 4098 se
3102 4041 3374 4112 iustifica-

1786 4133 1894 4214 ret;
1914 4152 2135 4209 erravit.
2162 4148 2301 4216 Quid
2327 4155 2411 4201 est
2451 4147 2556 4199 hoc
2578 4141 2740 4210 quod,
2781 4139 2908 4192 dum
2941 4136 3006 4190 ad
3044 4151 3164 4191 eam
3209 4133 3375 4187 decli-

1788 4243 1907 4298 nari
1939 4249 2108 4305 vetat,
2132 4239 2199 4292 de
2226 4252 2290 4292 ea
2319 4233 2568 4304 protinus
2587 4230 2740 4301 quasi
2764 4229 2831 4284 ad
2854 4242 3015 4298 quam
3044 4224 3374 4280 declinatum

123 4330 233 4384 tium
284 4332 727 4388 numerositatem
772 4330 1032 4397 subroges
1087 4325 1450 4379 infirmorum.
1495 4316 1683 4387 Populi
1714 4391 1758 4405 ﬁ
1783 4334 1894 4405 jam
1921 4331 2103 4394 [ρει-ξι,
2133 4329 2385 4391 damnat;
2435 4324 2538 4378 nisi
2579 4321 2724 4390 quod
2772 4325 3094 4388 arrogantes
3121 4315 3221 4369 viri
3252 4314 3372 4383 plus

121 4422 292 4490 quippe
330 4425 550 4478 nomine
577 4391 966 4492 designantur:
994 4418 1082 4488 qui
1115 4415 1268 4486 quasi
1301 4411 1509 4483 vulgari
1548 4425 1682 4465 cou-

1783 4391 1959 4479 videri
2005 4391 2214 4489 iudices
2259 4432 2421 4487 quam
2471 4411 2840 4468 consolatores
2894 4407 3115 4462 volunt?
3143 4405 3295 4461 Unde
3322 4412 3380 4458 et

123 4515 367 4570 suetudini
412 4516 606 4580 dediti,
654 4515 708 4568 in
756 4513 967 4568 cunctis
1001 4524 1121 4580 qua:
1172 4513 1453 4578 appetunt,
1480 4503 1685 4574 passim

123 4604 307 4658 vivunt.
341 4604 569 4661 Noctem
603 4621 732 4661 vero
755 4602 1074 4674 protrahere
1095 4610 1200 4663 est,
1235 4607 1288 4652 ut
1322 4613 1420 4668 pro
1449 4593 1688 4650 robustis

124 4695 280 4762 populi
311 4695 634 4761 ascendant,
665 4696 710 4750 si
738 4710 833 4764 per
858 4691 1236 4763 negligentiam
1269 4689 1468 4758 agitur,
1501 4694 1560 4738 ut
1582 4682 1683 4738 do-

121 4788 309 4837 ctorum
340 4793 393 4838 et
428 4785 656 4842 fortium
697 4784 812 4839 loca
853 4783 1054 4838 indocti
1102 4796 1166 4836 ac
1203 4779 1407 4835 debiles
1451 4775 1685 4832 sortian-

124 4876 212 4924 tur.
236 4873 414 4945 Populi
445 4891 548 4947 pro
587 4877 826 4932 robustis
874 4875 1192 4939 ascendunt,
1245 4872 1464 4943 quando
1502 4869 1556 4924 hi
1589 4867 1681 4938 qui

1790 4525 2176 4581 nonnunquam
2223 4522 2288 4562 ea
2340 4504 2604 4561 districtis
2644 4499 2928 4556 sententiis
2982 4496 3204 4559 feriunt,
3259 4509 3380 4561 quae

1791 4613 1918 4660 nata
1949 4603 2004 4656 in
2029 4599 2194 4656 corde
2241 4597 2606 4665 suspicantur,
2657 4599 2713 4644 et
2755 4590 2910 4659 prius
2939 4601 3102 4658 quam
3132 4592 3278 4638 certa
3310 4582 3382 4636 sit

1795 4693 1949 4763 culpa
2008 4685 2466 4761 delinquentium,
2513 4678 2790 4750 profertur
2847 4675 3080 4734 invectio
3131 4671 3381 4726 districta

1794 4783 2107 4837 verborum.

156 4995 3376 5048 ___________________________.__________————-

975 5145 1275 5224 LIBER
1324 5135 1884 5219 VICESIMUS
1961 5127 2515 5210 SEPTIMUS.
