3934 5400
611 304 724 361 διε

1611 314 1671 373 S.
1713 316 1963 375 ODONlS
2000 318 2290 375 ABBATIS
2327 318 2825 383 CLUNIACENSIS
2856 326 2905 383 ιι

3716 343 3793 399 ac
3872 343 3873 415 ξ

614 413 782 471 Paulo
828 412 990 470 etiam
1036 421 1354 486 attestente,
1407 422 1499 491 qui
1532 423 1611 479 ait
1638 440 1653 478 :
1684 445 1703 478 ι
1729 425 1867 493 Quia
1895 428 2000 484 etsi
2024 429 2200 484 cruci-
2226 432 2275 492 Α
2377 431 2537 488 Vens.
2575 433 2665 489 26.
2708 434 2844 492 Ecce
2895 438 3039 495 Deus
3081 458 3303 514 magnus
3346 444 3541 504 vincens
3587 453 3787 512 scientias
3872 418 3873 493 Ῠ

615 506 753 562 ﬁxus
785 516 871 561 est
920 520 985 561 ex
1014 507 1359 578 infirmitate,
1382 513 1476 569 sed
1502 516 1634 570 vivit
1660 532 1727 572 ex
1754 519 1959 576 virtute
1989 522 2082 576 Dei
2109 522 2195 593 (Il

613 593 736 648 Cor.
758 609 877 659 xm,
900 593 977 665 4).
1006 615 1026 650 ι
1048 595 1324 669 Sequitur.
1350 602 1546 658 Nullus
1568 607 1616 660 ei
1638 608 1824 664 similis
1849 610 1905 664 in
1933 609 2199 682 legislato-

613 685 776 740 ribus.
801 685 1106 757 Legislator
1119 690 1345 763 Moyses.
1370 694 1843 766 legislatorJosue,
1864 703 2200 771 legislatores

609 775 772 831 etiam
789 779 1083 847 prophetae.
1099 780 1456 853 Legis'atores
1467 798 1689 846 cunctos
1702 792 1878 847 dicere
1889 808 2196 863 possumus,

611 880 746 935 quos
770 882 835 923 ex
868 868 984 939 lnge
1011 875 1217 929 scimus
1244 875 1590 935 admonuisse
1616 890 1761 937 recta
1784 884 2056 955 populum.
2087 884 2195 943 Sed

608 955 734 1011 huic
778 955 1057 1015 Mediatori
1106 963 1163 1017 in
1216 964 1602 1036 legislatoribus
1645 972 1832 1028 similis
1876 974 2055 1032 nullus
2095 987 2193 1033 est.

607 1042 743 1110 Quia
774 1045 860 1101 isti
896 1051 1135 1120 gratuitu
1163 1055 1339 1109 vocati
1365 1071 1431 1111 ex
1460 1062 1696 1128 peccatis
1723 1063 1789 1117 ad
1826 1065 2193 1123 innocentiam

582 1132 855 1202 redeunt,
905 1148 961 1193 et
1003 1142 1073 1196 ab
1111 1142 1194 1198 his
1232 1160 1353 1214 quae
1391 1147 1444 1201 in
1479 1151 1784 1222 semetipsis
1808 1156 2015 1224 experti
2041 1167 2195 1226 sunt,

605 1228 949 1294 praedicando
974 1231 1109 1288 alios
1130 1235 1413 1292 reducunt.
1450 1238 1778 1312 Redemptor
1799 1257 1982 1301 autem
2008 1258 2194 1305 noster

607 1316 768 1373 homo
790 1320 905 1376 sine
927 1332 1149 1392 peccato
1169 1336 1273 1394 est,
1296 1327 1440 1385 {ilius
1459 1331 1577 1387 sine
1606 1335 1916 1407 adoptione,
1943 1354 2045 1396 nec
2070 1357 2193 1412 per-

605 1410 835 1476 petravit
903 1429 1137 1484 unquam
1190 1419 1332 1487 quod
1395 1421 1708 1494 redarguit,
1754 1435 1810 1481 et
1870 1430 1948 1485 sic
1991 1410 2191 1487 mundo

601 1514 668 1555 ex
725 1501 1059 1562 humanitate
1106 1507 1361 1578 loquitur,
1416 1521 1475 1568 ut
1532 1523 1713 1571 tamen
1763 1520 1937 1575 eidem
1988 1523 2190 1580 mundo

599 1599 727 1647 ante
754 1594 946 1650 saecula
968 1610 1034 1652 ex
1061 1598 1342 1656 divinitate
1363 1602 1690 1661 dominetur.
1733 1606 1995 1679 Sequitur
2021 1629 2035 1667 :

671 1684 836 1741 Vsus.
879 1686 970 1742 ‘25.
1015 1689 1147 1754 Quis
1167 1695 1353 1761 pateﬁt
1374 1699 1604 1752 scrutari
1634 1700 1744 1753 vias
1766 1701 1883 1771 ejus
1909 1743 1923 1768 ,
1949 1713 2041 1757 aut
2067 1705 2184 1775 quis

2300 531 2552 578 nostram.
2587 554 2660 564 —
2696 526 2960 598 Superius
2984 532 3194 589 dixerat
3222 553 3235 588 :
3267 535 3399 593 Ecce
3439 538 3567 594 Deus
3598 546 3784 603 excelsa.

2299 608 2451 667 Nunc
2502 614 2696 671 iterum
2750 620 2882 676 dicit
2917 639 2932 676 :
2976 622 3111 680 Ecce
3151 626 3295 682 Deus
3329 645 3557 700 magnus.
3585 634 3696 701 Quid
3715 650 3785 705 est,

2297 706 2440 774 quod
2465 708 2533 763 de
2556 708 2664 764 Deo
2694 709 2938 782 loquens,
2969 733 3086 772 ecce
3119 719 3267 782 dicit,
3291 731 3348 776 et
3382 739 3494 789 ecce
3515 728 3696 795 repetit,
3717 732 3787 789 nisi

2296 799 2439 867 quod
2488 814 2617 857 ecce
2665 804 2895 862 dicimus
2951 808 3017 864 de
3052 812 3153 867 bac
3192 828 3251 867 re
3296 830 3454 885 quam
3504 818 3555 872 in
3604 828 3786 889 praesenti

2295 900 2681 959 monstramus,
2716 905 2767 952 et
2810 900 2936 967 quia
2963 901 3103 957 Deus
3126 904 3323 975 ubique
3352 923 3578 978 praesens
3599 923 3685 979 est,
3703 930 3786 971 cum

2294 980 2493 1038 dicitur
2525 985 2593 1041 de
2636 987 2748 1053 illo,
2777 1007 2926 1054 ecce,
2995 993 3157 1048 etiam
3198 1012 3309 1051 non
3346 1000 3632 1057 videntibus
3655 1006 3788 1062 adesse

2295 1076 2666 1129 memoratur?
2687 1077 2831 1133 Bene
2849 1091 3029 1137 autem
3051 1085 3267 1142 vincere
3286 1103 3407 1142 eum
3432 1100 3648 1146 nostram
3665 1097 3790 1151 scien-

2297 1162 2423 1217 tiam
2478 1176 2684 1230 narrat.
2739 1186 2900 1239 quem
2955 1173 3128 1229 videri
3175 1177 3242 1231 ab
3289 1178 3585 1237 hominibus
3623 1183 3787 1252 dixerat,

2291 1254 2418 1322 quia
2460 1256 2563 1311 etsi
2614 1273 2679 1313 ex
2731 1263 2940 1318 ratione
2981 1266 3332 1337 conspicitur,
3381 1273 3665 1343 magnitudo
3697 1277 3791 1333 illius

2292 1340 2435 1396 nulla
2464 1346 2636 1401 nostri
2661 1362 2853 1405 sensus
2882 1353 3181 1410 subtilitate
3206 1340 3788 1434 penetraturuSequitur:

2293 1429 2560 1489 Numerus
2591 1454 2850 1495 annorum
2881 1442 2996 1512 ejus
3012 1444 3412 1505 inwstimabilis.
3450 1480 3522 1493 -
3554 1453 3709 1510 Dicere
3733 1468 3788 1511 nl-

2290 1535 2501 1592 cunque
2547 1528 2908 1585 aeternitatem
2958 1534 3168 1603 voluit,
3224 1548 3276 1593 et
3336 1539 3507 1611 ipsam
3551 1547 3790 1601 aeternitatis

2289 1610 2680 1685 longitudinem
2708 1636 2882 1678 annos
2918 1627 3149 1683 vocavit.
3193 1629 3327 1684 Cum
3358 1610 3512 1688 enim
3550 1635 3789 1692 brevitatem

2290 1710 2547 1778 temporis
2572 1712 2800 1771 dilatare
2827 1718 3070 1776 volumus
3092 1762 3108 1787 ,
3138 1734 3411 1780 momenta
3442 1742 3537 1797 per
3554 1727 3704 1794 horas,
3725 1732 3792 1787 bo-

599 1777 648 1832 ei
668 1777 872 1835 dicere:
891 1779 1691 1856 Operaturiniquitatemi—Ac
1705 1793 1748 1847 si
1770 1793 1980 1849 dicatur
1999 1796 2192 1867 :Cujus
2222 1791 2269 1852 Β
2297 1815 2385 1856 ras
2412 1817 2510 1872 per
2536 1806 2668 1872 dies,
2716 1808 2833 1865 dies
2884 1828 2983 1881 per
3027 1831 3261 1882 menses,
3310 1834 3525 1876 menses
3556 1832 3705 1878 autem
3729 1839 3790 1892 per

595 1873 923 1938 perscrutari
959 1875 1105 1930 actio
1149 1892 1255 1931 non
1291 1887 1494 1947 potest,
1518 1896 1627 1951 quo
1671 1894 1832 1954 pacto
1865 1889 2189 1956 reprehendi

592 1963 812 2029 potest?
840 1962 1011 2019 Nemo
1029 1966 1174 2021 enim
1202 1966 1566 2040 benejudieat
1586 1975 1728 2044 quod
1755 1974 1984 2047 ignorat.
2011 1979 2186 2036 Tanto

591 2064 725 2121 ergo
764 2051 1021 2109 debemus
1068 2056 1171 2111 sub
1207 2055 1325 2125 ejus
1359 2060 1579 2130 judiciis
1624 2064 1834 2120 silendo
1882 2068 2181 2138 quiescere,

591 2152 796 2211 quanto
829 2154 886 2199 et
914 2146 1179 2202 rationem
1209 2147 1538 2218 iudiciorum
1587 2154 1730 2212 illius
1768 2173 1868 2215 nos
1909 2162 2184 2220 cernimus

593 2245 699 2284 non
728 2232 931 2289 videre.
976 2235 1129 2293 Unde
1157 2247 1215 2293 et
1248 2239 1386 2296 bene
1411 2242 1662 2301 subditur
1695 2264 1708 2300 :
2104 2248 2110 2253 ’

604 2352 609 2363 ι
661 2318 824 2377 Vens.
863 2323 954 2379 24.
994 2324 1255 2382 Memento
1298 2331 1438 2399 quod
1485 2334 1692 2402 ignores
1750 2354 1879 2408 opus
1937 2342 2075 2412 ejus,
2117 2345 2183 2398 de

587 2424 690 2478 quo
720 2412 1018 2469 cecinerunt
1051 2416 1168 2469 viri.
1209 2446 1280 2456 —
1316 2419 1372 2473 in
1394 2418 1677 2492 Scriptura
1704 2440 1859 2483 sacra
1888 2429 2180 2501 aliquando

589 2500 687 2554 viri
715 2503 909 2573 angeli,
942 2504 1232 2575 aliquando
1259 2519 1439 2566 autem
1484 2513 1739 2581 perfecta:
1767 2518 1890 2574 vita:
1932 2500 2181 2585 homines

587 2603 980 2651 memorantur.
1010 2596 1144 2652 Nam
1188 2600 1312 2669 quia
1361 2601 1650 2671 aliquando
1678 2607 1762 2661 vir
1788 2610 2010 2681 angelus
2040 2614 2177 2669 dici-

586 2688 691 2744 tur,
730 2684 913 2741 Daniel
957 2688 1218 2758 propheta
1262 2699 1520 2759 testatur,
1570 2697 1660 2765 qui
1709 2699 1784 2752 ait
1820 2717 1834 2754 :
1872 2721 1890 2753 ι
1926 2703 2066 2760 Ecce
2093 2708 2179 2762 vir

583 2768 797 2826 Gabriel
841 2774 1003 2841 (Dan.
1042 2792 1119 2842 Ix,
1152 2778 1267 2850 2|).
1300 2799 1319 2831 ι
1358 2780 1564 2839 Rursus
1608 2787 1732 2855 quia
1782 2790 2022 2847 virorum
2072 2811 2176 2853 no-

581 2859 727 2914 mine
763 2862 1016 2931 pert'ectm
1048 2867 1173 2922 vitae
1218 2868 1466 2926 homines
1513 2877 1909 2947 exprimuntur,
1951 2884 2007 2938 in
2045 2884 2177 2942 Pro-

581 2950 785 3006 verbiis
826 2952 1098 3024 Sapientia
1148 2959 1390 3032 loquitur
1433 2966 1662 3024 dicens:
1702 2989 1720 3022 ‹
1752 2972 1796 3027 Ο
1821 2976 1920 3030 viri
1966 2979 2033 3033 ad
2077 2996 2174 3038 vos

578 3040 798 3099 clamito
827 3044 1010 3116 (Prov.
1036 3066 1152 3112 vm.
1193 3055 1272 3124 4).
1317 3074 1336 3106 ι
1380 3056 1455 3112 De
1486 3058 1713 3119 Domino
1748 3066 1914 3135 igitur
1943 3072 2044 3127 viri
2073 3088 2171 3129 ca-

581 3144 737 3199 nunt,
759 3152 884 3191 cum
914 3141 1031 3209 ejus
1058 3145 1212 3200 nobis
1238 3151 1534 3214 potentiam
1565 3153 1646 3207 vel
1675 3160 1893 3225 superni
1920 3165 2163 3233 spiritus,

577 3222 662 3277 vel
688 3226 911 3293 perfecti
941 3233 1139 3301 quique
1173 3235 1422 3293 doctores
1448 3222 1812 3302 innotescunt.
1854 3222 1965 3304 Sed
1985 3222 2165 3311 tamen

576 3327 707 3380 opus
734 3315 849 3384 ejus
877 3317 1179 3387 ignoratur,
1216 3326 1344 3394 quia
1372 3329 1626 3385 nimirum
1657 3332 1859 3400 judicia
1896 3340 2038 3397 illius
2063 3344 2165 3415 ipsi

576 3404 744 3458 etiam
771 3409 860 3477 qui
892 3408 1037 3466 hunc
1080 3416 1379 3483 praedicant
1425 3420 1778 3492 impenetrata
1817 3445 2162 3492 venerantur.

575 3492 646 3549 Et
673 3496 851 3553 sciunt
879 3516 1010 3572 ergo
1037 3518 1157 3573 qum
1188 3509 1514 3577 przedicant,
1551 3523 1605 3569 et
1636 3525 1816 3574 tamen
1852 3522 2166 3597 ejus'opera

574 3582 851 3655 ignorant,
884 3593 1009 3661 quia
1034 3609 1363 3666 cognoscunt
1397 3617 1491 3659 eos
1514 3620 1610 3674 per
1631 3611 1861 3677 gratiam
1879 3582 1921 3669 va
1948 3582 2055 3686 quo
2076 3582 2163 3674 fa;

578 3678 652 3732 cti
683 3690 830 3738 sunt.
865 3683 1001 3742 Hinc
1030 3687 1312 3747 Psalmista
1342 3695 1420 3750 ait
1456 3714 1468 3748 τ
1511 3718 1527 3749 σ
1561 3699 1662 3767 Qui
1705 3708 1886 3770 posuit
1912 3678 2161 3771 tenebras

572 3769 854 3830 latibulum
878 3792 1034 3833 stmm
1063 3779 1238 3852 (Psal.
1273 3800 1403 3851 xvu,
1442 3789 1552 3859 12).
1605 3812 1622 3842 ι
1753 3796 1882 3852 item
1918 3818 1932 3854 :
1963 3820 1982 3853 σ
2010 3769 2162 3860 ludi;

570 3860 654 3915 cia
686 3870 775 3917 tua
799 3864 1026 3936 abyssus
1053 3871 1221 3928 multa
1244 3874 1415 3945 (Psal.
1449 3895 1614 3947 xxxv,
1647 3882 1721 3953 7).
1749 3904 1768 3936 ι
1793 3886 1870 3941 Ac
1899 3889 1944 3943 si
1976 3903 2161 3961 aperte

569 3950 778 4009 diceret
811 3974 824 4010 :
852 3957 929 4011 De
945 3974 1051 4028 quo
1078 3960 1247 4019 fortes
1273 3966 1471 4037 quique
1498 3969 1661 4027 locuti
1683 3950 1828 4039 sunt,
1853 3977 1971 4045 ejus
1990 3950 2156 4050 opera

568 4051 675 4097 tute
718 4048 914 4103 mentis
970 4051 1141 4108 oculis
1198 4056 1623 4127 abseonduntur,
1672 4064 1799 4133 quia
1848 4083 2156 4129 mensuram

568 4142 673 4189 tuae
715 4139 937 4204 notitizc,
977 4158 1044 4197 eo
1090 4148 1234 4216 quod
1290 4149 1628 4212 humanitate
1675 4158 2154 4233 circumscribetis,

564 4230 871 4282 transeunt.
898 4230 1156 4301 Sequitur
1181 4254 1195 4290 :
1808 4296 1820 4301 -
2036 4241 2051 4258 ’

638 4316 802 4373 Vens.
836 4320 928 4375 25.
972 4324 1164 4382 Omnes
1180 4327 1412 4387 homines
1438 4334 1612 4391 vident
1634 4354 1773 4403 eunt,
1798 4345 2154 4416 unusquisque

2284 1906 2456 1949 annos
2483 1899 2845 1956 extendimus.
2879 1904 3015 1971 Quia
3046 1922 3177 1978 ergo
3203 1910 3445 1979 amplum
3489 1913 3708 1982 quiddam
3735 1915 3790 1969 di-

2283 1997 2409 2038 cere
2435 1985 2621 2054 voluit,
2649 1991 2747 2045 sed
2776 1993 2907 2062 quid
2940 1996 3147 2052 diceret
3194 1999 3354 2056 latius
3396 2016 3499 2057 non
3546 2004 3727 2069 invenit,
3756 2006 3787 2059 in

2284 2074 2395 2132 Deo
2428 2092 2601 2135 annos
2641 2082 2758 2139 sine
2800 2088 3163 2145 aestimatione
3213 2095 3426 2149 umneri
3473 2096 3788 2166 multiplicat-it,

2282 2166 2468 2225 (licens
2513 2189 2525 2224 :
2573 2172 2840 2232 Numerus
2881 2195 3139 2235 «utrorum
3187 2185 3304 2254 ejus
3348 2188 3723 2257 intestimabilis,
3754 2200 3791 2245 ut

2283 2259 2408 2314 dum
2441 2276 2505 2316 ea
2549 2279 2667 2334 qua:
2696 2269 2834 2337 apud
2866 2286 2925 2325 se
2952 2281 3074 2326 sunt
3104 2275 3308 2343 prolixa
3342 2279 3666 2348 multiplicat;
3687 2290 3791 2336 teter-

2281 2352 2465 2410 nitatis
2489 2355 2877 2427 longitudinem
2916 2379 2975 2418 se
3000 2367 3213 2421 mentiri
3237 2384 3344 2425 non
3383 2386 3542 2440 posse
3578 2372 3790 2428 inﬁrmitas

2279 2443 2514 2501 humana
2539 2463 2849 2520 cognoscat.
2884 2453 3142 2525 Sequitur
3172 2474 3188 2513 :

2351 2535 2512 2593 Vens.
2552 2540 2640 2596 27.
2688 2542 2794 2608 Qui
2844 2546 3019 2615 aufert
3067 2549 3248 2605 stellas
3295 2552 3509 2622 plurim,
3558 2563 3602 2609 et
3636 2555 3790 2623 amauit

2276 2625 2465 2681 imbres
2484 2630 2553 2682 ad
2566 2632 2734 2686 instar
2752 2637 3036 2705 gurgitum.
3078 2669 3150 2679 —-
3187 2638 3325 2695 Sunt
3339 2643 3489 2696 enim
3509 2644 3560 2697 in
3583 2645 3683 2698 (εωιί
3702 2644 3791 2697 facit

2277 2714 2395 2769 alim
2413 2718 2579 2775 stella:
2604 2737 2739 2790 quas
2764 2725 2904 2780 nulla
2930 2727 3108 2796 pluvia
3131 2731 3510 2802 subsequitur,
3533 2744 3586 2789 et
3602 2735 3699 2789 alia:
3712 2750 3792 2804 pro-

2276 2806 2441 2862 deunt
2467 2825 2586 2878 qua:
2611 2824 2854 2870 arentem
2889 2826 3090 2874 terram
3132 2823 3399 2879 imbribus
3435 2824 3789 2896 infundunthi-

2277 2901 2364 2949 tur
2391 2900 2602 2967 quoties
2634 2902 2686 2955 iu
2727 2915 2915 2960 sancta
2956 2908 3196 2965 Ecclesia
3230 2921 3378 2967 recte
3411 2915 3619 2983 quidam
3642 2915 3788 2977 vivunt,

2274 2989 2368 3043 sed
2401 3000 2577 3046 tamen
2600 2997 2894 3064 praedicare
2913 3001 3159 3056 eamdem
3190 3006 3569 3061 rectitudinem
3589 3008 3787 3069 nesciunt,

2274 3078 2443 3135 stellae
2496 3084 2711 3151 quidem
2766 3096 2927 3153 sunt,
2966 3091 3060 3149 sed
3100 3092 3153 3146 in
3193 3093 3447 3150 siccitate
3500 3098 3631 3152 aeris
3680 3104 3788 3158 nats,

2274 3169 2398 3238 quia
2426 3187 2523 3241 per
2544 3177 2848 3246 exemplum
2877 3179 3013 3236 bene
3046 3182 3260 3238 vivendi
3291 3184 3479 3242 lucere
3510 3189 3790 3258 casterispos-

2271 3270 2419 3328 sunt,
2476 3266 2569 3320 sed
2621 3282 2720 3335 per
2764 3272 3165 3340 praedicationis
3230 3278 3459 3334 verbum
3530 3281 3690 3350 pluere
3731 3294 3793 3332 ee-

2269 3364 2498 3421 qncunt.
2537 3356 2671 3412 Cum
2713 3375 2842 3415 vero
2876 3362 2929 3417 in
2972 3380 3036 3419 ea
3068 3366 3284 3434 quidam
3305 3377 3362 3423 et
3396 3380 3547 3427 recte
3574 3373 3791 3431 vivunt,ct

2269 3444 2389 3499 aliis
2410 3447 2654 3503 eamdem
2701 3451 3084 3508 rectitudinem
3128 3458 3312 3512 verbis
3355 3460 3721 3528 praedicationis
3740 3459 3791 3509 iu-

2267 3535 2460 3602 ﬂuunt,
2486 3539 2641 3608 quasi
2672 3539 2736 3594 ad
2764 3541 3120 3610 proferendas
3146 3544 3356 3615 pluvias
3383 3549 3444 3604 in
3468 3550 3650 3607 omium
3675 3548 3791 3603 stella

2266 3629 2677 3698 producuntur;
2704 3647 2825 3701 qua:
2863 3634 2942 3689 sic
2986 3635 3110 3690 vita:
3151 3653 3262 3693 sum
3292 3643 3509 3697 meritis
3539 3642 3731 3699 luceant,
3753 3647 3789 3689 ut

2264 3719 2433 3773 etiam
2470 3734 2722 3778 sermone
2754 3726 3153 3793 praedicationis
3186 3728 3394 3800 pluant.
3432 3733 3515 3788 An
3545 3748 3640 3787 non
3665 3731 3789 3786 inhoc

2264 3816 2403 3872 etelo
2450 3826 2655 3873 astrum
2695 3818 2890 3890 pluvia;
2930 3819 3142 3893 Moyses
3196 3823 3458 3877 exstitit?
3512 3822 3603 3878 Sic
3650 3821 3789 3892 quippe

2265 3906 2431 3963 Isaias
2450 3917 2507 3963 et
2534 3908 2818 3969 Jeremias,
2855 3920 2910 3967 et
2930 3913 3112 3967 caeteri
3147 3913 3429 3984 prophetae
3455 3914 3675 3979 fuerunt,
3699 3925 3789 3981 quo-

2262 4014 2380 4053 rum
2404 4001 2656 4058 videlicet
2678 4004 2889 4059 animas
2914 4006 2984 4061 ab
3019 4005 3122 4060 hac
3147 4007 3508 4077 corruptibili
3523 4022 3674 4064 carne
3703 4019 3786 4058 sus-

2260 4099 2461 4162 ceptas,
2502 4093 2629 4163 quia
2656 4110 2721 4149 ex
2750 4097 3004 4164 prtesenti
3056 4097 3165 4152 vita
3205 4113 3441 4169 superna
3473 4100 3661 4171 judicia
3683 4094 3787 4150 sule-

2259 4191 2405 4248 runt,
2434 4185 2588 4254 quasi
2613 4201 2641 4240 a
2669 4187 2790 4243 coeli
2822 4187 2960 4243 facie
2986 4188 3157 4244 stellae
3193 4190 3396 4260 pluviae
3427 4190 3785 4285 subtrahuntur.

2257 4281 2313 4326 et
2354 4273 2422 4326 ad
2471 4275 2741 4332 occultum
2790 4287 2936 4332 astra
2985 4280 3247 4346 redeunt,
3296 4295 3421 4336 cum
3452 4278 3673 4353 peractis
3707 4273 3784 4330 Suis

2257 4365 2512 4420 cursibus
2544 4376 2855 4422 sanctorum
2879 4368 3074 4424 anima:
3098 4369 3152 4423 in
3183 4371 3456 4428 thesauris
3480 4364 3784 4442 dispositionis

562 4407 800 4462 intuetur
833 4412 1036 4479 procul.
1073 4445 1146 4458 -
1180 4416 1368 4476 Omnis
1404 4424 1568 4481 homo
1604 4441 1669 4482 eo
1696 4430 1811 4499 ipso
1848 4449 1957 4501 quo
1986 4437 2153 4492 ratio.

562 4496 701 4545 hﬂllﬂ
749 4508 834 4545 est
876 4504 1125 4545 nnmlilua
1190 4510 1349 4545 dahae
1386 4529 1448 4545 Δ..
1493 4518 1698 4545 ...αξη-,ι
1740 4523 1985 4545 Δ,ιιεμψμ
2030 4543 2045 4545 η

2276 4407 2512 4420 ....υ.......
2879 4407 3074 4424 ..........
3183 4407 3456 4428 ...νοαυηδ
3480 4407 3781 4442 ...ηενρ-..-ηπ

2276 4453 2468 4509 intimae
2508 4457 2890 4524 reconduntur.
2931 4456 3057 4522 Sed,
3097 4474 3220 4513 cum
3264 4462 3559 4531 prophetas
3597 4454 3781 4513 abstulit.

562 4496 701 4553 nalis
749 4508 834 4555 est
876 4504 1145 4572 conditus,
1190 4510 1352 4568 debet
1385 4529 1453 4569 ex
1491 4518 1700 4575 ratione
1717 4496 1991 4595 colligere
2022 4543 2145 4584 eum

558 4589 655 4660 qui
678 4604 738 4645 se
766 4594 1008 4650 condidit
1029 4598 1196 4656 Deum
1216 4617 1356 4670 esse,
1381 4621 1538 4675 quem
1565 4611 1817 4670 nimirum
1834 4589 1949 4684 jam
1965 4621 2147 4678 videre
2170 4650 2178 4659 -

556 4693 664 4751 est,
719 4686 1140 4750 dominationem
1183 4696 1325 4754 illius
1391 4703 1760 4763 ratiocinando
1808 4714 2141 4784 conspicere,

554 4776 741 4846 procul
770 4779 969 4851 quippe
1014 4797 1137 4839 eum
1177 4786 1372 4844 intueri
1414 4802 1519 4858 est,
1566 4811 1670 4851 non
1709 4798 1823 4867 jam
1866 4776 2016 4859 illum
2048 4776 2147 4876 per

554 4869 790 4937 speciem
821 4886 1067 4941 cernere,
1092 4879 1187 4932 sed
1218 4881 1393 4936 adhuc.
1421 4899 1485 4938 ex
1516 4886 1627 4942 sola
1663 4905 1888 4959 operum
1918 4910 2140 4953 suorum

554 4957 914 5018 admiratione
948 4981 1196 5036 pensare.
1226 4969 1421 5027 Procul
1461 4975 1605 5030 illum
1656 4957 1745 5034 hic
1791 4984 1956 5039 etiam
1984 4988 2140 5042 electi

2260 4559 2447 4602 eorum
2477 4548 2597 4604 vice
2629 4549 2888 4604 Dominus
2928 4550 3199 4619 apostolos
3231 4553 3400 4619 misit,
3430 4554 3520 4624 qui
3553 4553 3603 4607 in
3637 4544 3781 4645 simili-

2258 4637 2496 4693 tudinem
2547 4641 2817 4710 gurgitum
2860 4641 3127 4711 plnerent,
3162 4642 3215 4698 id
3252 4652 3337 4698 est
3364 4643 3610 4699 uberiore
3633 4634 3777 4710 pradi-

2255 4730 2473 4785 catione
2502 4741 2841 4787 emanarent.
2872 4733 3106 4790 Possunt
3134 4749 3349 4805 quoque
3377 4750 3477 4806 per
3499 4733 3668 4789 stellas
3696 4728 3778 4799 plu-

2254 4821 2353 4876 via:
2414 4823 2589 4877 sancti
2638 4825 2865 4892 apostoli
2908 4817 3332 4898 designarifDe
3393 4828 3588 4896 quibus
3630 4822 3777 4879 Iuda

2252 4909 2555 4978 reprobatae
2598 4927 2695 4980 per
2731 4912 3020 4969 Jeremiam
3061 4915 3297 4971 dicitur:
3345 4935 3363 4967 ι
3391 4915 3668 4971 Ρτοιιίιιίικ
3689 4914 3776 4966 sunt

2251 4999 2419 5054 stellae
2470 5001 2774 5054 Dluviartlm
2819 5012 2875 5054 et
2920 5007 3191 5054 serotinns
3223 4991 3393 5054 imiter
3416 5021 3523 5054 non
3566 5004 3655 5054 fuit
3676 4998 3772 5054 (In.
