3934 5400
113 305 213 361 MT

752 301 1051 362 ΕΡΙΤΟΜΕ
1088 298 1453 358 MORALIUM
1491 300 1549 355 S.
1591 299 1703 356 GBI

1839 300 1905 355 ΙΝ
1938 300 2077 360 JOB.
2119 335 2189 349 -—-
2224 306 2355 364 LIB.
2396 308 2607 367 XXVII.

3277 315 3382 374 ιη

107 415 275 474 locuti
321 423 481 495 sunt,
513 414 964 485 boc'exponendo
989 414 1077 471 isti
1112 413 1485 483 multipliciter
1521 426 1692 467 auxe-
1719 413 1771 472 Α
1796 427 2001 484 quoque
2054 416 2218 471 maris
2263 419 2479 488 aperiet;
2524 450 2595 462 —
2649 419 3004 492 Omnipotens
3051 425 3198 481 enim
3241 425 3385 485 Deus

106 512 263 562 runt.
285 505 550 575 Sequitur
587 519 602 559 :

178 597 347 652 Vsus.
379 597 473 651 28.
521 596 625 663 Qui
664 598 729 651 de
781 596 1006 651 nubibus
1046 597 1245 667 ﬂuunt.
1274 627 1344 638 —
1390 596 1454 652 lli
1502 597 1701 668 quippe

105 687 352 758 gurgites
375 686 445 740 de
471 686 702 741 nubibus
723 684 916 751 lluunt,
942 687 1068 755 quia
1095 686 1143 741 si
1164 700 1235 740 ex
1257 686 1460 742 sanctis
1479 694 1699 755 aposto-

102 781 172 835 lis
203 781 287 835 vis
332 780 701 852 intelligentia:
742 796 851 837 non
899 782 1183 851 inciperet,
1220 798 1562 853 nequaquam
1603 800 1702 855 per

103 890 201 929 ora
251 874 541 931 doctorum
582 877 785 947 largior
828 886 1095 933 manaret.
1135 877 1191 931 lu
1223 876 1507 947 Scriptura
1555 878 1700 934 enim

103 983 264 1023 sacra
296 968 593 1038 aliquando
621 986 717 1039 per
740 970 931 1032 nubes.
958 970 1187 1025 mobiles
1212 971 1414 1040 quique
1458 972 1700 1028 homines

104 1057 487 1126 designantur,
537 1066 597 1117 ut
658 1059 787 1113 illud
833 1057 1184 1114 Salomonis:
1220 1078 1239 1111 t
1287 1059 1389 1126 Qui
1445 1061 1702 1116 observat

102 1160 331 1203 ventum
369 1165 479 1204 non
510 1150 773 1215 seminat,
818 1161 875 1205 et
902 1150 995 1220 qui
1024 1150 1335 1205 considerat
1361 1151 1534 1207 nubes
1563 1167 1702 1204 nun-

102 1252 269 1307 quam
321 1240 483 1293 metit
531 1239 729 1310 (Ecele.
780 1255 866 1303 ιι,
931 1241 1010 1311 6).
1044 1260 1062 1292 ι
1119 1239 1347 1295 Ventum
1394 1242 1700 1296 immundos

103 1329 364 1397 spiritus,
422 1331 594 1386 nubes
642 1345 774 1386 vero
824 1331 1101 1401 subjectos
1144 1332 1391 1386 homines
1442 1332 1697 1402 appellat.

101 1418 418 1489 Aliquando
444 1422 738 1492 prophetae,
764 1430 826 1477 ut
870 1421 1000 1477 illud
1034 1439 1050 1476 :
1088 1441 1107 1474 ε
1137 1421 1445 1477 Tenebrosa
1476 1438 1616 1492 aqua
1647 1423 1700 1478 in

103 1509 345 1565 nubibus
368 1512 516 1567 aeris
544 1509 720 1580 (Psal.
755 1528 886 1575 xvu,
919 1515 1026 1583 l2).
1058 1532 1079 1566 ι
1118 1512 1425 1582 Aliquando
1467 1513 1699 1582 apostoli

102 1610 166 1655 ut
196 1600 373 1654 illud:
412 1620 431 1653 ι
484 1600 750 1657 Mantlabo
796 1603 1031 1658 nubibus
1074 1603 1233 1668 meis,
1274 1618 1353 1661 .ne
1402 1617 1564 1672 super
1606 1618 1701 1659 eos

102 1689 300 1760 pluant
337 1690 569 1747 imbrem
620 1692 755 1764 (lsa.
793 1710 850 1759 v,
879 1695 956 1763 6).
989 1714 1009 1747 ι
1047 1693 1347 1764 Sequitur:
1401 1694 1534 1761 Quae
1562 1711 1700 1765 prte-

1800 506 2215 563 coruseantibus
2253 508 2486 565 nubibus
2515 511 2766 567 cardines
2795 514 2959 569 maris
2985 516 3232 585 operuit,
3261 521 3388 588 quia

1800 595 2163 652 emicantibus
2191 599 2607 667 praedicatorum
2637 604 2913 661 miraculis
2942 607 3008 661 ad
3034 605 3192 662 [idem
3220 611 3384 664 etiam

1803 687 2065 741 terminos
2100 688 2286 743 mundi
2320 691 2590 759 perduxit.
2628 693 2767 748 Ecce
2811 695 2956 750 enim
2997 711 3135 765 pene
3164 708 3390 756 cuncto.

1798 789 1921 829 rum
1953 775 2068 845 jam
2114 778 2355 847 gentium
2410 781 2577 835 corda
2626 786 2952 851 penetravit.
3003 786 3145 843 Ecce
3178 788 3232 842 in
3278 802 3386 844 una

1801 863 1906 919 llde
1935 865 2172 922 Orientis
2210 867 2438 925 limitem
2477 868 2898 941 Occidentisque
2934 873 3235 946 conjunxit.
3287 874 3388 934 8e—

1800 955 1986 1024 quitur
2023 973 2036 1009 :

1808 1085 1831 1097 ,.
1872 1047 2037 1102 Vens.
2068 1049 2157 1104 51.
2209 1048 2315 1103 Per
2358 1049 2470 1105 luet:
2504 1052 2641 1106 enim
2674 1054 2888 1123 judieat
2930 1055 3173 1126 populos,
3201 1069 3252 1113 et
3298 1060 3391 1114 dat

1800 1155 1945 1194 escas
1974 1139 2151 1195 multis
2188 1141 2522 1197 mortalibus.
2552 1175 2621 1184 —
2645 1143 2750 1199 Per
2770 1146 2906 1212 inec,
2942 1148 3198 1204 nimirum
3225 1149 3393 1206 verba

1801 1229 2238 1298 praedicatorum,
2263 1230 2316 1285 id
2342 1240 2449 1296 est,
2480 1243 2663 1304 guttas
2692 1236 2897 1291 nivium
2920 1277 2935 1304 ,
2967 1252 3063 1307 per
3095 1240 3244 1304 haec,
3279 1240 3389 1295 ful-

1801 1331 1934 1386 gura
1989 1318 2410 1385 miraculorum,
2461 1323 2605 1379 Deus
2674 1326 2893 1395 papulas
2958 1327 3209 1396 judicat,
3262 1329 3392 1402 quia

1798 1420 1988 1461 eorum
2038 1416 2246 1463 terrore
2293 1409 2359 1463 ad
2401 1413 2777 1481 paenitentiam
2815 1427 2991 1471 vocat.
3036 1416 3207 1485 Nam,
3257 1419 3388 1475 dum

1801 1512 2042 1569 superna
2084 1500 2342 1567 audiunt,
2378 1502 2505 1558 dum
2546 1505 2682 1559 mira
2721 1521 2886 1575 opera
2914 1509 3218 1574 attendunt,
3263 1526 3390 1568 mox

1802 1588 1869 1641 ad
1897 1589 2061 1644 corda
2091 1605 2189 1645 sua
2218 1592 2464 1658 redeunt,
2495 1604 2552 1650 et
2579 1610 2700 1652 sese
2728 1597 2794 1652 de
2823 1601 3088 1654 anteactis
3114 1601 3392 1670 pravitati-

1801 1678 1905 1734 bus
1949 1679 2270 1751 allligentes,
2299 1693 2499 1739 aeterna
2533 1694 2797 1743 tormenta
2838 1691 3254 1759 pertimescunt,
3294 1694 3393 1751 sed

104 1759 291 1836 texunt
323 1794 518 1838 cuncta
547 1785 788 1854 desuper.
817 1815 886 1827 —
914 1785 1095 1841 Nubes
1125 1802 1250 1842 cum
1301 1802 1464 1857 super
1508 1802 1692 1842 aerem

1807 1786 1899 1841 per
1922 1773 2139 1827 easdem
2161 1775 2333 1831 nubes
2360 1789 2458 1845 per
2504 1793 2641 1847 quas
2683 1789 2857 1835 terror
2893 1782 3184 1853 afﬂigitur,
3228 1785 3392 1839 etiam

101 1884 431 1943 przetesunt,
467 1877 512 1931 si
537 1877 589 1930 in
619 1877 758 1932 coelo
779 1878 966 1933 oculos
997 1878 1314 1943 attollimus,
1348 1894 1450 1933 non
1481 1878 1700 1945 coelum,

106 1967 204 2021 sed
234 1967 384 2036 ipsas
411 1968 705 2023 intuemur.
733 1969 870 2036 Quia
893 1985 1025 2040 ergo
1049 1970 1301 2027 carnales
1330 1971 1580 2026 homines
1608 1986 1703 2027 su-

103 2071 253 2121 mus,
283 2072 409 2111 cum
436 2073 670 2129 superna
700 2071 955 2130 appetere
977 2062 1221 2123 nitimur,
1248 2061 1403 2131 quasi
1432 2062 1484 2115 in
1506 2061 1703 2115 ctelum

104 2147 299 2202 oculos
332 2148 598 2214 levamus,
632 2158 688 2204 et
722 2150 868 2203 velut
899 2150 952 2203 in
984 2150 1181 2205 coelum
1213 2150 1383 2205 aciem
1413 2151 1702 2215 tendimus,

106 2236 241 2306 quia
268 2238 441 2306 pressi
466 2253 566 2292 usu
597 2253 784 2293 eorum
806 2239 1169 2310 corporalium
1193 2280 1208 2305 ,
1236 2240 1417 2295 doceri
1444 2241 1705 2309 spiritua-

105 2324 181 2380 lia
211 2340 499 2381 conamur.
543 2327 648 2383 Sed
679 2331 806 2398 quia
831 2330 1066 2384 transire
1092 2330 1401 2385 intellectus
1429 2330 1497 2384 ad
1522 2331 1704 2385 divina

107 2433 218 2473 non
248 2420 466 2484 sinitur,
503 2421 607 2477 nisi
636 2422 787 2492 prius
822 2438 921 2493 per
947 2431 1259 2478 sanctorum
1286 2424 1704 2493 praecedentium

107 2512 362 2582 exempla
410 2513 697 2580 formetur,
743 2515 896 2585 quasi
928 2514 1041 2585 jam
1075 2514 1271 2570 etelutn
1305 2524 1492 2570 noster
1518 2513 1706 2570 oculus

105 2604 365 2672 suspicit,
390 2605 487 2659 sed
532 2606 704 2661 nubes
731 2606 898 2670 videt,
944 2606 1070 2675 quia
1101 2607 1562 2676 comprehendere
1585 2620 1706 2675 quae

106 2690 208 2748 Dei
240 2703 392 2759 sunt,
419 2696 656 2765 appetit;
685 2698 779 2751 sed
816 2697 903 2751 vix
942 2697 1128 2751 mirari
1153 2711 1214 2750 ea
1247 2712 1368 2765 quae
1396 2696 1707 2752 hominibus

106 2783 313 2839 collata
344 2795 472 2839 sunt
512 2796 707 2856 potest.
738 2784 892 2842 Unde
912 2795 968 2841 et
1000 2786 1135 2841 alias
1161 2788 1359 2842 dicitur
1389 2804 1404 2841 :
1449 2805 1468 2837 ι
1502 2786 1706 2839 lllumi-

107 2887 254 2928 nans
282 2882 340 2928 tu
372 2874 697 2929 mirabiliter
721 2890 752 2929 a
780 2875 1054 2931 montibus
1078 2874 1299 2930 aeternis
1340 2872 1512 2945 (Paul.
1542 2889 1703 2939 Lxxv,

106 2959 190 3034 ε).
224 2980 247 3013 ι
305 2961 456 3017 More
487 2965 634 3017 enim
679 2963 899 3018 nubium
935 2973 1158 3019 extensa
1205 2964 1439 3033 desuper
1482 2980 1580 3021 nos
1604 2963 1707 3017 Pa-

107 3062 261 3108 trum
291 3054 401 3108 vita
428 3055 682 3125 tegimur,
720 3063 779 3110 ut
803 3057 870 3110 ad
913 3056 1149 3111 fructum
1191 3055 1406 3110 fecundi
1447 3055 1707 3124 genuinis

1804 1876 1932 1917 esca
1977 1863 2158 1928 datur,
2186 1880 2307 1934 qua:
2353 1883 2547 1937 magna
2590 1872 3004 1940 praedicatorum
3059 1874 3392 1944 dispensatio

1804 1961 1909 2017 est,
1941 1961 2000 2006 ut
2024 1952 2103 2008 sic
2134 1956 2311 2008 sciant
2336 1958 2760 2026 superbientium
2801 1970 3010 2017 mentes
3041 1961 3309 2032 amigere,
3332 1970 3394 2019 ut

1805 2043 1970 2097 etiam
1994 2043 2220 2100 afﬂictas
2245 2048 2497 2102 noverint
2516 2050 2909 2107 consolationis
2927 2052 3142 2121 eloquio
3158 2055 3388 2118 nutrire,

1805 2142 2071 2202 quatenus
2096 2146 2152 2189 et
2180 2146 2470 2205 peccantes
2495 2140 2562 2194 de
2585 2142 2803 2197 aeternis
2826 2143 3104 2213 suppliciis
3134 2152 3391 2211 terreant,

1806 2233 1861 2278 et
1888 2227 2217 2296 ptenitentes
2245 2230 2312 2282 de
2338 2230 2589 2298 supernis
2619 2232 2767 2299 regni
2801 2234 3012 2302 gaudiis
3044 2244 3288 2302 pascant.
3318 2235 3396 2290 De

1805 2315 1910 2370 hoc
1933 2317 2355 2387 quippejudieio
2376 2320 2577 2373 dicitur
2606 2339 2619 2373 :
2656 2338 2674 2371 t
2703 2322 2947 2391 Accipite
2978 2325 3234 2395 Spiritum
3265 2341 3396 2381 san-

1805 2417 1951 2462 etum
1977 2424 1993 2473 ;
2025 2423 2256 2476 quorum
2287 2409 2607 2466 remiserilis
2635 2422 2880 2482 peccata,
2914 2416 3265 2470 remittuntur
3288 2417 3394 2483 eis,

1805 2506 1861 2552 et
1887 2513 2118 2568 quorum
2173 2500 2546 2567 retinueritis,
2606 2513 2815 2559 retenta
2872 2515 3030 2561 erunt
3081 2505 3265 2578 (Joan.
3298 2524 3392 2575 xx,

1806 2590 1919 2664 25).
1959 2612 1977 2644 ι
2012 2593 2086 2648 De
2116 2593 2202 2648 his
2229 2609 2444 2664 quoque
2474 2595 2687 2651 dicitur.
2723 2613 2737 2650 :
2771 2618 2789 2649 ‹
2827 2597 2961 2653 Date
2992 2598 3099 2654 illis
3124 2615 3221 2654 vos
3243 2615 3397 2655 man-

1807 2684 2008 2738 ducare
2033 2683 2249 2755 (Matth.
2283 2700 2396 2750 xrv,
2435 2684 2541 2755 t6).
2575 2706 2593 2739 ι
2634 2688 2711 2743 Ac
2736 2688 2781 2743 si
2809 2690 3054 2745 diceret:
3086 2689 3142 2745 Si
3173 2698 3394 2746 sanctos

1808 2792 1937 2833 suos
1958 2778 2012 2832 in
2047 2778 2350 2833 ministerio
2377 2779 2775 2850 praedicationis
2803 2782 3066 2847 extendit,
3096 2796 3395 2853 eorumque

1808 2869 1972 2923 verba
2003 2869 2279 2924 miraculis
2306 2871 2558 2940 adjuvat,
2589 2871 2753 2927 totius
2787 2872 2970 2926 mundi
3001 2872 3200 2928 limites
3224 2873 3396 2927 advo-

1807 2970 1916 3025 cat,
1942 2976 2039 3031 per
2066 2977 2187 3032 qua:
2223 2963 2448 3032 etprius
2491 2963 2866 3033 superbientes
2906 2964 3141 3033 judicat,
3173 2972 3229 3020 et
3271 2971 3396 3034 post

1807 3052 2033 3106 verbum
2061 3052 2451 3108 consolationis
2480 3054 2722 3109 nutriens
2753 3054 2807 3108 in
2835 3068 2930 3123 spe
2962 3054 3194 3110 humiles
3228 3055 3394 3110 robo-

108 3115 514 3207 inl’undamur,‘
534 3153 588 3197 et
610 3115 765 3215 quasi
814 3145 1087 3200 intuentes
1132 3144 1328 3199 etelum
1359 3115 1507 3214 prius
1536 3143 1706 3199 nubes
1731 3115 1778 3179 Ο
1810 3153 1912 3199 rat.
1958 3145 2263 3199 Notandum
2285 3145 2429 3215 quod
2481 3160 2588 3200 non
2618 3146 2714 3211 ait,
2753 3115 3027 3211 omnibus,
3069 3145 3162 3199 sed
3190 3144 3393 3213 multis,

104 3233 439 3303 aspicimus,
464 3235 593 3303 quia
623 3244 749 3291 ante
774 3235 1039 3290 bonorum
1076 3233 1216 3290 facta
1243 3235 1562 3289 admirando
1579 3249 1703 3289 cer-

107 3325 321 3391 nimus,
369 3336 426 3382 et
475 3336 597 3397 post
635 3327 728 3382 illa
771 3343 892 3398 qua:
924 3338 1052 3383 sunt
1085 3328 1327 3384 ecelestia
1376 3327 1705 3398 experiendo

106 3431 487 3493 penetramns.
515 3425 774 3495 Sequitur
802 3442 817 3481 :

190 3511 358 3568 Vsus.
386 3513 479 3568 29.
520 3512 579 3568 Si
610 3515 827 3569 voluerit
862 3514 1137 3569 extendere
1165 3514 1326 3569 nubes
1353 3515 1507 3585 quasi
1537 3524 1704 3569 tento-

106 3596 455 3659 rium-suum.
488 3634 559 3646 —-
589 3605 844 3661 Extendit
871 3607 1042 3660 nubes
1067 3607 1343 3670 Dominus,
1378 3606 1504 3661 dum
1541 3606 1706 3661 mini-

106 3697 249 3753 stris
275 3697 559 3752 suis'viam
581 3696 984 3767 prndicationis
1013 3698 1283 3767 aperiens,
1313 3711 1408 3750 eos
1435 3698 1488 3750 in
1520 3697 1704 3751 mundi

107 3787 404 3842 latitudine
426 3788 851 3858 circumquaque
877 3785 1108 3843 dtﬁ‘udil.
1133 3786 1278 3841 Bene
1296 3797 1477 3841 autem
1503 3786 1704 3841 dictum

107 3885 245 3933 est:
283 3876 454 3944 Quasi
491 3879 776 3931 tentorium
819 3894 995 3932 suum.
1037 3877 1352 3933 Tentoriutn
1403 3877 1602 3948 quippe
1650 3878 1705 3933 in

104 3968 317 4023 itinere
360 3966 488 4038 poni
540 3969 697 4033 solet,
742 3976 799 4024 et
846 3984 967 4024 eum
1006 3966 1389 4040 praedicatores
1433 3970 1607 4025 sancti
1649 3972 1704 4025 in

106 4061 377 4115 mundum
406 4062 715 4128 mittuntur,
744 4062 851 4117 iter
873 4062 1102 4118 Domino
1130 4063 1351 4119 faciunt.
1387 4062 1538 4120 Unde
1566 4062 1704 4118 seri—

106 4162 271 4223 ptum
296 4162 417 4209 est:
456 4170 476 4205 ι
512 4154 650 4210 Ecce
693 4156 851 4210 mitto
876 4156 1125 4228 angelum
1154 4172 1331 4212 meum
1357 4166 1483 4211 ante
1506 4154 1704 4212 faciem

107 4253 288 4308 tuam,
314 4245 405 4314 qui
442 4244 771 4315 pra-parabit
789 4248 931 4299 viam
966 4255 1108 4299 tuam
1133 4244 1289 4316 (Mal.
1338 4261 1422 4311 tu,
1453 4246 1528 4316 l).
1560 4265 1581 4299 ι
1642 4244 1709 4300 Et

108 4332 262 4387 unde
291 4348 505 4387 rursum
538 4349 636 4402 per
662 4334 1008 4389 Psalmistatn
1038 4334 1271 4388 dieitttr:
1295 4352 1316 4384 ι
1345 4335 1450 4389 lter
1470 4333 1631 4390 facite
1652 4334 1704 4389 ei

105 4425 206 4495 qui
241 4426 487 4480 ascendit
528 4439 692 4494 super
723 4439 977 4479 occasum
1007 4422 1179 4495 (Psal.
1212 4439 1381 4487 vatt,
1410 4424 1488 4492 5).
1525 4442 1545 4475 ι
1597 4422 1704 4477 lter

104 4518 316 4589 quippe
356 4532 456 4588 per
496 4532 592 4572 eos
621 4518 753 4587 agit,
802 4517 927 4570 dum
961 4515 1212 4570 btunauis
1238 4514 1491 4569 cordibus
1515 4529 1703 4570 eorum

104 4608 334 4680 eloquio
356 4610 613 4675 infundit,
643 4621 805 4678 atque
837 4609 888 4663 itt
914 4609 1018 4664 hoc
1060 4608 1256 4662 itinere
1287 4607 1579 4662 tentorium
1608 4605 1705 4661 Dei

108 4708 264 4757 sunt.
298 4700 424 4756 Haec
452 4702 644 4756 eadem
674 4700 840 4755 corda
880 4710 1217 4762 sanctorum,
1243 4697 1441 4766 quibus
1465 4697 1618 4767 quasi
1650 4696 1704 4751 in

106 4794 201 4848 via
233 4792 565 4862 quiescendo
595 4791 818 4861 tegitur,
855 4790 981 4843 dum
1009 4804 1105 4859 per
1126 4788 1239 4843 haec
1264 4789 1335 4843 ad
1360 4792 1568 4844 mentes
1602 4788 1703 4842 bo-

108 4885 322 4940 minum
365 4885 609 4949 veniens,
652 4882 765 4952 agit
786 4897 906 4952 qua:
939 4881 1224 4951 disposuit,
1249 4890 1302 4936 et
1333 4896 1441 4937 non
1467 4881 1699 4936 videtur.

111 4975 378 5047 Sequitur
409 4993 423 5030 :

183 5066 354 5122 Vens.
405 5066 492 5122 30.
538 5066 613 5120 Et
655 5062 931 5133 fulgurare
960 5062 1138 5117 lumen
1170 5078 1324 5116 suum
1352 5064 1595 5134 desuper.
1632 5089 1704 5100 -

108 5158 257 5227 Quid
284 5159 426 5213 enim
455 5158 666 5214 sentire
700 5153 935 5223 fulgura,
974 5155 1076 5210 nisi
1116 5155 1378 5209 miracula
1410 5152 1706 5210 debemus?

108 5252 190 5308 De
218 5250 412 5322 quibus
435 5266 530 5323 per
551 5245 903 5304 Psalmistam
928 5246 1129 5301 dicitur
1153 5263 1166 5298 :
1193 5262 1211 5294 ι
1249 5244 1480 5317 Fulgura
1522 5242 1705 5298 multi-

104 5345 358 5400 plicabis.
392 5355 444 5400 et
485 5337 855 5400 eottturbabis
889 5352 981 5393 eos
1009 5338 1182 5400 (Psal.
1226 5352 1355 5400 xvn,
1386 5338 1499 5400 15).
1538 5354 1559 5386 ι
1598 5333 1705 5387 Per

1807 3232 1933 3303 quia
1993 3232 2242 3288 videlicet
2302 3233 2565 3303 scriptum
2626 3241 2757 3288 est:
2804 3252 2823 3285 ι
2872 3232 2990 3288 Non
3028 3233 3272 3288 omnium
3309 3241 3398 3290 est

1806 3319 1942 3377 ﬁdes
2003 3320 2055 3391 (1
2113 3320 2292 3376 Thess.
2347 3337 2430 3387 tn,
2474 3320 2531 3389 2)
2561 3338 2576 3375 :
2607 3340 2625 3372 ι
2656 3320 2724 3376 Ει
2768 3321 3092 3390 quibusdam
3132 3321 3334 3376 dicitur
3370 3337 3387 3376 :

1812 3431 1832 3466 ι
1863 3411 2155 3482 Propterea
2185 3428 2280 3466 vos
2315 3426 2422 3466 non
2454 3411 2689 3479 auditis,
2719 3411 2846 3480 quia
2877 3426 2943 3467 ex
2976 3412 3086 3468 Deo
3132 3427 3239 3468 non
3262 3411 3397 3468 estis

1808 3502 1986 3575 (Joan.
2019 3519 2141 3568 vm,
2171 3503 2284 3574 47).
2314 3501 2614 3572 Sequitur:

1879 3592 2043 3649 Vens.
2070 3594 2159 3648 32.
2194 3593 2520 3647 Immanibus
2548 3592 2660 3665 (60)
2688 3593 2957 3648 abscondit
2997 3592 3182 3647 lucent.
3204 3592 3397 3647 -—lm-

1808 3702 1996 3743 manes
2037 3687 2237 3757 quippe
2259 3696 2406 3751 sunt,
2451 3686 2541 3755 qui
2567 3701 2625 3740 se
2651 3685 2806 3739 elatis
2835 3685 3256 3752 cogitationibus
3285 3683 3386 3737 ab-

1808 3776 2095 3830 scondunt.
2119 3775 2264 3842 Quos
2285 3784 2473 3829 contra
2496 3774 2665 3828 Isaias
2696 3774 2773 3827 ait
2799 3790 2811 3826 :
2844 3790 2863 3823 ι
2893 3772 2984 3826 Vae
3012 3773 3103 3842 qui
3126 3771 3395 3841 sapientes

1806 3866 1942 3922 estis
1967 3867 2019 3920 in
2062 3865 2233 3921 oculis
2260 3865 2474 3929 vestris,
2507 3873 2561 3917 et
2590 3878 2774 3917 coram
2813 3862 3076 3918 vobismet
3102 3861 3231 3933 ipsis
3264 3876 3395 3931 pru-

1807 3956 1998 4013 dentes
2034 3955 2168 4029 (lsa.
2202 3973 2254 4021 v,
2283 3956 2394 4028 2|).
2426 3975 2446 4009 ›
2482 3956 2628 4022 Quos
2649 3964 2838 4008 contra
2865 3953 3030 4007 etiam
3052 3952 3252 4007 Paulus
3270 3951 3346 4006 ait
3372 3967 3390 4004 :

1813 4063 1836 4101 ι
1857 4047 2035 4102 Nolite
2056 4048 2350 4118 prudentes
2372 4061 2491 4103 esse
2518 4046 2661 4115 apud
2685 4051 2897 4098 vosmet
2914 4043 3060 4111 ipsos
3081 4042 3256 4114 (Rom.
3287 4056 3388 4108 xu,

1809 4142 1923 4214 l6).
1953 4160 1974 4194 ι
2011 4140 2117 4196 Sed
2145 4140 2231 4195 his
2276 4138 2601 4193 immanibus
2625 4136 2719 4189 lux
2745 4134 3118 4197 absconditur,
3146 4133 3273 4202 quia
3304 4132 3391 4188 ni-

1809 4234 2006 4289 mirum
2046 4230 2483 4303 superbientibus
2512 4226 2758 4283 veritatis
2786 4225 3028 4297 cognitio
3073 4225 3388 4295 denegatur.

1812 4323 1965 4380 Unde
1984 4338 2081 4394 per
2113 4322 2469 4390 semetipsum
2490 4318 2703 4373 Veritas
2723 4316 2890 4371 dicit:
2921 4311 3238 4368 (Conﬁteor
3265 4310 3385 4376 tibi,

1811 4417 1993 4480 Pater,
2038 4414 2263 4470 Domine
2291 4410 2412 4466 ρωιί
2438 4418 2495 4464 et
2541 4417 2720 4471 terrae,
2749 4405 2873 4477 quia
2913 4402 3245 4459 abscondisti
3279 4401 3394 4455 bme

1808 4525 1839 4563 a
1869 4506 2206 4577 sapientibus
2232 4513 2288 4557 et
2313 4501 2700 4571 prudentibus,
2730 4505 2785 4552 et
2815 4494 3067 4551 revelasti
3100 4508 3163 4548 ea
3193 4507 3394 4561 parvu-

1808 4599 1876 4654 lis
1904 4597 2120 4669 (Mattlt.
2152 4611 2240 4659 Kl,
2271 4592 2387 4663 25).
2433 4611 2452 4642 ι
2488 4591 2782 4660 Sequitur:
2832 4587 2899 4641 Et
2938 4585 3181 4654 praecepit
3213 4584 3282 4648 ei,
3337 4591 3394 4636 ut

1809 4705 1996 4743 rursus
2023 4686 2287 4740 adveniat.
2316 4714 2385 4723 —
2407 4673 2541 4749 Quia
2580 4679 2828 4736 veritatis
2866 4678 3073 4742 lumen,
3098 4674 3242 4744 quod
3278 4672 3392 4727 ela-

1811 4783 1882 4838 tis
1914 4780 2300 4849 occupatisque
2324 4776 2597 4831 mentibus
2642 4771 3023 4835 abseonditur,
3056 4766 3266 4822 alllictis
3295 4765 3394 4818 bu-

1810 4873 2141 4939 miliatisque
2199 4867 2492 4923 revelatur.
2561 4865 2679 4919 Lux
2742 4859 3210 4934 quippeadvenit,
3267 4868 3393 4909 eum

1810 4963 2007 5018 amicta
2052 4976 2204 5016 mens
2238 4961 2387 5030 ipsas
2413 4971 2548 5028 quas
2580 4955 2646 5009 de
2682 4954 2942 5024 perituris
2980 4951 3140 5006 rebus
3165 4943 3392 4999 tribula-

1812 5056 2017 5110 tionum
2046 5054 2297 5109 tenebras
2324 5049 2543 5113 tolerat,
2576 5045 2820 5115 agnoscit
2840 5085 2854 5107 ,
2883 5043 3010 5113 quia
3037 5037 3142 5092 nisi
3191 5032 3394 5101 aliquid

1811 5164 1878 5203 ex
1908 5148 2115 5202 lumine
2157 5145 2371 5196 interno
2410 5141 2739 5213 perciperet,
2771 5151 2837 5189 ne
2876 5136 2980 5191 boe
3023 5132 3216 5198 ipsum,
3268 5125 3397 5191 quia

1812 5241 1991 5295 lumen
2025 5236 2357 5308 perdiderat,
2387 5234 2619 5288 videret.
2644 5227 2797 5294 Quod
2834 5221 3141 5294 specialiter
3169 5213 3398 5308 intelligi

1812 5336 1974 5390 etiam
2006 5305 2073 5388 de
2100 5327 2301 5383 Iudaeis
2331 5336 2537 5395 potest,
2570 5322 2658 5392 qui
2695 5320 2899 5374 ideirco
2922 5305 3267 5379 Redemptori
3291 5321 3395 5400 no-
