3934 5400
553 366 653 430 ιω

552 575 713 629 tinem
737 573 919 627 mundi
945 573 1011 626 ad
1038 571 1199 626 ﬁdem
1223 570 1516 642 recipiendi
1549 579 1693 636 sunt,
1725 579 1874 625 recte
1910 569 2132 640 subjun-

550 666 730 736 gitur:
756 661 822 716 Et
850 664 1093 734 prazcepit
1120 663 1167 717 ei
1191 674 1244 716 ut
1278 679 1462 717 rursus
1492 663 1755 717 adveniat.
1785 661 1941 716 Unde
1962 668 2016 713 et
2035 675 2132 730 per

501 816 507 835 ι
551 755 743 810 lsaiam
769 755 965 809 dicitur
995 772 1006 807 :
1057 774 1076 806 ι
1114 754 1171 808 Si
1207 753 1370 808 fuerit
1394 768 1652 808 numerus
1684 752 1916 806 filiorum
1967 749 2129 804 Israel

550 845 704 914 quasi
732 858 893 898 arena
918 845 1110 902 maris.
1138 844 1379 913 reliquiae
1401 843 1562 898 salva:
1589 843 1718 896 fient
1746 840 1883 914 (Isa.
1901 839 2085 909 x,22).
2106 856 2125 890 ι

553 938 704 993 Tunc
753 938 952 1007 quippe
998 938 1086 991 lux
1132 937 1198 992 ad
1244 952 1338 991 eos
1386 935 1700 1001 revertitur,
1743 950 1865 989 cum
1916 933 2017 1002 ipsi
2065 930 2130 986 ad

553 1030 912 1085 conﬁtendam
946 1029 1322 1099 Redemptoris
1369 1028 1538 1082 nostri
1571 1026 1867 1097 potentiam
1905 1037 2133 1079 conver-

553 1130 759 1177 tentur.
794 1120 852 1175 Si
881 1129 1061 1174 autem
1090 1121 1142 1173 in
1165 1119 1407 1174 manibus
1429 1160 1444 1183 ,
1489 1131 1828 1187 nequaquam
1866 1130 1963 1186 per
1986 1114 2131 1169 dati-

552 1224 679 1265 vum
709 1226 894 1267 casum
924 1226 1092 1264 unum
1123 1225 1341 1274 nomen,
1378 1209 1470 1264 sed
1497 1208 1633 1262 duas
1657 1216 1841 1278 partes
1867 1204 2134 1261 orationis

555 1302 869 1372 accipimus.
896 1302 1083 1356 Potest
1102 1310 1156 1354 et
1183 1299 1340 1354 aliter
1367 1297 1612 1368 intelligi,
1643 1297 1768 1367 quia
1797 1298 1852 1350 in
1882 1295 2127 1349 manibus

552 1394 646 1449 lux
682 1393 1054 1453 absconditur,
1106 1407 1229 1446 cum
1280 1390 1420 1460 apud
1446 1397 1652 1444 rectum
1694 1386 1932 1455 judicem
1964 1384 2132 1455 iniqui

553 1484 755 1555 quique
798 1485 852 1539 in
901 1484 1013 1538 suis
1049 1483 1302 1554 operibus
1328 1489 1619 1536 caecantur.
1652 1480 1749 1535 Cui
1781 1486 1959 1532 tamen
1990 1491 2132 1548 prae-

551 1574 753 1643 eipitur
790 1582 843 1627 ut
871 1586 1079 1626 rursum
1105 1573 1373 1637 adveniat,
1413 1571 1539 1642 quia
1567 1571 1692 1624 dum
1730 1576 2047 1639 peccatores
2077 1581 2136 1622 se

552 1677 583 1716 e
608 1661 721 1717 suis
749 1662 954 1716 viribus
986 1660 1181 1716 salvari
1207 1676 1311 1715 non
1346 1675 1507 1729 posse
1540 1658 1914 1730 cognoverint,
1947 1657 2136 1727 gratiae

551 1752 731 1808 lumen
769 1753 1059 1823 accipiunt,
1087 1761 1143 1807 et
1175 1751 1528 1822 protectionis
1569 1750 1772 1804 intimae
1812 1748 1978 1803 radiis
2010 1747 2135 1801 illu-

1518 364 1575 423 S.
1617 362 1868 425 ODONIS
1901 363 2192 420 ABBATIS
2228 365 2723 424 CLUNIACENSIS
2751 368 2794 424 ll

553 484 680 540 tatis
724 483 849 538 dum
894 489 1313 553 persequuntur,
1370 478 1687 534 amiserunt.
1743 476 1847 535 Sed
1895 479 2021 548 quia
2076 478 2130 532 in
2158 486 2207 545 Α
2234 477 2420 534 eodem
2460 485 2646 553 nostro
2693 476 2883 549 Capite
2921 475 3120 535 dicitur
3164 495 3179 534 :

3712 373 3810 429 120

2475 485 2646 559 nostro
2693 476 2883 549 Capite
2921 476 3120 535 dicitur
3164 495 3179 534 :
3226 497 3245 532 ι
3290 476 3612 550 Ubicunque
3655 478 3811 536 fuerit

2232 584 2448 638 corpus,
2474 568 2602 623 illuc
2623 568 3095 640 congregabuntur
3117 570 3311 640 aquila:
3327 569 3481 629 (Luc.
3510 586 3650 637 xvn,
3666 570 3803 638 37).»

2233 657 2491 729 Sequitur
2522 675 2536 714 τ

2745 750 2973 807 CAPUT
3011 751 3275 808 XXXVII.

2300 839 2466 895 Vens.
2509 840 2560 895 Ι.
2602 840 2774 912 Super
2803 843 2902 896 hoc
2943 845 3145 913 expavit
3193 859 3285 896 cor
3322 859 3520 896 meum.
3558 873 3633 882 -—
3666 842 3745 897 Ac
3768 844 3809 897 si

2232 931 2376 987 dicat
2410 945 2425 985 :
2456 932 2513 986 ln
2562 932 2936 988 admirationis
2976 948 3262 989 excessum
3306 948 3368 988 se
3406 933 3721 995 transtulit;
3762 943 3813 986 et

2233 1021 2357 1090 quia
2381 1036 2532 1075 novae
2556 1020 2667 1090 spei
2704 1022 2895 1090 spiritu
2932 1037 3087 1077 mens
3108 1021 3287 1076 adlata
3308 1029 3411 1083 est,
3445 1022 3814 1091 semetipsam.

2232 1110 2408 1179 qualis
2459 1111 2512 1166 in
2565 1119 2773 1167 vetusta
2813 1112 3139 1183 cogitatione
3180 1111 3380 1176 fuerat,
3428 1112 3659 1178 reliquit
3696 1112 3814 1179 quia

2232 1217 2421 1272 pavor,
2485 1204 2611 1258 dum
2662 1214 2890 1260 mortem
2942 1205 3198 1275 percutit,
3251 1205 3396 1260 hanc
3444 1220 3477 1257 a
3529 1204 3816 1272 semetipsa

2234 1295 2466 1349 alienam
2494 1294 2695 1350 reddit.
2728 1293 3124 1365 Nonnunquam
3151 1295 3328 1350 Latini
3365 1296 3704 1365 interpreta
3727 1309 3816 1349 ex-

2235 1387 2422 1442 stasim
2445 1400 2699 1457 pavorem
2727 1396 2941 1442 vocant.
2974 1385 3234 1456 Sequitur
3268 1399 3285 1439 :
3330 1384 3399 1439 Et
3431 1395 3639 1439 οιιυιυιιι
3662 1394 3738 1439 est
3761 1384 3817 1439 de

2234 1476 2350 1531 loco
2376 1492 2494 1530 suo.
2528 1507 2598 1518 -—
2636 1476 2812 1532 Locus
2835 1478 3034 1547 quippe
3059 1477 3280 1535 humani
3326 1476 3509 1532 cordis
3536 1476 3818 1531 delectatio

2235 1582 2321 1627 est
2352 1572 2477 1627 vita:
2501 1573 2804 1643 praesentis,
2834 1573 2930 1628 sed
2957 1588 3079 1629 cum
3114 1573 3293 1637 divina
3330 1570 3670 1641 aspiratione
3712 1578 3819 1623 tan-

2236 1663 2403 1733 gitur,
2441 1662 2593 1718 locus
2626 1663 2798 1723 nostri
2827 1663 3008 1719 cordis
3036 1662 3098 1717 tit
3125 1678 3278 1717 amor
3306 1661 3661 1717 aeternitatis.
3686 1662 3821 1716 Con-

2237 1754 2567 1809 sideratione
2595 1754 2759 1823 igitur
2790 1755 3019 1810 internae
3042 1755 3232 1824 patriae
3253 1753 3461 1810 deloco
3483 1768 3586 1808 suo
3613 1753 3819 1807 animos

548 1851 812 1908 strantur,
842 1851 904 1897 ut
930 1840 1120 1910 majori
1143 1843 1339 1896 ardore
1360 1841 1700 1912 postmodum
1727 1839 2004 1895 cmleslem
2032 1850 2129 1907 βε·
2160 1840 2202 1899 Β
2233 1851 2496 1909 movetur,
2525 1844 2651 1914 quia
2679 1844 2957 1900 derelictis
2983 1844 3202 1910 inﬁmis,
3242 1845 3297 1899 in
3328 1845 3586 1914 supernis
3614 1844 3819 1914 cogita-

550 1934 709 1987 triam
758 1933 1005 2004 diligant,
1042 1948 1204 2002 quam
1246 1933 1395 2002 prius
1425 1933 1478 1986 in
1523 1940 1738 1987 terrena
1774 1928 2133 1985 delectatione

538 2022 868 2093 «ﬂagrabant.
899 2023 1006 2078 Sed
1046 2026 1160 2077 haec
1207 2039 1328 2077 cum
1366 2022 1435 2078 de
1484 2022 1691 2078 caelesti
1730 2021 1904 2091 patria
1953 2017 2162 2089 loqui-'

548 2128 690 2179 mur,
719 2129 843 2169 cum
876 2115 1053 2169 inesse
1097 2114 1231 2168 mira
1270 2113 1517 2169 claritate
1554 2114 1768 2184 prodita
1816 2111 2131 2181 angelorum

546 2204 768 2275 agmina
807 2205 1085 2271 audimus,
1126 2206 1193 2259 ad
1224 2206 1587 2274 nosmetipsos
1636 2214 1876 2259 mentem
1922 2203 2132 2259 reduci-

549 2309 693 2360 mus,
734 2305 791 2351 et
836 2297 978 2365 quod
1022 2305 1237 2351 terrena
1284 2305 1578 2367 gestamus,
1637 2297 1880 2351 membra
1929 2295 2134 2365 cogita-

551 2400 696 2441 mus.
774 2386 903 2453 Qua-
986 2388 1421 2443 consideratione
1495 2395 1798 2457 permotum
1889 2400 1987 2441 cor
2068 2399 2133 2440 ac

550 2478 690 2533 male
730 2478 833 2533 sibi
879 2479 1157 2533 conscium
1205 2478 1462 2547 trepidat,
1501 2487 1555 2531 et
1587 2486 1749 2531 tantre
1800 2477 1943 2531 illius
1969 2489 2131 2546 quam

551 2570 703 2624 audit
753 2570 941 2641 patriae
999 2572 1170 2625 civem
1220 2583 1280 2624 se
1328 2570 1444 2626 ﬁeri
1485 2583 1643 2640 posse
1712 2569 1985 2640 desperat.
2037 2566 2136 2622 Se-

547 2660 734 2732 quitur
758 2678 772 2716 :

621 2752 785 2809 Vens.
825 2751 916 2807 55.
959 2753 1248 2807 Annuntiat
1270 2752 1335 2806 de
1361 2768 1423 2805 ea
1463 2751 1630 2804 amico
1654 2765 1749 2803 suo
1777 2749 1914 2819 quod
1938 2764 2135 2819 posses-

546 2842 628 2898 sio
665 2843 780 2913 ejus
810 2844 897 2896 sit.
934 2870 1008 2882 —
1043 2842 1264 2896 Amicus
1302 2840 1547 2894 veritatis
1590 2847 1674 2893 est
1721 2847 1879 2893 recta:
1924 2845 2136 2892 amator

556 2933 804 2987 actionis.
827 2932 980 2988 Unde
1007 2940 1063 2987 et
1085 2933 1199 3000 ipsa
1220 2931 1434 2986 Veritas
1461 2930 1740 3000 discipulis
1761 2929 1891 2985 dicit
1920 2948 1933 2983 ε
1968 2948 1987 2981 ι
2023 2927 2133 2983 Vos

548 3023 710 3077 amici
743 3023 847 3077 mei
877 3023 1039 3087 estis,
1068 3022 1133 3077 κεί
1173 3022 1413 3077 feceritis
1434 3037 1554 3091 quze
1577 3036 1678 3091 ego
1706 3020 1958 3091 praecipio
1982 3019 2134 3075 vobis

547 3110 730 3181 (Joan.
761 3128 851 3175 xv,
882 3111 992 3183 ιι).
1033 3130 1051 3163 ι
1092 3110 1313 3165 Amicus
1341 3112 1537 3181 quippe
1571 3111 1735 3165 animi
1764 3120 1947 3165 custos
1997 3108 2135 3164 dici-

2236 1932 2473 1987 tionibus
2494 1934 2733 2002 ponitur.
2761 1931 3021 2003 Sequitur
3052 1951 3068 1988 :

2306 2025 2470 2080 Vitas.
2513 2024 2566 2079 2.
2607 2024 2798 2079 Audite
2812 2026 3134 2080 auditionem
3154 2026 3209 2079 in
3228 2035 3426 2081 terrore
3446 2024 3591 2079 uocis
3611 2023 3814 2093 ejus.‘

2234 2115 2350 2171 Mos
2379 2116 2518 2171 sacri
2538 2115 2743 2186 eloquii
2776 2124 2879 2179 est,
2913 2125 2972 2171 ut
2996 2131 3119 2171 cum
3147 2116 3325 2171 audiri
3360 2115 3568 2185 aliquid
3594 2129 3701 2184 per
3728 2129 3816 2167 ano

2235 2208 2408 2262 ditum
2432 2206 2691 2273 insinuat,
2720 2208 2893 2263 audiri
2921 2209 3172 2263 eumdem
3194 2206 3439 2264 auditum
3468 2207 3640 2264 dicat.
3674 2205 3820 2260 Sicut

2233 2298 2489 2354 Habacuc
2509 2299 2586 2354 ait
2617 2313 2637 2352 :
2667 2318 2687 2351 ι
2727 2298 2971 2364 Domine,
3000 2298 3182 2353 audivi
3211 2298 3451 2354 auditum
3480 2306 3656 2361 tuum,
3684 2304 3742 2351 et
3763 2295 3821 2350 ti-

2233 2393 2344 2445 mui
2372 2389 2601 2460 (Habeo.
2633 2405 2716 2453 Ill,
2751 2389 2830 2459 2).
2867 2409 2885 2443 ι
2917 2388 3221 2445 Notandum
3261 2401 3393 2444 vero
3431 2395 3519 2442 est
3544 2386 3696 2457 quod
3722 2399 3817 2441 vos

2236 2480 2331 2536 Dei
2356 2496 2462 2536 non
2493 2481 2544 2534 in
2571 2481 2786 2551 gaudio,
2825 2480 2919 2536 sed
2945 2481 3002 2535 in
3037 2492 3234 2535 terrore
3262 2479 3436 2536 audiri
3478 2479 3818 2549 perhibetur,

2233 2572 2360 2640 quia
2396 2572 2649 2626 nimirum
2689 2581 2943 2642 peccator
2966 2572 3214 2643 quisque,
3253 2570 3379 2627 dum
3407 2569 3520 2626 sola
3549 2585 3678 2640 qua:
3713 2577 3818 2624 tero

2234 2675 2362 2715 reua
2410 2668 2557 2726 sunt,
2597 2662 2816 2733 cogitat,
2854 2661 2981 2717 dum
3028 2675 3122 2716 cor
3167 2675 3487 2730 oppressum
3532 2660 3589 2714 in
3622 2659 3819 2715 inﬁmis

2234 2750 2651 2817 cogitationibus
2676 2759 2874 2823 gestat,
2900 2752 2946 2807 si
2981 2758 3204 2824 repente
3231 2751 3428 2807 divinae
3454 2752 3651 2822 gratiae
3676 2752 3816 2822 aspi—

2235 2840 2446 2895 ratione
2467 2841 2725 2910 tangitur,
2754 2842 2856 2896 lioc
2884 2849 3010 2897 ante
3036 2842 3217 2896 omnia
3246 2840 3500 2912 intelligit
3515 2842 3663 2913 quod
3688 2857 3816 2897 cun-

2235 2939 2325 2986 cta
2345 2947 2466 3000 quae
2495 2932 2573 2986 ait
2600 2932 2848 2987 districta
2893 2935 3083 2988 aeterni
3110 2932 3315 2988 Iudicis
3344 2934 3815 2989 animadversione

2234 3021 2546 3091 puniantur.
2576 3020 2795 3076 Auditio
2822 3020 2988 3092 igitur
3014 3022 3167 3077 vocis
3195 3021 3312 3087 Dei,
3342 3022 3498 3091 prius
3532 3022 3591 3076 in
3628 3033 3816 3075 terrere

2236 3108 2316 3177 ﬁt,
2349 3119 2411 3166 ut
2439 3118 2560 3181 post
2584 3118 2824 3166 vertatur
2852 3111 2906 3165 in
2933 3109 3270 3165 dulcedinem
3292 3151 3308 3175 ,
3333 3109 3428 3181 qui
3460 3118 3594 3165 ante
3620 3125 3717 3166 nos
3738 3109 3814 3164 di-

534 3207 656 3253 .tur.
698 3202 770 3256 De
813 3203 917 3257 hac
972 3201 1138 3273 igitur
1183 3201 1300 3256 luce
1341 3211 1559 3256 aeterna:
1596 3202 1783 3272 patriae
1814 3202 1982 3256 amico
2036 3216 2133 3254 suo
2162 3198 2207 3260 C
2237 3206 2409 3261 stricti
2434 3205 2621 3275 judicii
2657 3204 2849 3261 timore
2888 3205 3139 3274 castigat,
3173 3213 3233 3258 ut
3262 3202 3377 3273 jam
3405 3203 3711 3275 castigatos
3734 3219 3813 3259 su-

547 3288 689 3344 Deus
716 3292 992 3345 annuntiat
1012 3291 1151 3362 quod
1175 3293 1428 3358 possessio
1451 3291 1563 3361 ejus
1591 3293 1679 3357 sit,
1706 3301 1767 3345 ut
1792 3306 2132 3362 nequaquam
2236 3313 2419 3369 pernm
2448 3299 2751 3354 dulcedinis
2775 3299 3142 3355 consolatione
3168 3297 3395 3354 reﬁciat.
3424 3297 3690 3366 Sequitur
3713 3310 3733 3347 :
3751 3295 3811 3350 Et

542 3393 608 3437 se
634 3381 968 3438 inﬁrmitatis
994 3383 1270 3453 desperet,
1300 3398 1637 3452 nequaquam
1670 3384 1771 3438 hoc
1801 3384 1944 3454 quod
1978 3397 2133 3438 crea-
2233 3406 2420 3445 sonum
2465 3390 2532 3444 de
2576 3406 2665 3444 ore
2703 3389 2848 3445 illius
2890 3391 3274 3458 procedentem.
3308 3419 3378 3431 --
3415 3388 3601 3446 Sonus
3625 3390 3693 3445 de
3727 3402 3812 3445 ore

547 3478 655 3535 tus,
688 3471 781 3526 sed
819 3473 961 3541 quod
995 3483 1273 3528 recreatus
1300 3481 1416 3539 est,
1449 3481 1672 3543 penset;
1707 3474 1801 3528 sed
1833 3482 1983 3529 tanto
2012 3487 2131 3528 cer-

2236 3482 2329 3536 Dei
2361 3490 2445 3536 est
2464 3481 2547 3537 vis
2575 3482 2787 3536 timoris
2823 3482 2891 3538 de
2935 3497 3169 3553 superna
3212 3481 3427 3537 irruens
3467 3482 3808 3552 aspiratione,

548 3559 657 3615 tius
716 3561 886 3626 sciat,
935 3563 1059 3632 quia
1107 3564 1248 3618 illius
1293 3563 1428 3618 lucis
1484 3564 1784 3619 claritatem
1837 3565 2127 3635 possideat,
2231 3571 2380 3640 quia,
2408 3586 2530 3627 cum
2559 3586 2657 3627 nos
2679 3571 3007 3628 deventuris
3032 3574 3292 3629 Dominus
3312 3573 3608 3641 aspirando
3629 3572 3807 3641 replet.

545 3659 750 3719 quanto
794 3668 938 3707 nunc
978 3654 1233 3708 vitiorum
1283 3654 1610 3724 pulsantium
1657 3655 1904 3710 tenebras
1947 3656 2130 3710 verius
2229 3660 2416 3731 procul
2444 3660 2608 3717 dubio
2637 3661 2704 3716 de
2734 3661 2873 3716 male
2899 3662 3069 3729 gestis
3097 3661 3391 3731 prateritis
3415 3669 3609 3716 terret.
3636 3662 3808 3726 Potest

543 3740 740 3795 calcat.
782 3741 1039 3813 Sequitur
1083 3762 1096 3797 :
1146 3744 1213 3797 Et
1252 3746 1322 3798 ad
1360 3761 1475 3798 eam
1518 3746 1678 3814 possit
1722 3748 2017 3800 ascendere.
2058 3774 2131 3786 —-
2231 3757 2411 3805 autem
2434 3764 2534 3819 per
2558 3765 2621 3805 os
2640 3750 2736 3805 Dei
2760 3752 3070 3823 unigenitus
3088 3751 3258 3808 Filius
3275 3751 3807 3822 designari.Osergo

545 3830 685 3898 Quid
704 3834 849 3887 enim
897 3832 1163 3890 difﬁcilius
1205 3851 1368 3904 quam
1423 3836 1650 3902 homini,
1693 3839 1747 3891 in
1798 3846 1941 3892 terra
1981 3838 2128 3893 edito

545 3930 757 3977 terrena
773 3933 827 3978 et
843 3922 1047 3996 fragilia
1072 3928 1311 3981 membra
1331 3930 1582 3996 gestanti,
1599 3928 1856 3983 caelorum
1874 3927 1980 3982 alta
1998 3943 2128 3983 con-

532 4015 823 4079 accudere,
872 4030 1225 4086 supernorum
1250 4018 1535 4087 spirituum
1566 4035 1765 4073 arcana
1802 4020 2127 4087 penetrare?

543 4101 650 4155 Sed
700 4107 1013 4160 eorumdem
1049 4107 1334 4176 spirituum
1377 4109 1446 4163 ad
1494 4124 1594 4164 nos
1641 4109 1904 4167 Conditor
1952 4112 2122 4178 venit,

540 4206 711 4262 seque
756 4194 1030 4251 hominem
1065 4199 1226 4252 etiam
1273 4201 1373 4255 sub
1402 4200 1535 4271 ipsis
1559 4202 1821 4257 exhibuit.
1862 4202 2013 4259 Sicut
2058 4204 2126 4260 de

2231 3841 2439 3896 Domini
2481 3858 2587 3898 non
2620 3842 2893 3899 immerito
2938 3844 3114 3914 ipsum
3148 3844 3470 3915 accipimus,
3512 3860 3613 3914 per
3653 3858 3803 3915 quem

2229 3930 2385 3985 nobis
2414 3931 2594 3985 omnia
2618 3931 2877 4001 loquitur.
2910 3933 3048 3989 Hinc
3072 3942 3158 3989 est
3183 3934 3348 3989 etiam
3378 3935 3526 4004 quod
3554 3936 3804 4005 propheta

2227 4022 2342 4076 ait:
2374 4041 2392 4074 ι
2421 4021 2495 4079 0s
2546 4022 2691 4078 enim
2740 4023 2953 4079 Domini
3001 4024 3238 4081 locutum
3279 4034 3365 4081 est
3391 4024 3527 4097 (Isa.
3557 4042 3607 4092 ι,
3637 4026 3748 4096 20).
3780 4044 3798 4077 ι

2224 4113 2329 4169 Per
2352 4128 2541 4169 sonum
2563 4130 2696 4171 vero
2714 4117 2850 4181 oris,
2874 4124 3052 4186 potest
3070 4117 3312 4188 ejusdem
3333 4117 3551 4173 Domini
3577 4117 3799 4187 Spiritus

2224 4214 2444 4261 sanctus
2470 4205 2763 4278 designari.
2796 4206 2954 4264 Unde
2977 4218 3030 4263 et
3058 4208 3193 4264 alias
3228 4210 3281 4263 in
3305 4208 3552 4277 ejusdem
3578 4208 3801 4280 Spin'tus

545 4283 637 4339 illo
684 4285 831 4341 Patri
876 4305 972 4359 per
1017 4290 1342 4361 PrOpbetam
1380 4294 1579 4348 dicitur
1609 4312 1622 4348 :
1657 4314 1675 4346 ι
1711 4295 1945 4352 Minuisti
1997 4312 2122 4352 eum
2221 4296 2616 4367 significatione
2638 4299 2901 4368 scriptum
2935 4308 3021 4355 est
3052 4318 3068 4355 :
3104 4318 3123 4351 ι
3163 4300 3361 4356 Factus
3381 4309 3470 4356 est
3493 4309 3714 4372 repente
3736 4300 3799 4355 de

542 4375 705 4446 paulo
728 4380 904 4433 minus
926 4381 993 4435 ab
1021 4381 1226 4452 angelis
1249 4381 1423 4454 (Psal.
1450 4400 1569 4450 vm,
1594 4385 1671 4456 6).
1695 4403 1714 4436 ι
1744 4386 1809 4441 Ει
1831 4387 1957 4457 quia
1982 4388 2123 4442 inter

546 4481 648 4523 nos
670 4476 721 4522 et
753 4471 969 4523 eosdem
995 4473 1219 4540 spiritus
1247 4474 1617 4530 discordantes
1637 4477 1947 4531 scandalum
1977 4493 2121 4548 repe-

2223 4390 2362 4446 cmlo
2388 4405 2572 4457 sonus,
2594 4399 2854 4461 tanquam
2867 4392 3205 4449 advenientis
3228 4393 3457 4464 spiritus
3471 4392 3798 4450 vehementis

2223 4481 2357 4554 (Act.
2380 4497 2440 4546 ιι,
2458 4482 2539 4556 2).
2559 4502 2578 4535 ι
2602 4482 2780 4540 Sonus
2798 4484 2960 4553 igitur
2973 4485 3040 4540 de
3061 4499 3156 4540 ore
3178 4485 3388 4541 Domini
3404 4486 3670 4555 procedit,
3684 4499 3793 4540 cum

550 4558 643 4626 rit,
677 4559 810 4613 mira
834 4562 1094 4630 potentia,
1134 4563 1455 4619 mirabiliori
1490 4567 1651 4621 etiam
1682 4569 1882 4639 pietate
1912 4584 2120 4624 summa
2153 4552 2200 4613 Ῐ)
2227 4552 2707 4629 consubstantialis
2725 4575 2772 4629 ei
2795 4552 3108 4644 Spiritusad
3127 4552 3542 4647 nosperFilium
3562 4578 3793 4639 veniens.

545 4665 760 4717 creans,
800 4652 904 4706 ima
966 4654 1284 4724 suscipiens,
1335 4672 1442 4710 una
1492 4673 1614 4713 cum
1655 4661 1880 4716 summis
1919 4660 2117 4729 junxit.
2220 4667 2543 4722 surditatem
2576 4678 2781 4724 nostrae
2818 4668 3245 4724 insensibilitatis
3282 4669 3506 4737 rumpit.
3550 4668 3703 4726 Unde
3744 4670 3790 4723 in

544 4737 683 4795 Hinc
710 4750 794 4796 est
832 4743 975 4831 enim
1006 4744 1170 4813 quod,
1214 4745 1401 4800 eodem
1448 4746 1595 4818 Rege
1627 4758 1767 4816 nato,
1804 4752 2119 4822 angelorum
2221 4756 2724 4829 Evangeliodicitur
2758 4778 2770 4814 :
2812 4778 2832 4811 ‹
2870 4760 2948 4815 De
2975 4776 3095 4816 meo
3118 4761 3350 4831 accipiet
3379 4770 3437 4817 et
3457 4762 3793 4819 annuntiabit

545 4831 697 4885 chori
738 4832 792 4885 in
819 4830 936 4901 ejus
963 4836 1373 4893 annuntiatione
1401 4839 1695 4907 prodeunt,
1731 4841 1987 4911 hymnum
2031 4842 2117 4897 di-
2219 4849 2371 4904 vobis
2408 4849 2588 4920 (Joan.
2612 4865 2725 4915 xvi,
2751 4850 2860 4922 Η).
2896 4871 2916 4903 ι
2950 4850 3134 4907 Potest
3156 4830 3309 4922 ergo,
3332 4860 3389 4907 et
3412 4869 3513 4922 per
3542 4864 3788 4910 termrem

543 4927 698 5013 cunt,
724 4929 779 5013 et
808 4922 874 4976 de
900 4923 1037 4978 victa
1062 4940 1241 4994 pravae
1264 4926 1389 4980 vita:
1414 4927 1685 4982 discordia
1712 4929 1830 4995 hos,
1854 4946 1990 4999 quos
2015 4932 2116 4987 du—
2221 4938 2372 4994 vocis
2396 4939 2481 4993 vis
2524 4939 2875 5001 τοι-ιίιυάίηίε,
2920 4951 2975 4998 ει
3025 4958 3124 5013 ρει-
3172 4957 3366 4998 sonum
3415 4943 3534 5000 οι-ίε
3582 4946 3792 5002 dum

543 5008 707 5106 dum“
733 5010 1113 5106 despexerunt,
1156 5016 1317 5106 cives
1373 5028 1691 5089 agnoscunt,
1742 5035 1979 5076 consono
2024 5037 2120 5077 ore
2221 5032 2611 5087 consolationis
2651 5034 2894 5104 intelligi,
2946 5037 3071 5105 quia
3117 5050 3252 5105 quos
3300 5035 3541 5106 Spiritus
3590 5049 3791 5096 sanctus

543 5100 898 5169 praedicantes
925 5121 939 5157 :
968 5122 986 5155 α
1020 5103 1201 5160 Gloria
1239 5106 1292 5160 in
1335 5108 1567 5164 excelsis
1610 5110 1738 5170 Deo.
1780 5120 1836 5166 et
1876 5112 1929 5167 in
1977 5124 2120 5169 terra
2221 5119 2415 5170 replet-
2442 5121 2592 5170 nrius
2629 5136 2723 5170 eos
2767 5100 2850 5170 de.
2888 5100 3100 5170 terrena
3135 5100 3369 5170 ἠοϋηηὲ
3422 5126 3681 5170 ιρηειῑρςιι
3746 5135 3791 5170 pi
