3934 5400
170 307 275 363 ﬂ!

837 303 1140 360 EPI'I'OME
1179 300 1543 358 MORALIUM
1581 299 1641 357 S.
1684 300 1891 357 GREG.
1932 299 1999 355 IN
2038 302 2273 358 .IOB.--
2308 301 2436 356 LIB.
2482 301 2695 359 XXVIII

3354 308 3462 365 422

172 420 360 471 lumen
388 417 557 487 ipsius
584 430 742 485 super
765 415 1011 469 terminos
1044 423 1215 469 terrea.
1254 444 1325 453 -
1369 415 1603 470 Possunt
1645 414 1766 469 ctuti
1798 419 1846 476 Α
1875 415 1931 469 in
1967 429 2101 471 voce
2130 430 2226 470 sua
2258 415 2400 471 Deus
2440 415 2759 471 mirabiliter
2784 423 2952 484 tonat,
3000 419 3125 489 quia
3182 421 3232 477 vi
3296 425 3462 480 corda

173 509 406 563 nomine
452 508 627 563 sancti
679 506 1063 577 praedicatores
1108 507 1402 578 designari.
1450 508 1586 564 Hinc
1629 508 1772 563 enim

174 601 449 669 scriptum
472 611 555 655 est
589 617 603 653 :
640 618 660 650 ι
701 599 834 653 (Σωιί
875 608 1132 653 enarrant
1182 599 1408 670 gloriam
1458 598 1550 655 Dei
1598 598 1772 669 (Psal.

174 708 340 754 xvm,
366 691 450 761 2).
501 711 520 744 ι
558 690 695 745 Sunt
732 705 961 760 namque
1002 691 1263 753 nonnulli,
1295 691 1420 760 quia
1468 707 1591 747 cum
1640 692 1774 746 mira

173 783 559 851 apostolorum
587 797 749 852 opera
777 783 1021 846 audiunt,
1056 782 1179 852 quia
1222 782 1320 837 has
1369 783 1599 837 virtutes
1633 797 1775 837 nunc

174 877 228 929 in
261 875 514 929 Ecclesia
542 891 646 929 non
677 875 877 938 vident,
906 873 1234 929 subtractam
1275 874 1344 928 ab
1394 873 1635 930 Ecclesia
1680 889 1775 929 su-

173 980 411 1034 pernam
436 965 666 1035 gratiam
707 964 1073 1035 suspicantur,
1100 965 1408 1019 uescientes
1453 966 1596 1034 quod
1638 964 1777 1020 sicut

173 1052 313 1107 dicit
364 1053 662 1122 Apostolus
703 1072 717 1107 :
772 1073 791 1105 (
840 1052 1061 1124 Linguae
1116 1055 1167 1109 in
1220 1056 1429 1125 signum
1488 1064 1616 1111 sunt
1667 1071 1775 1111 non

175 1142 458 1209 ﬁdelibus,
487 1146 581 1200 sed
606 1145 909 1201 inﬁdelibus
939 1147 991 1217 (1
1021 1146 1144 1200 Cor.
1172 1163 1282 1213 xxv,
1320 1148 1436 1217 2'2).
1474 1167 1494 1199 ι
1522 1146 1629 1203 Sed
1662 1148 1773 1203 ele-

174 1235 325 1289 vatis
384 1235 544 1290 caelis
591 1236 849 1291 Dominus
900 1238 1155 1293 inferiora
1198 1238 1529 1303 considerat,
1560 1240 1685 1309 quia
1722 1247 1777 1295 et

174 1324 378 1379 ablatis
442 1327 671 1381 summis
734 1328 1177 1396 praedicatoribus
1231 1329 1570 1384 incessanter
1613 1330 1776 1385 etiam

175 1416 371 1471 inﬁma
418 1425 620 1471 nostra:
655 1418 984 1473 inﬁrmitatis
1037 1428 1212 1474 curat.
1264 1420 1332 1475 Et
1394 1421 1548 1491 quasi
1603 1423 1780 1477 subter

175 1506 336 1561 certos
368 1507 548 1563 lutnen
573 1508 716 1563 illius
754 1519 907 1563 terrre
936 1512 1185 1565 terminos
1232 1510 1472 1581 respicit,
1500 1511 1625 1581 quia
1655 1520 1778 1581 post

174 1598 469 1653 sublimem
520 1600 685 1654 vitam
730 1602 1154 1669 praecedentium
1210 1602 1375 1655 etiam
1428 1611 1775 1671 peccatorum

170 1702 363 1743 mores
388 1698 651 1759 actusque
673 1689 859 1761 gratia:
886 1705 997 1744 sua:
1031 1690 1388 1746 illustratione
1417 1692 1773 1761 comprehen-

172 1779 278 1833 dit.
320 1777 422 1845 Qui
451 1780 561 1833 etsi
593 1781 847 1834 virtutum
879 1781 1030 1852 signa
1058 1798 1199 1837 nunc
1223 1797 1319 1853 per
1346 1782 1511 1836 vitam
1537 1782 1773 1837 ﬁdelium

170 1866 374 1921 crebro
420 1884 528 1922 non
566 1870 771 1934 exerit,
804 1871 872 1924 ab
896 1871 1096 1926 eisdem
1146 1880 1330 1927 tamen
1380 1871 1627 1928 ﬁdelibus
1677 1886 1774 1944 per

172 1957 437 2012 virtutem
468 1973 695 2028 operum
724 1976 997 2031 nunquam
1022 1963 1247 2018 recedit.
1277 1962 1464 2019 Potest
1493 1950 1658 2018 etiam
1688 1965 1773 2018 in-

170 2048 349 2120 telligi
386 2049 564 2105 lumen
587 2052 733 2106 illius
757 2070 915 2123 super
932 2056 1181 2109 terminos
1204 2065 1378 2122 terrae,
1408 2056 1550 2125 quod
1574 2056 1772 2127 praedi-

169 2140 329 2195 catio
355 2156 606 2211 superna:
637 2144 827 2213 gratia:
854 2144 981 2199 dum
1012 2153 1202 2213 gentes
1226 2146 1294 2200 ad
1333 2146 1491 2200 ﬁdem
1544 2125 1771 2218 colligit,

171 2229 328 2285 intra
363 2233 713 2303 semetipsum
742 2235 929 2288 mundi
974 2235 1173 2291 limites
1213 2235 1426 2291 clausit.
1479 2235 1573 2291 Vel
1624 2245 1774 2292 certe

171 2321 401 2375 termini
434 2330 590 2377 terrm
618 2332 746 2378 sunt
799 2325 934 2379 ﬁnes
977 2326 1255 2380 hominum
1314 2336 1683 2397 peccatorum,
1719 2336 1774 2383 et

168 2428 326 2483 sche
352 2415 639 2485 contingit,
665 2425 723 2470 ut
752 2415 994 2487 plerique
1019 2419 1185 2472 Deum
1236 2418 1518 2485 deserant,
1546 2428 1601 2473 et
1649 2419 1774 2474 vitae

169 2521 294 2561 suae
334 2515 575 2577 tempora
606 2508 659 2562 in
684 2509 969 2565 desideriis
992 2509 1296 2565 carnalibus
1319 2513 1644 2579 expendant.
1665 2510 1773 2565 Sed

168 2605 366 2653 tamen
398 2613 518 2653 cum
555 2612 788 2667 superna
820 2601 996 2671 gratia
1026 2600 1267 2670 respicit,
1298 2601 1351 2655 in
1379 2603 1637 2657 extremis
1662 2602 1775 2656 suis

168 2690 243 2745 ad
291 2691 458 2746 Deum
503 2694 751 2759 redeunt,
780 2709 900 2764 qua:
929 2695 1038 2749 sint
1070 2693 1274 2763 judicia
1321 2710 1523 2750 mterna
1576 2710 1775 2766 cogno-

170 2792 366 2849 scunt,
398 2797 591 2840 cuncta
634 2801 754 2857 quae
791 2800 851 2841 se
879 2801 1135 2857 perverse
1182 2786 1357 2858 egisse
1410 2787 1775 2844 meminerunt

167 2874 400 2930 ﬂetibus
423 2878 672 2946 puniunt,
703 2884 866 2947 atque
914 2879 1030 2932 haec
1072 2893 1201 2933 vere
1246 2893 1305 2933 se
1352 2878 1561 2950 insequi
1611 2881 1774 2936 rectis

167 2966 438 3036 Operibus
466 2968 780 3034 ostendunt,
812 2967 1007 3038 quibus
1033 2969 1397 3039 subsequente
1412 2970 1621 3039 justitia
1649 2986 1776 3039 pro-

171 3057 329 3114 lecto
358 3067 528 3114 totum
564 3060 875 3126 dimittitur,
905 3061 1047 3131 quod
1074 3070 1200 3115 ante
1238 3060 1600 3130 deliquerunt.
1638 3060 1774 3117 Hinc

172 3150 349 3204 etiam
377 3165 475 3220 per
498 3151 794 3221 prophetia:
818 3152 1067 3222 Spiritum
1088 3152 1244 3205 Anna
1268 3151 1399 3207 dicit
1425 3170 1437 3206 :
1470 3171 1486 3204 ι
1515 3152 1773 3208 Dominus

163 3241 447 3313 iudicabit
476 3243 609 3298 ﬁnes
641 3252 798 3299 terra:
836 3243 887 3315 (Ι
920 3242 1051 3315 Reg.
1078 3260 1140 3307 Il,
1171 3242 1281 3315 I0).
1323 3262 1343 3297 ι

254 3335 428 3390 Vsus.
466 3336 519 3389 4.
560 3335 688 3391 Post
711 3353 829 3391 eum
859 3339 1027 3407 rugiet
1059 3338 1281 3392 sonitus.
1311 3369 1383 3378 —
1412 3338 1582 3406 Quem
1629 3340 1776 3395 cnim

173 3425 451 3480 Dominus
479 3425 800 3481 illustrando
844 3427 1151 3496 repleverit,
1203 3428 1320 3498 ejus
1370 3430 1537 3482 vitam
1591 3429 1776 3500 procul

174 3516 354 3570 dubio
385 3516 439 3569 in
471 3515 765 3570 lamentum
797 3516 979 3581 vertit,
1029 3523 1188 3584 atque
1219 3515 1533 3572 illuminatae
1583 3519 1771 3586 menti,

174 3624 293 3679 quo
319 3608 491 3678 magis
519 3617 726 3663 {eterna
754 3607 1014 3678 supplicia
1044 3607 1301 3674 insinuat,
1328 3625 1393 3665 eo
1426 3611 1565 3665 hanc
1588 3611 1776 3668 durius

175 3702 249 3757 de
279 3708 551 3755 transacta
580 3700 820 3769 nequitia
868 3699 1159 3771 gemitibus
1203 3698 1414 3769 fatigat.
1466 3700 1722 3771 Sequitur
1761 3720 1772 3755 :

178 3790 414 3845 Tonabit
434 3807 554 3846 voce
588 3791 965 3861 magnitudinis
992 3808 1122 3845 θυαε.
1143 3821 1215 3831 ——
1233 3792 1377 3847 Voce
1403 3793 1546 3846 enim
1572 3792 1776 3861 magni-

178 3884 394 3937 tudinis
422 3883 564 3937 Deus
614 3891 784 3948 tonat,
831 3899 953 3938 cum
1014 3898 1072 3938 se
1125 3883 1281 3940 nobis
1334 3884 1469 3939 bene
1527 3882 1639 3953 jam
1683 3900 1779 3954 per

176 3973 428 4027 lamenta
457 3973 797 4043 prmparatis,
834 3988 996 4043 quam
1050 3973 1123 4029 sit
1162 3988 1389 4043 magnus
1434 3974 1487 4027 in
1531 3975 1779 4043 supernis

177 4066 449 4121 insinuat.
478 4065 643 4131 Quasi
671 4065 814 4119 enim
864 4066 930 4120 de
974 4065 1112 4120 coelo
1172 4065 1443 4119 touitruus
1493 4065 1774 4134 procedit,

178 4174 313 4214 cum
350 4171 451 4212 nos
483 4156 695 4210 incuria
721 4156 1153 4227 negligentiaque
1182 4163 1458 4224 torpentes
1502 4168 1780 4225 respectus

176 4251 379 4323 gratia:
407 4262 606 4319 pavere
638 4247 817 4302 subito
839 4248 1095 4316 percutit,
1128 4255 1287 4316 atque
1334 4247 1386 4300 in
1430 4254 1570 4301 terra
1618 4246 1778 4317 positi

176 4358 383 4400 sonum
411 4343 476 4397 de
508 4339 882 4412 superioribus
904 4339 1174 4393 audimus.
1213 4337 1350 4404 Quia
1383 4346 1598 4391 terrena
1634 4338 1780 4408 cogi-

1800 3104 1847 3166 C

1877 516 2062 563 nostra
2123 507 2743 577 incomprehensibiliter
2801 517 3071 579 penetrat,
3143 527 3262 582 quae
3330 514 3458 569 dum

1878 598 2168 654 latentibus
2210 599 2445 654 motibus
2493 600 2689 668 premit
2749 601 2803 655 in
2851 602 3044 659 timore
3108 615 3311 675 quanto
3367 623 3459 663 ar-

1878 692 2007 746 dore
2061 689 2368 760 sequendus
2413 690 2504 754 sit,
2548 689 2728 760 aliquo
2765 692 2925 747 modo
2966 694 3190 750 silenter
3236 696 3457 753 clamat.

1879 779 2175 851 Sequitur:
2210 782 2315 847 Qui
2355 781 2481 850 facit
2526 797 2717 852 magna
2757 790 2806 836 et
2846 784 3228 841 inscrutabilia.
3273 818 3343 827 —
3390 783 3463 845 Ut

1876 873 2019 925 enim
2053 872 2213 925 homo
2250 871 2482 925 terrenis
2511 871 2698 926 usibus
2721 870 2953 939 deditus,
2999 874 3199 945 iniquis
3245 876 3461 932 deside-

1876 961 1973 1016 riis
2000 976 2238 1030 pressus,
2261 961 2439 1016 subito
2463 963 2529 1016 ad
2557 977 2695 1016 nova
2730 961 2986 1018 eﬁ'erveat
3032 972 3196 1035 atque
3233 967 3299 1021 ad
3330 982 3460 1022 con-

1875 1063 2029 1109 sueta
2057 1053 2333 1124 frigescat,
2364 1054 2724 1109 exterioribus
2763 1055 2910 1111 curis
2933 1057 3272 1122 renuntians,
3295 1057 3463 1114 inter-

1875 1145 1962 1200 nis
1983 1143 2527 1214 contemplationibus
2550 1144 2789 1200 anhelat.
2837 1144 2969 1213 Quis
3016 1146 3156 1203 hanc
3205 1146 3459 1202 virtutem

1878 1250 2125 1305 supernae
2168 1235 2317 1291 vocis
2357 1235 2707 1291 considerare
2743 1234 3008 1302 sudiciat,
3050 1237 3174 1308 quis
3220 1238 3463 1297 conside-

1878 1328 2048 1384 rando
2101 1328 2560 1397 comprehendat?
2609 1327 2802 1400 Magna
2850 1337 2981 1384 sunt
3004 1344 3124 1400 quae
3152 1344 3252 1401 per
3273 1344 3465 1387 vocem

1877 1436 2031 1477 suam
2062 1421 2323 1476 Dominus
2351 1420 2501 1486 facit,
2544 1421 2639 1476 sed
2688 1421 2870 1477 minus
2914 1437 3109 1493 magna
3160 1432 3365 1491 essent,
3417 1423 3465 1480 si

1875 1512 2205 1583 perscrutari
2230 1512 2551 1582 potuissent.
2586 1512 2844 1581 Sequitur
2876 1531 2890 1566 :

1946 1601 2112 1656 Vsus.
2136 1601 2189 1655 6.
2210 1600 2315 1667 Qui
2335 1602 2569 1671 praecipit
2596 1602 2700 1656 niui
2722 1613 2776 1655 ut
2793 1602 3071 1657 descendat
3093 1605 3149 1659 in
3172 1614 3463 1658 terram.—

1877 1689 2014 1758 Quia
2056 1690 2342 1746 Psalmista
2389 1690 2501 1744 ait:
2539 1708 2558 1741 ι
2593 1690 2818 1746 Lavabis
2843 1707 2928 1747 me
2972 1700 3029 1749 et
3071 1708 3233 1763 super
3283 1694 3463 1749 nivem

1800 1767 1850 1828 B
1877 1778 2168 1836 dealbabor
2194 1779 2368 1850 (Psat.
2400 1796 2432 1834 ι.
2459 1820 2474 1845 ,
2494 1779 2569 1848 9).
2610 1798 2630 1830 ι
2666 1779 2803 1847 Quid
2827 1781 2931 1837 hoc
2962 1781 3083 1838 loco
3130 1798 3226 1853 per
3256 1783 3460 1849 nivem,

1873 1870 1978 1925 nisi
2002 1884 2098 1940 per
2118 1870 2293 1926 lucem
2313 1868 2538 1938 justitia;
2564 1873 2791 1928 candida
2822 1873 3121 1944 accipimus
3146 1876 3311 1931 corda
3335 1890 3464 1931 san-

1873 1968 2086 2015 ctorum
2105 1961 2129 2014 ἲ
2148 1962 2320 2031 Aquae
2359 1971 2542 2016 autem
2582 1961 2758 2017 ductae
2786 1962 2839 2016 in
2874 1963 3240 2033 superioribus
3262 1964 3465 2021 consti-

1873 2062 2093 2123 pantur,
2116 2062 2177 2109 ut
2197 2054 2349 2108 nives
2373 2053 2534 2120 ﬁant;
2567 2054 2663 2109 sed
2690 2069 2813 2110 cum
2840 2055 2968 2125 ipsae
2994 2057 3148 2112 nives
3173 2058 3240 2112 ad
3264 2064 3464 2113 terram

1872 2147 2118 2213 veniunt,
2179 2147 2236 2202 in
2284 2163 2548 2217 aquarum
2600 2149 2794 2204 iterum
2849 2150 3110 2221 liquorem
3158 2162 3458 2209 vertuntur.

1872 2238 2040 2310 Aqua:
2065 2240 2229 2311 igitur
2255 2249 2382 2295 sunt
2410 2241 2824 2309 praedicatorum
2870 2254 3078 2300 mentes
3102 2285 3117 2310 ,
3148 2260 3291 2315 quae,
3334 2247 3463 2301 dum

1874 2332 1940 2388 ad
1964 2333 2373 2402 contemplanda
2397 2347 2625 2402 superna
2650 2347 2709 2389 se
2730 2334 2967 2404 erigunt,
2990 2336 3164 2390 altiori
3187 2338 3462 2394 intellectu

1874 2424 2177 2480 solidantur
2203 2463 2220 2490 ,
2268 2440 2500 2493 cumque
2546 2426 2598 2480 in
2635 2440 2849 2480 summa
2906 2427 3338 2483 consideratione
3374 2444 3464 2484 ra-

1874 2512 2114 2581 piuntur,
2137 2513 2391 2568 virtutem
2416 2512 2845 2569 conﬁrmationis
2881 2516 3170 2585 accipiunt.
3202 2516 3309 2572 Sed
3336 2519 3464 2587 quia

1875 2602 2050 2657 adhuc
2070 2602 2123 2656 in
2154 2602 2310 2657 terris
2333 2600 2573 2657 fraterna
2600 2602 2888 2658 dilectione
2913 2605 3233 2671 retinentur,
3258 2616 3461 2662 semet-

1875 2694 2021 2764 ipsas
2048 2695 2116 2750 ab
2146 2694 2254 2750 alto
2278 2695 2550 2749 intellectu
2582 2695 2915 2762 modiﬁcant,
2949 2706 3004 2751 et
3028 2696 3260 2753 inﬁrmis
3291 2698 3466 2754 humi-

1875 2786 1997 2840 liter
2017 2786 2393 2857 praedicantes,
2419 2801 2568 2841 more
2589 2786 2789 2841 nivium
2813 2790 2975 2843 corda
2997 2790 3266 2844 arentium
3288 2789 3463 2862 lique-

1877 2877 2018 2933 facta
2067 2878 2299 2949 erigunt.
2354 2876 2515 2933 Nives
2543 2892 2672 2949 ergo
2703 2878 2770 2932 ad
2805 2884 3004 2932 terram
3053 2880 3120 2933 de
3157 2878 3467 2936 coelestibus

1874 2969 2116 3035 veniunt,
2148 2984 2270 3023 cum
2305 2968 2553 3024 sublimia
2590 2969 2754 3023 corda
2805 2977 3116 3022 sanctorum
3145 3011 3160 3034 ,
3206 2985 3326 3039 qua:
3352 2969 3465 3042 jam

1877 3058 2046 3114 solida
2077 3059 2529 3128 contemplatione
2560 3066 2875 3129 pascuntur,
2923 3074 3020 3126 pro
3066 3056 3304 3113 fraterna
3332 3059 3465 3114 cha-

1878 3150 2041 3204 ritate
2077 3150 2144 3204 ad
2192 3149 2415 3204 humilia
2462 3147 2862 3218 praedicationis
2904 3147 3069 3203 verba
3111 3149 3466 3204 descendunt.

1877 3238 2027 3296 Sicut
2045 3240 2185 3295 enim
2214 3239 2321 3302 nix,
2340 3238 2646 3307 cumjacet,
2670 3239 2875 3308 operit,
2900 3254 3020 3294 cum
3051 3254 3178 3293 vero
3204 3239 3465 3310 liquatur,

1875 3335 2036 3404 rigat,
2075 3334 2146 3388 ita
2176 3342 2492 3389 sanctorum
2522 3332 2692 3387 virtus
2715 3340 2769 3386 et
2799 3348 2894 3402 per
2920 3331 3290 3388 inﬁrmitatem
3313 3347 3467 3388 suam

1875 3428 2017 3498 apud
2062 3428 2229 3482 Deum
2258 3427 2422 3480 vitam
2448 3424 2750 3495 peccatoris
2773 3424 3041 3496 protegit,
3067 3433 3121 3478 et
3149 3439 3246 3494 per
3274 3424 3471 3480 conde-

1879 3517 2220 3572 scensionem
2252 3530 2402 3571 suam
2449 3514 2605 3584 quasi
2656 3513 2942 3583 liquefacta
2970 3523 3213 3568 arentem
3246 3524 3467 3579 terram,

1877 3615 1939 3661 ut
1965 3604 2173 3660 fructus
2218 3602 2377 3668 ferat,
2418 3601 2670 3657 infundit.
2712 3601 2968 3672 Sequitur
3001 3621 3015 3658 :
3051 3602 3120 3656 Et
3151 3604 3317 3658 hiems
3344 3603 3465 3673 plu-

1876 3701 1991 3754 viis.
2020 3729 2088 3738 —
2107 3698 2289 3752 lliems
2313 3696 2606 3765 estquippe
2633 3695 2737 3748 vita
2759 3709 3014 3764 praesens,
3036 3695 3210 3764 inqua
3238 3711 3336 3749 nos
3363 3695 3469 3750 etsi

1871 3789 1982 3861 jam
2018 3803 2142 3857 spes
2193 3787 2260 3841 ad
2295 3800 2525 3855 superna
2564 3784 2762 3856 erigit,
2792 3784 2969 3839 adhuc
3002 3793 3181 3839 tamen
3228 3785 3469 3840 mortali-

1877 3878 2006 3933 tatis
2037 3887 2233 3932 nostrze
2262 3876 2488 3946 frigidus
2520 3886 2703 3944 torpor
2726 3875 2997 3945 astringit,
3029 3878 3154 3945 quia
3200 3876 3466 3943 scriptum

1877 3977 1962 4024 est
1992 3988 2004 4022 :
2039 3987 2056 4019 ι
2084 3969 2291 4037 Corpus
2318 3966 2462 4037 quod
2490 3966 2860 4036 corrumpitur
2903 3976 3160 4037 aggravat
3208 3970 3463 4036 animam,

1877 4070 1931 4117 et
1970 4059 2225 4130 deprimit
2259 4067 2471 4112 terrena
2518 4056 2838 4111 inhabitatio
2864 4071 3083 4111 sensum
3126 4055 3291 4112 multa
3324 4058 3469 4129 cogi-

1879 4159 2081 4207 tautem
2125 4148 2277 4220 (Sap.
2318 4162 2370 4202 ιχ
2397 4189 2412 4213 ,
2443 4146 2556 4219 15).
2599 4166 2618 4199 ι
2675 4145 2851 4201 Habet
2896 4155 3076 4201 autem
3134 4147 3247 4203 haec
3294 4148 3471 4205 hiems

1878 4242 2109 4312 pluvias,
2159 4249 2432 4295 rectorum
2486 4238 2673 4307 procul
2725 4238 2887 4293 dubio
2934 4240 3364 4309 praedicationes.
3393 4242 3471 4298 De

1878 4336 2072 4404 quibus
2104 4332 2350 4387 videlicet
2387 4331 2580 4401 pluviis
2603 4370 2617 4395 ,
2652 4345 2749 4399 per
2774 4329 2993 4401 Moysen
3031 4332 3272 4387 dicitur:
3310 4352 3327 4385 ι
3366 4333 3470 4388 Ex-

178 4442 369 4489 tantes
413 4431 635 4501 superni
684 4428 912 4483 terroris
952 4442 1145 4482 sonum
1188 4437 1409 4497 repente
1441 4427 1778 4495 pertimesci-
1806 4454 1854 4514 η
1880 4435 2152 4496 specletur
2195 4424 2335 4478 sicut
2367 4423 2546 4493 pluvia
2577 4421 2849 4492 eloquium
2887 4439 3066 4478 meum
3091 4465 3104 4487 ,
3142 4434 3195 4479 et
3243 4425 3467 4479 descen-

180 4539 331 4580 mus.
364 4522 620 4594 Sequitur
651 4538 664 4573 :
710 4517 779 4575 Et
802 4535 903 4572 non
931 4518 1223 4572 vastabitur
1262 4533 1379 4571 cum
1409 4518 1593 4571 audita
1616 4517 1775 4587 fuerit

176 4635 290 4674 vos:
319 4618 453 4690 ejus.
485 4648 557 4657 —
590 4614 709 4671 Vox
745 4614 959 4670 Domini
988 4612 1222 4677 auditur,
1263 4622 1384 4667 cum
1424 4612 1611 4684 gratia:
1661 4610 1777 4679 ejus

178 4711 455 4783 aSpiratio
479 4719 659 4764 mente
688 4706 1039 4778 conspicitur,
1080 4719 1204 4761 cum
1256 4702 1647 4759 insensibilitas
1682 4717 1775 4757 oc-

178 4803 349 4858 culta:
379 4800 658 4855 sorditatis
689 4798 979 4867 rumpitur,
1006 4801 1061 4849 et
1093 4809 1187 4850 cor
1221 4795 1286 4849 ad
1313 4792 1549 4849 studium
1581 4790 1777 4847 summi

176 4894 391 4951 amoris
421 4893 738 4952 excitatura,
765 4887 983 4942 virtutis
1020 4886 1223 4940 intima:
1251 4884 1486 4939 clamore
1522 4891 1777 4954 penetra-

179 4999 295 5043 tur.
331 4984 440 5040 Sed
468 4984 628 5039 istam
656 4994 848 5035 vocem
871 4978 1308 5049 supervenientis
1331 4978 1572 5048 spiritus,
1601 4977 1690 5047 qui
1718 4992 1777 5031 se

175 5081 233 5137 in
278 5093 412 5134 aure
458 5075 639 5132 cordis
688 5072 956 5134 insinuat,
989 5085 1089 5125 nec
1137 5071 1254 5140 ipsa
1308 5085 1462 5124 mens
1507 5082 1628 5139 quae
1681 5082 1779 5137 per

178 5175 331 5231 hanc
361 5170 628 5226 illustrala
664 5167 862 5231 fuerat,
890 5165 1197 5237 investigat.
1229 5161 1466 5218 Pensare
1490 5165 1632 5218 enim
1669 5177 1775 5216 non

180 5266 327 5320 valet
358 5261 643 5317 invisibilis
671 5257 865 5320 virtus,
893 5258 1089 5325 quibus
1131 5254 1233 5311 sibi
1265 5250 1775 5316 meatibus‘inlluat,

218 5356 383 5378 --ει--.ρ
414 5367 437 5378 Α
463 5368 514 5378 ..Α
542 5349 728 5378 ..ηηιιῖο
756 5347 929 5378 νιηιῖιιο
973 5347 1166 5378 ηηῖῑηισ
1201 5347 1413 5378 unnAJnl
1468 5344 1619 5378 'Tnt‘n
1640 5343 1777 5378 hanc

1880 4518 2008 4572 dant
2043 4517 2182 4571 sicut
2213 4530 2301 4571 ros
2329 4515 2493 4570 verba
2522 4529 2641 4569 mea
2675 4514 2849 4586 (Deut.
2885 4532 3035 4571 xxsn
3059 4557 3072 4580 ,
3098 4516 3175 4587 2).
3209 4537 3228 4568 ι
3260 4516 3350 4572 Ea:
3381 4517 3468 4571 ni-

1876 4609 2074 4664 inirum
2123 4608 2315 4678 pluvia:
2349 4607 2513 4662 hiemi
2553 4615 2875 4677 congruunt,
2922 4615 3110 4663 testate
3158 4609 3470 4675 cessabunt,

1880 4702 2004 4769 quia
2044 4716 2186 4755 nunc
2214 4716 2337 4755 eum
2378 4700 2681 4754 carnalium
2723 4699 2896 4755 oculis
2925 4702 3033 4754 vita
3067 4699 3303 4754 caelestis
3346 4701 3470 4754 abs-

1883 4798 2153 4861 conditur,
2182 4810 2404 4851 necesse
2431 4804 2513 4850 est
2541 4803 2599 4848 ut
2645 4802 2955 4848 sanctorum
3004 4794 3158 4848 nobis
3206 4791 3469 4860 praedica-

1883 4887 2121 4943 tionibus
2165 4886 2449 4941 irroretur.
2492 4884 2623 4939 Cum
2668 4897 2801 4938 vero
2849 4884 3039 4939 aeterni
3080 4881 3266 4954 judicii
3306 4891 3474 4938 cestus

1884 4976 2271 5038 incattdaverit,
2321 4974 2499 5030 nullus
2527 4974 2690 5029 verba
2731 4974 3134 5042 praedicandum
3166 4972 3476 5026 necessaria

1885 5073 2014 5124 tunc
2065 5058 2283 5121 habebit
2309 5105 2323 5127 ,
2366 5064 2496 5133 quia
2532 5062 2781 5118 veniente
2818 5063 3003 5133 judice
3033 5102 3048 5127 ,
3075 5061 3141 5114 ad
3179 5070 3274 5111 cor
3313 5072 3482 5115 suum

1883 5160 2115 5230 quisque
2154 5155 2435 5212 reducitur
2459 5199 2474 5221 ,
2514 5165 2573 5210 ut
2611 5164 2796 5209 sancta
2840 5152 2957 5221 jam
3009 5166 3129 5208 cum
3159 5161 3316 5216 agere
3365 5142 3487 5206 non

1880 5250 2047 5315 valet,
2076 5248 2289 5303 sentiat.
2314 5245 2614 5316 Sequitur:
2643 5242 2711 5296 Et
2740 5244 2895 5296 imbri
2924 5236 3247 5314 fortitudinis
3268 5252 3492 5290 suae.—

1884 5339 2061 5378 lnthr-
2096 5341 2292 5378 nninnn
2330 5335 2664 5378 Γηνιῖιιιιῐῖηἷς
2697 5335 2788 5378 nni
2819 5344 2904 5378 ρςι
2945 5327 3257 5378 nrmdicalio
3284 5326 3492 5378 divini.
