3934 5400
152 421 257 480 ‘25

784 418 1084 476 EPITOME
1125 415 1491 475 MORALIUM
1532 414 1588 468 S.
1630 413 1836 470 GREG.
1875 413 1940 468 IN
1978 415 2096 471 JOB
2153 444 2222 457 —
2260 413 2385 470 LIB.
2426 411 2635 470 XXVII.

3317 414 3420 470 426

149 537 413 608 quosdam
439 548 685 591 resecare
707 549 897 605 aspere
917 542 1198 604 appetunt,
1223 533 1317 588 sed
1344 542 1522 587 tamen
1549 544 1738 585 eorum
1769 532 1816 590 Α
1845 531 2155 595 ostendunt,
2189 545 2311 585 cum
2356 545 2516 588 nemo
2561 528 2967 600 comprehendit
3020 530 3236 600 quando
3281 529 3426 588 Deus

150 629 308 698 vigor
335 641 434 698 per
462 625 889 680 mansuetudinis
916 625 1164 694 spiritum
1210 621 1535 678 refrenatur.
1584 620 1738 675 Sicut

150 731 286 786 ergo
310 701 414 771 non
444 723 670 786 possunt
696 714 775 768 ire
794 729 904 783 quo
932 713 1139 780 volunt,
1166 712 1240 766 ita
1267 711 1432 766 etiam
1465 716 1738 780 nequeunt

149 822 318 879 agere
354 806 494 860 sicut
524 804 727 859 volunt.
762 803 1020 875 Sequitur
1049 823 1063 859 :

225 896 394 951 Vsus.
429 897 515 952 15.
547 893 664 950 Sive
683 895 738 949 in
765 913 871 949 una
900 896 1061 961 tribu,
1093 897 1198 950 sive
1227 897 1282 949 in
1311 904 1451 948 terra
1489 910 1620 957 sua,
1644 908 1736 945 seu

148 992 209 1045 in
234 1004 546 1060 quocunque
575 989 686 1044 loco
711 989 1082 1046 misericordia:
1106 1006 1216 1044 sua:
1249 1006 1337 1044 eas
1349 989 1568 1059 jusserit
1599 989 1739 1042 inve-

149 1083 280 1136 niri.
309 1113 382 1122 —
406 1081 588 1137 Nubes
613 1083 829 1151 quidem
879 1097 1005 1137 suas
1045 1082 1305 1138 Dominus
1338 1081 1508 1146 ducit,
1535 1081 1640 1134 sive
1683 1081 1741 1134 in

149 1190 263 1226 una
290 1173 577 1236 tribu,sive
602 1173 655 1226 in
683 1182 824 1226 terra
851 1189 966 1235 sua,
1018 1189 1108 1226 seu
1165 1173 1220 1226 in
1263 1187 1574 1242 quocunque
1627 1168 1740 1224 loco

148 1265 531 1318 misericordia:
559 1281 670 1319 sua:
695 1281 784 1318 eas
811 1265 1030 1334 jusserit
1064 1265 1447 1334 inveniri,quia
1483 1262 1742 1332 praedica-

149 1365 310 1411 tores
358 1356 570 1411 Veteris
627 1355 869 1426 Nuvique
911 1356 1261 1415 Testamenti.
1310 1356 1599 1426 aliquando
1641 1354 1739 1409 soli

149 1447 322 1500 tribui
350 1445 502 1501 Juda:
535 1447 785 1512 contulit,
821 1456 874 1502 et
907 1447 1074 1502 Israel
1106 1461 1243 1516 pene
1274 1455 1445 1501 totum
1476 1461 1540 1500 ex
1575 1459 1741 1515 prava

147 1550 345 1604 regum
368 1536 759 1606 gubernatione
787 1536 1427 1606 reprobavitAliquando
1448 1545 1504 1591 et
1529 1537 1582 1590 in
1605 1546 1743 1590 terra

147 1645 254 1681 sua
289 1629 386 1681 has
413 1628 600 1698 pluere
624 1627 793 1682 nubes
821 1627 970 1694 facit,
1000 1629 1124 1698 quia
1153 1629 1400 1683 eumdem
1436 1627 1600 1682 Israel
1635 1626 1744 1681 ele-

147 1730 305 1772 ctum
336 1723 403 1775 ad
427 1721 706 1790 antiquam
737 1721 964 1791 gratiam
996 1729 1117 1788 post
1145 1719 1544 1788 corruptionem
1575 1717 1745 1787 capti-

147 1809 490 1881 vitatemque
519 1811 810 1865 revocavit.
837 1809 1148 1879 Aliquando
1177 1809 1291 1863 loco
1316 1824 1425 1863 sua:
1453 1808 1744 1862 misericor-

1844 620 2098 674 virtutem
2144 619 2545 688 praedicationis
2596 621 2853 689 praebeat,
2897 627 2954 674 ut
3010 621 3423 690 prmdicantium

1839 710 2007 783 gloria
2031 711 2313 767 clarescat.
2339 711 2417 767 Ac
2451 712 2495 766 si
2518 726 2648 782 ergo
2675 721 2860 782 aperte
2887 713 3028 769 dicat
3052 730 3065 768 :
3095 712 3343 784 Nunquid
3377 716 3422 770 si

1834 813 2097 858 venturos
2135 802 2187 857 in
2234 802 2493 856 mundum
2533 804 2914 872 praedicatores
2955 802 3066 874 jam
3109 803 3380 874 conspicis
3407 845 3424 872 ,

1840 894 2056 963 quando
2122 909 2217 949 eos
2295 893 2363 948 ad
2438 894 2836 962 praedicandum
2912 893 3170 949 Dominus
3243 895 3422 964 reple-

1841 987 1987 1040 tione
2010 984 2243 1054 Spiritus
2294 984 2549 1054 impellat,
2585 985 2848 1054 quibusve
2877 984 3052 1039 modis
3078 999 3264 1038 eorum
3295 986 3420 1040 vita:

1842 1077 2143 1131 claritatem
2211 1075 2413 1131 mundo
2470 1076 2812 1143 innotescat,
2869 1075 3267 1146 apprehendit?
3323 1074 3422 1131 Se-

1843 1169 2030 1239 quitur
2061 1186 2074 1222 :

1920 1258 2182 1314 Vans.I6.
2212 1257 2466 1330 Nunquid
2481 1259 2616 1313 nosti
2641 1259 2850 1314 semitas
2871 1257 3085 1311 nubium
3111 1273 3351 1328 magnas,
3379 1267 3428 1311 et

1843 1351 2096 1421 perfectas
2113 1352 2357 1405 scientias
2378 1350 2532 1420 ejus?
2551 1349 2841 1406 —I-Iabent
2860 1351 2977 1406 ista:
3003 1350 3171 1406 nubes
3205 1350 3428 1405 semitas

1845 1441 2264 1506 subtilissimas,
2323 1440 2530 1496 scilicet
2586 1451 2788 1496 sancta:
2838 1441 3238 1512 praedicationis
3284 1441 3422 1497 vias.

1851 1548 1870 1582 ι
1905 1530 2146 1601 Angusta
2183 1549 2200 1582 ι
2236 1529 2434 1600 quippe
2469 1549 2486 1582 ‹
2520 1539 2674 1601 porta
2709 1539 2812 1595 est,
2861 1546 2982 1600 quae
3033 1530 3182 1585 ducit
3232 1530 3300 1586 ad
3345 1529 3429 1585 vi-

1847 1623 1956 1670 tam
2006 1615 2221 1688 (Matth.
2253 1631 2352 1681 vn,
2379 1616 2488 1686 M).
2527 1637 2546 1670 ι
2599 1617 2728 1684 Quae
2780 1617 2989 1673 semita:
3028 1633 3236 1689 magna:
3279 1627 3430 1686 sunt,

1847 1706 1970 1776 quia
1993 1717 2194 1776 quanto
2216 1707 2268 1762 in
2297 1707 2548 1778 prtescnti
2565 1709 2671 1763 vita
2694 1723 2792 1776 pro
2811 1708 2923 1778 ipsa
2947 1707 3158 1763 vivendi
3182 1707 3425 1763 custodia

1847 1807 2090 1869 angusta:
2112 1807 2270 1863 sunt,
2301 1805 2451 1854 tanto
2477 1799 2709 1868 amplius
2737 1799 2789 1852 in
2821 1807 3024 1854 mtcrna
3074 1799 3429 1855 retributione

148 1899 263 1952 ιιῇω
309 1877 416 1955 θεε-
446 1901 748 1956 clarescere
798 1877 994 1964 voluit,
1041 1901 1166 1970 quia
1217 1915 1312 1968 per
1360 1899 1744 1969 pmdimlores
1774 1877 1820 1936 Β
1849 1890 2162 1944 dilatantur.
2189 1889 2433 1945 Perfecta
2465 1890 2662 1961 quippe
2691 1890 2915 1945 scientia
2938 1899 3023 1945 est
3045 1890 3186 1944 scire
3225 1890 3428 1955 omnia,

148 2003 383 2048 sanctos
405 1994 572 2049 etiam
613 1993 866 2064 gentibus
900 1992 1158 2047 virtutum
1200 1990 1457 2046 miracula
1487 1991 1743 2058 ostendit,

150 2093 221 2136 ut
245 2084 358 2139 sola
385 2084 760 2139 misericordia
781 2083 850 2138 ab
870 2084 1002 2154 jugo
1033 2084 1238 2138 erroris
1265 2081 1569 2137 absolveret
1610 2097 1746 2151 quos

151 2173 364 2243 ingenti
394 2174 636 2243 perfidia:
670 2175 749 2228 ira
779 2175 1134 2242 deprimebat.
1173 2172 1285 2228 Una
1331 2173 1528 2242 quippe
1577 2173 1750 2228 tribus

150 2262 406 2332 profecto
433 2263 585 2318 ludar.
613 2262 947 2334 iutelligiiur.
989 2263 1159 2318 Terra
1206 2273 1387 2318 autem
1442 2262 1537 2317 Dei
1587 2262 1748 2317 simul

151 2354 342 2408 omnis
362 2351 544 2409 Judma
598 2355 924 2419 nominatur,
981 2355 1131 2410 locus
1184 2369 1318 2408 vero
1365 2353 1750 2409 misericordiae

152 2444 257 2500 Dei
291 2453 374 2499 est
401 2445 693 2515 gentilitas,
727 2445 794 2500 de
826 2460 931 2514 qua
959 2446 1090 2501 dicit
1120 2444 1409 2516 Apostolus
1437 2461 1451 2498 :
1493 2463 1510 2495 ι
1547 2443 1748 2500 Gentes

155 2544 345 2591 autem
368 2550 532 2606 super
558 2537 931 2593 misericordia
956 2537 1224 2592 honorare
1255 2536 1422 2593 Deum
1451 2536 1624 2608 (Rom.
1655 2552 1749 2607 xv,

156 2626 253 2697 9).
300 2645 319 2677 ι
353 2628 612 2698 Sequitur
636 2645 648 2657 '

235 2715 401 2771 Vens.
420 2717 507 2771 14.
533 2716 785 2773 Ausculta
808 2717 942 2784 lucc,
964 2718 1086 2782 Job,
1115 2729 1196 2772 sta
1220 2726 1266 2772 et
1290 2718 1560 2772 considera
1587 2720 1751 2772 mira—

158 2805 286 2860 cula
325 2805 723 2874 Dei.—Quasi
782 2806 836 2861 in
883 2809 1290 2875 comparatione
1339 2807 1420 2861 sui
1475 2806 1748 2876 jacentem

157 2898 320 2962 vidit,
353 2913 513 2967 quem
553 2899 620 2952 ad
654 2899 816 2953 verba
854 2907 1016 2953 tanta:
1042 2897 1441 2968 praedicationis
1471 2905 1530 2952 ut
1556 2907 1747 2964 staret,

158 2991 468 3055 admonuit,
495 2990 589 3046 sed
616 2989 742 3045 licet
761 2990 879 3044 EIiu
908 2989 1047 3044 bona
1084 3005 1202 3060 quae
1231 2989 1363 3044 dicit
1391 2991 1597 3045 nesciat
1618 2973 1750 3060 pen-

161 3096 290 3135 sare
313 3082 402 3136 cui
437 3081 590 3146 dicit,
624 3096 721 3136 nos
758 3091 936 3136 tamen
978 3081 1232 3152 indagare
1276 3081 1440 3135 verba
1489 3081 1750 3136 doctrina:

159 3169 282 3239 ejus
305 3171 576 3226 subtiliter
597 3171 870 3226 debemus.
899 3170 1054 3225 Stare
1075 3171 1270 3240 quippe
1291 3178 1373 3224 est
1393 3178 1539 3224 recta
1566 3183 1746 3240 agere.

165 3260 327 3316 Unde
350 3275 449 3332 per
471 3260 695 3316 Paulum
726 3261 924 3317 dicitur
951 3279 964 3314 :
1001 3279 1019 3312 ι
1057 3261 1158 3328 Qui
1190 3275 1248 3316 se
1273 3261 1548 3316 existimat
1575 3269 1746 3327 stare,

158 3352 351 3408 Videat
376 3366 444 3407 ne
467 3351 626 3407 cadat
654 3351 706 3423 (Ι
741 3351 865 3407 Cor.
900 3369 957 3418 x,
989 3352 1098 3425 12).
1131 3371 1150 3404 ι
1184 3351 1436 3407 Jaceutes
1478 3365 1608 3422 ergo
1653 3352 1747 3406 Dei

160 3441 430 3498 miracula
479 3443 852 3508 considerant,
879 3443 971 3513 qui
1020 3442 1137 3511 ejus
1178 3442 1472 3512 potentiam
1532 3441 1750 3498 sciendo

159 3543 422 3604 pensant,
446 3533 544 3588 sed
574 3534 804 3589 vivendo
831 3549 936 3588 non
961 3543 1163 3588 amant.
1193 3531 1294 3587 Per
1335 3531 1747 3601 contemplatio-

163 3639 298 3679 nem
319 3625 538 3694 quidem
576 3623 630 3680 in
655 3625 1087 3680 consideratione
1134 3623 1320 3679 oculos
1369 3623 1626 3688 tendunt,
1658 3621 1753 3678 sed

169 3729 353 3774 tamen
385 3735 482 3789 per
523 3718 875 3774 intentionem
916 3733 1036 3774 sese
1082 3732 1114 3773 a
1166 3726 1316 3772 terra
1364 3730 1470 3770 non
1517 3716 1750 3787 erigunt.

167 3809 328 3865 Unde
356 3811 497 3866 bene
531 3810 586 3865 in
614 3809 776 3866 Balae
815 3809 1054 3864 dicitur:
1111 3827 1130 3861 ι
1169 3807 1270 3875 Qui
1303 3807 1503 3863 cadens
1537 3816 1754 3877 apertos

162 3900 359 3955 oculos
391 3901 557 3956 habet
610 3899 799 3966 (Num.
832 3915 980 3964 xxiv,
1014 3899 1126 3970 16).
1162 3918 1181 3952 t
1240 3898 1357 3953 Elin
1418 3898 1604 3968 itaque
1651 3898 1754 3952 ista

161 3991 384 4058 dicens,
437 4007 776 4064 nequaquam
822 3991 1052 4048 credidit
1108 3993 1326 4048 beatum
1371 3991 1471 4048 Job
1522 3989 1754 4048 vivendo

161 4085 416 4140 tenuisse
444 4086 587 4155 quod
617 4085 768 4140 dixit.
796 4085 1052 4155 Sequitur
1085 4103 1098 4138 :

239 4175 412 4232 Vsus.
449 4177 535 4232 15.
565 4175 820 4248 Nunquid
849 4179 949 4232 scis
972 4176 1184 4247 quando
1207 4177 1451 4247 praecepit
1479 4175 1618 4231 Deus
1639 4176 1758 4247 plu—

161 4268 290 4331 viis,
317 4279 373 4322 ut
401 4269 728 4324 ostenderent
753 4268 919 4323 lucem
941 4267 1157 4322 nubium
1200 4268 1312 4338 ejus
1330 4269 1356 4321 ?
1388 4298 1458 4308 —
1484 4268 1542 4323 Si
1587 4269 1757 4325 nubes

161 4357 349 4411 sancti
380 4357 766 4428 praedicatores
795 4365 938 4420 sunt,
968 4355 1162 4426 pluviae
1191 4357 1412 4411 nubium
1440 4365 1566 4412 sunt
1592 4357 1754 4413 verba

158 4448 646 4518 praedicationum.
689 4446 795 4503 Sed
833 4463 953 4503 cum
993 4452 1162 4506 nubes
1201 4466 1298 4522 per
1343 4465 1469 4506 aera
1502 4458 1756 4507 transvo-

1847 1990 1902 2038 et
1931 1992 2108 2038 tamen
2143 1983 2297 2053 juxta
2324 1983 2610 2052 quemdam
2641 1984 2856 2038 modum
2903 1985 3164 2040 scientem
3211 1999 3268 2039 se
3311 1998 3434 2040 esse

1849 2075 2080 2139 nescire,
2107 2075 2245 2129 bona
2268 2073 2494 2130 sollicite
2531 2090 2714 2145 agere,
2745 2076 2838 2130 sed
2886 2076 2952 2131 de
2994 2075 3108 2131 suis
3166 2077 3306 2132 srire
3358 2077 3434 2132 nil

1847 2181 1985 2221 esse.
2013 2165 2113 2220 Hic
2141 2166 2354 2221 Veritas
2399 2167 2475 2220 ait
2509 2185 2522 2220 :
2558 2186 2576 2218 ‹
2614 2167 2750 2222 Dum
2802 2168 3041 2224 feceritis
3085 2169 3266 2224 omnia
3313 2187 3435 2242 quae

1847 2265 2116 2326 prmeepta
2147 2267 2270 2310 sunt
2299 2257 2471 2322 vobis,
2506 2257 2670 2312 dicite
2721 2277 2734 2314 :
2781 2258 2935 2314 Servi
2985 2260 3204 2316 inutiles
3247 2277 3434 2317 sumus

1849 2345 1999 2418 (Luc.
2030 2362 2162 2411 xvu,
2192 2346 2305 2416 10).
2355 2366 2372 2399 ι
2407 2347 2470 2401 Et
2497 2345 2694 2402 Paulus
2716 2348 2926 2418 inquit:
2962 2367 2980 2400 ι
3018 2349 3118 2416 Qui
3165 2366 3224 2405 se
3248 2351 3435 2421 existi-

1849 2447 1963 2492 mat
1990 2438 2192 2508 aliquid
2223 2438 2387 2504 scire,
2415 2439 2651 2494 nondum
2683 2441 2935 2511 cognovit
2977 2443 3432 2510 quemadmodum

1847 2537 2095 2597 oporteat
2125 2545 2244 2584 eum
2272 2531 2414 2585 scire
2468 2529 2518 2602 (1
2559 2529 2681 2585 Cor.
2717 2532 2939 2604 vm,2).
2992 2552 3011 2584 ι
3072 2533 3150 2588 Ac
3205 2534 3250 2588 si
3304 2549 3435 2607 ergo

1849 2619 2056 2675 diceret
2086 2638 2098 2674 :
2131 2619 2252 2676 Jam
2282 2637 2493 2676 summa
2525 2631 2643 2678 acta
2673 2624 3083 2693 praedicantium
3127 2627 3432 2697 conspicis,

1849 2710 1962 2780 qui,
2011 2721 2292 2780 postquam
2342 2726 2439 2782 per
2493 2713 2781 2768 scientiam
2832 2716 2898 2770 ad
2946 2716 3054 2771 alta
3107 2733 3164 2772 se
3201 2717 3435 2785 elevant,

1848 2803 2100 2857 deorsum
2125 2818 2183 2858 se
2219 2804 2493 2861 humiliter
2517 2821 2614 2876 per
2642 2809 3006 2878 cognitionem
3036 2825 3146 2865 suae
3184 2812 3435 2882 ignoran-

1851 2891 1938 2947 tite
1967 2893 2312 2948 inclinantur.
2352 2895 2610 2966 Sequitur
2639 2917 2651 2952 :

1920 2982 2082 3036 Vens.
2128 2985 2215 3038 17.
2260 2982 2449 3040 Nonne
2479 2989 2775 3043 vestimenta
2802 2999 2892 3043 tua
2920 2990 3093 3045 calida
3146 3002 3286 3056 sunt,
3315 3010 3434 3048 cum

1849 3076 2069 3145 perﬂata
2103 3075 2260 3145 fuerit
2297 3087 2437 3131 terra
2475 3090 2653 3134 austro
2679 3081 2705 3134 Ρ
2744 3111 2814 3120 -
2865 3080 3019 3152 Smpe
3065 3083 3282 3138 beatum
3335 3083 3436 3148 Job

1855 3166 2080 3237 ﬁguram
2115 3175 2314 3222 sancte
2339 3168 2594 3224 Ecclesia:
2625 3179 2809 3226 tenere
2827 3169 2937 3241 jam
2971 3173 3227 3229 diximus.
3255 3173 3405 3229 Vcsti
3432 3210 3440 3218 ι

1851 3266 2031 3312 menta
2071 3272 2198 3313 vero
2235 3258 2488 3315 Ecclesia:
2526 3270 2653 3316 sunt
2708 3278 2898 3318 omnes
2943 3264 3036 3335 qui
3081 3265 3130 3319 ei
3177 3265 3298 3321 fidei
3345 3266 3438 3322 ad-

1853 3349 2106 3408 unatione
2125 3350 2441 3422 junguntur.
2468 3351 2542 3408 De
2585 3353 2782 3424 quibus
2810 3355 3014 3412 eisdem
3057 3357 3313 3414 Ecclesia:
3342 3374 3440 3429 per
3515 3349 3520 3357 ”

1850 3441 2175 3511 Prophetam
2206 3441 2466 3499 Dominus
2490 3443 2657 3500 dicit:
2693 3464 2713 3496 ί
2756 3444 2890 3501 Vivo
2921 3462 3044 3518 ego,
3078 3449 3330 3504 omnibus
3355 3450 3440 3506 his

1852 3530 2000 3586 velut
2025 3542 2344 3587 ornamento
2375 3533 2620 3590 vestieris
2651 3533 2786 3604 (Isa.
2810 3551 2958 3604 χιιι,
2994 3537 3100 3608 18).
3132 3557 3150 3592 t
3193 3538 3296 3596 Per
3337 3555 3437 3595 au-

1852 3632 2023 3686 strum
2079 3639 2233 3689 vero,
2280 3625 2371 3694 qui
2415 3626 2668 3681 nimirum
2713 3628 2918 3683 calidus
2955 3639 3149 3686 ventus
3195 3641 3297 3698 est,
3328 3647 3436 3687 non

1854 3713 2125 3770 immerito
2149 3725 2369 3770 sanctus
2392 3715 2623 3784 Spiritus
2648 3717 2979 3788 designatur,
3024 3735 3133 3790 quo
3181 3721 3434 3792 quisque,

1855 3808 1982 3863 dum
2008 3809 2265 3878 tangitur,
2295 3810 2362 3866 ab
2393 3809 2692 3879 iniquitatis
2727 3827 2838 3868 sua:
2891 3821 3105 3884 torpore
3153 3815 3436 3870 liberatur.

1857 3898 2010 3955 Unde
2031 3899 2166 3954 bene
2195 3900 2246 3955 in
2273 3901 2501 3956 canticis
2523 3899 2865 3959 Canticorum
2897 3905 3095 3961 dicitur
3129 3925 3142 3960 :
3183 3927 3200 3958 ι
3238 3905 3432 3976 Surge,

1857 3991 2058 4064 aquilo,
2073 4004 2128 4048 et
2147 3994 2266 4048 veni
2290 4012 2304 4061 ;
2329 4005 2531 4062 auster,
2550 3993 2717 4066 perﬂa
2739 3997 2953 4052 hortum
2984 4013 3180 4064 meum,
3206 3997 3442 4054 etiluant

1859 4093 2102 4140 aromata
2141 4083 2285 4140 illius
2337 4084 2514 4156 (Cant.
2564 4101 2639 4151 tv,
2674 4085 2787 4158 16).
2843 4107 2862 4141 ι
2924 4087 3259 4144 Vestimenta
3309 4105 3441 4160 ergo

1859 4183 2060 4228 sanctae
2088 4173 2344 4230 Ecclesia:
2372 4175 2546 4230 calida
2573 4186 2718 4242 sunt,
2743 4177 2870 4232 dum
2896 4188 3038 4232 terra
3082 4188 3263 4234 austro
3315 4195 3438 4251 per-

1858 4261 2042 4330 ﬂatur,
2072 4265 2196 4334 quia
2220 4265 2272 4319 hi
2297 4265 2387 4335 qui
2418 4266 2467 4321 ei
2497 4281 2592 4334 per
2623 4266 2782 4322 (idem
2817 4267 3081 4323 inhaerent
3105 4267 3440 4326 ferventibus

1859 4355 2144 4411 charitatis
2195 4355 2388 4410 studiis
2432 4356 2794 4424 inardescunt,
2860 4359 2986 4413 dum
3047 4373 3234 4413 eorum
3286 4375 3441 4426 mens

1860 4446 2034 4502 sancti
2052 4445 2476 4516 Spiritusaﬁlatu
2507 4447 2863 4518 perfunditur.
2897 4449 3232 4505 MOBALITED.
3264 4450 3442 4506 Unus-

159 4530 444 4603 Iant,'nisi
469 4537 660 4608 pluvia
688 4537 938 4593 deorsum
969 4540 1172 4605 veniat,
1213 4541 1454 4596 nescitur
1497 4552 1754 4612 quantam
1789 4578 1836 4638 υ
1861 4538 2090 4608 quisque
2150 4537 2294 4592 enim
2337 4540 2426 4608 qui
2477 4546 2624 4594 recte
2672 4539 2822 4606 vivit,
2871 4547 3032 4611 atque
3074 4541 3176 4597 hoc
3216 4551 3271 4598 et
3306 4542 3443 4599 alios

157 4641 442 4696 aquarum
476 4627 896 4700 immepsitatem
934 4637 1168 4698 portant.
1197 4628 1311 4684 Nisi
1338 4646 1597 4686 coruscus
1620 4632 1760 4688 inter

159 4717 388 4789 pluvias
409 4727 676 4788 erumpat,
694 4717 916 4786 intelligi
942 4734 1049 4774 non
1077 4719 1220 4775 valet
1242 4719 1384 4790 quod
1414 4721 1466 4774 in
1496 4721 1575 4776 eis
1595 4721 1757 4776 etiam

157 4811 446 4867 claritatis
473 4810 622 4865 latet.
652 4810 789 4878 Quia
828 4811 1082 4866 nimirum
1103 4812 1485 4883 praedicatores
1507 4814 1677 4868 sancti
1715 4814 1759 4868 si

157 4909 419 4967 taceant,
443 4911 496 4956 et
528 4917 867 4972 nequaquam
896 4901 1178 4972 loquentes
1202 4904 1514 4971 ostendant,
1558 4913 1760 4974 quanta

154 4996 237 5049 sit
274 4995 519 5050 caelestis
543 4997 654 5066 spei
689 4995 906 5050 claritas
927 5011 1087 5065 quam
1121 4996 1173 5050 in
1221 4997 1476 5052 cordibus
1522 5005 1757 5068 gestant,

155 5097 265 5138 aut
293 5085 516 5154 reliquis
546 5085 856 5140 hominibus
883 5084 1108 5149 similes,
1141 5094 1231 5139 aut
1263 5085 1418 5156 longe
1443 5086 1526 5142 his
1566 5088 1757 5155 despe-

573 5190 660 5210 ..ιιι
714 5177 846 5210 ρει-ἠ
877 5187 1052 5210 nnlnm
1101 5179 1310 5210 ann-Jan

156 5181 379 5210 n.:n—no
411 5181 660 5210 uL'n-uI-sn
714 5181 846 5210 Fu.»
877 5187 1052 5210 nnlnm
1101 5181 1310 5210 ann-Jan
1357 5195 1452 5210 nam
1501 5181 1728 5210 ιιηαιιλῖηη

1863 4629 2057 4683 docere
2085 4629 2382 4691 consuevit,
2415 4629 2570 4699 quasi
2623 4637 2701 4684 tot
2743 4631 3066 4686 vestimenta
3100 4632 3262 4688 habet
3307 4645 3442 4704 quot

1859 4719 2131 4775 auditores
2161 4719 2210 4774 ei
2236 4721 2580 4776 concorditer
2621 4721 2916 4776 inhaerent:
2955 4723 3045 4794 qui
3073 4724 3288 4793 quidem
3319 4741 3441 4780 mo-

1860 4827 1918 4867 re
1947 4812 2198 4878 vestium,
2229 4813 2384 4882 quasi
2413 4829 2511 4884 per
2538 4828 2698 4884 poros
2735 4817 2978 4884 corporis
3025 4816 3255 4871 calorem
3301 4819 3445 4873 acci-

1861 4903 1959 4974 pit,
1989 4905 2114 4976 quia
2143 4903 2210 4958 ad
2255 4918 2496 4958 amorem
2527 4904 2618 4961 Dei
2665 4906 2913 4976 exemplo
2950 4907 3178 4961 actionis
3209 4907 3440 4975 impulsu

1862 4996 2254 5051 exhortationis
2295 4995 2546 5064 ignoscit.
2609 4995 2711 5063 Qui
2755 4998 2900 5052 velut
2948 4999 3113 5068 frigus
3168 4998 3448 5067 proprium

1863 5086 2087 5154 respuit,
2121 5084 2246 5138 dum
2283 5099 2313 5137 a
2364 5085 2596 5150 pristina
2636 5084 2921 5156 iniquitate
2966 5086 3190 5141 discedit
3214 5086 3453 5144 calorem

1863 5188 2023 5210 annm
2057 5173 2244 5208 ηηηῖηἶί
2295 5174 2490 5208 νοοῖηιιι
2540 5177 2663 5208 ηιιῖη
2716 5175 2772 5208 ἷη
2805 5192 2866 5208 ΛΑ
2893 5192 3048 5206 "Iun-ﬂ
3072 5189 3168 5206 nam
3195 5176 3426 5206 ηιιηηιιῖηη
