3934 5400
534 317 637 375 627

1509 311 1568 367 s.
1609 296 1859 367 ODONIS
1896 311 2183 368 ABBATIS
2222 310 2714 370 CLUNIACENSIS
2753 311 2793 366 ιι
3638 325 3709 383 es

538 410 744 475 vident,
778 407 899 478 quia
928 406 1028 461 nisi
1070 403 1306 474 Spiritus
1341 413 1559 458 sanctus
1598 418 1786 459 eorum
1827 405 1990 458 corda
2038 418 2121 457 re—
2148 412 2194 466 Α
2224 404 2507 458 sentiendo
2531 418 2588 457 se
2615 403 2887 472 colligant,
2915 413 2968 459 et
2997 404 3049 459 in
3078 404 3230 460 vanis
3258 406 3709 476 Cogitationibu'siiou

532 504 698 575 pleat,
723 502 788 555 ad
821 500 1093 554 auditores
1108 513 1364 567 corporea
1388 512 1485 551 vox
1503 496 1811 551 docentium
1842 497 2113 550 incassum

531 603 708 648 sntiat.
743 592 1032 662 Postquam
1065 606 1194 645 vero
1247 592 1360 644 lure
1413 588 1628 642 fortiter
1656 587 1793 641 dixit
1822 602 1917 658 per
1958 601 2114 640 arro~

534 684 795 755 gantiam,
822 684 1012 737 leviter
1065 692 1242 736 metus
1286 679 1551 734 irrisiouis
1596 677 1739 732 illico
1780 676 1943 732 verba
1985 677 2114 733 sub-

526 775 730 844 junxit,
760 774 981 829 dicens:

603 864 765 919 Vnus.
809 863 897 918 18.
941 861 1020 916 Tu
1049 863 1273 932 forsitan
1297 878 1413 915 cum
1459 878 1517 914 eo
1547 860 1835 930 fabricatus
1856 875 1909 913 es
1936 858 2110 925 caelos,

527 958 616 1028 qui
637 956 941 1011 solidissimi
968 956 1120 1026 quasi
1145 970 1248 1009 tere
1298 954 1403 1024 fusi
1452 962 1597 1008 sunt.
1628 981 1700 990 —
1741 951 1967 1005 Possunt
2017 964 2114 1020 per

528 1052 698 1108 caelos
733 1052 809 1119 lii,
842 1052 934 1123 qui
987 1052 1043 1106 in
1092 1050 1402 1106 ewlestibus
1447 1057 1573 1103 sunt
1626 1049 1849 1114 conditi,
1887 1048 2111 1119 angelici

528 1144 753 1214 spiritus
774 1142 1063 1214 designari.
1097 1142 1249 1198 Unde
1299 1143 1352 1196 in
1402 1141 1647 1196 oratione
1694 1148 1880 1195 nostra
1931 1141 2125 1219 dicere“

528 1249 662 1289 voce
688 1234 942 1289 Veritatis
972 1234 1327 1288 instruimur:
1363 1253 1380 1284 ‹
1403 1233 1523 1287 Fiat
1551 1232 1799 1286 voluntas
1832 1240 1943 1297 tua,
1972 1232 2112 1287 sicut

527 1325 582 1379 in
610 1325 746 1381 caelo
770 1335 824 1380 et
844 1326 896 1379 in
925 1334 1066 1379 terra
1090 1324 1302 1393 (Matth.
1333 1340 1407 1388 vr,
1436 1324 1543 1381 lOl.
1586 1344 1604 1375 ι
1638 1322 1853 1378 Naturae
1881 1336 2113 1392 namque

523 1418 649 1472 aeris
677 1426 759 1472 est
791 1418 1035 1487 rubigine
1061 1417 1273 1472 dillieile
1300 1417 1566 1479 consumi,
1616 1426 1671 1469 et
1700 1416 1925 1470 virtutes
1950 1430 2111 1486 ange-

521 1509 657 1575 licae,
694 1525 813 1579 qua:
842 1510 895 1564 in
927 1504 1110 1564 divino
1161 1524 1347 1564 amore
1393 1508 1515 1563 lixze
1543 1508 1919 1578 perstiterunt,
1945 1506 2108 1576 lapsis

521 1600 960 1670 superbientibus
986 1600 1188 1670 angelis
1224 1600 1325 1655 hoc
1354 1603 1409 1655 in
1462 1614 1685 1654 munere
1734 1597 2108 1653 retributionis

520 1699 865 1759 acceperunt,
895 1698 953 1745 ut
990 1690 1134 1744 nulla
1161 1689 1272 1759 jam
1298 1690 1541 1760 rubigine
1564 1688 1911 1759 subripientis
1936 1687 2106 1758 culpa:

2220 493 2537 566 liquescant.
2569 499 2828 573 Sequitur
2862 544 2872 556 .
2906 500 2971 554 Et
2987 509 3163 553 ventus
3189 501 3438 554 transiens
3457 501 3617 573 fugarit
3634 522 3711 564 tu.

2220 588 2424 645 Ventus
2465 592 2663 662 quippe
2713 594 2981 648 transiens
3009 602 3093 648 est
3137 593 3246 646 vita
3293 608 3529 662 prmsens.
3564 595 3712 656 Ventus

2217 697 2345 753 ergo
2374 685 2641 740 transiens
2679 686 2847 741 nubes
2884 687 3067 755 fugat,
3098 687 3221 756 quia
3265 687 3496 741 mortalis
3518 687 3604 742 vita
3627 705 3712 760 per-

2216 785 2440 827 currens
2463 775 2845 843 prredicatores
2867 785 3083 831 sanctos
3109 790 3139 830 a
3178 774 3375 830 nostris
3402 777 3555 831 oculis
3575 792 3713 850 corpo-

2217 861 2404 919 raliter
2429 865 2684 921 occultat.
2719 867 2977 937 Sequitur
3007 885 3019 920 :

2288 953 2447 1011 Vnus.
2479 955 2570 1010 εξ.
2599 957 2675 1011 Ab
2701 958 2941 1028 aquilone
2968 973 3156 1011 aurum
3201 959 3386 1013 veniet.
3430 988 3493 999 -—
3515 959 3628 1027 Quid
3650 976 3715 1031 per

2215 1047 2542 1116 aquilonem,
2575 1049 2675 1103 nisi
2698 1050 2909 1118 peccati
2952 1049 3155 1121 frigore
3186 1050 3469 1104 constricta
3509 1051 3717 1121 gentilitas

2199 1120 2565 1209 .designatur?
2591 1141 2761 1207 Quam
2797 1142 2884 1197 ille
2918 1128 3027 1197 sub‘
3060 1144 3190 1213 jugo
3222 1158 3332 1197 sum
3376 1120 3637 1215 tyrannidis
3661 1152 3717 1198 te-

2213 1232 2358 1295 nuit,
2387 1234 2477 1302 qui
2509 1232 2645 1288 dixit
2682 1236 3041 1304 SllpBl‘iticllSZ
3080 1256 3098 1287 ι
3138 1236 3348 1290 Sedelo
3378 1236 3429 1288 in
3479 1244 3631 1289 monte
3647 1235 3719 1290 Te-

2211 1322 2465 1376 stameuti
2494 1322 2546 1375 in
2565 1320 2822 1378 lateribus
2842 1324 3139 1393 aquilonis,
3170 1324 3459 1379 ascendam
3487 1339 3623 1393 super
3637 1325 3721 1379 alti-

2210 1414 2449 1469 tudinem
2502 1414 2744 1480 nubium,
2793 1416 2986 1470 similis
3028 1431 3124 1471 ero
3169 1416 3443 1471 Altissimo
3487 1415 3602 1485 (Isti.
3629 1430 3719 1476 xu,

2210 1505 2320 1576 15).
2368 1525 2384 1558 ι
2425 1505 2563 1573 Quid
2596 1523 2725 1563 vero
2759 1510 2874 1563 auri
2907 1509 3126 1564 nomine
3150 1549 3165 1575 ,
3213 1508 3317 1563 nisi
3373 1508 3553 1563 animae
3590 1507 3723 1562 fideles

2208 1599 2586 1668 exprimuntur
2624 1601 2648 1655 ?
2695 1602 2769 1657 De
2810 1602 3008 1671 quibus
3055 1618 3152 1674 per
3195 1601 3480 1658 Jeremiam
3522 1603 3718 1657 dicitur:

2215 1707 2233 1741 ι
2270 1690 2549 1757 Quomodo
2597 1693 2944 1748 obscuratum
2999 1703 3085 1749 est
3131 1708 3366 1758 aurum,
3428 1702 3636 1748 mutatus
3667 1701 3724 1746 est

519 1783 893 1849 niordeantur,
916 1792 975 1838 ut
998 1783 1050 1837 in
1073 1783 1526 1852 contemplatione
1548 1781 1857 1837 Conditoris
1886 1781 2002 1836 sine
2029 1779 2109 1835 fe-
2139 1785 2183 1844 Β
2212 1783 2355 1838 color
2387 1784 2655 1857 optimus?
2693 1804 2711 1837 ι
2753 1784 2969 1857 (ΤΙιι-ρη.
3003 1801 3078 1853 tv,
3119 1784 3196 1856 l.)
3235 1785 3316 1841 Ab
3365 1784 3598 1855 aquilone
3633 1798 3723 1852 ergo

522 1877 745 1933 licitatis
782 1875 889 1932 fine
909 1886 1288 1948 permaneant,
1311 1877 1440 1931 etin
1470 1877 1573 1931 hoc
1611 1874 1751 1946 quod
1774 1883 1902 1930 sunt
1923 1874 2108 1929 condi-

520 1975 590 2021 tae
612 1975 813 2021 aeterna
857 1967 1155 2021 subtilitate
1193 1966 1510 2021 subsistant.
1559 1964 1973 2020 Possuntetiam
2012 1978 2110 2034 per

518 2054 708 2122 coelos,
741 2065 802 2111 ut
826 2072 966 2126 saepe
988 2056 1242 2121 diximus,
1280 2056 1573 2112 electorum
1622 2063 1831 2110 mentes
1878 2054 2107 2123 exprimi

518 2162 550 2201 a
586 2148 797 2203 eunetis
826 2148 1056 2203 terrenis
1088 2133 1569 2219 eontagiis'intimo
1596 2162 1780 2202 amore
1808 2160 2104 2216 suspensae.

519 2239 658 2296 llinc
706 2240 953 2296 dicitur:
1019 2259 1039 2292 ι
1074 2238 1269 2296 Nostra
1330 2241 1672 2296 conversatio
1722 2240 1775 2294 in
1828 2239 1981 2296 ecelis
2026 2246 2109 2295 est

516 2328 739 2405 (Philip.
784 2347 865 2396 ιιι,
895 2330 1009 2404 20).
1070 2349 1088 2383 ι
1142 2330 1245 2398 Qui
1284 2330 1589 2385 solidissimi
1635 2332 1789 2401 quasi
1845 2347 1949 2386 tere
1998 2330 2107 2401 fusi

511 2438 661 2492 sunt,
701 2425 827 2496 quia
883 2426 951 2480 ab
989 2425 1301 2496 integritate
1340 2433 1530 2495 emptae
1576 2422 1910 2479 fortitudinis
1961 2423 2105 2478 nulla

516 2517 896 2572 mutabilitatis
934 2516 1181 2587 rubigine
1210 2524 1625 2571 consumuntur.
1667 2513 1961 2583 Sequitur:

584 2607 754 2663 Vens.
814 2609 901 2664 i9.
938 2607 1169 2663 Ostende
1225 2608 1372 2661 nobis
1421 2607 1551 2679 quid
1596 2608 1834 2660 dicamus
1877 2606 1957 2661 ei:
1993 2604 2105 2660 Nos

510 2700 699 2769 quippe
726 2699 947 2753 involuti
976 2698 1222 2753 tenebris.
1251 2728 1322 2738 —
1351 2698 1426 2753 Ac
1451 2699 1493 2752 si
1541 2697 1685 2752 dicat
1719 2715 1731 2751 :
1765 2697 1843 2751 Tu
1870 2698 1961 2767 qui
1990 2696 2104 2766 jam

513 2804 710 2859 magna
744 2788 1112 2861 intelligentiae
1138 2790 1257 2846 luce
1280 2788 1595 2861 perfrueris,
1649 2791 1845 2847 docere
1887 2807 1985 2845 nos
2014 2792 2103 2862 qui

514 2882 838 2950 ignorantiae
888 2881 1125 2937 tenebris
1156 2882 1479 2937 involvimur
1512 2882 1696 2939 debes.
1728 2882 1853 2951 Qui,
1886 2898 2011 2939 mox
2037 2884 2105 2938 ab

512 2973 764 3028 irrisione
787 2973 1057 3040 resiliens,
1097 2975 1441 3046 despiciendo
1456 2975 1741 3046 subiungit
1769 2995 1781 3029 :

537 3088 553 3107 ο
586 3064 750 3121 Vnus.
777 3065 867 3119 20.
923 3064 1053 3132 Quis
1107 3076 1291 3121 narrat
1315 3068 1362 3121 ei
1390 3083 1507 3138 qua:
1556 3066 1739 3137 loquor
1761 3067 1787 3121 ?
1814 3098 1882 3108 —
1933 3068 2012 3122 Ae
2059 3067 2101 3124 si

2211 1888 2400 1929 aurum
2432 1876 2618 1931 venire
2644 1876 2843 1932 dicitur
2872 1917 2887 1942 ,
2935 1878 3059 1947 quia
3102 1893 3199 1948 per
3247 1887 3549 1946 respectum
3588 1878 3726 1946 gratia:

2213 1967 2587 2037 Redemptoris
2631 1982 2661 2022 a
2702 1969 3004 2039 gentilitate
3052 1966 3251 2023 dudum
3296 1966 3532 2039 perfidize
3565 1976 3725 2035 torpore

2210 2056 2399 2130 frigida
2428 2099 2442 2125 ,
2474 2059 2615 2113 intra
2667 2069 2910 2114 sanctam
2950 2057 3247 2113 Ecclesiam
3278 2058 3512 2129 pretiosa
3537 2057 3629 2111 Deo
3653 2055 3725 2109 vita

2212 2148 2449 2204 ﬁdelium
2508 2149 2919 2221 multiplicatur.
2973 2149 3108 2206 Hine
3159 2164 3257 2220 per
3304 2148 3498 2204 lsaiam
3549 2148 3725 2204 dicitur:

2218 2260 2236 2294 ι
2273 2242 2455 2296 Dicam
2482 2241 2742 2313 aquiloni,
2774 2242 2947 2298 dicam
2992 2251 3046 2297 et
3076 2250 3264 2297 austro
3296 2258 3309 2295 :
3349 2240 3467 2296 Noli
3504 2238 3728 2310 prohibere

2211 2330 2347 2403 (Isti.
2384 2348 2537 2397 xuii,
2569 2332 2643 2403 ϐ).
2681 2351 2699 2385 ι
2731 2332 3022 2402 Sequitur:
3049 2331 3165 2386 Eta
3187 2330 3295 2385 Deo
3314 2326 3634 2400 formidolosa
3650 2329 3730 2381 ltu-

2208 2421 2374 2476 datio.
2407 2452 2477 2462 —
2502 2421 2596 2478 Sic
2621 2424 2765 2478 enim
2795 2439 2825 2478 a
2857 2424 2967 2479 Deo
2989 2423 3204 2488 dicitur,
3238 2438 3304 2479 ac
3333 2424 3377 2478 si
3406 2422 3471 2477 ab
3493 2422 3660 2491 bisqui
3691 2420 3726 2473 in

2207 2522 2363 2583 parte
2388 2512 2483 2568 Dei
2512 2522 2660 2579 sunt,
2692 2513 2746 2570 id
2769 2521 2883 2580 est,
2907 2513 3154 2569 fidelibus
3181 2513 3459 2569 diceretur
3484 2530 3497 2567 :
3522 2512 3644 2567 Auro
3663 2510 3730 2582 igi-

2207 2611 2298 2657 tur
2322 2604 2390 2659 ab
2417 2604 2667 2674 aquilone
2690 2605 2961 2669 veniente,
2990 2618 3020 2657 a
3050 2604 3160 2658 Deo
3182 2603 3529 2659 formidolosa
3553 2600 3731 2655 laudatio

2207 2694 2428 2764 prodiit,
2452 2694 2599 2763 quia,
2617 2693 2743 2748 dum
2764 2693 3068 2749 claritatem
3090 2710 3200 2751 sure
3225 2695 3353 2749 fidei
3376 2694 3628 2766 gentilitas
3642 2692 3732 2745 abs-

2208 2785 2360 2852 tulit,
2396 2786 2682 2841 multitudo
2729 2785 3079 2842 Hebrteorum
3108 2787 3347 2842 fidelium
3384 2787 3557 2844 divina
3580 2783 3729 2854 judicia

2206 2875 2647 2947 pertimescendo
2684 2875 2948 2932 laudavit.
2978 2877 3084 2932 Sed
3113 2879 3390 2948 quomodo
3433 2878 3498 2932 ab
3542 2872 3733 2945 aquilone

2206 2983 2397 3022 aurum
2422 2967 2624 3030 veniat,
2667 2969 2939 3038 quomodo
2969 2970 3037 3024 ab
3070 2970 3155 3025 his
3207 2970 3301 3038 qui
3357 2969 3458 3024 sub
3485 2967 3587 3023 Deo
3624 2970 3729 3022 sunt.

2207 3058 2557 3114 formidolosa
2601 3058 2842 3115 laudatio
2887 3070 3164 3132 erumpat,
3207 3061 3325 3131 ipsa
3376 3061 3529 3116 nobis
3566 3055 3733 3112 historia

511 3164 700 3227 aperte
743 3156 889 3211 dicat
926 3174 939 3210 :
974 3157 1104 3224 Qua:
1166 3173 1286 3228 ego,
1337 3159 1385 3213 ei
1402 3133 1479 3214 Ide
1515 3133 1630 3214 suis
1666 3158 1913 3214 laudibus
1942 3168 2101 3215 acute
2131 3133 2175 3196 C
2206 3150 2347 3205 sacri
2376 3149 2574 3219 eloquii
2602 3150 2885 3216 ostendat,
2919 3150 3008 3203 ubi
3047 3151 3113 3206 de
3157 3149 3402 3205 Cornelii
3444 3146 3736 3204 conversione

511 3246 752 3302 sentiens
779 3260 883 3301 non
915 3247 1083 3310 audit,
1126 3246 1367 3318 eloquor,
1420 3247 1509 3316 qui
1554 3247 1670 3302 luce
1717 3263 1962 3311 narrare,
2015 3250 2100 3303 vel

510 3346 797 3408 postquam
826 3338 1080 3403 audierit,
1104 3346 1284 3407 potest
1310 3338 1334 3391 τ
1362 3336 1648 3408 Sequitur:
1691 3335 1917 3393 Etiamsi
1950 3337 2100 3392 locu-

506 3436 598 3481 tus
629 3426 787 3496 fuerit
812 3425 986 3491 homo,
1014 3427 1367 3481 derorabitur.
1408 3424 1673 3482 —-Omne
1719 3429 1859 3496 quod
1898 3428 2102 3498 aliquid

511 3516 739 3571 devorat
772 3516 875 3571 boe
906 3517 1174 3573 introrsus
1208 3518 1428 3574 trahens
1455 3520 1524 3574 ab
1573 3520 1893 3574 intuentium
1932 3520 2100 3576 oculis

508 3606 771 3672 occultat,
801 3614 857 3661 et
897 3623 1034 3673 rem,
1065 3623 1185 3678 quae
1236 3609 1410 3665 videri
1462 3610 1746 3681 superficie
1796 3613 1992 3682 potuit,
2046 3614 2099 3668 in

512 3697 846 3769 profundum
897 3701 1055 3770 rapit.
1106 3700 1276 3757 llomo
1314 3703 1496 3773 igitur,
1546 3719 1667 3769 cum
1698 3704 1764 3759 de
1799 3704 1909 3761 Deo
1961 3713 2101 3760 tacet

509 3804 612 3859 per
643 3792 909 3847 rationem
940 3792 992 3846 in
1024 3807 1128 3861 qua
1165 3801 1250 3847 est
1276 3792 1525 3847 conditus
1555 3808 1676 3848 esse
1703 3793 1903 3863 aliquid
1956 3794 2101 3848 vide-

512 3891 623 3937 tur.
651 3882 721 3937 At
750 3882 795 3938 si
826 3882 1030 3953 aliquid
1062 3883 1128 3938 de
1170 3883 1279 3938 Deo
1306 3883 1451 3954 loqui
1503 3884 1729 3953 coeperit
1760 3882 1906 3939 illico
1936 3898 2099 3954 quam

513 3971 650 4027 nihil
677 3972 748 4027 sit
777 3973 1102 4038 ostenditur,
1134 3972 1261 4043 quia
1291 3971 1678 4044 magnitudinis
1709 3972 1850 4027 illius
1874 3974 2103 4027 innuen-

516 4064 684 4120 sitate
737 4064 1050 4131 devoratur,
1113 4074 1169 4121 et
1215 4065 1372 4136 quasi
1436 4066 1491 4120 in
1538 4063 1863 4136 profundum
1915 4072 2102 4136 raptus

523 4157 897 4224 absconditur,
924 4158 1050 4228 quia
1096 4157 1197 4213 fari
1231 4157 1549 4214 ineffabilem
1583 4157 1824 4229 cupiens,
1856 4158 1965 4229 ipsa
1992 4173 2102 4213 sua:

518 4246 843 4315 ignorantiae
866 4248 1118 4320 angustia
1158 4248 1471 4320 deglutitur.
1521 4247 1629 4304 Sed
1658 4265 1786 4305 ecce
1826 4250 2102 4306 aeternitas

518 4344 653 4391 tunc
680 4336 990 4393 hominibus
1012 4353 1141 4393 vere
1161 4338 1413 4405 innotuit,
1447 4354 1569 4394 cum
1588 4352 1645 4395 se
1664 4340 1743 4395 eis
1764 4340 2104 4396 humanitate

519 4434 773 4496 suscepta
835 4426 1176 4491 monstravit,
1228 4443 1355 4505 qua:
1405 4428 1533 4499 quia
1581 4429 1806 4483 necdum
1865 4428 2101 4486 revelata

516 4516 721 4583 fuerat,
752 4517 821 4572 de
840 4516 1044 4573 eisdem
1068 4519 1374 4574 hominibus
1402 4531 1547 4575 recte
1576 4518 1953 4591 subiungitur:

588 4607 755 4664 Vens.
786 4608 876 4664 2t.
908 4608 974 4663 At
1014 4625 1152 4665 nunc
1197 4627 1298 4665 non
1340 4611 1508 4666 vident
1538 4611 1726 4665 lucem.
1776 4612 1851 4666 Dc
1885 4626 1990 4681 qua
2020 4612 2099 4666 ni-

518 4700 717 4757 mirum
746 4700 910 4755 etiam
941 4715 1039 4770 per
1068 4703 1383 4772 prophetam
1415 4702 1614 4757 dicitur
1642 4720 1657 4756 :
1692 4720 1710 4755 ι
1744 4701 1979 4773 Populus
2008 4702 2098 4774 qui

520 4790 809 4846 sedebatin
828 4790 1069 4847 tenebris
1093 4792 1223 4847 vidit
1242 4792 1417 4848 lucem
1446 4808 1689 4863 magnam
1708 4790 1843 4864 (lea.
1863 4810 1941 4858 ix,
1964 4793 2039 4864 2).
2076 4811 2094 4845 ι

519 4880 823 4952 Sequitur;
853 4880 1038 4938 Subito
1090 4893 1304 4954 cogetur
1351 4898 1461 4947 aer,
1494 4883 1779 4953 cogeturin
1827 4883 2008 4937 nubes.
2035 4913 2105 4923 —

521 4970 632 5027 Aer
657 4973 852 5043 quippe
882 4972 953 5027 ita
984 4987 1080 5028 sua
1111 4973 1226 5043 ipsa
1257 4973 1519 5028 tenuitate
1555 4972 1846 5043 spargitur,
1877 4982 1935 5027 ut
1961 4973 2105 5028 nulla

520 5061 783 5118 firmitate
831 5062 1115 5128 solidetur,
1166 5063 1339 5117 nubes
1395 5069 1577 5117 autem
1639 5069 1790 5117 tanto
1841 5062 2108 5118 firmiores

522 5159 651 5202 sunt
689 5159 893 5202 nuanto
926 5151 1223 5202 densiores.
1273 5151 1412 5202 Ouid
1455 5167 1583 5202 ergo
1630 5168 1726 5202 uer
1766 5168 1967 5202 aerem-
2001 5154 2101 5202 nisi

2207 3250 2415 3295 narrat.
2457 3239 2565 3295 Sed
2592 3240 2795 3295 idcirco
2823 3241 3103 3296 conversis
3144 3241 3425 3312 gentibus,
3456 3243 3521 3294 ab
3554 3234 3735 3292 Hebreis

2198 3331 2309 3402 jam
2343 3331 2587 3387 fidelibus
2619 3332 2964 3388 formidolosa
2997 3332 3473 3404 laudatieprodiit
3497 3374 3511 3397 ,
3557 3327 3660 3400 quia
3682 3325 3736 3379 ni-

2205 3424 2402 3479 mirum
2425 3424 2568 3494 juste
2593 3423 2773 3479 Judtea
2794 3423 3005 3493 repulsa
3028 3423 3270 3490 es:,dum
3301 3426 3389 3495 pia
3416 3432 3501 3480 est
3523 3417 3737 3496 gentilitas

2206 3524 2417 3581 vocata,
2450 3523 2506 3570 et
2527 3515 2723 3570 damna
2746 3529 2857 3570 sum
2884 3513 3209 3585 repulsionis
3239 3514 3467 3580 timuit,
3499 3514 3613 3569 dum
3632 3511 3735 3564 lucra

2206 3606 2394 3661 alienae
2424 3607 2724 3662 vocationis
2752 3606 2904 3662 vidit.
2936 3607 3198 3677 Sequitur
3229 3623 3241 3660 :

2279 3698 2440 3753 Vens.
2468 3698 2557 3754 23.
2593 3699 2762 3768 Digne
2807 3714 2925 3752 eum
2956 3698 3187 3752 invenire
3238 3711 3344 3751 non
3386 3710 3657 3767 possumus.
3690 3716 3738 3730 --

2189 3790 2273 3852 ,Et
2295 3790 2339 3845 si
2370 3790 2611 3844 invenire
2635 3789 2749 3860 jam
2781 3791 2946 3844 Deum
2971 3804 3281 3859 possumus,
3310 3804 3424 3843 non
3454 3798 3559 3844 tam
3582 3786 3738 3854 digne.

2205 3881 2328 3951 quia
2358 3880 2500 3951 quod
2530 3880 2581 3934 in
2615 3879 2706 3933 illo
2734 3880 3023 3946 sentimus,
3056 3895 3120 3934 ex
3147 3879 3251 3934 fide
3293 3888 3413 3944 est,
3446 3878 3659 3933 nondum
3692 3886 3738 3926 et

2205 3976 2404 4046 Specie.
2436 3974 2732 4044 Sequitur:
2761 3973 2989 4045 Magnus
3022 3971 3337 4043 fortitudine
3375 3984 3423 4027 et
3450 3971 3673 4042 judicio,
3707 3972 3739 4015 ει

2195 4066 2432 4137 justitia,
2463 4074 2508 4118 ct
2532 4065 2774 4118 enarrari
2797 4081 2898 4118 non
2926 4073 3112 4133 potest.
3140 4063 3457 4135 —-Magnus
3478 4063 3650 4135 quippe
3683 4062 3739 4110 εει

2205 4156 2534 4228 fortitudine,
2561 4154 2687 4226 quia
2722 4153 2916 4211 fortem
2944 4154 3318 4210 adversarium
3352 4163 3587 4225 superat,
3618 4159 3663 4203 et
3694 4147 3739 4198 de

2205 4250 2366 4305 domo
2397 4246 2540 4302 illius
2568 4261 2693 4301 vasa
2716 4245 3057 4302 contumelia:
3087 4245 3367 4310 auferens,
3399 4245 3453 4299 in
3487 4239 3739 4298 misericor-

2206 4340 2307 4397 diae
2332 4353 2460 4393 vasa
2494 4334 3047 4410 permutat.'Magnus
3081 4335 3287 4407 judicio
3313 4373 3328 4399 ,
3381 4335 3530 4406 quia.
3569 4331 3655 4387 etsi
3679 4325 3740 4381 hic

2207 4432 2408 4489 electos
2447 4446 2573 4487 suos
2602 4446 2700 4502 per
2741 4430 2969 4485 adversa
3004 4428 3290 4500 deprimit.
3332 4427 3437 4483 bos
3477 4422 3741 4497 quandoque

2207 4525 2259 4580 in
2285 4524 2454 4596 gloria
2503 4531 2722 4578 aeternae
2767 4521 3141 4592 prosperitatis
3170 4518 3408 4574 extollit.
3440 4517 3645 4587 Magnus
3672 4509 3739 4579 ju-

2160 4601 2176 4621 ⁷
2203 4618 2347 4672 stitia
2370 4657 2385 4682 ,
2424 4615 2572 4687 quia,
2604 4614 2705 4670 etsi
2740 4615 2829 4669 liie
2853 4614 2941 4669 diu
2984 4612 3180 4667 tolerat
3208 4652 3222 4674 ,
3252 4610 3578 4682 quandoque
3610 4613 3740 4660 tamen

2207 4708 2323 4763 sine
2351 4708 2583 4762 termino
2614 4705 2874 4775 reprobus
2903 4704 3142 4758 damnat.
3187 4700 3453 4756 Enarrari
3474 4717 3574 4755 non
3592 4706 3739 4767 potest.

2208 4798 2399 4853 sentiri
2427 4797 2585 4868 digne
2613 4812 2721 4851 non
2743 4796 2908 4861 valet,
2936 4804 3142 4865 quanto
3164 4794 3342 4848 minus
3364 4794 3474 4849 dici
3495 4794 3519 4846 ?
3543 4788 3637 4847 Sed
3663 4797 3743 4839 mc-

2215 4888 2318 4945 lius
2348 4888 2474 4943 hinc
2520 4895 2793 4957 utcunque
2818 4887 3047 4941 dicimus
3079 4927 3094 4952 ,
3118 4887 3163 4941 si
3209 4885 3307 4941 sub
3338 4873 3743 4940 consideratione

2213 4980 2329 5053 ejus
2359 4977 2647 5034 formidine
2676 4978 2995 5033 admirando
3025 4986 3318 5033 taceamus.
3356 4975 3612 5046 Sequitur
3639 4989 3651 5024 :

2284 5071 2442 5127 Vens.
2473 5070 2565 5126 2i.
2596 5069 2724 5124 Ideo
2755 5071 2999 5125 timebunt
3021 5087 3139 5125 eum
3166 5069 3281 5134 viri,
3309 5078 3361 5122 et
3400 5087 3505 5124 non
3537 5063 3744 5122 audebunt

2214 5162 2553 5202 rnntamnlnri
2576 5177 2749 5202 manu“
2775 5162 2862 5202 nni
2902 5161 2995 5202 eihi
3018 5162 3253 5202 stillanlur
3276 5176 3394 5202 tu”
3433 5161 3683 5202 cuniculis.
3700 5172 3745 5188 -““
