3934 5400
130 254 238 309 L29

741 245 1041 303 EPlTOME
1079 241 1437 301 MORALIUM
1475 239 1531 294 S.
1574 238 1781 295 CREG.
1823 236 1891 292 IN
1928 234 2048 293 JOB
2104 268 2172 277 —
2211 234 2338 290 LIB.
2376 226 2615 289 XXVIII.

3278 224 3385 280 450

130 363 244 417 Viri
275 376 505 432 namque
531 371 846 433 arrogantes
882 369 938 414 et
982 358 1125 412 docti
1153 372 1276 411 cum
1308 363 1455 410 recte
1479 368 1585 407 non
1630 368 1709 406 νι-
1736 361 1782 415 Α
1812 350 1880 404 ab
1907 352 2023 419 ejus
2052 350 2168 405 luce
2192 349 2345 418 longe
2365 357 2517 410 sunt,
2543 356 2743 416 quanto
2773 346 2912 414 apud
2935 345 3254 413 semetipsos
3289 343 3393 396 bu.

126 463 289 515 vunt,
319 453 414 507 sed
440 462 619 509 tamen
647 460 794 506 recta
817 451 994 505 dicere
1020 449 1278 504 doctrinae
1300 444 1707 514 impulsionibus

128 543 559 613 compelluntur,
596 542 693 610 ipsi
746 540 1109 595 damnationis
1153 553 1266 593 sua:
1315 537 1495 606 aliquo
1546 534 1707 590 modo

126 646 411 701 pulmones
445 632 598 686 ﬁunt.
652 628 1018 700 Contemplari
1059 628 1203 684 enim
1242 627 1336 682 Dei
1387 625 1706 696 sapientiam

126 730 440 793 nequeunt,
488 722 581 793 qui
614 721 717 777 sibi
745 721 1017 792 sapientes
1062 718 1312 787 videntur
1342 758 1358 784 ,
1398 717 1522 787 quia
1557 722 1709 769 tanto

1814 441 1969 496 miles
2005 456 2112 494 non
2140 448 2297 503 sunt,
2352 439 2476 507 quia
2523 437 2577 491 in
2605 451 2791 492 eorum
2823 435 3093 490 mentibus
3121 434 3248 489 dum
3294 442 3385 488 tu-

1813 544 1934 583 mor
1959 527 2209 583 elationis
2230 526 2451 591 crescit,
2484 526 2655 580 aciem
2687 521 3158 593 contemplationis
3181 521 3387 586 eaudit,

1816 632 1871 677 et
1896 621 2036 675 unde
2066 635 2125 675 se
2152 619 2334 675 lucere
2358 633 2469 689 prae
2504 617 2716 674 caeteris
2759 616 3033 672 aestimant
3060 655 3075 682 ,
3104 612 3229 670 inde
3271 628 3331 668 se
3358 626 3391 665 ι

1808 712 2020 771 lumine
2042 710 2290 767 veritatis
2317 710 2551 781 privant.

1001 1086 1299 1166 LIBER
1372 1080 1929 1165 VICESIMUS
1984 1077 2478 1158 OCTAVUS.

645 1425 872 1483 CAPUT
914 1422 1198 1481 XXXVI“.

203 1522 368 1578 Vens.
404 1522 455 1577 l.
500 1517 831 1589 Respondeas
860 1527 1033 1570 autem
1065 1514 1316 1569 Dominus
1363 1511 1463 1566 Job
1489 1510 1552 1564 de
1594 1520 1709 1562 tur—

128 1616 275 1681 bine,
299 1614 455 1669 dixit.
484 1642 554 1654 -—
580 1610 748 1665 Aliter
767 1610 908 1665 enim
937 1607 1195 1662 Dominus
1221 1603 1391 1660 servis
1410 1603 1522 1657 suis
1538 1600 1714 1671 loqui-

130 1716 258 1766 tur.
288 1721 412 1762 cum
440 1719 535 1761 eos
572 1702 901 1758 intrinsecus
935 1715 1032 1770 per
1074 1696 1545 1769 compunctionem
1589 1708 1709 1764 pro-

127 1806 347 1861 movet;
388 1795 570 1860 aliter,
602 1808 722 1849 cum
752 1808 848 1864 per
871 1790 1264 1847 districtionem
1292 1828 1307 1853 ,
1354 1801 1423 1842 ne
1447 1783 1711 1839 extollan-

129 1896 244 1950 tur,
277 1885 493 1956 premit.
522 1884 578 1940 In
611 1884 701 1941 illa
726 1884 871 1940 enim
897 1882 1057 1938 discit
1081 1880 1224 1952 quod
1249 1885 1487 1948 appetat,
1528 1876 1582 1930 in
1607 1876 1711 1930 ista

127 1975 282 2045 quod
326 1982 552 2030 metuat.
585 1972 721 2041 Quia
767 1974 910 2029 enim
958 1969 1321 2027 humiliandus
1356 1975 1473 2021 erat
1521 1965 1711 2020 beatus

125 2064 253 2131 Job,
283 2065 395 2134 qui,
425 2072 728 2134 prostratus
751 2062 1041 2126 ulceribus,
1071 2060 1150 2116 sic
1174 2058 1469 2112 virtutibus
1499 2056 1704 2118 stabat,

128 2170 204 2211 ne
242 2155 673 2211 robustissimum
702 2161 890 2224 pectus
914 2151 1032 2222 ejus
1056 2150 1302 2206 elationis
1331 2147 1431 2202 tela
1460 2144 1712 2201 confode-

130 2256 274 2309 rent,
301 2247 443 2315 quod
469 2243 753 2301 constabat
801 2253 953 2299 certe
998 2241 1125 2313 quia
1173 2240 1317 2295 illata
1346 2237 1569 2293 vulnera
1603 2250 1709 2290 non

126 2336 413 2402 vicissent,
445 2335 493 2390 ei
520 2333 759 2406 profecto
788 2334 1046 2389 Dominus
1073 2331 1218 2403 loqui
1248 2331 1315 2386 de
1338 2329 1553 2384 turbine
1588 2341 1710 2397 per-

126 2427 372 2483 hibetur.
397 2424 688 2481 Sciendum
718 2434 976 2495 praeterea
1006 2432 1091 2478 est
1116 2421 1260 2493 quod
1281 2421 1336 2476 in
1363 2419 1572 2474 duobus
1597 2430 1711 2471 mo-

128 2518 216 2574 dis
242 2517 446 2572 locntio
478 2515 659 2571 divina
690 2515 1055 2584 distinguitur.
1088 2513 1199 2568 Aut
1238 2526 1335 2581 per
1360 2510 1710 2580 semetipsum

127 2621 373 2677 namque
400 2605 657 2660 Dominus
703 2605 944 2675 loquitur
974 2645 989 2671 ,
1021 2615 1115 2659 aut
1139 2618 1236 2675 per
1256 2610 1562 2658 creaturam
1605 2598 1708 2654 ali-

126 2711 298 2767 quam
327 2695 444 2766 ejus
472 2695 541 2750 ad
563 2709 661 2752 nos
684 2695 847 2750 verba
871 2694 1194 2750 formantur.
1217 2691 1323 2749 Sed
1350 2708 1473 2748 cum
1495 2706 1593 2762 per
1616 2705 1708 2747 se-

1741 1426 1789 1485 ];
1817 1415 1911 1470 bus
1938 1412 2230 1485 imperitis?
2257 1442 2306 1453 —
2351 1412 2486 1481 Quis
2512 1420 2597 1466 est
2631 1411 2735 1467 iste
2760 1423 2869 1466 non
2900 1410 3160 1475 dicimus,
3194 1411 3299 1466 nisi
3330 1411 3400 1467 de

1812 1506 2083 1576 cautique
2109 1519 2267 1574 quem
2292 1505 2583 1561 nescimus.
2625 1503 2780 1559 Scire
2821 1511 3003 1559 autem
3050 1504 3144 1558 Dei
3196 1518 3396 1575 appro-

1811 1598 1943 1653 bare
1964 1603 2077 1660 est;
2112 1597 2323 1652 nescire
2350 1597 2663 1666 reprobare.
2700 1594 2851 1653 Unde
2888 1596 3215 1666 quibusdam
3253 1612 3395 1667 quos

1813 1687 2087 1758 reprobat,
2122 1687 2252 1742 dicit
2282 1705 2295 1741 :
2328 1706 2345 1738 ι
2379 1686 2572 1743 Nescio
2596 1701 2694 1742 vos
2718 1686 2934 1758 (Matth.
2964 1703 3092 1752 xxv,
3120 1688 3209 1761 12)
3247 1708 3261 1742 :
3290 1706 3309 1740 ι
3342 1690 3397 1743 in

1811 1790 1877 1832 eo
1906 1791 2032 1831 vero
2053 1778 2195 1847 quod
2223 1778 2518 1832 sententias
2542 1816 2557 1841 ,
2598 1784 2652 1831 et
2673 1791 2781 1830 non
2808 1776 3016 1832 addidit
3038 1777 3227 1846 quales
3252 1817 3268 1842 ,
3291 1777 3395 1833 bo—

1811 1882 1912 1923 nas
1934 1869 2120 1939 utique
2149 1869 2467 1938 accipimus,
2496 1884 2631 1939 quas
2655 1869 2872 1938 quidem
2883 1869 3135 1939 imperitis
3151 1870 3405 1926 asseritis

1811 1963 2135 2016 sermonibus
2184 1962 2452 2017 involutas
2484 2003 2497 2027 ,
2545 1961 2670 2030 quia
2723 1975 2848 2016 cum
2900 1960 3082 2016 verbis
3120 1961 3400 2033 jactantiaa

1812 2048 2027 2105 fuerunt
2045 2050 2282 2120 prolatae.
2311 2050 2596 2120 lmperitiae
2615 2051 2813 2121 quippe
2842 2050 3034 2105 vitium
3060 2063 3162 2117 est,
3189 2062 3399 2108 rectum

1811 2155 1917 2197 non
1945 2150 2091 2196 recte
2112 2154 2320 2211 sapere,
2349 2142 2399 2194 id
2421 2148 2525 2206 est,
2546 2140 2770 2196 cmleste
2791 2141 2990 2197 donum
3014 2142 3080 2197 ad
3098 2142 3397 2211 appetitum

1812 2242 2039 2289 terrenae
2082 2232 2255 2288 laudis
2298 2232 2576 2287 inclinare.
2613 2232 2765 2287 Sicut
2796 2231 3087 2301 Apostolus
3116 2234 3194 2287 ait
3235 2251 3249 2286 :
3284 2251 3303 2285 ί
3337 2232 3398 2287 Si

1812 2326 1933 2398 quis
1970 2340 2030 2381 se
2064 2325 2338 2381 existimat
2366 2324 2507 2379 scire
2557 2324 2761 2396 aliquid
2790 2364 2804 2389 ,
2854 2324 3092 2379 nondum
3140 2325 3401 2396 cognovit

1811 2418 2266 2488 quemadmodum
2289 2424 2537 2488 oporteat
2564 2431 2688 2471 eum
2713 2416 2857 2472 seire
2882 2416 2932 2489 (Ι
2967 2413 3091 2470 Cor.
3120 2429 3240 2482 vm,
3261 2415 3345 2486 2).
3371 2434 3403 2468 ιτ

1813 2508 2075 2579 Sequitur
2109 2527 2123 2563 :

1882 2600 2044 2656 Vsus.
2094 2599 2149 2655 5.
2202 2600 2425 2669 Accinge
2465 2600 2599 2653 sicut
2646 2600 2722 2653 vir
2766 2597 2970 2653 lumbos
3014 2608 3152 2652 tuos.
3179 2627 3250 2637 —
3284 2595 3401 2652 Viri

1812 2690 2065 2746 nimirum
2089 2698 2237 2757 sunt,
2259 2691 2349 2760 qui
2379 2691 2503 2769 vias
2520 2688 2730 2746 Domini
2763 2690 2993 2746 fortibus
3013 2698 3197 2744 etnon
3224 2690 3399 2745 disso-

128 2788 425 2855 metipsum
450 2783 706 2855 loquitur,
724 2784 835 2839 sola
857 2783 1014 2839 nobis
1035 2784 1088 2839 vi
1108 2784 1333 2837 interna!
1354 2780 1724 2850 inspirationis
1750 2784 1796 2848 C
1827 2779 1954 2835 lutis
1986 2780 2262 2849 gressibus
2288 2789 2618 2849 sequuntur,
2648 2788 2707 2834 ut
2735 2780 2863 2835 illud
2887 2797 2903 2835 :
2933 2799 2955 2832 ‹
2989 2779 3237 2836 Viriliter
3258 2781 3403 2852 agite

126 2878 398 2948 aperitur,
428 2877 699 2945 verboque
728 2873 844 2943 ejus
884 2874 1002 2930 sine
1039 2873 1218 2928 verbis
1264 2887 1327 2927 ac
1356 2871 1579 2943 syllabis
1618 2884 1718 2925 cor
1821 2868 1995 2938 (Psu't.
2018 2885 2125 2924 xxx
2153 2913 2166 2937 ,
2198 2870 2312 2941 25).
2370 2889 2391 2922 ι
2426 2871 2492 2925 Et
2546 2871 2598 2926 in
2637 2870 2966 2925 Proverbiis.
3002 2888 3020 2921 ι
3063 2870 3109 2926 0
3145 2870 3245 2924 viri
3277 2910 3292 2936 ,
3331 2872 3402 2926 ad

128 2967 382 3023 docetur.
410 2965 505 3022 Dei
534 2967 675 3021 enim
705 2966 902 3022 locutio
929 3006 945 3032 ,
974 2966 1041 3020 ad
1066 2980 1163 3019 nos
1186 2963 1512 3019 intrinsecus
1537 2962 1676 3017 facta
1700 3000 1715 3027 ,
1818 2979 1925 3023 vos,
1953 2965 2175 3022 clamito
2219 2963 2401 3037 (Prov.
2436 2981 2551 3032 vm,
2582 2967 2660 3036 ιι).
2698 2986 2716 3020 ι
2764 2965 3001 3021 Lumbos
3046 2981 3177 3022 vero
3221 2968 3404 3023 acciri-

126 3058 349 3114 videtur
372 3059 551 3128 potius
577 3072 738 3129 quam
769 3057 1001 3111 auditur.
1025 3055 1158 3112 Cum
1177 3055 1319 3112 enim
1347 3069 1441 3125 per
1470 3054 1719 3133 angelum
1817 3071 1949 3129 gere
1983 3067 2087 3123 est,
2128 3057 2216 3112 vel
2254 3058 2308 3112 in
2335 3072 2498 3128 opere
2525 3058 2799 3113 luxuriam
2827 3100 2842 3123 ,
2868 3058 2953 3112 vel
2990 3061 3048 3113 in
3074 3060 3403 3129 cogitatione

129 3147 401 3202 Dominus
431 3146 763 3201 voluntatem
793 3161 945 3201 suam
988 3146 1193 3200 indicat
1220 3186 1234 3211 ,
1281 3144 1570 3214 aliquando
1596 3159 1718 3197 eam
1819 3145 2119 3202 refrenare.
2176 3146 2314 3203 Hinc
2349 3149 2493 3203 enim
2538 3149 2800 3219 scriptum
2833 3159 2917 3204 est
2962 3168 2977 3205 :
3017 3168 3036 3201 ι
3079 3152 3200 3205 Sint
3236 3150 3401 3206 lumbi

127 3240 338 3304 verbis,
360 3238 645 3308 aliquando
671 3237 830 3292 rebus
853 3238 1206 3302 demonstrat;
1229 3230 1428 3302 verbis,
1459 3244 1518 3290 ut
1544 3232 1672 3289 illud
1701 3251 1715 3288 :

134 3348 155 3381 ι
196 3330 267 3385 Et
311 3328 605 3385 elariticavi
630 3370 644 3395 ,
670 3338 725 3383 et
763 3329 960 3382 iterum
1005 3326 1318 3383 clariﬂeabo
1367 3325 1549 3397 (Joan.
1594 3340 1670 3379 xu
1702 3365 1716 3389 ,

126 3420 269 3493 28);
312 3438 331 3474 ι
375 3422 554 3484 rebus,
586 3428 647 3474 ut
680 3419 953 3486 Ezechiel,
986 3418 1192 3490 qui'nil
1246 3417 1427 3472 verbis
1473 3417 1713 3481 audivit,

127 3511 329 3567 electri
361 3520 542 3566 tamen
570 3509 802 3579 speciem
847 3510 900 3564 in
929 3509 1103 3563 medio
1137 3508 1274 3579 ignis
1311 3507 1461 3561 vidit.
1516 3507 1572 3561 In
1602 3508 1719 3577 qui-

126 3602 237 3657 bus
264 3601 448 3671 itaque
480 3596 741 3656 Mediator
773 3598 866 3655 Dei
901 3606 955 3654 et
988 3598 1265 3653 hominum
1288 3596 1713 3661 demonstratur,

126 3694 432 3765 aliquando
466 3694 645 3749 verbis
673 3693 833 3748 simul
873 3700 929 3747 et
959 3691 1139 3755 rebus,
1187 3698 1249 3744 ut
1300 3688 1474 3743 illud:
1518 3707 1536 3739 ι
1581 3689 1717 3744 Cum

126 3788 385 3843 audisset
427 3780 598 3841 Aliam
641 3800 823 3840 vocem
864 3784 1075 3838 Domini
1112 3782 1207 3837 Dei
1246 3781 1639 3838 deambulantis
1664 3784 1719 3838 in

125 3876 397 3947 paradiso
422 3874 489 3928 ad
513 3889 698 3928 auram
719 3881 840 3943 post
867 3871 1164 3935 meridiem,
1197 3893 1225 3921 ι»
1252 3879 1306 3925 et
1330 3871 1533 3941 reliqua
1563 3871 1715 3944 (Gen.

126 3982 195 4021 ιιι
221 4006 238 4032 ,
266 3966 667 4038 8).Aliquando
698 3965 1042 4036 imaginibus,
1071 3964 1213 4019 sicut
1243 3962 1412 4019 Jacob
1435 3964 1715 4019 subnixam

1820 3238 1981 3292 vestri
2010 3238 2285 3307 prmeineti
2314 3237 2467 3309 (Luc.
2510 3254 2629 3305 xu,
2666 3240 2779 3309 55).
2823 3259 2842 3292 ι
2879 3240 3045 3296 Beato
3093 3242 3259 3311 igitur
3300 3240 3402 3297 Job

1817 3327 2130 3395 praccipitur
2157 3336 2256 3393 ut,
2290 3329 2742 3397 quemadmodum
2782 3330 2935 3400 prius
2978 3329 3249 3386 luxuriam
3279 3348 3401 3387 cor-

1818 3417 2082 3487 ruptionis
2111 3418 2356 3484 vicerat,
2386 3435 2529 3475 nunc
2573 3421 2739 3475 etiam
2792 3421 3059 3477 luxuriam
3100 3425 3396 3493 restringat

1817 3506 2083 3562 elationis.
2130 3506 2266 3562 llinc
2307 3522 2404 3579 per
2430 3507 2645 3581 Moysen
2672 3510 2911 3565 dicitur:
2951 3529 2969 3561 ι
3012 3512 3397 3568 Circumcidite

1819 3599 2076 3668 praeputia
2115 3598 2294 3653 cordis
2337 3600 2503 3653 vestri
2549 3600 2728 3670 (Deut.
2777 3616 2841 3663 x,
2878 3600 2986 3672 l6).
3037 3618 3056 3652 ι
3093 3600 3394 3672 Sequitur:

1818 3688 2157 3759 Interrogabo
2179 3701 2249 3755 te,
2271 3703 2316 3743 et
2341 3693 2588 3761 responde
2621 3694 2768 3748 mihi.
2799 3693 3076 3751 —Tribns
3098 3696 3271 3751 modis
3298 3711 3398 3753 nos

1818 3780 2079 3835 Conditor
2125 3782 2461 3853 interrogare
2511 3787 2791 3840 consuevit
2835 3803 2849 3839 :
2887 3801 3009 3839 cum
3065 3796 3158 3840 aut
3200 3788 3397 3857 ﬂagelli

1820 3873 2156 3929 districtione
2180 3890 2279 3930 nos
2301 3876 2552 3945 percutit,
2587 3887 2642 3931 et
2670 3886 2874 3948 quanta
2905 3879 3061 3934 nobis
3102 3880 3230 3935 insit
3258 3922 3272 3946 ,
3303 3883 3392 3937 vel

1821 3967 1983 4033 desit,
2008 3968 2264 4039 patientia
2288 3971 2546 4035 ostendit,
2574 3980 2632 4024 ut
2662 3972 2716 4025 in
2744 3972 2900 4027 beato
2928 3971 3028 4027 Job
3048 3974 3390 4042 ostenditur;

124 4057 281 4113 creto
308 4057 509 4113 scalam
541 4057 813 4114 dormiens
841 4058 971 4113 vidit
1005 4056 1158 4129 (Cen.
1184 4057 1526 4129 xxvm,12),
1578 4058 1719 4113 sicut
1747 4122 1789 4132 _
1822 4066 1942 4123 aut,
1974 4059 2217 4128 quzedam
2266 4074 2383 4130 qua:
2416 4060 2666 4116 volumus
2694 4061 2940 4132 praecipit
2968 4103 2982 4130 ,
3045 4071 3101 4119 et
3152 4074 3396 4120 nostram

126 4147 338 4204 Petrus
368 4147 597 4204 linteum
631 4148 912 4219 reptilibus
946 4122 1163 4219 plenum
1193 4150 1329 4221 (Act.
1367 4164 1422 4215 x,
1450 4122 1559 4221 ll»).
1604 4149 1716 4203 Ali-
1744 4122 1796 4181 D
1823 4122 2384 4206 nobis-obedientiam
2440 4122 2712 4222 patefacit:
2770 4122 2924 4209 Sicut
2969 4122 3243 4210 bbrabam
3285 4167 3397 4213 ter-

126 4238 359 4308 quando
386 4238 696 4295 coelestibus
738 4238 1055 4295 substantiis
1084 4281 1098 4306 ,
1143 4249 1203 4294 ut
1251 4238 1379 4294 illud
1407 4279 1423 4305 ,
1473 4240 1540 4296 de
1576 4241 1719 4295 nube

124 4329 368 4385 sonuit:
413 4347 434 4382 ι
468 4329 569 4386 Hie
591 4339 679 4385 est
711 4329 878 4386 Filius
902 4345 1053 4385 meus
1080 4330 1306 4386 dilectus
1337 4329 1551 4401 (Matth.
1584 4347 1719 4398 xvu,

122 4420 214 4492 5).
262 4437 283 4472 s
326 4418 632 4491 Aliquando
661 4421 893 4476 terrenis
938 4421 1289 4484 substantiis,
1319 4430 1462 4476 sxcut
1506 4420 1722 4477 Balaam

122 4510 473 4581 eorripuitin
488 4526 586 4566 ore
613 4512 776 4566 asinae
798 4512 1032 4566 humana
1065 4511 1228 4565 verba
1267 4510 1507 4566 formans
1530 4509 1723 4584 (Nunt.

125 4615 280 4667 xm,
304 4601 422 4673 28).
452 4600 760 4671 Aliquando
792 4602 1023 4657 terrenis
1051 4601 1211 4657 simul
1233 4609 1285 4656 et
1307 4601 1616 4657 caelestibus
1647 4601 1725 4655 si-

125 4691 254 4747 mul
284 4692 641 4759 substantiis,
686 4692 825 4748 sicut
850 4692 1018 4763 Moysi
1046 4692 1270 4763 loquens
1300 4691 1473 4763 ignem
1501 4691 1727 4748 rubum-

122 4798 248 4854 que
296 4785 524 4841 sociavit
552 4782 752 4856 (Exod.
782 4798 867 4850 Ill,
890 4782 967 4853 5).
1018 4781 1411 4852 Nonnunquam
1460 4796 1591 4837 vero
1622 4782 1727 4836 hu-

123 4874 319 4930 manis
366 4875 624 4931 cordibus
665 4872 832 4926 etiam
892 4887 989 4943 per
1042 4873 1262 4945 angelos
1324 4871 1466 4927 Deus
1518 4879 1727 4928 secreta

120 4980 332 5025 eorum
357 4967 644 5039 praesentia
671 4965 926 5021 virtutem
956 4979 1065 5020 sua:
1118 4964 1465 5036 aspirationis
1508 4961 1725 5018 infudit.

125 5059 294 5117 Unde
327 5060 622 5117 Zacharias
650 5059 730 5112 ait
760 5075 773 5112 :
809 5075 828 5109 ‹
871 5056 1016 5112 Dixit
1044 5058 1112 5113 ad
1138 5071 1225 5112 me
1252 5056 1475 5126 angelus
1504 5056 1595 5127 qui
1650 5054 1729 5106 ln-

121 5156 408 5224 qnebatur
440 5157 491 5211 in
515 5168 606 5211 me
638 5147 827 5222 (Zach.
858 5164 898 5215 ι,
926 5148 1036 5222 15);
1078 5170 1097 5203 ι
1132 5158 1187 5206 et
1214 5149 1376 5220 paulo
1408 5157 1563 5218 post:
1599 5165 1616 5196 ι
1664 5144 1730 5200 Ει

118 5258 261 5302 ecce
295 5248 520 5318 angelus
552 5243 653 5316 qui
684 5241 1004 5311 loquebatur
1026 5241 1081 5296 in
1112 5256 1232 5311 me,
1255 5240 1667 5310 egrediebatur,
1703 5254 1723 5287 ι

113 5345 178 5390 et
208 5337 426 5400 reliqua
459 5333 654 5400 (Zach.
686 5345 747 5396 ll,
786 5329 862 5400 5).
900 5330 1087 5385 Utrum
1118 5340 1299 5387 autem
1327 5331 1486 5385 beato
1509 5324 1612 5382 Job
1633 5337 1731 5392 per

1825 4253 1942 4293 ram
1991 4254 2144 4294 suam
2189 4239 2410 4309 jubetur
2467 4243 2645 4312 egredi
2677 4283 2692 4308 ,
2760 4245 3066 4316 unicunque
3117 4248 3401 4305 immolare

1829 4328 1997 4384 ﬁlium
2057 4327 2209 4401 (Gen.
2272 4347 2422 4397 xxu,
2472 4332 2548 4404 2).
2593 4332 2703 4387 Aut
2758 4334 2938 4405 aliqua
2980 4338 3135 4393 nobis
3186 4339 3401 4395 occulta

1828 4419 2002 4488 aperit
2027 4428 2082 4474 et
2101 4419 2279 4489 aliqua
2303 4422 2607 4487 abscondit,
2637 4431 2692 4477 et
2719 4437 2974 4479 mensura
3005 4425 3157 4481 nobis
3197 4438 3400 4484 nostra

1826 4511 2146 4567 humilitatis
2169 4512 2477 4568 innoteseit.
2506 4511 2643 4568 [line
2672 4515 2932 4585 scriptum
2977 4524 3061 4571 est
3090 4534 3103 4571 :
3141 4535 3161 4569 s
3207 4517 3401 4589 Palpe-

1825 4602 1938 4656 brae
1957 4603 2074 4675 ejus
2106 4604 2440 4674 interrogant
2471 4603 2608 4660 ﬁlios
2632 4605 2909 4660 hominum
2952 4605 3120 4677 (Psal.
3173 4623 3231 4673 x,
3256 4609 3334 4675 5).
3375 4629 3393 4660 ι

1827 4696 1907 4750 Ae
1939 4697 1986 4752 si
2011 4711 2140 4768 ergo
2163 4696 2321 4752 beato
2356 4697 2457 4752 Job
2507 4698 2720 4753 dicatur
2756 4714 2770 4750 :
2809 4696 3001 4754 Verbis
3049 4699 3117 4754 ad
3150 4699 3417 4773 Sublimia

1828 4788 2226 4844 consideranda
2255 4797 2305 4842 te
2332 4789 2511 4843 excito
2537 4828 2551 4853 ,
2594 4793 2650 4840 et
2673 4785 2819 4851 dum,
2862 4799 2926 4841 ea
2975 4802 3094 4856 qua:
3138 4801 3298 4855 super
3348 4795 3403 4841 te

1829 4887 1975 4942 sunt,
1999 4879 2209 4934 nescire
2230 4864 2509 4947 perSpicis,
2538 4874 2849 4943 tibimetipsi
2872 4885 2922 4931 te
2935 4876 3195 4931 notiorem
3211 4874 3404 4932 reddo.

1830 4964 1985 5022 Tunc
2012 4967 2156 5023 enim
2183 4966 2315 5021 mihi
2342 4977 2473 5022 vere
2503 4963 2824 5033 respondes,
2854 4964 2902 5018 si
2937 4977 3057 5032 qum
3083 4963 3299 5032 ignoras
3319 4978 3410 5018 tn-

1831 5057 2049 5129 telligis.
2077 5057 2333 5129 Sequitur
2364 5072 2377 5109 :
3469 5041 3490 5074 ’τ

1902 5147 2071 5204 Vens.
2100 5149 2155 5204 4.
2204 5147 2302 5202 Ubi
2344 5164 2462 5205 eras
2503 5144 2716 5219 quando
2756 5144 3010 5213 ponebam
3060 5141 3411 5211 fundamenta

1831 5248 1988 5294 terra:
2007 5240 2033 5294 ?
2051 5240 2196 5294 —In
2230 5237 2510 5307 Scriptura
2536 5248 2692 5293 sacra
2721 5234 2852 5300 quid
2893 5233 3034 5287 aliud
3062 5231 3414 5293 futuiamenta

1831 5342 1996 5397 quam
2016 5330 2401 5400 praedicatores
2442 5322 2773 5396 accipimus?
2818 5322 2981 5389 Quos,
3026 5320 3177 5376 dum.
3204 5322 3415 5392 primos
