3934 5400
591 393 693 450 451

1507 382 1566 441 5.
1608 381 1856 440 ODONIS
1894 383 2161 441 ABBATI!

2268 382 2722 441 LUNIACENSIS
2763 384 2801 439 ιι
3724 395 3799 455 ,3,

595 521 814 570 uxxvt,
842 504 915 576 l).
956 521 975 556 ι
1011 499 1284 572 Singulari
1313 506 1491 555 autem
1521 512 1746 553 numero
1773 496 2180 552 fundamentum
2211 509 2248 560 Α
2286 497 2338 551 in
2362 496 2474 552 suis
2523 497 2736 553 actibus
2779 505 2974 553 servet.
3007 497 3128 552 Ideo
3151 497 3292 553 enim
3323 514 3417 570 per
3451 515 3599 581 saera
3631 505 3796 580 eloquia

593 599 854 655 Dominus
879 594 1166 666 accipitur,
1199 593 1263 647 de
1286 607 1394 662 quo
1434 599 1487 646 et
1535 589 1728 644 Paulus
1759 589 1871 643 ait:
1903 609 1921 642 ι
1956 588 2176 644 Funda-

595 700 836 744 mentum
874 685 1019 740 aliud
1050 698 1208 739 nemo
1256 690 1431 752 potest
1459 696 1682 750 ponere,
1714 691 1915 749 prmter
1962 680 2012 734 id
2037 677 2180 748 quod

589 780 821 847 positum
837 785 941 843 est,
960 775 1100 845 quod
1115 773 1460 828 esthristns
1480 770 1637 826 Jesus
1668 769 1717 840 (1
1743 769 1866 824 Cor.
1896 786 1981 835 ιιι,
2008 769 2116 840 ll).
2154 787 2172 819 ι

587 874 664 924 Ac
704 869 746 924 si
781 869 924 924 enim
961 869 1117 922 beato
1149 863 1248 918 Job
1287 865 1598 918 diceretur;
1636 859 1903 916 Virtutem
1958 859 2176 914 fortium

586 959 894 1021 considera,
948 971 1141 1024 meque
1197 968 1386 1008 eorum
1447 961 1571 1005 ante
1631 949 1824 1004 saecula
1881 949 2174 1003 Auctorem

586 1066 776 1120 pensa,
807 1059 862 1104 et
891 1062 1013 1103 cum
1060 1060 1152 1102 eos
1179 1061 1317 1115 quos
1348 1045 1401 1099 in
1427 1054 1666 1114 tempore
1702 1043 1920 1098 condidi
1951 1041 2176 1097 mirabi-

585 1142 662 1196 les
685 1138 936 1208 suspicis,
961 1137 1232 1206 perpende
1261 1143 1521 1206 quantum
1573 1133 1731 1190 subdi
1762 1133 1978 1195 debeas,
2012 1148 2172 1202 quem

583 1233 878 1286 Auctorem
908 1227 1240 1282 mirabilium
1277 1226 1394 1280 sine
1438 1235 1678 1295 tempore
1706 1238 1827 1279 esse
1867 1223 2169 1295 cognoscis.

583 1323 928 1377 MORALITER.
954 1319 1012 1374 Si
1043 1317 1342 1387 peccatoris
1375 1316 1586 1370 animus
1616 1315 1791 1386 pulvis
1813 1325 1923 1377 est,
1959 1313 2171 1369 dicente

582 1413 904 1468 Psalmista:
941 1429 960 1463 ι
1005 1409 1119 1464 Νοιι
1175 1409 1254 1465 sic
1294 1409 1462 1477 impii,
1495 1422 1599 1460 non
1640 1407 1742 1471 sic,
1779 1405 1873 1460 sed
1909 1413 2166 1479 tanquam

582 1507 776 1577 pulvis,
807 1524 826 1557 ι
866 1514 920 1559 et
952 1502 1154 1572 reliqua
1191 1500 1364 1570 (Psal.
1398 1515 1438 1565 ι,
1472 1499 1552 1569 4),
1604 1498 1680 1552 nil
1724 1496 1904 1552 obstat
1943 1495 2166 1567 intelligi

587 1608 786 1652 terram
811 1595 1044 1649 animam
1069 1591 1219 1661 justi,
1260 1591 1326 1646 de
1349 1607 1455 1661 qua
1487 1591 1747 1660 scriptum
1777 1599 1899 1644 est:
1935 1607 1954 1640 ε
1999 1587 2166 1644 Terra

581 1689 724 1745 enim
758 1701 899 1756 stupe
940 1685 1244 1740 venientem
1287 1699 1448 1753 super
1473 1697 1532 1737 se
1574 1682 1766 1736 bibens
1813 1679 2064 1743 imbrem,
2112 1686 2168 1733 et

579 1792 846 1848 generans
883 1776 1106 1831 herbam
1137 1783 1497 1845 opportunam
1531 1770 1636 1826 illis
1666 1785 1694 1824 a
1725 1769 1922 1840 quibus
1949 1768 2162 1834 colitur,

2281 586 2492 642 subtilis
2523 599 2646 644 ante
2679 603 2775 642 nos
2814 598 3122 644 sanctorum
3168 591 3276 644 vita
3313 591 3640 662 exjanditur,
3661 610 3796 656 utno-

2278 685 2391 732 stra
2420 691 2583 747 opera
2616 677 2698 731 vel
2722 679 2930 732 minora
2961 680 3268 750 proficiant,
3297 681 3378 735 vel
3432 683 3622 751 majora
3660 693 3794 745 mode.

2280 777 2490 834 rentur,
2533 779 2802 838 quatenus
2831 785 2932 825 nec
2960 769 3136 824 minus
3171 781 3398 826 conetur
3449 775 3648 842 explere
3681 794 3794 836 mens

2276 874 2438 929 quam
2485 858 2702 926 sumcit,
2734 874 2833 915 nec
2876 860 2996 930 plus
3045 863 3269 933 arripiat
3292 879 3454 934 quam
3499 868 3699 936 accepit.
3726 869 3794 925 Se-

2275 951 2492 1019 quitur:

2347 1039 2510 1093 Vuus.
2543 1039 2596 1094 6.
2627 1037 2796 1110 Super
2816 1057 2967 1110 quem
2997 1041 3142 1096 bases
3173 1041 3314 1095 illius
3339 1041 3574 1097 solidata:
3598 1047 3795 1100 sunt?—

2275 1131 2566 1197 Subaudis,
2600 1132 2703 1188 nisi
2749 1149 2912 1202 super
2935 1150 3042 1199 tne,
3081 1133 3172 1204 qui
3211 1144 3403 1188 cuncta
3447 1135 3792 1194 mirabilitcrte

2271 1236 2390 1285 nec,
2426 1230 2481 1276 et
2524 1221 2678 1276 bouis
2713 1222 3076 1277 exterioribus
3119 1223 3262 1278 intus
3288 1224 3650 1294 principaliter
3671 1229 3789 1299 origi-

2271 1327 2394 1368 nem
2443 1313 2685 1384 praesto?
2734 1312 2906 1382 Hujus
2939 1324 3098 1368 terra:
3127 1313 3305 1378 bases,
3357 1326 3556 1371 sanetze
3599 1317 3790 1373 Ecclesia

2270 1403 2520 1458 doctores
2549 1403 2810 1474 suut,qui
2858 1405 2984 1458 dum
3039 1412 3185 1459 recta
3233 1405 3530 1474 pradicant
3574 1415 3623 1462 et
3647 1408 3789 1478 prndio

2269 1493 2468 1549 cationi
2513 1509 2627 1550 sua:
2675 1495 2907 1550 vivendo
2984 1495 3354 1561 concordant,
3412 1511 3569 1553 onme
3631 1501 3787 1568 pondus

2267 1584 2526 1640 Ecclesia:
2558 1585 2663 1639 lixa
2703 1600 2914 1640 morum
2942 1601 3161 1641 suorum
3214 1587 3482 1657 gravitate
3525 1597 3784 1643 sustentant.

2267 1675 2500 1732 Possunt
2527 1692 2623 1748 per
2649 1677 2806 1733 bases
2833 1677 3000 1732 etiam
3044 1677 3320 1749 prophetae
3347 1678 3573 1748 signari,
3599 1679 3676 1748 qui
3697 1680 3784 1733 dum

2264 1769 2424 1840 primi
2471 1779 2655 1839 aperte
2684 1770 2748 1824 de
2781 1769 3058 1826 Dominica
3087 1770 3465 1825 incarnatione
3510 1769 3655 1824 locuti
3679 1781 3784 1829 sunt.

580 1870 778 1939 accipit
826 1867 1259 1925 benedictionem
1309 1864 1497 1936 (Hebr.
1551 1879 1624 1928 v1,
1652 1860 1727 1929 7).
1766 1880 1784 1914 ι
1841 1859 1946 1915 Sed
2004 1859 2164 1928 hujus
2195 1850 2236 1910 Β
2267 1860 2422 1930 quasi
2452 1861 2714 1932 quasdam
2744 1859 2902 1921 bases
2930 1875 3022 1916 eos
3047 1861 3415 1932 conspicimus
3443 1875 3472 1914 a
3504 1859 3785 1915 fundamento

581 1973 738 2017 terra:
759 1961 1170 2016 fundamentum
1191 1956 1323 2012 ﬁdes
1345 1964 1447 2010 est.
1475 1954 1607 2010 Cum
1629 1953 1770 2009 enim
1796 1966 1900 2006 non
1926 1951 2166 2006 credenti

578 2062 778 2107 aeterna
807 2051 940 2106 ﬁdes
976 2049 1161 2116 datur,
1195 2049 1261 2102 ad
1303 2046 1590 2102 aedilicium
1630 2045 2007 2115 subsequentis
2032 2059 2164 2114 ope-

584 2142 661 2197 ris
707 2142 818 2212 jam
867 2139 1276 2195 fundamentum
1307 2137 1541 2208 ponitur.
1573 2135 1706 2191 Cum
1755 2144 1934 2190 autem
1982 2135 2029 2188 ei
2073 2135 2170 2204 qui

579 2232 790 2288 venturi
817 2231 1007 2302 judicii
1036 2239 1297 2284 terrorem
1329 2226 1577 2295 despicit,
1629 2225 1868 2296 peccatis
1890 2240 1949 2279 se
1983 2225 2165 2280 carnis

586 2331 639 2377 et
662 2322 886 2392 spiritus
915 2321 1178 2376 audenter
1200 2317 1442 2381 involvit,
1483 2324 1706 2385 repente
1749 2313 2052 2368 futurorum
2098 2313 2165 2368 ti-

578 2431 698 2470 mor
723 2413 1039 2478 infundiutr,
1067 2411 1302 2466 utbonte
1343 2409 1464 2464 vitae
1503 2418 1688 2479 surgat
1713 2406 2024 2471 tedilicium,
2048 2407 2162 2476 jam

577 2503 926 2558 fundamenta
975 2509 1384 2557 construuntur.
1458 2499 1537 2555 Ae
1589 2499 1635 2554 si
1681 2512 1810 2568 ergo
1861 2497 2163 2563 justiﬁeato

574 2594 846 2664 peccatori
877 2593 1092 2649 Veritas
1117 2590 1264 2646 dicat
1289 2607 1302 2645 :
1343 2589 1584 2644 Virtutes
1617 2604 1649 2643 a
1673 2603 1762 2644 me
1785 2597 2036 2657 acceptas
2065 2586 2160 2642 tibi

575 2699 682 2739 non
709 2685 944 2750 tribuas;
977 2683 1086 2738 noli
1118 2692 1307 2737 contra
1339 2696 1426 2736 me
1446 2665 1522 2737 'de
1550 2694 1672 2735 meo
1701 2693 1922 2734 munere
1952 2678 2156 2734 extolli.

574 2774 833 2846 Sequitur
852 2793 864 2830 :

647 2868 814 2924 Vens.
846 2868 900 2922 5.
933 2865 1120 2922 Indica
1142 2868 1271 2922 mihi
1301 2868 1347 2922 si
1375 2867 1534 2922 habes
1573 2864 2001 2937 intelligentiam:
2026 2865 2160 2934 Quis

573 2958 746 3028 posuit
783 2972 1054 3012 mensuras
1081 2958 1218 3027 ejus,
1242 2957 1288 3010 si
1315 2959 1450 3012 nosti
1473 2957 1498 3010 ?
1537 2955 1628 3010 Vel
1677 2957 1792 3027 quis
1821 2958 2035 3011 tetendit
2063 2975 2159 3012 su-

573 3065 666 3117 per
691 3064 808 3102 eam
841 3062 1141 3102 mensuram
1165 3047 1316 3102 linea:
1345 3047 1460 3101 ?—
1484 3047 1540 3102 In
1579 3061 1799 3102 carnem
1834 3056 2012 3101 autem
2049 3048 2155 3102 Do-

575 3138 754 3193 minus
783 3139 848 3192 ad
891 3138 1187 3194 Ecclesium
1230 3139 1452 3194 veniens
1482 3154 1763 3194 mensuras
1812 3147 1970 3194 terra:
2000 3139 2156 3196 lineis

577 3232 798 3286 mensu‘s
832 3241 934 3294 est,
967 3232 1090 3300 quia
1141 3231 1274 3287 lines
1306 3231 1560 3287 Ecclesia:
1587 3231 1782 3286 occulti
1806 3231 1994 3300 judicii
2023 3233 2152 3287 suh-
2184 3203 2230 3266 ο
2261 3203 2442 3305 ρίιΙειιι
2465 3203 2637 3304 queui
2655 3235 3078 3306 reprobaverunt
3101 3203 3458 3303 adiﬁcantes,
3487 3255 3506 3289 ι
3539 3247 3630 3292 etc.
3649 3234 3766 3307 (Pul.

577 3323 771 3378 tilitate
822 3323 1085 3379 distinxit.
1139 3323 1338 3379 Paulus
1390 3339 1626 3394 namque
1691 3323 1990 3394 apostolus,
2032 3339 2155 3379 cum

577 3411 903 3466 Macedoniae
921 3413 1215 3482 prmdicare
1230 3412 1549 3484 negligeret,
1573 3427 1672 3482 per
1696 3413 1869 3467 visum
1894 3413 1966 3466 illi
1995 3427 2158 3482 appa-

577 3505 685 3559 ruit
711 3505 794 3559 vir
815 3504 1032 3560 Macedo
1054 3505 1146 3575 qui
1167 3505 1402 3560 diceret:
1441 3525 1459 3556 ‹
1495 3504 1788 3560 Transiens
1809 3505 1863 3559 in
1906 3505 2156 3560 Macedo-

577 3593 723 3648 niam
762 3593 954 3664 adjnva
1005 3609 1102 3648 nos
1157 3593 1296 3665 (Act.
1346 3609 1458 3659 xvt,
1499 3593 1576 3662 ἓ).
1619 3612 1638 3646 ι
1689 3593 1758 3648 At
1794 3602 1981 3649 contra
2019 3595 2159 3649 sicut

577 3685 841 3754 scriptum
881 3693 996 3739 est:
1027 3703 1044 3734 ‹
1079 3683 1384 3739 Tentabaut
1403 3683 1628 3754 apostoli
1653 3685 1800 3738 irein
1824 3684 2154 3756 Bithyniam,

575 3785 770 3830 etnon
811 3774 1060 3843 permisit
1110 3789 1204 3829 eos
1253 3773 1489 3844 Spiritus
1533 3771 1666 3828 Jesu
1705 3775 1844 3832 (Act.
1872 3789 1985 3838 xvi,
2015 3773 2089 3843 7).
2133 3793 2152 3826 ι

575 3869 714 3924 Dum
745 3881 874 3936 ergo
901 3867 1282 3936 praedicatores
1317 3864 1489 3920 sancti
1545 3874 1602 3920 et
1632 3874 1894 3919 vocantur
1938 3865 2005 3918 ad
2042 3863 2154 3917 Ma-

575 3960 878 4024 cedoniam,
917 3967 972 4014 et
1004 3959 1098 4013 ab~
1113 3958 1239 4012 Asia
1285 3957 1661 4028 prohibentur,
1690 3957 1790 4011 ista
1823 3955 2154 4010 occultarqu

574 4067 954 4109 mensurarum
979 4050 1117 4104 linea
1144 4049 1254 4104 illic
1282 4049 1440 4105 ducta
1468 4056 1570 4112 est,
1600 4047 1724 4102 hinc
1746 4047 1986 4101 reducta.
2013 4045 2155 4100 Intra

577 4147 673 4200 has
702 4159 830 4215 ergo
860 4158 1142 4199 mensuras
1168 4151 1293 4198 sunt
1312 4157 1500 4196 omnes
1529 4139 1708 4204 electi,
1735 4146 1887 4193 extra
1918 4139 2016 4194 has
2042 4153 2158 4193 om-

573 4254 674 4294 nes
704 4237 939 4308 reprobi,
967 4237 1177 4292 etiamsi
1207 4237 1348 4290 intra
1379 4234 1499 4289 lidei
1531 4233 1759 4288 limitem
1793 4245 1915 4286 esse
1942 4232 2158 4286 videan-

570 4339 684 4386 tur.
715 4329 1056 4383 Mammaea.
1091 4327 1223 4394 Quis
1255 4327 1399 4382 cnim
1429 4334 1609 4389 terrae,
1644 4323 1694 4378 id
1725 4330 1826 4390 est,
1849 4321 2009 4392 justae
2036 4322 2158 4378 ani-

2265 1966 2517 2022 surgrre,
2564 1960 2617 2006 et
2645 1952 2998 2022 superposita:
3029 1950 3246 2008 fabricae
3280 1953 3517 2024 pondera
3558 1952 3780 2008 sustinere.

2269 2041 2422 2098 Unde
2459 2042 2525 2096 ad
2563 2041 2780 2114 Moysen
2822 2043 3081 2100 Dominus
3121 2057 3244 2098 cum
3279 2042 3610 2098 tabernaculi
3633 2041 3782 2097 tabulis

2263 2134 2400 2204 erigi
2435 2134 2712 2205 prmcepit,
2763 2133 2917 2189 fundi
2946 2149 3130 2190 earum
3169 2134 3328 2190 bases
3377 2144 3645 2204 argenteas
3659 2133 3778 2203 jubet.

2263 2223 2606 2280 Mensurae.
2643 2224 2807 2281 Bases
2849 2224 3271 2297 uniuscujusque
3300 2226 3499 2280 animae
3527 2235 3637 2281 sunt
3660 2227 3780 2281 inten-

2264 2317 2439 2372 tiones
2483 2331 2614 2372 suae.
2663 2315 2795 2370 Nam
2829 2316 2974 2373 sicut
3020 2317 3226 2373 fabrica
3260 2317 3557 2380 columnis,
3584 2316 3780 2372 columna

2263 2419 2442 2465 autem
2473 2410 2694 2466 hasibus
2735 2409 3078 2466 innituntur:
3118 2411 3190 2466 ita
3225 2411 3334 2466 vita
3373 2421 3550 2467 nostra
3591 2412 3636 2467 in
3661 2410 3780 2464 virtu-

2267 2499 2430 2564 tibus,
2464 2501 2689 2555 virtutes
2729 2515 2858 2555 vero
2888 2501 2942 2555 i'n
2973 2500 3162 2556 intima
3199 2500 3506 2557 intentione
3531 2501 3774 2556 subsistunt.

2261 2591 2328 2646 Et
2355 2592 2479 2662 quia
2513 2593 2776 2664 scriptum
2813 2601 2898 2650 est
2932 2609 2946 2648 :
2978 2612 2997 2646 ι
3037 2593 3471 2649 Fundamentum
3517 2594 3643 2648 aliud
3667 2607 3776 2648 nemo
3868 2655 3869 2664 ξ

2261 2661 2437 2753 potest
2464 2661 2686 2752 ponere,
2736 2703 2755 2736 ι
2787 2693 2895 2740 etc.
2924 2683 2976 2756 (I
3020 2684 3144 2740 Cor.
3201 2701 3282 2750 ιιι,
3320 2686 3434 2755 ll),
3462 2695 3582 2741 tunc
3604 2684 3773 2740 basesin
3868 2661 3869 2681 ‘

2259 2774 2607 2830 fundamento
2642 2785 2786 2842 sunt,
2815 2792 2939 2832 eum
2963 2779 3295 2835 intentiones
3327 2789 3524 2836 nostra:
3552 2781 3598 2833 in
3619 2778 3773 2834 Christo
3866 2769 3867 2785 ‘

2260 2865 2601 2920 roborantur.
2623 2865 2754 2922 Nam
2769 2867 3004 2924 inaniter
3022 2868 3274 2940 quislibet
3288 2885 3503 2934 summa
3519 2885 3660 2941 opera
3682 2868 3770 2922 facit

2259 2957 2302 3012 si
2320 2965 2427 3012 tcta
2446 2957 2744 3014 intentione
2761 2960 2940 3015 cordis
2953 2975 3093 3015 verte
3106 2962 3230 3016 vitae
3242 2962 3466 3032 praemia
3484 2978 3580 3017 non
3595 2959 3769 3030 requirit.

2261 3049 2518 3118 Sequitur
2546 3065 2559 3104 :
2598 3051 2701 3104 Aut
2732 3052 2850 3122 quis
2878 3053 3076 3107 dimisit
3103 3052 3332 3124 lapidem
3363 3054 3646 3125 angularem
3665 3049 3771 3122 ejus?
3860 3089 3861 3099 ι

2257 3173 2326 3182 -
2348 3143 2510 3214 Lapis
2537 3144 2811 3213 angularis
2839 3145 2928 3201 ille
2957 3155 3040 3200 est
3065 3146 3132 3202 de
3151 3162 3256 3216 quo
3271 3148 3534 3219 scriptum
3550 3157 3646 3203 est:
3668 3143 3768 3198 «La.
3858 3185 3859 3203 η

2259 3339 2426 3390 cxvn,
2472 3323 2588 3394 22.)
2641 3323 2741 3391 Qui
2775 3326 2902 3379 dum
2955 3327 3007 3380 in
3045 3340 3104 3381 se
3150 3324 3438 3382 Judaicum
3490 3326 3768 3398 gentilemque

2257 3417 2510 3487 populum
2536 3417 2796 3487 suscepit,
2821 3417 2873 3471 in
2897 3433 3001 3471 una
3029 3416 3285 3472 Ecclesiae
3307 3416 3515 3474 fabrica
3535 3417 3663 3488 quasi
3681 3415 3767 3467 duos

2256 3507 2495 3576 parietes
2528 3503 2728 3574 junxit.
2780 3504 2918 3561 Hinc
2965 3507 3108 3562 enim
3153 3507 3420 3577 scriptum
3469 3517 3546 3563 est
3577 3521 3591 3560 :
3626 3502 3766 3559 «Ferit

2257 3604 2485 3665 utraque
2527 3611 2692 3649 unum
2723 3593 2942 3668 (Epltes.
2978 3610 3036 3660 ιι,
3069 3595 3158 3667 14)
3182 3637 3196 3662 ,
3237 3614 3256 3648 ›
3291 3597 3422 3666 quia
3451 3595 3766 3666 angularemsa

2259 3685 2484 3756 lapidem
2515 3701 2621 3741 non
2647 3687 2822 3742 solum
2860 3687 2912 3742 in
2959 3687 3329 3754 inferioribus,
3360 3690 3454 3745 sed
3488 3699 3540 3744 et
3564 3689 3610 3742 in
3634 3696 3761 3755 super-

2257 3777 2345 3831 nis
2392 3777 2677 3842 exhibuit,
2713 3777 2840 3848 quia
2871 3787 2926 3832 et
2969 3778 3022 3832 iu
3057 3787 3201 3834 terra
3230 3778 3374 3849 plebi
3405 3779 3676 3835 Israelitica
3703 3787 3763 3828 tu-

2258 3865 2435 3921 tiones
2487 3866 2728 3936 gentium
2781 3876 2838 3922 et
2881 3875 3111 3938 utraque
3159 3868 3318 3923 simul
3375 3869 3572 3941 angelis
3608 3867 3651 3922 in
3673 3862 3762 3918 celo

2256 3955 2503 4020 sociavit,
2521 3972 2587 4011 eo
2606 3957 2805 4028 quippe
2827 3967 2954 4012 nato
2979 3957 3352 4014 clatnaverunt
3381 3959 3578 4030 angeli:
3603 3975 3618 4008 ι
3639 3953 3761 4011 Gloria

2256 4050 2309 4104 in
2338 4048 2567 4102 excelsis
2595 4049 2723 4114 Deo,
2755 4059 2810 4105 et
2833 4049 2888 4104 in
2914 4059 3061 4105 terra
3085 4066 3190 4122 pax
3223 4051 3535 4107 hominibus
3559 4051 3681 4105 bonae
3702 4058 3760 4095 ιο·

2257 4139 2480 4193 luntatis
2511 4136 2664 4208 (Luc.
2698 4154 2758 4204 ιι,
2782 4139 2892 4210 ll).
2935 4159 2954 4193 ι
2991 4139 3335 4196 Μοιιλιιτειι.
3385 4141 3542 4211 Lapis
3561 4133 3759 4208 angularis

2255 4237 2338 4285 est
2367 4229 2432 4283 ad
2481 4244 2636 4285 sacra
2682 4229 2897 4300 eloquia
2939 4231 3246 4288 intellectus
3296 4231 3510 4302 duplex,
3541 4228 3644 4298 quia
3677 4235 3757 4278 tunc

2255 4321 2512 4376 divinitus
2553 4321 2846 4376 dimittitur
2877 4361 2894 4388 ,
2943 4323 3158 4393 quando
3202 4337 3537 4394 nequaquam
3581 4315 3758 4373 districto

572 4437 678 4477 mae
707 4421 1175 4488 mensurasponit,
1207 4417 1306 4472 nisi
1329 4416 1591 4473 Conditor
1607 4423 1814 4480 noster,
1842 4415 1932 4484 qui
1955 4413 2154 4469 interni
2249 4409 2452 4478 judicio
2480 4410 2792 4480 ignorantiae
2812 4425 2924 4466 suae
2954 4412 3188 4468 tenebris
3209 4411 3464 4482 illigatur,
3490 4411 3573 4467 sed
3593 4405 3754 4478 quadam

570 4514 756 4587 judicii
783 4521 993 4568 secreto
1029 4509 1411 4569 moderamine,
1446 4507 1534 4560 alii
1562 4521 1866 4562 sermonem
1892 4505 2150 4568 scientiae,

574 4605 664 4661 alii
694 4605 905 4675 plenam
933 4603 1110 4661 fidem,
1139 4601 1227 4655 alii
1273 4599 1500 4670 gratiam
1549 4599 1864 4664 sanitatum,
1899 4597 1988 4652 alii
2021 4611 2149 4667 ope-

575 4699 842 4754 rationem
869 4697 1148 4758 virtntum,
1178 4693 1266 4747 alii
1301 4692 1637 4762 praphetiam
1685 4689 1987 4752 tribuit?”
2026 4688 2150 4744 Cor.

576 4805 676 4854 xu,
710 4794 764 4853 8,
789 4789 842 4852 9,
872 4785 982 4856 10.)
1024 4784 1115 4840 Sic
1141 4788 1320 4854 itaque
1338 4783 1562 4838 Creator
1585 4791 1768 4836 uoster
1797 4795 1860 4835 ac
1883 4781 2156 4850 dispensa-

576 4889 665 4934 tor
693 4887 884 4933 cuncta
915 4877 1243 4941 moderatur,
1279 4883 1334 4928 ut
1363 4874 1452 4943 qui
1480 4871 1660 4927 extolli
1688 4878 1896 4941 poterat
1917 4885 1981 4924 ex
2015 4871 2155 4927 dono

573 4971 723 5039 quod
769 4968 951 5032 habet,
983 4966 1294 5021 humilietur
1322 4979 1388 5018 ex
1419 4962 1616 5016 virtute
1647 4975 1938 5032 quamnon
1971 4962 2150 5017 habet.

574 5062 675 5116 Sic
703 5048 1076 5131 unusquisque
1116 5056 1260 5128 quod
1296 5071 1404 5110 non
1456 5052 1684 5122 accepit,
1712 5053 1960 5107 iualtero
1986 5053 2156 5122 possi-

2259 4503 2508 4557 libertate
2553 4501 2870 4573 perfruitur,
2919 4503 3044 4558 dum
3093 4503 3147 4558 in
3194 4504 3477 4573 praeceptis
3520 4501 3600 4556 Dei
3623 4491 3752 4552 sullicit

2261 4592 2344 4648 vel
2373 4593 2719 4663 exsequendo
2771 4593 3045 4648 exteriora
3094 4608 3274 4665 agere,
3314 4593 3400 4648 vel
3429 4582 3752 4656 contemplando

2258 4683 2472 4740 interna
2497 4685 2718 4740 sentire.
2750 4684 3068 4741 lncarnatus
3094 4686 3238 4740 enim
3265 4683 3577 4754 Redemptor
3601 4675 3749 4732 veniens

2257 4788 2488 4848 utraque
2527 4777 2806 4844 exhibuit,
2839 4779 2891 4834 in
2925 4794 2983 4835 se
3014 4791 3245 4848 utraque
3293 4777 3542 4839 sociavit;
3574 4766 3749 4825 videlicet

2258 4867 2493 4923 activam
2545 4875 2602 4922 et
2638 4867 3113 4938 contemplativam
3158 4868 3344 4931 vitam,
3394 4867 3461 4920 ad
3504 4861 3626 4934 quod
3660 4869 3746 4910 nun-

2258 4971 2420 5026 quam
2449 4963 2634 5011 noster
2659 4956 2964 5014 intellectus
2999 4967 3341 5029 assurgeret,
3370 4957 3468 5010 nisi
3498 4953 3575 5008 ille
3598 4949 3649 5004 ad
3669 4956 3744 4999 sus-

2259 5047 2561 5118 cipiendam
2589 5056 2828 5102 nostram
2856 5048 3066 5104 veniret
3091 5057 3357 5104 naturam.
3386 5047 3462 5102 Ac
3493 5044 3532 5100 si
3565 5034 3744 5110 ergoD0'

579 5153 729 5216 deat,
751 5159 813 5204 ut
833 5121 943 5219 ipse
971 5121 1471 5214 alteri'possideudo
1515 5141 1657 5211 quod
1705 5142 1914 5212 accepit
1942 5121 2160 5196 humili-
2246 5141 2444 5207 minus
2469 5139 2673 5196 diceret
2702 5157 2715 5194 :
2743 5139 2874 5207 Quis
2902 5141 3110 5195 dimisit
3140 5139 3367 5211 lapidem
3399 5121 3742 5219 angularem

561 5221 668 5295 Iter
691 5213 986 5300 impendat.
1018 5213 1368 5288 llinciPetrus
1399 5233 1504 5286 ait:
1549 5250 1567 5282 ‹
1616 5231 1998 5303 Unusquisque
2020 5233 2160 5287 sicut
2265 5245 2383 5302 ego,
2415 5230 2632 5285 unicum
2679 5245 2836 5300 quem
2881 5231 2999 5286 sine
3044 5239 3284 5301 tempore
3323 5228 3508 5300 genui,
3543 5213 3740 5324 servat:iis
