3934 5400
164 307 259 367 tas
799 286 1099 370 senum:
1133 312 1498 371 uomuuu
1537 311 1597 370 s.
1634 309 1847 371 cura.
1889 312 1955 369 lN
1992 314 2130 373 JOB.
2172 350 2241 360 η-
2280 318 2406 376 un.
2452 321 2682 377 xxvut.

3303 331 3409 386 ιω

162 425 536 498 subsequentis
571 425 751 482 saeculi
801 442 898 499 per
926 427 1099 484 lucem
1135 429 1416 499 sapientiae
1446 424 1731 484 existendo
1757 430 1811 485 Δ
1907 427 2067 484 Vens.
2096 428 2148 485 9.
2174 430 2303 485 Cum
2328 449 2573 503 ponerem
2603 434 2787 488 nubem
2812 437 3168 493 vestimentum
3201 440 3336 511 ejus,
3360 451 3415 497 et

160 527 555 586 pnerenerunt.
584 515 729 572 Bene
765 527 945 572 autem
969 517 1187 574 additur
1206 517 1384 586 simul,
1411 519 1537 589 quia
1567 518 1730 573 nimi-
1832 516 2056 585 caligine
2090 518 2224 573 illud
2257 523 2411 591 quasi
2434 523 2623 589 pannis
2663 524 2716 577 in
2742 524 2879 594 facie
2902 526 3141 595 infantia:
3169 530 3407 586 obvolvc~

163 622 274 662 rum
300 608 403 677 ipsi
434 607 616 673 electi,
657 606 833 679 angeli
856 608 1017 664 etiam
1047 624 1170 664 cum
1195 610 1507 680 redemptis,
1540 608 1592 662 iu
1626 608 1732 662 line
1832 624 1960 662 rem.
1985 638 2058 652 —-
2086 609 2230 667 Mare
2259 613 2488 669 saevit-us
2518 614 2659 669 nube
2684 616 2940 680 induitur,
2968 618 3095 688 quia
3118 621 3412 679 crudelitas

160 698 343 752 mundi
372 698 679 754 hominibus
705 698 1009 771 largitatem
1040 700 1228 771 gratia:
1253 716 1499 771 superna:
1524 699 1730 772 glorili-
1832 702 2272 771 persequentium
2299 703 2540 758 stultitia:
2588 721 2697 760 sua:
2723 706 3025 763 velamento
3054 712 3299 767 vestitur.
3325 713 3414 768 ln-

158 797 302 855 caut,
333 790 498 845 simul
527 790 781 857 laudant,
829 792 954 863 quia
984 794 1111 848 dum
1137 808 1235 849 nos
1264 794 1603 863 conspiciunt
1642 808 1729 848 re-
1834 791 2095 860 terposita
2126 791 2268 845 enim
2297 791 2526 862 caligine
2554 792 2890 850 infidelitatis
2911 811 3042 862 suae,
3072 799 3408 868 perspicuam

158 881 282 950 cipi,
333 887 491 936 suum
545 882 781 952 gaudent
830 898 1111 938 numerum
1160 884 1387 955 repleri,
1441 884 1728 939 dicentes:
1833 882 2078 937 veritatis
2104 882 2278 937 lucem
2309 883 2492 939 videre
2520 898 2627 939 non
2659 885 2877 950 sufficit,
2912 897 2967 941 et
3016 887 3069 944 id
3122 890 3265 959 quod
3303 891 3416 961 agit

162 990 180 1021 ο
212 972 400 1028 Gloria
425 972 480 1026 in
505 972 739 1028 excelsis
769 972 899 1037 Deo,
958 991 978 1026 ι
1011 983 1117 1029 etc.
1144 973 1299 1045 (Luc.
1327 990 1388 1039 ιι,
1422 974 1533 1045 μὴ
1561 973 1736 1027 Aliter
1833 989 1931 1046 per
1958 975 2294 1032 crudelitatis
2340 975 2649 1047 impulsum,
2685 994 2783 1048 per
2807 981 3069 1036 caecitatis
3116 998 3227 1038 sua:
3255 983 3416 1039 meri-

156 1064 417 1117 inclutinn
455 1075 601 1117 astra
625 1064 901 1128 dicuntur,
940 1064 1065 1135 quia
1096 1080 1238 1135 saepe
1268 1065 1334 1120 ad
1368 1063 1736 1120 exhortandus
1800 1072 1948 1121 'tum
1995 1080 2102 1121 non
2151 1069 2415 1139 agnoscit.
2446 1086 2466 1119 ι
2502 1067 2637 1122 Nam
2691 1069 2736 1125 si
2789 1071 3191 1141 eugnovisseut,
3225 1093 3243 1127 ι
3278 1074 3418 1129 sicut

157 1156 407 1210 homines
435 1155 585 1210 missi
618 1162 783 1221 sunt;
821 1162 900 1220 et,
926 1154 1053 1210 dum
1083 1165 1368 1212 venturum
1398 1171 1558 1212 mane
1598 1170 1736 1211 nun-
1836 1158 1912 1212 ait
1926 1156 2233 1228 Apostolus,
2254 1177 2272 1211 ς
2312 1174 2581 1230 nunquam
2606 1159 2890 1217 Dominum
2914 1163 3097 1232 gloriae
3117 1166 3418 1220 crucilixis-

155 1245 315 1310 tiant,
347 1244 418 1299 ab
447 1246 700 1301 humanis
726 1246 983 1301 cordibus
1023 1245 1306 1314 prtesentis
1335 1247 1458 1301 vita:
1488 1246 1737 1302 tenebras
1802 1250 1805 1255 ’
1837 1256 1959 1303 sent
1987 1246 2040 1318 (Ι
2069 1245 2191 1302 Cor.
2229 1263 2292 1312 ιι,
2316 1247 2394 1320 8).
2434 1267 2453 1300 ι
2494 1248 2620 1304 [hec
2660 1259 2840 1305 autem
2891 1253 3062 1308 nubes
3113 1270 3219 1308 non
3243 1254 3417 1310 solum

156 1336 364 1406 fugant.
389 1335 688 1406 Sequitur:
721 1335 792 1391 Et
827 1336 1122 1408 jubilarent
1160 1352 1338 1392 omnes
1377 1336 1477 1405 ﬁlii
1522 1336 1638 1390 Dei.
1666 1365 1738 1376 --
1838 1337 1975 1395 solet
2018 1336 2261 1394 infideles
2287 1348 2442 1392 extra
2489 1339 2693 1409 positos
2722 1356 2993 1410 premere,
3024 1343 3118 1397 sed
3156 1343 3417 1413 quosdam

150 1425 414 1482 .lubilatio
435 1427 633 1498 quippe
659 1428 878 1493 dicitur,
908 1443 1030 1482 cum
1054 1428 1236 1483 cordis
1263 1427 1466 1491 laetitia,
1489 1427 1601 1483 oris
1624 1426 1738 1481 elii-
1838 1428 2002 1484 etiam
2030 1427 2274 1484 viventes
2298 1429 2591 1484 carnaliter
2620 1429 2761 1484 intra
2789 1430 3086 1487 Ecclesiam
3115 1434 3417 1488 tenebrare.

153 1520 332 1586 cacia,
362 1535 469 1575 non
501 1521 768 1590 expletur.
810 1520 1030 1576 Lauden
1076 1520 1262 1590 itaque
1289 1519 1485 1590 angeli,
1511 1519 1603 1590 qui
1625 1519 1737 1591 jam
1839 1517 1977 1573 Hinc
2000 1517 2143 1573 enim
2173 1517 2430 1589 scriptum
2447 1527 2568 1574 est:
2598 1538 2616 1569 ι
2645 1518 2879 1590 Opposui
2903 1522 3121 1588 nubem,
3152 1536 3218 1577 ne
3241 1530 3423 1579 trans-

153 1620 326 1668 tanta:
350 1612 615 1668 claritatis
666 1611 1003 1667 latitudinem
1050 1612 1102 1666 in
1149 1611 1471 1667 sublimibus
1519 1611 1736 1673 vident;

146 1704 386 1774 jubilcnt
425 1718 556 1760 vero
583 1703 831 1760 homines
851 1743 866 1769 ,
897 1703 989 1773 qui
1023 1703 1203 1758 adhuc
1247 1700 1599 1757 inferioribus
1626 1700 1738 1756 uris

1840 1619 1930 1665 eat
1953 1610 2129 1664 oratio
2157 1607 2373 1680 (Thren.
2405 1625 2489 1676 ιιι,
2517 1609 2631 1681 ιι).
2669 1631 2688 1664 ι
2723 1611 2824 1677 Qui
2850 1612 2996 1667 enim
3032 1621 3245 1668 terrena
3287 1613 3424 1668 assi-

1843 1701 1946 1757 due
1973 1701 2197 1772 cogitat,
2221 1702 2346 1772 quia
2376 1700 2511 1766 vult,
2541 1700 2658 1758 haec
2680 1702 2844 1758 etiam
2874 1703 3069 1758 tolerat
3096 1703 3151 1758 in
3176 1704 3426 1760 oratione

152 1770 232 1853 sui
264 1798 553 1869 angustias
577 1797 863 1853 sustinent.
890 1770 1043 1863 Qua,
1090 1794 1217 1866 quia
1243 1801 1394 1850 certo
1419 1793 1601 1849 futura
1627 1792 1735 1847 Do-
1767 1770 1813 1830 Β
1840 1808 1963 1848 cum
2001 1770 2110 1847 non
2144 1770 2276 1847 vult.
2309 1792 2511 1848 Pannis
2536 1793 2736 1864 quippe
2766 1792 3007 1849 infantia:
3041 1795 3205 1865 pedes
3226 1803 3281 1850 et
3300 1796 3426 1850 bra-

149 1893 339 1947 minus
358 1898 603 1955 noverat,
626 1904 734 1945 non
757 1896 869 1944 tam
888 1887 1134 1944 facienda
1155 1886 1392 1942 insinuat
1410 1900 1571 1957 quam
1595 1883 1737 1940 facta

149 1991 368 2039 narrat.
396 1982 657 2054 Sequitur
686 2000 702 2039 :

220 2074 396 2131 Vsus.
429 2072 484 2129 8.
527 2071 659 2140 Quis
684 2072 938 2128 conclusit
968 2072 1116 2127 ostiis
1141 2087 1306 2137 mare,
1330 2069 1541 2142 quando
1566 2085 1741 2125 erum-

146 2163 313 2233 pebat
335 2162 488 2234 quasi
512 2163 578 2217 de
602 2162 754 2218 vulva
777 2162 1059 2229 procedens
1081 2162 1106 2217 2
1128 2191 1198 2202 -
1227 2160 1364 2228 Quid
1392 2161 1538 2216 enim
1566 2175 1737 2227 mare,

148 2254 255 2309 nisi
302 2252 744 2324 persequentium
784 2253 974 2308 turbas
1002 2252 1342 2323 accipimus?
1370 2250 1554 2306 Vulva:
1592 2251 1739 2307 enim

149 2342 403 2408 nomine,
431 2342 668 2410 occulta,
703 2351 759 2399 et
801 2341 1066 2399 malitiosa
1089 2382 1105 2409 ,
1138 2350 1195 2397 et
1241 2341 1542 2398 carnalium
1590 2341 1741 2411 cogi-

149 2436 296 2491 tatio
339 2435 676 2508 designatur.
726 2436 803 2491 De
844 2437 948 2492 hac
993 2436 1152 2491 vulva
1196 2435 1380 2493 cordis
1430 2435 1739 2506 iniquorum

144 2526 296 2581 alias
320 2525 550 2582 dicitur:
586 2545 606 2580 ι
645 2526 904 2599 Concepit
940 2528 1204 2595 dolorem,
1234 2548 1255 2580 ι
1281 2538 1387 2584 etc.
1419 2526 1591 2598 (Psal.
1625 2543 1699 2582 vn
1725 2568 1740 2594 ,

148 2614 268 2685 15.)
315 2615 645 2688 Erumpebat
686 2619 831 2675 enim
885 2635 1038 2675 mare
1073 2623 1228 2692 quasi
1263 2621 1330 2676 de
1367 2619 1520 2675 vulva
1562 2635 1744 2691 proce-

144 2709 314 2775 dens,
345 2724 471 2766 cum
520 2712 789 2767 minarum
839 2712 1180 2769 saecularium
1229 2712 1424 2769 fluctus
1461 2713 1515 2767 in
1543 2719 1745 2768 sanctae

147 2800 422 2857 Ecclesia:
448 2801 726 2857 interitum
754 2804 1012 2861 saevirent
1036 2820 1052 2871 ;
1081 2805 1174 2860 sed
1197 2813 1421 2861 auctore
1454 2803 1566 2859 Deo
1591 2802 1747 2859 ostiis

145 2889 484 2946 conclusum
513 2900 619 2958 est,
665 2892 791 2963 quia
820 2904 1009 2950 contra
1041 2901 1282 2951 tumores
1306 2893 1746 2965 persequentium

145 2981 340 3036 sancti
383 2981 485 3037 viri
523 2982 755 3053 oppositi
798 2992 946 3050 sunt,
976 2992 1036 3039 ut
1065 2999 1252 3041 eorum
1282 2984 1560 3040 miraculis
1589 2991 1748 3054 atque

145 3069 472 3125 reverentia
500 3072 595 3126 irae
629 3074 1067 3142 persequentium
1098 3073 1501 3145 frangerentur.
1527 3074 1700 3129 Aliter
1727 3091 1740 3127 :

1774 3119 1822 3182 C

1838 1882 1960 1939 chia
1991 1883 2456 1952 constringuntur.
2497 1882 2633 1950 Quia
2682 1898 2813 1955 ergo
2861 1893 3234 1953 persecutores
3293 1899 3424 1939 san-

1838 1984 1939 2033 cta:
1988 1975 2244 2031 Ecclesiae
2276 1975 2506 2046 puerilia
2535 1974 2773 2045 sapiunt,
2812 1974 2975 2045 justis
2995 1984 3207 2045 semper
3233 1988 3430 2029 nocere

1838 2066 2044 2132 volunt,
2090 2066 2183 2121 sed
2232 2066 2435 2131 divina,
2494 2064 2896 2137 dispensatione
2941 2063 3243 2130 constricti,
3302 2064 3431 2134 quia

1840 2155 2025 2212 volunt
2066 2154 2289 2210 brachia
2329 2170 2436 2209 non
2495 2155 2813 2219 extendunt,
2859 2164 2915 2209 et
2957 2154 3000 2210 si
3038 2163 3236 2210 cuncta
3288 2152 3430 2208 mala

1839 2256 2154 2318 perpetrare
2178 2235 2371 2301 leviter
2420 2252 2697 2315 appetunt,
2742 2257 3085 2316 nequaquam
3121 2254 3299 2301 tamen
3329 2245 3429 2299 im-

1840 2341 1988 2413 plere
2034 2346 2231 2396 cuncta
2276 2352 2397 2409 quae
2446 2343 2707 2409 appetunt
2753 2333 3165 2408 permittuntur.
3231 2340 3425 2396 Aliter.

1845 2430 2049 2487 Nubem
2080 2430 2223 2485 Deus
2251 2429 2605 2484 vestimentum
2639 2427 2837 2498 posuit,
2868 2428 2995 2484 dum
3042 2427 3298 2500 populum
3338 2426 3433 2484 .lu-

1842 2522 2080 2577 datorum
2107 2520 2177 2575 ab
2203 2532 2395 2573 errore
2423 2515 2663 2588 perfidiae
2703 2517 2925 2587 eripuit,
2956 2531 3056 2573 nec
3102 2525 3282 2573 tamen
3323 2517 3433 2571 illis

1832 2610 2149 2668 claritatem
2173 2608 2256 2665 sui
2278 2607 2496 2661 luminis
2508 2605 2781 2677 patefecit,
2801 2607 2955 2677 quasi
2975 2621 3039 2661 ex
3070 2607 3308 2662 tenebris
3336 2621 3431 2662 eos

1844 2700 2088 2765 abstulit,
2137 2697 2233 2754 sed
2256 2697 2433 2752 adhuc
2459 2696 2603 2752 nube
2626 2696 2864 2752 vestivit.
2892 2695 3062 2764 Quem
3102 2696 3267 2751 etiam
3304 2710 3400 2750 ver

1844 2794 2039 2850 borum
2067 2806 2286 2848 suorum
2310 2791 2543 2862 caligine
2569 2789 2722 2861 quasi
2752 2789 2947 2860 pannis
2988 2787 3233 2844 infantia:
3261 2788 3435 2843 invul-

1828 2888 1947 2953 'vit,
1979 2886 2239 2942 dum‘non
2265 2893 2450 2955 aperta
2476 2883 2701 2955 spiritus
2731 2882 3129 2953 przedicatione,
3157 2882 3252 2938 sed
3290 2895 3432 2951 prae-

1848 2978 2023 3049 ceptis
2055 2977 2249 3032 littera:
2310 2975 2585 3031 astrinxit.
2614 2974 2867 3030 Infirmus
2917 2989 3151 3045 namque
3210 2972 3437 3045 populus

1834 3080 1974 3124 cum
2019 3076 2411 3140 praeceptorum
2466 3082 2678 3139 pannos
2732 3067 2922 3123 uolens
2972 3067 3218 3138 pertulit,
3254 3066 3322 3121 ad
3351 3066 3441 3119 fir-

145 3159 263 3214 Pcr
300 3175 451 3216 mare
487 3162 590 3218 hoc
617 3162 873 3219 sacculum
901 3164 1151 3235 accipere
1181 3164 1481 3225 debemus;
1512 3165 1750 3221 secundo
1774 3158 1822 3182 “
1853 3162 2078 3218 miurem
2102 3169 2302 3216 statum
2322 3175 2389 3215 cx
2418 3159 2533 3231 ipsa
2579 3174 2674 3216 sua
2721 3159 2981 3231 ligatione
3004 3159 3273 3231 pervenit.
3303 3158 3442 3213 llisc

143 3258 360 3305 contra
388 3250 493 3308 hoc
534 3268 688 3309 mare
733 3254 993 3311 Dominus
1038 3256 1176 3312 ostia
1218 3257 1511 3328 Opposuit,
1543 3258 1668 3327 quia
1695 3262 1751 3312 et

143 3338 323 3408 prius
343 3339 581 3397 humano
611 3344 794 3412 generi
840 3353 1109 3416 praecepta
1145 3345 1301 3415 legis,
1326 3355 1383 3402 et
1410 3347 1752 3417 postmodum

144 3444 326 3485 novm
372 3432 564 3502 gratia:
593 3432 998 3490 Testamentum
1040 3436 1209 3493 dedit.
1242 3437 1401 3494 Prius
1429 3439 1572 3493 enim
1609 3437 1754 3495 Deus

142 3521 225 3576 ab
268 3522 541 3590 operibus
585 3523 888 3593 iniquitatis
930 3526 1207 3597 prohibuit
1239 3522 1515 3605 dicendo:
1553 3548 1573 3581 ι
1634 3527 1752 3584 Νοιι

142 3613 410 3670 occides.
462 3612 579 3671 Non
620 3616 1018 3684 muechaberis,
1056 3638 1075 3672 ι
1113 3628 1219 3674 etc.
1257 3618 1474 3691 (Exod.
1518 3635 1625 3688 xx,
1657 3620 1756 3685 l5,

139 3703 280 3775 14.)
342 3702 696 3762 Postmodum
743 3708 909 3763 etiam
957 3723 989 3763 a
1034 3709 1364 3779 cogitatione
1404 3709 1590 3781 culpas
1622 3725 1759 3766 cun-

142 3794 402 3849 strinxit
426 3833 443 3859 ,
479 3795 710 3852 dicendo
742 3814 755 3851 :
807 3815 827 3849 ι
866 3796 1057 3854 Omnis
1099 3798 1194 3869 qui
1245 3798 1443 3855 viderit
1476 3798 1759 3854 mulierem

141 3886 227 3943 ad
272 3888 773 3958 concupiscendum
814 3886 954 3958 eam,
990 3908 1009 3942 ι
1038 3899 1144 3946 etc.
1174 3889 1399 3963 (Matth.
1424 3907 1480 3957 v,
1512 3874 1639 3964 28);
1669 3899 1758 3947 et:

149 3999 175 4035 ι
199 3980 441 4053 Diligite
466 3981 714 4038 inimicos
740 3992 1003 4049 vestros,»
1020 3992 1126 4040 etc.
1151 3983 1316 4057 (Ibid.
1340 3984 1458 4055 44.)
1478 3983 1578 4040 Ubi
1601 3984 1765 4040 etiam

141 4080 397 4141 tempus
465 4072 722 4140 ostendit,
768 4087 891 4127 cum
942 4074 1009 4129 de
1047 4076 1207 4129 vulva
1269 4075 1561 4147 procedere
1608 4075 1767 4131 uixit.

137 4166 320 4235 Quia
348 4165 603 4224 videlicet
651 4177 779 4223 tunc
819 4168 1059 4225 humano
1103 4161 1284 4241 generi
1326 4170 1615 4242 praeceptis
1640 4169 1773 4241 legis

137 4255 438 4319 obviavit,
464 4259 685 4328 quando
721 4258 897 4314 adhuc
923 4274 1139 4316 sensum
1173 4275 1285 4316 suze
1312 4261 1507 4332 origini
1536 4260 1773 4315 vicinum

1853 3262 1938 3310 est
1964 3253 2107 3311 enim
2138 3252 2281 3324 quod
2318 3252 2398 3308 eis
2423 3251 2477 3306 in
2509 3251 2628 3323 lege
2652 3268 2671 3303 ι
2694 3251 2920 3309 Uculum
2943 3267 3042 3323 pro
3059 3251 3214 3307 oculo
3235 3249 3433 3321 (Exod.

1854 3361 1970 3412 χχι,
1999 3344 2093 3416 24)
2131 3363 2149 3396 ι
2184 3344 2401 3414 exigere
2436 3342 2772 3414 praecipitur,
2816 3350 2873 3398 et
2901 3342 3226 3413 quandoque
3259 3350 3438 3396 tanien

1858 3436 2092 3493 revelata
2131 3436 2305 3506 gratia
2359 3434 2594 3506 perculsi
2655 3434 2928 3489 maxillam
2975 3434 3136 3489 aliam
3181 3434 3441 3506 jubentur

1822 3523 1826 3527 ’
1859 3528 2117 3597 praebere.
2149 3525 2491 3581 MORALITER.
2565 3524 2710 3581 Mare
2746 3524 3136 3580 tumultuosum
3191 3524 3439 3580 videlicet

1862 3617 2276 3689 cogitationibus
2327 3631 2423 3672 cor
2458 3625 2703 3670 nostrum
2759 3617 2900 3671 nube
2941 3618 3187 3681 vestitur,
3215 3616 3341 3685 quia
3373 3630 3442 3668 ne

1864 3712 1918 3765 in
1946 3718 2217 3764 terrenam
2256 3708 2492 3777 quietem
2526 3722 2659 3776 pure
2688 3708 3010 3777 conspiciat,
3054 3707 3445 3779 inquietudinis

1867 3817 1978 3859 sua:
2017 3801 2332 3858 confusione
2384 3800 2716 3856 tenebratur.
2768 3801 2883 3857 Hoc
2965 3817 3115 3857 mare
3186 3800 3447 3870 caligine,

1866 3894 2022 3965 quasi
2074 3891 2305 3962 infantia
2355 3892 2543 3963 pannis
2599 3892 2921 3959 obvolvitur,
2969 3892 3094 3964 quia
3132 3909 3164 3948 a
3198 3905 3442 3948 contem-

1869 3986 2079 4060 plaudis
2122 3985 2438 4042 subliunibhs
2464 3984 2639 4040 adhuc
2669 3985 2896 4040 terrenis
2940 3984 3190 4039 sensibus
3226 3998 3337 4039 sua:
3368 3982 3455 4037 iu-

1873 4077 2371 4148 flrmilatisligatur.
2388 4074 2521 4130 Hinc
2537 4073 2737 4130 Paulus
2759 4075 2835 4129 ait
2854 4092 2895 4129 τι
2911 4073 3163 4131 Videmus
3192 4089 3333 4129 nunc
3356 4088 3451 4143 per

1873 4167 2151 4240 speculum
2177 4166 2231 4221 in
2257 4165 2558 4237 aenigmate,
2586 4182 2605 4214 ι
2634 4172 2739 4219 etc.
2773 4163 2792 4235 (
2810 4162 2840 4217 Ι
2861 4162 2982 4219 Cor.
3009 4180 3088 4231 ιιι,
3121 4163 3229 4235 1‘2.)
3250 4184 3267 4216 ι
3296 4161 3452 4221 Nunt:

1877 4272 2141 4330 cognosco
2184 4271 2253 4311 ex
2292 4263 2466 4325 parte,
2489 4271 2507 4305 ι
2544 4261 2649 4308 etc.
2682 4252 2900 4326 (ιιιξιι.);
2928 4264 3020 4309 et:
3059 4273 3076 4307 ι
3111 4255 3245 4311 Cum
3275 4268 3451 4310 essem

138 4347 338 4419 quasi
386 4346 456 4403 ab
495 4357 621 4404 ortu
664 4348 887 4420 proprio
941 4351 1007 4406 ad
1041 4349 1342 4422 profectum
1374 4352 1498 4407 vitae
1538 4349 1776 4408 carnalis
1880 4347 2172 4420 parvulus,
2221 4341 2496 4414 sapiebam
2548 4353 2607 4400 ut
2670 4342 2979 4413 parvulus,~
3014 4363 3033 4396 ι
3095 4352 3197 4400 etc.
3244 4340 3456 4415 (Ibid)

136 4436 424 4494 exiebat.
479 4439 561 4494 De
588 4438 749 4493 vulva
778 4439 976 4512 quippe
1024 4440 1316 4511 procedere
1358 4450 1442 4497 est
1491 4441 1546 4497 iu
1593 4440 1766 4496 lucem
1802 4457 1847 4517 ι)
1875 4439 2137 4509 Sequitur
2169 4453 2185 4489 :

135 4528 468 4597 precantis
520 4528 708 4600 gloria:
760 4530 1049 4585 carnaliter
1104 4545 1385 4602 apparere.
1428 4531 1770 4588 Monutrsn.

137 4616 326 4685 Quid
354 4625 438 4674 est
481 4633 658 4685 mare,
688 4618 790 4673 nisi
837 4634 934 4675 cor
960 4628 1221 4702 nostrum
1264 4617 1447 4675 furore
1476 4620 1771 4684 turbidum,

142 4706 327 4762 rixis
367 4721 635 4773 amarum,
675 4706 910 4763 elatione
959 4708 1226 4775 superbiae
1270 4708 1554 4774 tumidum,
1584 4708 1774 4767 fraude

136 4799 409 4857 malitia:
438 4800 771 4857 obscurum?
806 4798 958 4867 Quod
1004 4814 1153 4855 mare
1172 4809 1431 4870 quantum
1458 4800 1645 4857 sreviat
1686 4809 1774 4856 at-

138 4891 365 4948 tendit
386 4893 633 4963 quisquis
682 4892 738 4948 in
788 4907 846 4947 se
892 4890 1132 4948 occultas
1159 4893 1544 4964 cogitationum
1595 4900 1777 4949 tenta-

139 4986 370 5042 siones
391 4984 660 5057 intelligit.
680 4982 864 5062 ,Vulva
891 4984 1034 5039 enim
1070 4999 1254 5053 pravae
1281 4986 1624 5056 cogitationis
1646 4986 1772 5039 ado-

136 5076 448 5132 lescentia
487 5084 591 5132 est.
628 5076 705 5130 De
740 5088 844 5145 qua
879 5090 977 5145 per
1021 5074 1258 5146 Moysem
1306 5076 1566 5133 Dominus
1606 5075 1778 5131 dicit:

1956 4534 2122 4590 Vsus.
2151 4528 2233 4584 l0.
2275 4528 2608 4585 Circumdedi
2642 4526 2772 4582 illud
2799 4527 3032 4583 terminis
3063 4528 3210 4582 meis.
3234 4557 3304 4567 -—
3330 4525 3459 4581 Ter-

1884 4624 2044 4683 miuis
2066 4621 2180 4679 suis
2210 4619 2468 4675 Dominus
2494 4632 2645 4673 mare
2667 4617 2988 4684 circumdat,
3023 4617 3150 4687 quia
3210 4615 3321 4670 iras
3341 4630 3465 4685 pcr-

1860 4712 2223 4787 ‘sequcntium
2254 4709 2575 4782 iudiciorum
2611 4723 2830 4766 suorum
2866 4706 3264 4778 dispensatiune
3291 4703 3467 4759 modi-

1887 4806 2032 4869 ﬁcat,
2062 4811 2122 4857 ut
2151 4801 2326 4856 insani
2354 4799 2545 4853 tumidi
2578 4798 2719 4852 unda
2743 4795 3001 4861 fervoris,
3028 4795 3189 4865 pleno
3218 4792 3466 4865 frangan-

1884 4904 1973 4951 tur
2015 4893 2198 4947 littore
2240 4888 2466 4945 occultae
2504 4886 2936 4958 dispensationis.
2962 4885 3168 4939 Aliter:
3197 4880 3470 4937 Termini‘s

1884 4982 2011 5038 illud
2042 4981 2299 5038 Dominus
2326 4978 2689 5034 circumdedit
2719 4975 2851 5040 suis,
2895 4976 3021 5045 quia
3072 4978 3472 5054 przeccptprum

1886 5072 2058 5128 limite
2092 5070 2345 5143 populum
2390 5069 2585 5124 rudem
2630 5067 2696 5120 ah
2722 5064 3022 5119 immuratis
3054 5057 3477 5134 [immoderatis]

2571 5159 2603 5175 ,0
2648 5156 2720 5176 ..2.
2812 5153 2992 5176 11--.-

3010 5164 3132 5176 --οησι
3203 5145 3481 5176 φακηιῖιιὲρ-
