3934 5400
593 325 702 380 455

1580 324 1636 379 S.
1682 323 1932 381 ODONIS
1965 324 2255 380 ABBATIS
2291 323 2790 382 CLUNIACENSIS
2823 325 2865 378 ll
3689 330 3762 385 #36

597 441 856 494 donorum
908 436 1377 492 distributionibus
1420 435 1651 506 mitigat,
1705 436 1864 490 modo
1906 450 2071 506 agens
2112 450 2179 493 ne
2206 443 2249 498 Α
2278 449 2440 490 amne
2467 435 2609 504 quod
2651 435 2898 504 nequiter
2924 434 3035 504 egit
3065 433 3353 489 erubescit.
3381 431 3520 488 Unde
3564 432 3764 504 peritu.

597 545 761 600 prava
784 531 1058 600 suggestio
1086 528 1152 583 ad
1179 528 1592 585 delectationem
1621 529 1825 593 veniat,
1860 529 2021 584 modo
2047 544 2174 599 pra-

596 637 719 675 vam
750 620 1162 675 delectationem
1202 634 1373 688 usque
1399 621 1465 673 ad
1492 634 1812 674 consensum
1845 620 2029 674 venire
2051 634 2177 688 pro-

596 712 765 767 hibet.
797 707 1188 780 SequiturzEt
1229 709 1381 781 posui
1410 720 1597 764 vectem
1644 717 1692 762 et
1742 709 1899 777 ostia.
1928 738 1999 748 ——
2042 706 2179 772 Quid

598 815 693 871 per
714 801 873 865 ostia,
900 800 1000 856 nisi
1028 799 1411 870 praedicatores
1449 799 1645 854 sancti?
1667 798 1803 866 Quid
1825 813 1921 869 per
1949 807 2176 865 vectem,

598 890 702 944 nisi
730 889 1042 944 incarnatus
1068 888 1327 943 Dominus
1356 888 1705 959 designatur?
1731 887 1831 955 Qui
1863 888 1978 943 hiBC
2032 887 2180 942 vide-

598 978 725 1035 licet
751 979 1141 1045 ostia,’coutra
1185 981 1469 1034 smvientcs
1516 979 1681 1033 maris
1724 979 1983 1048 impetum
2030 987 2181 1034 tanto

597 1071 896 1126 valentiora
937 1071 1206 1142 opposuit,
1235 1079 1437 1140 quanto
1457 1084 1521 1125 ea
1560 1085 1656 1125 sua
1683 1070 2061 1125 observatione
2089 1085 2179 1123 ro-

597 1165 829 1219 boravit.
854 1163 970 1220 Non
1000 1165 1143 1219 enim
1176 1163 1448 1219 immerito
1491 1162 1665 1218 sancti
1708 1162 1845 1216 ostia
1897 1168 2176 1225 vocantur,

597 1256 722 1325 quia
751 1265 806 1310 et
830 1257 1127 1327 ingressum
1161 1255 1405 1309 fidelibus
1436 1254 1704 1326 aperiunt,
1731 1263 1787 1310 et
1820 1264 2035 1310 rursum
2063 1268 2181 1309 sese

597 1343 839 1414 perﬁdis,
873 1360 939 1400 ne
968 1344 1360 1416 ingrediantur,
1392 1350 1688 1413 opponunt.
1716 1342 1791 1398 De
1817 1343 2014 1412 quibus
2040 1341 2178 1396 ostia

597 1437 807 1491 exstitit
853 1435 1045 1492 Petrus
1087 1435 1181 1507 qui
1233 1434 1541 1491 Cornelium
1588 1434 1783 1504 recipit
1820 1442 1876 1489 et
1904 1433 2179 1489 Simonem

598 1525 796 1596 repulit
818 1525 1004 1581 dicens
1033 1545 1045 1580 :
1068 1547 1085 1578 ι
1105 1525 1161 1581 In
1178 1527 1407 1582 veritate
1436 1526 1671 1597 comperi
1693 1526 1948 1596 quoniam
1971 1539 2075 1578 non
2098 1532 2182 1577 est

594 1628 946 1684 personarum
972 1625 1223 1685 acceptor
1247 1614 1543 1687 Deus(Act.
1566 1631 1624 1680 ιι,
1651 1614 1764 1685 54).
1797 1633 1816 1665 ι
1847 1613 1994 1670 Ostia
2017 1614 2179 1668 etiam

600 1713 758 1760 erant
827 1703 989 1773 hujus
1047 1705 1300 1761 Ecclesia:
1353 1706 1550 1777 quibus
1611 1706 1824 1762 dicebat
1872 1706 2177 1764 Dominus:

2279 527 2388 582 lum
2419 528 2743 597 quibusdam
2773 527 3005 585 dicitur:
3039 546 3058 578 ι
3102 526 3274 593 Quem
3301 541 3428 597 ergo
3473 524 3674 582 fructum
3699 532 3765 584 ba-

2277 615 2469 670 huistis
2503 626 2648 681 tunc,
2672 615 2724 671 iu
2748 616 2945 685 quibus
2970 629 3114 670 nunc
3133 614 3483 670 erubescitis?
3508 631 3527 666 ι
3552 613 3693 684 (Rara.
3713 634 3766 683 vt,

2276 708 2392 779 21.)
2426 708 2617 763 Aliter.
2661 707 2809 763 Mare
2862 707 3061 777 quippe
3104 706 3325 777 propria
3374 706 3505 760 ostia
3555 717 3767 763 unseen-

2278 799 2451 864 derat,
2481 801 2609 869 quia
2632 800 2872 857 claustra
2907 800 3040 869 legis
3078 800 3334 870 oppositae
3360 799 3568 855 humani
3601 802 3771 855 tumoris

2278 890 2420 944 unda
2447 890 2695 946 satiebat.
2735 891 2807 946 At
2834 900 3118 961 postquam
3144 892 3373 946 mundus
3409 891 3680 960 oppositum
3699 894 3772 947 sibi

2283 981 2624 1052 Unigenitum
2663 983 2886 1051 reperit,
2928 981 3174 1038 elationis
3213 996 3325 1037 sute
3368 981 3610 1052 impetum
3642 980 3770 1051 fregit,

2279 1082 2336 1128 et
2367 1074 2600 1129 transire
2641 1089 2746 1129 non
2784 1072 2975 1137 valuit,
3004 1073 3129 1143 quia
3171 1073 3289 1143 ejus
3315 1072 3615 1128 fortitudine
3636 1071 3775 1127 furoris
3872 1071 3873 1109 ³

2276 1164 2363 1221 sui
2395 1165 2681 1220 terminum
2707 1164 2949 1220 clausum
2988 1165 3210 1221 invenit.
3244 1164 3381 1219 Hinc
3407 1164 3546 1219 enim
3581 1164 3774 1233 scriptun
3872 1178 3873 1217 ξ

2279 1264 2400 1309 est:
2440 1273 2459 1307 ι
2508 1253 2654 1310 Mare
2695 1254 2827 1308 vidit
2853 1263 2910 1311 et
2958 1253 3094 1325 fugit
3136 1252 3308 1322 (Psal.
3339 1268 3525 1317 cum,
3548 1251 3615 1321 ὃ).
3651 1252 3777 1306 »Ροε-

2281 1354 2405 1400 sunt
2459 1360 2555 1415 per
2601 1344 2741 1401 ostia
2763 1344 2928 1400 etiam
2951 1354 3152 1415 apertae
3173 1344 3451 1415 passiones
3476 1341 3585 1411 ejus
3608 1356 3695 1397 nos
3724 1342 3778 1395 in.

2278 1434 2664 1488 convenienter
2714 1432 2959 1504 intelligi,
3015 1432 3212 1503 quibus
3260 1441 3318 1488 et
3356 1431 3612 1488 occultum
3631 1439 3779 1485 vectem

2280 1524 2479 1593 posuit,
2511 1524 2640 1594 quia
2683 1538 2778 1579 eas
2821 1540 2889 1580 ex
2939 1522 3192 1580 invisibili
3229 1522 3510 1578 divinitate
3558 1520 3778 1577 roboravit.

2280 1615 2481 1670 Contra
2511 1630 2648 1685 quas
2694 1615 2876 1671 mundi
2929 1613 3123 1672 ﬂuetus
3162 1616 3408 1681 veniunt,
3437 1616 3528 1670 sed
3554 1614 3687 1670 fracti
3709 1615 3782 1668 dis-
3874 1613 3875 1675 ἒ

2280 1703 2486 1770 siliunt,
2537 1707 2664 1776 quia
2699 1706 2918 1777 superbi
2953 1722 3047 1762 eas
3096 1706 3329 1763 videndo
3387 1706 3684 1776 despiciunt,
3721 1705 3783 1759 sed

600 1811 621 1843 ι
661 1791 869 1858 Quibus
898 1795 1216 1850 remiseritis
1246 1804 1466 1867 peccata
1497 1795 1844 1851 remittuntur
1876 1797 1977 1863 eis,
2016 1815 2034 1849 ι
2069 1807 2173 1854 etc.
2213 1807 2260 1867 Β
2287 1810 2475 1851 earum
2530 1797 2672 1853 vires
2706 1797 3034 1868 experiendo
3076 1798 3488 1869 pertimescunt.
3513 1796 3781 1852 Monum.

594 1880 777 1951 (Joan.
812 1899 903 1949 xx,
939 1884 1055 1957 ‘22.)
1098 1884 1286 1940 Aliter.
1323 1884 1515 1941 Clausa
1555 1901 1787 1955 namque
1829 1887 1969 1942 ostia
2012 1902 2179 1959 oppo-

593 1973 697 2028 sito
723 1984 876 2030 vecte
903 1977 1248 2031 roborantur.
1293 1974 1511 2037 Vectem
1563 1994 1695 2049 ergo
1736 1978 1995 2033 Dominus
2015 1993 2179 2049 oppo-

596 2066 726 2148 suit,
755 2067 882 2137 quia
905 2076 1091 2122 contra
1122 2068 1351 2126 lascivos
1374 2078 1553 2125 motus
1573 2070 1791 2125 humani
1813 2070 2029 2141 generis
2051 2070 2180 2126 Uni-

597 2155 836 2223 genitum
866 2156 1030 2225 misit,
1072 2159 1199 2228 quia
1226 2170 1492 2231 prmcepta
1518 2160 1781 2230 Spiritalia
1809 2176 1930 2231 qua:
1967 2161 2181 2232 loquen-

597 2244 669 2300 do
689 2246 874 2302 docuit
906 2248 1110 2319 agendo
1134 2249 1405 2305 solidavit.
1435 2250 1694 2322 Sequitur
1726 2270 1739 2305 :

666 2334 831 2393 Vens.
864 2339 951 2420 11ἱ
989 2337 1126 2394 Ilinc
1152 2356 1313 2412 usque
1335 2344 1502 2397 venies
1533 2352 1582 2397 et
1623 2359 1726 2398 non
1776 2344 2021 2413 procedes
2068 2359 2175 2397 ant.

596 2426 759 2496 plius.
790 2459 861 2468 —
897 2427 1035 2496 Quia
1067 2430 1322 2485 nimirum
1353 2432 1549 2487 occulti
1582 2431 1773 2502 judicii
1798 2449 2050 2490 mensura
2075 2447 2177 2500 est,

596 2526 652 2573 et
673 2519 886 2588 quando
914 2521 1307 2589 persecutionis
1333 2523 1565 2592 procella
1596 2526 1863 2595 prosiliat,
1885 2536 1940 2581 et
1965 2527 2180 2596 quando

595 2609 976 2677 conquiescat;
1009 2625 1076 2665 ne
1097 2620 1190 2665 aut
1220 2626 1326 2666 non
1351 2612 1620 2683 exagitata
1645 2613 1848 2679 electos
1879 2630 1985 2671 non
2026 2629 2182 2671 exer-

593 2706 738 2761 ceat,
764 2709 855 2753 aut
884 2714 990 2755 ιιοιι
1042 2702 1320 2757 moderata
1370 2703 1421 2757 in
1462 2702 1786 2774 profundum
1817 2715 2042 2778 mergat.
2080 2707 2178 2765 Se-

595 2788 782 2856 quitur
811 2808 824 2842 :
860 2789 929 2843 Et
977 2790 1061 2844 hic
1110 2793 1406 2863 confringes
1434 2804 1688 2851 tumentes
1725 2798 1918 2866 ﬂuetus
1944 2808 2081 2854 tuos.
2110 2830 2182 2840 -—

596 2877 730 2931 Cum
759 2893 888 2933 vero
918 2881 1103 2935 notitia
1139 2882 1261 2938 lidei
1290 2899 1457 2954 usque
1482 2886 1548 2941 ad
1576 2898 1965 2957 persequentes
1992 2898 2182 2946 esten-

596 2968 765 3035 ditur,
789 2972 993 3026 turbari
1017 2975 1182 3030 maris
1203 2976 1362 3030 timor
1385 2977 1626 3044 sedatur,
1644 2978 1824 3048 ibique
1839 2978 2033 3036 ﬂuctus
2055 2996 2181 3038 suos

596 3075 748 3116 mare
783 3062 1003 3137 frangit,
1035 3067 1124 3135 qui
1166 3069 1233 3122 ad
1280 3070 1644 3141 cognitionem
1689 3072 1936 3130 veritatis
1961 3074 2182 3130 veniens

602 3268 3837 3324 _______________________________________________________.

2281 1887 2420 1955 Quid
2455 1904 2552 1959 per
2577 1889 2739 1955 ostia,
2769 1889 2874 1944 nisi
2907 1888 3178 1944 virtutes?
3215 1887 3355 1955 Quid
3375 1902 3476 1957 per
3496 1896 3697 1949 vectem,
3716 1884 3783 1939 nisi

2282 1978 2449 2033 robur
2503 1978 2787 2033 cbaritatis
2853 1978 3193 2047 accipimus?
3236 1977 3425 2033 Facile
3474 1984 3640 2031 autem
3675 1987 3785 2030 omne

2281 2070 2546 2125 virtutum
2587 2071 2787 2127 bonum
2818 2069 3116 2126 tentatiene
3147 2056 3591 2126 cordis'irruente
3614 2064 3784 2123 destrui-
3876 2058 3877 2115 ζ

2282 2173 2389 2230 tur,
2416 2163 2517 2219 nisi
2545 2163 2613 2219 ab
2652 2162 2857 2218 intimis
2886 2162 2994 2217 fixa
3028 2161 3296 2218 eharitate
3325 2160 3599 2217 solidetur.
3625 2156 3787 2213 Undeet

2279 2253 2478 2310 Paulus
2533 2269 2657 2309 cum
2715 2252 3041 2324 quibusdam
3081 2252 3219 2308 ostia
3255 2252 3520 2306 virtutum
3543 2256 3787 2319 opponeret.

2282 2348 2447 2404 robur
2466 2347 2639 2405 vectis
2663 2345 2929 2416 adjunxit,
2958 2345 3182 2402 dicens:
3215 2362 3236 2397 ι
3268 2343 3449 2415 Super
3474 2342 3640 2400 omnia
3664 2346 3789 2394 autem

2279 2440 2605 2496 citaritatem
2655 2439 2938 2503 habentes,
2967 2438 3110 2509 quod
3151 2445 3235 2492 est
3264 2434 3541 2492 vinculum
3568 2429 3789 2504 perfectio-

2282 2531 2367 2587 nis
2396 2530 2532 2603 (Cot.
2575 2545 2658 2597 ιιι,
2684 2529 2793 2601 tt).
2841 2548 2861 2583 ι
2898 2528 3036 2596 Quia
3061 2540 3191 2598 ergo
3230 2525 3495 2581 Dominus
3516 2537 3606 2593 per
3625 2519 3791 2588 impin-

2282 2628 2351 2677 ιω
2382 2620 2668 2676 cbaritatis
2716 2618 3090 2674 fortitudinem
3131 2614 3413 2672 nascentia
3462 2614 3517 2670 in
3543 2611 3684 2669 corde
3704 2606 3789 2660 vitii

2283 2712 2554 2783 reprimit,
2597 2710 2926 2781 insurgentis
2966 2707 3135 2763 maris
3165 2707 3428 2776 impetum
3457 2718 3550 2774 per
3584 2700 3791 2758 obstructa

2280 2801 2515 2857 claustra
2540 2800 2854 2872 compescit.
2876 2797 3076 2855 Beatus
3101 2798 3265 2868 igitur
3286 2795 3419 2862 Job,
3447 2808 3515 2850 ne
3541 2792 3634 2848 sibi
3651 2790 3791 2844 tribuat

2280 2893 2427 2963 quod
2452 2901 2642 2949 contra
2676 2889 2942 2962 procellas
2987 2886 3171 2945 cordis
3210 2886 3433 2943 fortiter
3475 2892 3599 2948 stat,
3620 2876 3792 2934 recedi-

2281 2984 2408 3039 vina
2436 2984 2664 3040 audiat:
2705 2980 2836 3048 Quis
2880 2978 3134 3035 conclusit
3164 2979 3331 3051 Lastiis
3368 2975 3556 3031 mare?
3599 2971 3660 3027 Et
3712 2964 3792 3021 reli-
3880 2964 3881 3039 l

2281 3088 2389 3145 qua

1557 3521 1859 3602 LIBER
1920 3520 2478 3603 VICESIMUS
2536 3520 2916 3602 NONUS.

667 3901 835 3957 Vens.
869 3900 957 3956 12.
992 3899 1247 3971 Nunquid
1273 3907 1385 3968 post
1412 3906 1584 3952 ortum
1608 3909 1753 3952 tuum
1782 3896 2071 3968 prwcepisti
2095 3897 2178 3950 di-
2204 3898 2249 3965 c
2281 3904 2405 3953 sunt
2430 3897 2662 3965 agimus,
2688 3903 2742 3950 et
2770 3902 2948 3949 tamen
2970 3893 3292 3964 quibusdam
3317 3894 3500 3951 adhuc
3519 3892 3795 3949 tenebrarum

600 3994 798 4058 iaculo,
825 4002 872 4047 et
901 3992 1169 4047 ostendisti
1206 4006 1413 4045 aurora:
1438 3989 1611 4043 locum
1635 3988 1829 4044 suum?
1851 4018 1922 4030 ·--
1960 3987 2176 4045 Subau-

598 4086 701 4151 dis,
728 4096 788 4141 ut
811 4100 911 4157 ego
941 4084 1104 4142 Ortus
1132 4084 1327 4155 quippe
1362 4081 1659 4137 divinitatis
1710 4079 1920 4137 Domini
1969 4089 2095 4135 ante
2124 4088 2180 4136 et

598 4185 724 4247 post
750 4190 857 4229 non
909 4174 1091 4229 habet.
1125 4173 1288 4229 Onus
1319 4188 1447 4228 vero
1496 4170 1847 4229 humanitatis
1874 4170 2011 4241 ejus,
2054 4170 2178 4241 quia

599 4265 767 4336 cmpit
796 4274 850 4319 et
878 4264 1096 4329 desinit,
1144 4272 1200 4320 et
1242 4272 1368 4318 ante
1396 4271 1449 4317 et
1497 4270 1620 4332 post
1644 4262 1846 4318 habere
1873 4277 1904 4316 a
1941 4270 2181 4331 tempore

568 4340 577 4347 ’
604 4358 830 4420 accepit.
862 4355 968 4412 Sed
997 4355 1126 4425 quid
1154 4355 1278 4410 dum
1327 4354 1441 4425 ipse
1469 4352 1713 4408 umbram
1742 4360 1940 4406 nostra:
1976 4359 2182 4421 tempo-

601 4448 837 4504 ralitatis
862 4447 1120 4516 suscepit,
1174 4444 1353 4500 lumen
1386 4444 1543 4499 nobis
1589 4457 1699 4498 suae
1732 4441 2050 4497 teternitatis
2094 4442 2179 4495 in-

600 4540 761 4604 fudit,
823 4547 970 4595 recte
1009 4553 1106 4610 per
1127 4539 1271 4592 hune
1319 4544 1520 4600 ortum,
1551 4550 1710 4604 quem
1737 4532 1967 4588 Greater
1999 4531 2100 4587 sibi
2127 4531 2177 4585 in

599 4642 847 4703 tempore
861 4629 1318 4693 concedit,loeum
1353 4642 1508 4682 suum
1537 4626 1655 4683 sine
1702 4634 1945 4695 tempore
1980 4638 2177 4679 aurora

600 4719 870 4791 cognovit.
893 4717 1029 4786 Quia
1045 4717 1187 4774 enim
1205 4715 1497 4771 diluculum
1520 4715 1600 4770 vel
1618 4729 1811 4769 aurora
1833 4730 1861 4769 a
1877 4713 2112 4768 tenebris
2128 4714 2182 4769 in

600 4811 779 4868 lucem
826 4809 1079 4874 vertitur,
1127 4824 1231 4862 non
1283 4806 1552 4862 immerito
1595 4804 1811 4860 diluculi
1848 4803 1931 4857 vel
1972 4817 2182 4858 aurora:

599 4903 822 4959 nomine
860 4900 1039 4956 omnis
1068 4898 1309 4955 Ecclesia
1353 4898 1655 4952 electorum
1698 4894 2032 4965 designatur,
2060 4910 2183 4964 quae

598 4995 669 5053 ab
691 4994 1031 5053 infidelitatis
1078 5002 1238 5049 nocte
1284 4993 1350 5046 ad
1397 4992 1573 5047 lucent
1608 4990 1731 5045 fidei
1764 4990 1995 5046 ducitur.
2044 4989 2182 5046 [line

600 5086 742 5142 enim
775 5086 1036 5155 scriptum
1065 5093 1148 5140 est
1177 5102 1193 5138 :
1231 5102 1250 5134 ι
1280 5081 1407 5149 Qua:
1433 5091 1516 5137 est
1538 5082 1639 5137 ista
1666 5097 1785 5153 qua:
1812 5080 2175 5153 progreditur,

601 5174 754 5243 quasi
778 5188 973 5228 aurora
999 5172 1370 5243 consurgens?
1401 5191 1420 5223 ι
1447 5170 1624 5242 (Cant.
1647 5188 1724 5238 vt,
1754 5172 1832 5243 9.)
1856 5171 2046 5226 Aliter.
2071 5172 2180 5225 Au-

2282 3985 2525 4054 reliquiis
2553 4000 2662 4038 non
2709 3983 3001 4037 caremus?
3030 3982 3167 4038 Hine
3196 3982 3462 4053 scrime
3504 3990 3588 4039 est
3613 3998 3625 4034 :
3669 3997 3687 4032 ι
3715 3975 3796 4031 Non

2276 4072 2664 4144 justiﬁcahitur
2711 4072 2765 4127 in
2797 4081 3090 4141 conspectu
3138 4081 3235 4130 tuo
3273 4072 3452 4127 omnis
3479 4064 3796 4138 vivens(PuL

2283 4182 2417 4230 XLII,
2443 4165 2521 4236 2).
2567 4184 2585 4218 ι
2623 4163 2820 4221 Paulos
2847 4179 3065 4235 quoque
3094 4165 3169 4219 ait
3201 4181 3214 4216 :
3253 4182 3274 4216 ί
3310 4164 3483 4221 Video
3507 4164 3657 4218 aliam
3677 4160 3797 4226 legem

2284 4258 2337 4312 in
2361 4255 2618 4313 membris
2662 4256 2799 4311 meis
2820 4263 3230 4327 repugnantem,
3253 4274 3271 4306 ι
3292 4262 3398 4310 etc.
3422 4252 3600 4326 (Rom.
3613 4245 3797 4315 "1.95);

2283 4357 2339 4405 et
2366 4362 2582 4405 rursum
2613 4361 2629 4401 :
2665 4366 2683 4399 ι
2733 4344 2847 4402 Nox
2878 4346 3192 4418 praecessit,
3223 4345 3338 4400 dies
3364 4353 3549 4401 autem
3576 4336 3800 4413 appret“!-

2282 4438 2488 4508 quavit,
2528 4459 2547 4490 1
2592 4447 2699 4494 etc.
2736 4436 2909 4507 (Rom.
2942 4450 3072 4500 aut,
3112 4433 3224 4505 12.)
3256 4432 3383 4489 Dies
3424 4442 3606 4488 autem
3651 4432 3799 4484 sanat

2283 4529 2538 4586 Ecclesia:
2586 4536 2716 4582 tunc
2756 4526 2883 4592 erit,
2913 4540 3037 4581 cum
3071 4524 3121 4581 ei
3151 4524 3384 4579 admista
3408 4521 3617 4592 peccati
3657 4515 3798 4573 unum

2276 4622 2389 4692 jam
2409 4637 2517 4677 non
2540 4620 2664 4676 erit.
2694 4617 2870 4673 Locus
2890 4627 3069 4672 autem
3100 4616 3261 4688 hujus
3284 4629 3497 4670 aurorae
3520 4621 3602 4670 est
3620 4607 3798 4682 perfecta

2282 4714 2502 4770 claritas
2530 4711 2757 4768 visionis
2781 4710 3030 4765 internae.
3061 4707 3265 4765 Locum
3290 4721 3451 4763 suum
3494 4716 3677 4761 aurora
3709 4708 3797 4751 eon-

2282 4805 2517 4869 siderat,
2561 4801 2778 4872 quando
2816 4808 3007 4854 sancta
3050 4797 3231 4854 anima
3273 4797 3341 4853 ad
3386 4784 3799 4861 contemplandum

2282 4892 2586 4949 Conditoris
2606 4890 2687 4946 sui
2711 4888 2902 4945 faciem
2932 4886 3147 4959 flagrat,
3168 4887 3386 4943 dicens:
3416 4901 3443 4935 s
3476 4880 3649 4939 Sitivit
3668 4873 3795 4929 anim

2283 5000 2402 5039 mea
2452 4983 2519 5037 ad
2569 4984 2737 5039 Deum
2785 4981 3004 5047 vivum,
3035 4999 3054 5031 ι
3096 4988 3201 5035 etc.
3227 4976 3398 5049 (Psal.
3430 4988 3553 5037 su,
3594 4963 3798 5058 δὸβωξ

2282 5075 2458 5145 signat
2498 5071 2675 5128 locum
2710 5070 2979 5126 Dominus
3000 5069 3187 5125 dicens
3219 5084 3233 5121 :
3272 5086 3291 5118 ι
3327 5065 3643 5131 Ubicunque
3681 5054 3799 5110 fuerit

2283 5181 2500 5236 corpus,
2526 5184 2545 5218 ι
2580 5172 2687 5221 etc.
2719 5162 2873 5235 (Luc.
2901 5178 3036 5227 χιιι,
3065 5159 3183 5232 57.)
3213 5158 3342 5225 Quae
3361 5154 3635 5212 beatitudo
3655 5147 3798 5202 inter:

601 5279 723 5302 ram
758 5264 839 5302 vnl
869 5264 1163 5302 alii-mulum
1218 5270 1432 5302 nnnlpm
1457 5262 1671 5302 nitidam
1702 5260 2007 5302 numina-idco
2036 5276 2178 5300 nun-

2288 5258 2658 5300 rmvihnﬁnnic
2707 5256 3021 5298 nriucmmm
3048 5268 3146 5296 nor
3178 5267 3373 5296 rnmtte
3399 5249 3518 5294 inm
3546 5248 3797 5294 innoteseé’
