3934 5400
173 232 288 289 457

895 242 1196 300 EPITOME
1237 248 1599 309 MOllALlUM
1641 254 1700 310 S.
1741 254 1948 312 GREG.
1990 256 2056 312 IN
2091 255 2230 313 JOB.
2272 291 2341 300 -—
2376 259 2503 314 LIB.
2549 260 2739 315 XXIX.
3341 262 3447 317 I38

175 348 285 414 nit,
311 358 480 420 atque
505 364 572 405 ex
600 351 686 406 illa
710 353 896 423 impios
925 361 1174 423 excussit,
1200 361 1326 430 quia
1355 362 1617 432 spiritalia
1649 365 1768 420 fidei
1800 371 1846 428 Α
1876 384 2128 423 usuum.
2191 370 2474 427 Hominem
2541 374 2735 444 quippe
2805 373 3092 438 Dominus,
3164 390 3322 444 quem
3382 382 3448 434 ad

177 445 606 510 praedicamenta
637 456 929 503 renuentes
950 489 964 514 ,
993 451 1158 506 etiam
1189 469 1218 506 a
1251 455 1486 510 carnalis
1513 458 1768 512 sacrificii

176 532 355 602 gloria
383 535 595 604 repulit.
620 536 814 591 Aliter.
843 537 985 604 Quia
1010 555 1075 594 ex
1104 541 1286 598 Judasa
1311 560 1511 614 paucos
1533 547 1770 616 abjectos

176 634 235 678 et
262 625 497 680 humiles
536 627 731 697 elegit,
767 642 999 685 extrema
1025 644 1178 689 terra:
1208 637 1416 702 tenuit;
1467 638 1596 708 legis
1624 641 1766 694 enim

179 715 435 771 doctores
460 717 720 784 deseruit,
744 730 799 775 et
832 723 1129 790 piscatores
1161 729 1363 794 tenuit,
1396 730 1630 800 dumque
1654 732 1768 801 ejus

176 816 432 863 extrema
466 819 613 865 tenet
637 851 652 876 ,
683 827 752 867 ex
797 829 860 869 ea
895 816 1091 885 impios
1116 821 1345 885 excutit,
1377 823 1500 891 quia
1531 824 1656 878 dum
1686 825 1766 879 in-

175 898 369 954 ﬁrmos
398 900 584 956 fideles
623 903 860 969 roborat,
891 905 1106 962 fortiter
1132 909 1184 962 in
1215 910 1303 964 illa
1337 911 1582 967 infideles
1613 915 1766 968 dam-

173 999 294 1045 nat.
329 990 440 1048 Res
486 1001 666 1049 autem
697 1011 816 1065 quae
841 1001 1152 1054 concutitur
1196 1002 1300 1058 huc
1335 1003 1567 1074 illucque
1605 1007 1765 1061 ducta

172 1077 460 1150 fatigatur.
493 1081 767 1139 Concussa
791 1100 920 1156 ergo
948 1086 1130 1142 Judzea
1156 1090 1354 1155 fuerat,
1374 1109 1493 1163 qua:
1517 1111 1612 1165 per
1631 1095 1766 1152 alios

172 1171 434 1227 dicebat:
467 1191 485 1224 ι
531 1173 669 1240 Quia
717 1176 890 1232 bonus
915 1189 999 1232 est
1033 1179 1218 1250 (Joun.
1247 1199 1342 1247 vu,
1373 1185 1460 1254 1'2)
1487 1202 1501 1249 ;
1539 1205 1556 1237 ι
1589 1194 1644 1239 et
1670 1201 1766 1256 per

171 1263 316 1319 alios
347 1265 654 1329 resistebat.
685 1268 914 1324 dicens:
959 1289 978 1321 ι
1019 1272 1134 1326 Dion
1156 1314 1172 1338 ,
1201 1277 1295 1328 sed
1333 1277 1540 1330 seducit
1581 1278 1766 1333 turbas

174 1355 396 1424 (Μία)
438 1378 457 1410 ι
489 1359 680 1437 Aliter.
707 1361 956 1417 Extrema
997 1375 1150 1420 terra:
1175 1371 1446 1424 concussit
1476 1380 1531 1426 et
1561 1373 1760 1437 tenuit,

172 1447 303 1515 quia
339 1464 463 1502 eum
491 1433 703 1505 inﬁrma
725 1454 893 1508 corda
921 1457 1203 1512 humilium
1228 1461 1316 1528 pio
1338 1462 1530 1518 timore
1553 1465 1762 1530 terruit,

174 1553 520 1607 nequaquam
540 1554 604 1595 ea
627 1539 827 1609 judicio
854 1547 1102 1602 districto
1131 1550 1436 1621 dereliquit.
1470 1553 1596 1608 Inde
1619 1557 1764 1609 enim

172 1629 470 1685 multitudo
498 1633 832 1690 credentium
861 1638 913 1691 in
945 1639 1110 1692 Deum
1136 1643 1406 1698 robustius
1429 1645 1593 1708 szetit,
1627 1647 1767 1703 unde

1873 475 2025 515 suam
2067 462 2470 526 similitudinem
2529 463 2786 527 condidit,
2834 464 2988 532 quasi
3033 466 3299 534 quoddam
3339 483 3451 523 sua:

1872 553 2123 622 p0tcntize
2147 554 2475 624 signaculum
2496 554 2639 620 fecit,
2659 556 2800 624 quod
2825 563 3002 610 tamen
3031 567 3083 609 ut
3107 556 3273 611 lutum
3298 560 3448 614 resti-

1870 652 2045 698 tuetur
2070 685 2084 708 ,
2135 647 2258 714 quia
2298 647 2424 701 licet
2463 655 2665 700 mterna
2705 646 2965 716 supplicia
3005 663 3101 716 per
3138 650 3451 704 conversio-

1869 753 1990 792 nem
2019 737 2207 807 fugiat,
2234 740 2287 794 in
2316 739 2516 794 ultione
2565 741 2742 793 tamen
2799 749 3116 809 perpetrata:
3161 742 3446 810 superbiat,

1868 829 2046 884 carnis
2094 839 2267 886 morte
2312 831 2616 885 damnatur.
2658 830 2952 898 Sequitur:
2994 828 3064 884 Et
3111 831 3268 885 stabit
3315 832 3451 884 sicut

1868 921 2242 974 vestimentum.
2272 952 2342 962 —
2363 921 2605 990 lmpolita
2636 936 2866 991 namque
2894 930 2948 977 et
2978 924 3246 991 grossiora
3282 922 3447 976 vesti-

1867 1019 2048 1063 menta
2097 1010 2258 1064 etiam
2304 1026 2424 1064 cum
2486 1010 2667 1064 induta
2719 1008 2942 1076 fuerint,
2996 1011 3120 1080 quia
3167 1011 3450 1066 induendis

1865 1098 2126 1153 membris
2152 1100 2286 1154 bene
2314 1099 2572 1168 applicata
2597 1114 2703 1154 non
2733 1099 3016 1166 inlitereut,
3039 1108 3184 1155 stare
3208 1100 3445 1155 referun-

1868 1195 1973 1241 tur.
2041 1186 2224 1243 Judaza
2277 1189 2441 1258 igitur
2488 1189 2630 1244 circa
2689 1190 2936 1244 veritatis
2991 1190 3236 1244 notitiam
3285 1189 3450 1244 etiam

1864 1289 1986 1328 cum
2027 1275 2232 1330 servire
2257 1276 2546 1340 videretur,
2577 1277 2710 1330 sicut
2739 1278 3095 1330 vestimentum
3125 1276 3294 1341 stetit,
3321 1275 3448 1344 quia

1864 1381 1962 1434 per
2005 1366 2272 1420 exteriora
2321 1367 2572 1423 mandata
2613 1369 2817 1423 servire
2851 1384 2909 1422 se
2937 1367 3163 1423 Domino
3190 1367 3446 1430 ostendit.

1867 1456 1960 1509 sed
1989 1456 2265 1511 adhaerere
2294 1458 2342 1512 ei
2381 1473 2478 1528 per
2511 1459 2792 1514 charitatis
2824 1459 3231 1530 intelligentiam
3258 1458 3448 1513 noluit.

1866 1545 2074 1597 Aliter:
2107 1545 2204 1598 Tot
2245 1562 2387 1601 nunc
2425 1547 2576 1616 quasi
2617 1547 2852 1602 vestibus
2878 1557 3064 1602 sancta
3094 1548 3331 1604 Ecclesia
3365 1549 3450 1602 in-

1867 1632 2068 1695 duitur,
2113 1642 2244 1703 quot
2284 1634 2518 1689 fidelium
2553 1636 2896 1692 veneratione
2943 1637 3248 1693 decoratur.
3299 1637 3451 1693 Unde

177 1721 232 1775 in
267 1736 330 1777 se
384 1723 610 1778 humilia
657 1728 850 1782 tenuit.
896 1729 1031 1785 llinc
1059 1731 1313 1788 Salomon
1350 1735 1462 1790 ait:
1502 1755 1520 1787 ι
1566 1736 1760 1791 Beatus

1871 1724 1993 1777 etei
2025 1725 2257 1780 ostensis
2293 1726 2539 1796 gentibus
2564 1743 2591 1782 a
2625 1727 2850 1783 Domino
2885 1743 2980 1798 per
3011 1727 3325 1798 prophetam
3368 1729 3451 1782 di-

176 1813 265 1867 vir
286 1815 376 1884 qui
410 1830 624 1886 semper
654 1826 738 1873 est
765 1821 1021 1888 pavidus;
1057 1825 1147 1892 qui
1202 1835 1382 1880 autem
1434 1829 1633 1883 mentis
1679 1838 1764 1884 est

174 1904 349 1968 durae,
382 1916 602 1962 corruet
634 1909 686 1963 in
733 1911 935 1966 malum
963 1911 1145 1981 (Prov.
1177 1933 1370 1982 xxvm,
1397 1919 1506 1990 l-l).
1544 1939 1561 1971 ι
1594 1921 1766 1975 Aliter

180 2006 366 2062 terra,
403 2008 592 2054 sancta
638 2000 905 2058 Ecclesia.
953 2005 1208 2062 Extrema
1251 2010 1414 2079 igitur
1453 2021 1608 2066 terrw
1655 2013 1762 2068 Do-

175 2087 362 2143 minus
409 2099 557 2145 tenet
584 2100 641 2146 et
665 2095 938 2160 concutit,
969 2098 1094 2166 quia
1139 2099 1391 2154 Ecclesiae
1436 2118 1546 2156 sua:
1578 2101 1764 2158 ultima

175 2195 281 2249 per
315 2184 605 2239 adventum
633 2186 950 2242 Antichristi
977 2195 1350 2259 persecutione
1377 2194 1763 2250 immanissima

177 2273 404 2329 turbare
427 2279 717 2346 permittit.
753 2279 818 2333 Et
845 2281 968 2349 quia
1004 2283 1245 2353 plerique
1295 2286 1434 2340 intra
1469 2287 1763 2342 Ecclesnam

175 2375 329 2429 sunt,
365 2367 501 2422 sicut
536 2369 828 2439 Apostolus
877 2372 1049 2428 dicit:
1097 2393 1115 2424 ι
1161 2374 1296 2442 Quia
1343 2377 1676 2431 conﬁtentur
1707 2393 1764 2434 se

173 2473 346 2512 nosse
368 2458 533 2514 Deum
553 2500 568 2525 ,
599 2459 757 2516 factis
794 2471 974 2517 autem
1002 2473 1202 2535 negant
1227 2465 1355 2535 (Tit.
1384 2482 1424 2530 ι,
1455 2467 1566 2537 46).
1608 2489 1626 2521 ι
1663 2468 1765 2522 lm-

171 2546 299 2614 pios
322 2563 449 2616 ergo
475 2561 538 2601 es
563 2564 626 2602 ea
648 2549 908 2606 Dominus
935 2554 1158 2617 excutit,
1182 2555 1308 2622 quia
1341 2555 1438 2610 hos
1461 2571 1598 2626 quos
1625 2572 1765 2612 nunc

175 2640 371 2693 intima
399 2640 530 2696 vitia
574 2643 886 2710 possident,
929 2652 1058 2698 tunc
1104 2646 1155 2698 in
1203 2648 1517 2716 voraginem
1565 2658 1767 2718 apertae

174 2730 514 2785 infidelitatis
533 2733 748 2797 cadent,
771 2743 931 2803 atque
954 2735 1004 2788 in
1024 2751 1273 2790 acervum
1294 2737 1565 2807 palearum
1591 2749 1766 2794 trans-

170 2830 330 2874 eunt.
375 2820 717 2876 MORMJTER.
751 2823 854 2877 Per
892 2833 1093 2878 terram
1129 2827 1326 2896 quippe
1362 2828 1523 2881 homo
1551 2830 1764 2884 infirma

173 2911 414 2982 [iulium]
440 2914 656 2982 sapiens
677 2915 990 2984 designatur
1018 2956 1032 2981 ,
1053 2917 1139 2970 cui
1164 2919 1406 2985 peccanti
1431 2919 1630 2974 dictum
1649 2928 1762 2974 est:

177 3022 197 3052 ι
241 3002 412 3056 Terra
448 3019 546 3068 es,
593 3012 650 3059 et
694 3005 746 3059 in
798 3014 995 3059 terram
1048 3007 1149 3061 ibis
1197 3007 1352 3075 (Gen.
1385 3024 1476 3073 Ill,
1510 3010 1617 3081 l9).
1655 3029 1674 3061 ι
1705 3011 1760 3064 ln

1866 1815 2007 1869 citur
2031 1833 2044 1868 :
2083 1834 2100 1866 α
2129 1817 2258 1871 Vivo
2280 1832 2397 1889 ego,
2428 1819 2554 1887 quia
2585 1819 2670 1873 his
2693 1820 2942 1875 omnibus
2969 1819 3112 1874 velut
3132 1831 3452 1876 ornamento

1865 1906 2116 1960 vestieris
2152 1906 2285 1978 (Isa.
2321 1923 2466 1974 χιιι,
2497 1909 2606 1978 18).
2639 1927 2657 1961 ι
2718 1909 2898 1966 Multis
2922 1921 3099 1966 tamen
3127 1911 3281 1982 quasi
3311 1911 3446 1966 lide—

1866 1996 2007 2050 libus
2035 2012 2176 2052 nunc
2211 1999 2390 2067 specie
2421 2009 2572 2054 tenus
2598 1999 2856 2065 induitur,
2908 2001 3002 2056 sed
3043 2001 3290 2071 pulsante
3323 2015 3447 2070 per-

1866 2086 2158 2141 secutionis
2195 2088 2394 2157 impetu
2427 2098 2555 2143 tunc
2599 2089 2678 2144 eis
2718 2101 2878 2144 exuta
2927 2091 3230 2145 nudabitur.
3296 2089 3456 2146 Stare

1866 2193 1994 2232 vero
2019 2179 2118 2232 hoc
2143 2179 2260 2234 loco
2289 2181 2523 2248 ponitur,
2548 2181 2600 2235 in
2629 2192 2850 2251 peccato
2871 2183 3182 2251 persistere,
3208 2192 3265 2237 ut
3289 2183 3452 2238 illud:

1869 2289 1889 2321 (
1925 2270 1980 2325 lu
2013 2272 2098 2324 via
2128 2280 2468 2340 peccatorum
2512 2288 2618 2326 non
2670 2275 2820 2329 stetit
2867 2273 3039 2344 (Psal.
3094 2292 3135 2340 ι,
3182 2277 3259 2346 1),
3290 2296 3309 2328 ι
3367 2275 3454 2331 vel

1865 2373 2014 2417 certe
2043 2363 2181 2417 sicut
2210 2361 2392 2417 induta
2422 2363 2586 2418 vestis
2629 2363 2886 2428 tenditur,
2919 2374 3081 2421 exuta
3109 2367 3277 2421 fracta
3307 2382 3456 2422 com-

1866 2454 2113 2522 plicatur,
2154 2455 2224 2508 ita
2249 2454 2613 2524 unusquisque
2643 2457 2733 2524 qui
2759 2457 2825 2511 ab
2856 2456 3094 2512 Ecclesia
3144 2459 3452 2522 recesserit,

1866 2543 2176 2599 confractus
2201 2553 2360 2613 atque
2389 2545 2631 2615 ahjectus
2651 2545 2872 2615 jacebit,
2901 2547 3013 2616 qui,
3043 2547 3173 2600 dum
3200 2547 3452 2602 induere-

1868 2642 1975 2701 tur,
2007 2635 2238 2691 decorus
2273 2645 2436 2706 atque
2468 2645 2650 2693 tensus
2679 2636 2796 2692 fuit.
2831 2637 2887 2693 Si
2919 2653 3048 2694 vero
3083 2647 3229 2695 stare
3253 2637 3451 2695 intelli-

1865 2730 2040 2799 gimus
2092 2731 2405 2800 perdurare,
2463 2732 2602 2786 sicut
2650 2734 3029 2788 vestimentum
3074 2743 3181 2790 stat
3224 2735 3452 2804 quisque

1867 2820 2146 2888 reprobus,
2175 2821 2297 2890 quia
2331 2822 2380 2876 in
2406 2822 2505 2876 hac
2535 2822 2663 2886 vita.
2690 2838 2851 2894 quam
2877 2824 3067 2894 diligit,
3094 2825 3243 2880 brevi
3273 2826 3453 2892 durat,

1865 2921 1921 2964 ut
1937 2912 2090 2966 illud:
2115 2931 2132 2963 ι
2153 2913 2341 2968 Omnia
2357 2917 2494 2969 sicut
2516 2917 2889 2971 vestimentum
2904 2927 3262 2984 veterascent,
3285 2937 3302 2972 ι
3324 2927 3452 2984 etc.,

1866 3003 2038 3074 (Psal.
2070 3020 2142 3067 Cl,
2176 3005 2292 3074 '27.)
2341 3005 2678 3063 Momurea.
2722 3007 2916 3063 Lutum
2949 3025 3181 3080 namque
3213 3019 3454 3066 nostrum

173 3103 426 3147 extrema
464 3096 651 3164 utique
677 3097 816 3159 vitze,
856 3095 1118 3152 Dominus
1147 3112 1288 3166 saepe
1314 3108 1626 3168 peccatores
1651 3109 1761 3154 ter-
1791 3075 1835 3136 (ἶ
1869 3095 2006 3149 sicut
2050 3097 2404 3152 vestimentum
2442 3108 2585 3154 stare
2614 3110 2698 3156 est
2735 3117 2904 3172 usque
2939 3103 3005 3167 ad
3042 3104 3456 3160 resurrectionis

173 3200 274 3237 ren
298 3185 349 3238 lo
375 3186 635 3249 coacutit,
679 3187 1038 3242 concutiendo
1067 3190 1372 3254 convertit,
1399 3191 1767 3244 convertenda

173 3286 352 3342 tenet,
381 3288 542 3348 atque
569 3280 638 3333 ab
663 3295 853 3334 eorum
881 3281 1134 3335 cordibus
1153 3283 1351 3351 impios
1376 3283 1766 3353 cogitationum

175 3375 366 3421 motus
390 3369 594 3422 evellit.
626 3368 884 3439 Sequitur
911 3387 924 3423 :

253 3458 420 3514 Vens.
452 3461 538 3514 M.
587 3460 906 3516 Restimctur
962 3473 1021 3518 ut
1073 3463 1241 3517 lutum
1294 3465 1647 3534 signaculum.
1701 3497 1770 3508 --

173 3551 320 3615 Quid
349 3550 495 3605 aliud
537 3551 794 3607 Dominus
818 3553 1026 3622 plebem
1063 3554 1418 3609 lsraeliticam
1451 3555 1555 3609 nisi
1599 3555 1768 3609 lutum

172 3641 406 3710 reperit.
432 3656 592 3710 quam
610 3643 884 3713 obsequiis
897 3644 1176 3714 gentilium
1199 3645 1431 3698 deditam
1461 3645 1513 3698 in
1539 3643 1771 3716 {Egypto

172 3733 509 3787 servientem
559 3732 818 3789 lateribus
861 3735 1108 3788 invenit?
1138 3735 1244 3789 Sed
1283 3736 1408 3790 dum
1439 3751 1637 3792 arcana
1678 3751 1769 3792 se-

171 3831 456 3878 cretorum
478 3833 532 3878 et
561 3826 849 3894 prophetas
870 3827 1118 3890 contulit,
1145 3828 1270 3896 quid
1292 3842 1411 3881 eam
1439 3828 1580 3882 aliud
1607 3843 1768 3898 quam

172 3915 438 3968 servandi
488 3916 734 3986 mysterii
786 3917 1116 3987 signaculum
1164 3917 1334 3973 fecit?
1367 3918 1497 3985 Qua:
1544 3919 1668 3973 dum
1716 3921 1769 3974 in

173 4006 608 4074 Hetemptorem
674 4022 829 4061 suum
883 4010 1223 4079 postmodum
1269 4009 1492 4064 credere
1549 4011 1719 4065 noluit
1753 4050 1769 4075 ,

173 4108 389 4149 terram
413 4097 593 4164 potius
615 4113 779 4167 quam
811 4099 1097 4152 veritatem
1127 4100 1376 4170 diligens,
1406 4100 1543 4154 dixit
1566 4117 1660 4170 per
1685 4117 1772 4156 sa-

169 4188 434 4242 cerdotes
464 4203 631 4243 suos:
669 4207 687 4240 ε
725 4188 779 4243 Si
807 4189 1132 4245 dimittimus
1159 4206 1280 4246 eum
1311 4193 1410 4255 sic,
1441 4207 1630 4248 omnes
1656 4208 1771 4246 cre-

170 4278 314 4330 tleut
364 4278 415 4338 in
465 4293 625 4344 eum,
663 4299 680 4331 ι
715 4289 822 4334 etc.
850 4280 1030 4350 (Joan.
1071 4296 1158 4344 ιι.
1193 4281 1310 4350 48.)
1361 4283 1580 4352 Accepti
1621 4286 1768 4338 verbi

171 4368 446 4436 mysteria
493 4369 750 4438 perdidit,
801 4380 857 4424 et
884 4370 995 4425 sola
1035 4379 1248 4426 terrena
1280 4386 1501 4440 sapere,
1534 4389 1654 4442 quae
1686 4374 1768 4427 in-

169 4459 438 4528 quinant,
475 4459 657 4530 elegit.
690 4461 896 4516 Aliter:
935 4463 996 4516 lli
1023 4464 1112 4532 qui
1148 4480 1289 4519 nunc
1319 4465 1568 4519 videntur
1590 4467 1641 4520 in
1673 4467 1773 4522 Ec-

170 4553 364 4606 clesia
395 4553 515 4606 sinu
548 4553 899 4623 signaculum,
953 4564 1078 4610 tunc
1125 4565 1250 4610 ante
1295 4558 1483 4612 oculos
1527 4559 1766 4613 omnium

171 4644 550 4698 restituuntur
580 4656 636 4698 ut
663 4645 849 4700 lutum.
885 4646 1033 4701 Solet
1054 4664 1204 4702 sacra
1235 4648 1512 4719 Scriptura
1541 4666 1637 4720 pro
1668 4651 1773 4705 fide

171 4733 458 4802 appellare
487 4735 849 4804 signaculum,
879 4751 976 4806 pro
1006 4738 1292 4808 iniquitate
1319 4740 1512 4794 lutum.
1546 4740 1698 4796 Unde
1717 4751 1772 4796 et

171 4824 257 4875 ab
306 4838 507 4891 sponso
559 4839 658 4878 suo
708 4825 964 4881 Ecclesiae
1009 4828 1246 4884 dicitur:
1305 4849 1323 4882 ‹
1373 4831 1518 4886 Pone
1573 4847 1659 4887 me
1712 4842 1772 4887 ut

173 4915 526 4981 signaculum
579 4930 744 4984 super
789 4932 887 4972 cor
935 4927 1082 4973 tuum
1126 4919 1303 4990 (Cant.
1333 4936 1458 4985 \‘lll,
1487 4921 1575 4990 6).
1617 4940 1637 4973 ι
1670 4921 1774 4976 Per

171 5004 362 5056 lutum
389 5017 515 5058 vero
555 5014 772 5059 terrena
823 5009 1070 5079 contagia
1101 5010 1540 5066 demonstrantur
1563 5054 1578 5073 .
1632 5023 1773 5068 atte-

173 5102 374 5146 stante
401 5093 711 5159 Psalmista,
734 5095 826 5164 qui
857 5097 934 5149 ait
963 5115 975 5149 :
1011 5118 1027 5148 ι
1049 5099 1293 5152 Eduxisti
1325 5117 1410 5155 me
1440 5102 1505 5155 de
1535 5102 1650 5156 lacu
1674 5103 1774 5156 mi-

172 5185 349 5240 seriae
393 5195 446 5240 et
466 5187 538 5242 .de
568 5187 688 5240 luto
715 5185 846 5241 fecis
870 5187 1040 5257 (Psat.
1069 5207 1260 5254 xxxnx,
1280 5192 1356 5260 5).
1401 5214 1418 5245 ι
1452 5192 1596 5246 Multi
1629 5194 1771 5247 enim

172 5292 211 5331 a
250 5277 478 5332 terrenis
505 5278 778 5348 contagiis
811 5281 1258 5348 erepti,coelestis
1286 5283 1406 5339 lidei
1434 5290 1775 5338 sacramento

173 5368 475 5400 c‘rrnnnlnn
560 5371 660 5400 ’.ΛΑ
711 5382 964 5400 nnnnnnnl
1016 5390 1118 5400 ..ιι-ν.
1169 5377 1359 5400 ιΑ-ιιιιιξ
1416 5377 1587 5400 -.'...._-

1595 5374 1736 5400 ..1.....

1871 3194 2081 3255 tempus
2120 3188 2278 3244 inane
2317 3199 2645 3260 exutumque
2680 3195 2991 3261 perdurare.
3042 3191 3298 3263 Sequitur
3331 3211 3345 3244 :

1939 3277 2103 3331 Vens.
2138 3277 2224 3332 l5.
2276 3279 2556 3348 Auferetur
2602 3281 2665 3333 αὐ
2714 3282 2887 3351 impiis
2943 3283 3035 3336 tua:
3079 3300 3196 3337 sua.
3225 3312 3290 3322 —-
3319 3284 3456 3350 Quia

1869 3367 1993 3420 dum
2023 3368 2246 3422 credere
2294 3369 2576 3424 veritatem
2606 3370 2774 3425 Judmi
2808 3381 3058 3438 renuunt,
3093 3374 3454 3444 cognitionem

1869 3454 2002 3525 legis
2025 3457 2076 3510 in
2109 3465 2420 3527 perpetuum
2452 3460 2704 3514 amittunt
2732 3501 2746 3524 ,
2771 3469 2826 3515 et
2849 3461 2976 3515 dum
3001 3463 3065 3517 de
3094 3472 3312 3532 accepta
3341 3463 3457 3532 lege

1870 3546 2208 3615 superbiunt,
2253 3548 2506 3602 nimirum
2534 3550 2600 3603 de
2625 3550 2862 3605 scientiae
2901 3566 3010 3605 sua:
3051 3551 3218 3621 gloria
3250 3567 3457 3606 caecan-

1873 3644 1978 3689 tur.
2030 3635 2300 3706 Scriptum
2346 3639 2543 3708 quippe
2599 3647 2680 3693 est
2713 3657 2725 3692 :
2760 3658 2778 3690 ι
2806 3639 3176 3694 Obscurentur
3201 3641 3339 3694 oculi
3367 3657 3455 3696 eo-

1872 3742 1988 3780 rum
2017 3742 2083 3781 ne
2111 3727 2324 3781 videant
2375 3726 2546 3798 (Psal.
2593 3745 2777 3794 vatn,
2819 3729 2930 3796 24).
2960 3748 2977 3781 ι
3035 3729 3100 3785 Ει
3131 3747 3144 3783 :
3183 3748 3202 3781 ‹
3230 3730 3450 3786 Εκοωοί

1870 3831 1964 3871 cor
2017 3817 2195 3886 populi
2249 3817 2426 3886 hujus,
2481 3827 2536 3873 et
2584 3835 2744 3874 aures
2787 3819 2905 3890 ejus
2947 3837 3178 3892 aggrava
3211 3821 3343 3893 (Isa.
3377 3839 3453 3890 vr,

1871 3909 1980 3978 10).
2011 3928 2030 3959 ι
2076 3908 2284 3963 Aliter:
2314 3908 2496 3978 Neque
2531 3911 2673 3964 enim
2699 3926 2792 3965 eos
2829 3927 2970 3967 nunc
2997 3913 3088 3967 Dei
3120 3913 3296 3966 lumen
3332 3913 3451 3967 illu-

1869 4009 2025 4064 strat,
2060 4000 2150 4069 qui
2191 4000 2488 4069 iniquitatis
2526 4017 2636 4056 sua:
2669 4002 2925 4055 malitiam
2954 4003 3073 4056 fidei
3101 4003 3317 4059 nomine
3344 4004 3456 4074 pal-

1871 4093 2019 4146 liant.
2071 4091 2208 4146 Sunt
2241 4107 2368 4147 vero
2409 4093 2645 4147 nonnulli
2685 4094 2773 4162 qui
2827 4102 3030 4147 azterna
3071 4109 3190 4164 quae
3231 4095 3455 4150 audiunt

1869 4182 2136 4236 veraciter
2165 4181 2408 4247 credunt,
2439 4191 2494 4237 et
2525 4191 2703 4236 tamen
2729 4183 2904 4237 eidem
2943 4199 3104 4254 quam
3153 4195 3336 4240 tenent
3384 4185 3456 4239 ll-

1869 4274 1952 4329 dci
1997 4273 2132 4327 male
2165 4273 2389 4327 vivendo
2423 4275 2819 4329 contradicunt.
2868 4274 2990 4342 Qui,
3036 4275 3161 4329 dum
3201 4291 3456 4346 perversa

1875 4372 2041 4433 agunt
2067 4373 2122 4417 et
2165 4373 2340 4417 tamen
2383 4365 2448 4417 de
2500 4365 2610 4419 Deo
2651 4374 2794 4418 recta
2821 4366 3080 4429 sentiunt,
3116 4381 3182 4420 ne
3214 4367 3455 4420 tenebro-

1875 4462 2024 4508 scant
2077 4453 2338 4518 funditus,
2389 4470 2455 4510 ex
2509 4456 2739 4523 quadam
2777 4464 2931 4525 parte
2992 4455 3196 4527 fulgore
3244 4455 3460 4509 luminis

1874 4551 2229 4606 illustrantur.
2263 4550 2360 4618 Qui
2383 4550 2501 4619 plus
2525 4559 2735 4604 terrena
2759 4566 2918 4620 quam
2941 4551 3181 4606 coelestia
3210 4551 3458 4619 diligunt,

1873 4641 2118 4711 pulsante
2149 4640 2539 4709 persecutionis
2564 4639 2812 4706 articulo,
2839 4641 2979 4711 quod
3007 4651 3211 4696 rectum
3239 4640 3481 4694 credere-

1873 4731 2197 4784 videbantur
2225 4729 2498 4784 amittunt.
2547 4729 2698 4796 Quod
2745 4731 2978 4785 maxime
3016 4729 3360 4796 multiplicius
3408 4729 3462 4780 in

1873 4823 2248 4892 persecutione
2311 4821 2628 4878 Antichristi
2677 4830 2886 4888 agetur.
2937 4821 3253 4889 Quanquam
3307 4827 3361 4871 et
3411 4820 3463 4871 in

1877 4917 1990 4971 suis
2018 4914 2391 4986 operatoribus
2419 4917 2531 4986 ipse
2559 4922 2746 4967 auctor
2785 4914 3088 4984 iniquorum
3129 4909 3240 4976 jam
3295 4923 3460 4977 appa-

1881 5016 2015 5069 reat,
2041 5006 2156 5075 qui,
2182 5006 2306 5057 dum
2336 5007 2504 5070 venit,
2531 5005 2654 5058 hinc
2675 5002 2910 5060 Joannes
2933 5006 3007 5058 ait
3036 5023 3049 5055 :
3095 5019 3112 5050 ι
3139 4998 3293 5051 Nunc
3318 5000 3471 5052 Anti-

1879 5097 2070 5151 christi
2103 5094 2252 5148 multi
2279 5092 2405 5148 facti
2437 5105 2560 5151 sunt
2584 5091 2631 5164 (Ι
2657 5090 2815 5146 Joan.
2848 5109 2909 5157 ιι,
2941 5093 3046 5162 18).
3078 5109 3095 5140 ι
3133 5086 3470 5142 Monam-rea.

1882 5190 2024 5244 Mors
2060 5189 2202 5243 enim
2247 5187 2450 5252 carnis,
2505 5201 2626 5258 qum
2671 5183 2876 5239 electos
2924 5186 3023 5240 luci
3070 5192 3180 5234 sum
3220 5179 3474 5243 restituit,

1881 5280 2053 5334 lucem
2084 5293 2236 5334 suam
2265 5281 2510 5345 reprobis
2545 5275 2704 5333 tollit.
2771 5274 2886 5329 Lux
2914 5285 3144 5342 namque
3169 5269 3480 5336 Superbien-

1879 5371 2019 5400 ιζιιωι
2071 5376 2146 5400 ιιι-ι
2193 5366 2360 5400 nim-in
2422 5371 2546 5400 ..ιιι-ι
2598 5365 2881 5400 nrmcnntie
2957 5364 3086 5400 nam
3123 5357 3170 5400 pi
3211 5356 3295 5400 11η
3355 5367 3483 5400 Imm
