3934 5400
493 131 599 187 L39

1416 128 1473 187 s.
1511 127 1762 188 oneras
1795 126 2088 185 ABBATIS
2126 126 2628 185 cwmcexsrs
2664 126 2705 183 ιι
3538 82 3543 83 ί
3615 130 3692 186 tu

494 250 827 307 conteretur,
876 239 1089 314 quando
1133 240 1421 311 praedicata
1467 242 1589 298 tidei
1639 241 1808 313 gratia
1843 240 2073 312 superba
2101 242 2275 303 Acor
2316 242 2606 299 obscurum
2649 242 2905 313 vitiisque
2954 241 3296 296 tenebrosum
3328 239 3693 297 visitatiouisti.

494 332 630 405 legis
668 330 912 401 operatio
957 331 1293 400 reprobatur,
1315 345 1436 386 cum
1466 330 1667 405 dicitur
1696 345 1712 385 :
1751 349 1769 383 ι
1790 331 1867 386 Ex
1895 329 2076 401 operi-

493 402 772 498 buslegis
811 436 915 477 non
959 419 1347 490 justiﬁcabitur
1388 421 1565 477 omnis
1588 402 1727 478 ‘caro
1760 419 1936 493 (Rom.
1994 433 2076 483 ιιι,

482 500 610 585 ἳθ).
649 531 670 566 ι
718 512 891 567 Aliter
937 529 950 565 :
1009 510 1146 578 Quid
1197 526 1429 580 namque
1475 510 1747 567 excelsum
1796 508 2079 564 brachium

482 588 778 676 accipitur,
826 604 930 660 nisi
979 604 1207 675 superba
1250 604 1565 659 Antichristi
1609 602 1918 658 celsitudo?
1960 613 2080 671 qua:

495 712 659 767 super
696 695 954 768 reprobas
982 704 1191 751 mentes
1220 694 1520 761 hominum,
1572 693 1710 748 fastu
1754 692 1936 763 gloria:
1978 706 2080 747 sa:-

485 780 699 842 ‘cularis
735 785 980 857 erigitur,
1005 783 1077 838 ita
1098 792 1160 838 ut
1186 783 1353 839 Deum
1390 798 1446 838 se
1469 798 1630 854 super
1656 782 1898 837 homines
1923 794 2078 836 men-

496 874 682 931 tiatur.
708 874 1069 933 UndePaulus
1082 873 1527 945 apostolusdicit:
1554 892 1571 926 ι
1605 873 1682 928 lla
1705 882 1765 926 ut
1795 872 1846 925 in
1881 870 2079 940 templo

494 964 592 1020 Dei
606 966 808 1028 sedeat,
823 963 1181 1021 ostendensse
1195 972 1447 1034 tanquam
1471 964 1543 1019 sit
1563 948 1691 1019 deus
1715 962 1800 1034 (Il
1820 961 1997 1017 Thess.
2016 978 2077 1026 ιι,
2130 959 2135 963 ’

492 1038 575 1131 ἢ).
599 1076 617 1111 ι
667 1075 685 1108 t
716 1056 884 1123 Quem
913 1054 1169 1111 Dominus
1206 1054 1363 1111 Iesus
1395 1054 1659 1118 Christus,
1691 1072 1710 1105 ι
1757 1053 1898 1109 sicut
1936 1053 2078 1108 idem

495 1149 575 1204 ait
601 1148 911 1219 Apostolus,
948 1170 967 1202 ι
1018 1148 1319 1205 lnterficiet
1354 1149 1548 1221 spiritu
1585 1148 1696 1205 oris
1735 1146 1841 1213 sui,
1884 1154 1939 1202 et
1987 1146 2080 1200 de-

496 1248 670 1295 struet
699 1239 1055 1297 illustratione
1082 1241 1341 1297 adventus
1384 1240 1465 1295 sui
1506 1238 1694 1310 (lbid.,
1720 1238 1797 1311 8).
1830 1256 1849 1290 ι
1884 1235 2078 1292 Excel-

498 1347 616 1387 sum
645 1332 840 1403 quippe
864 1332 1141 1388 brachium
1172 1340 1299 1388 tunc
1324 1330 1703 1402 confringitur,
1751 1329 1878 1400 quia
1924 1328 2081 1385 celsi-

496 1421 627 1476 tudo
661 1422 839 1477 cordis
869 1422 1008 1478 ultra
1039 1430 1247 1478 natura:
1276 1422 1519 1479 ordinem
1562 1421 1827 1477 violenter
1862 1428 2077 1491 arrepta

495 1508 692 1565 divina:
709 1512 931 1581 iustitia:
952 1512 1111 1569 modo
1130 1512 1440 1583 dissipatur,
1469 1521 1530 1568 ut
1557 1528 1717 1584 quam
1741 1528 1799 1568 se
1825 1525 2079 1582 perverse

2179 346 2330 387 more
2380 332 2707 402 reprimere,
2757 341 2813 387 et
2860 333 2925 387 ad
2974 331 3267 386 lamentum
3318 332 3695 399 compnnclionis

2180 436 2493 491 provocare.
2525 423 2599 479 De
2623 423 2710 478 his
2731 423 3004 490 gressibus
3024 421 3289 493 Propheta
3317 421 3420 475 ait:
3439 441 3456 473 ι
3480 422 3577 477 Visi
3600 436 3696 479 sunt

2179 513 2584 584 iugressustui.
2614 516 2775 579 Deus,
2807 514 3084 584 ingressus
3121 512 3215 568 Dei
3245 512 3349 568 mei
3380 509 3540 584 (Psal.
3567 528 3695 579 mu,

2177 603 2291 674 25).
2336 623 2354 656 ι
2390 603 2689 675 Sequitur:
3640 614 3647 621 ‘

2251 697 2411 752 Vens.
2445 697 2529 752 17.
2572 695 2830 769 Nunquid
2870 705 3063 767 aperta:
3087 696 3328 751 tibiarum
3356 705 3516 765 porta:
3538 697 3695 759 mortis.

2178 795 2226 841 et
2270 787 2403 842 ostia
2446 787 2717 843 tenebrosa
2765 787 2985 842 uidisti?
3016 816 3087 828 —
3132 786 3308 841 Porta:
3346 786 3486 840 enim
3525 787 3697 849 mortis.

2178 886 2473 948 potestates
2503 889 2627 934 sunt
2657 878 2932 944 adversae,
2974 892 3110 948 quas
3140 875 3466 933 descendens
3492 874 3701 931 Dominus

2179 970 2423 1040 aperuit,
2454 970 2580 1040 quia
2604 984 2793 1026 earum
2823 967 3193 1024 fortitudinem
3223 966 3499 1021 moriendo
3523 979 3700 1035 supera-

2181 1062 2296 1128 vit,
2342 1077 2463 1131 quae
2497 1060 2857 1133 appellatione
2881 1074 3096 1131 quoque
3140 1058 3242 1114 alia
3293 1057 3565 1113 tenebrosa
3597 1058 3701 1112 ostia

2179 1160 2461 1215 vocantur,
2493 1150 2619 1220 quia
2665 1150 2790 1206 dum
2814 1165 2911 1221 per
2948 1147 3329 1204 occultationis
3376 1161 3485 1202 sua:
3526 1144 3703 1201 insidias

2180 1259 2285 1298 non
2308 1243 2578 1309 videntur,
2597 1241 2838 1311 deceptis
2859 1240 3130 1297 mentibus
3150 1239 3293 1323 viam
3313 1238 3500 1293 mortis
3517 1238 3701 1308 aperuit.

2178 1332 2309 1400 Qua:
2339 1333 2624 1389 tenebrosa
2652 1332 2791 1388 ostia
2827 1331 3088 1387 Dominus
3120 1329 3263 1385 videt
3292 1369 3308 1396 ,
3356 1328 3481 1400 quia
3521 1329 3705 1384 immun-

2179 1424 2371 1478 dorum
2400 1422 2686 1494 spirituum
2719 1422 3117 1478 fraudulentam
3148 1420 3412 1476 malitiam
3452 1429 3505 1476 et
3533 1420 3705 1490 respicit

2178 1525 2232 1570 et
2262 1514 2483 1586 premit,
2510 1528 2630 1584 quae
2660 1514 2946 1570 tenebrosa
2975 1513 3113 1568 ostia
3143 1506 3247 1568 nos
3267 1511 3434 1566 etiam
3461 1510 3702 1575 cemimus,

497 1600 552 1654 in
594 1600 741 1657 brevi
781 1611 1048 1671 erexerat,
1099 1618 1196 1674 per
1244 1604 1452 1675 pondus
1481 1603 1669 1674 judicii
1718 1603 1772 1658 in
1817 1611 2077 1658 mteruum
2111 1606 2155 1666 ις
2183 1608 2401 1676 quando
2447 1621 2694 1676 superna:
2721 1604 2859 1660 lucis
2883 1603 2995 1675 (62)
3025 1603 3381 1658 illustramur.
3410 1599 3705 1668 Undeetper

493 1689 665 1748 fracta
701 1703 1014 1764 cognoscat.
1069 1695 1327 1764 Sequitur
1357 1714 1370 1749 :

570 1781 730 1839 Vens.
770 1783 857 1839 16.
898 1784 1155 1855 Nunquid
1202 1785 1468 1856 ingressus
1502 1801 1556 1841 es
1595 1785 1915 1856 profundum
1961 1801 2079 1839 ma-

494 1875 569 1929 ris
599 1875 624 1929 .9
651 1905 723 1916 -—
753 1874 834 1930 Ac
872 1875 916 1930 si
951 1874 1115 1941 dicat,
1165 1884 1225 1930 ut
1264 1889 1382 1945 ego.
1441 1874 1497 1931 Si
1546 1876 1691 1931 enim
1738 1891 1888 1932 mare
1932 1889 2083 1932 more

497 1965 666 2022 divini
722 1965 917 2037 eloquii
949 1965 1202 2023 sazculum
1229 1963 1390 2022 debet
1418 1965 1664 2038 intelligi,
1715 1966 1788 2022 nil
1832 1966 2083 2038 prohibet

494 2048 762 2126 profunda
797 2058 963 2113 maris
991 2057 1180 2113 inferni
1220 2056 1455 2113 claustra
1499 2058 1721 2115 sentire.
1765 2058 1916 2127 Quod
1956 2073 2082 2130 pro-

496 2146 723 2203 fundum
788 2148 955 2227 maris
1002 2149 1258 2204 Dominus
1312 2148 1516 2220 petiit,
1561 2163 1684 2205 cum
1738 2149 1930 2206 inferni
1983 2166 2083 2205 nn-

498 2239 722 2295 vissima
769 2237 1063 2294 electorum
1120 2253 1340 2294 suorum
1399 2239 1610 2295 animas
1662 2249 1948 2309 erepturus
2001 2240 2085 2294 in-

494 2328 678 2384 travit.
745 2327 898 2385 Unde
943 2336 998 2385 et
1046 2344 1142 2400 per
1173 2332 1489 2401 prophetam
1519 2332 1757 2388 dicitur:
1797 2351 1815 2384 ι
1850 2332 2083 2388 Posuisti

494 2417 553 2493 in
602 2420 930 2493 profundum
986 2422 1153 2477 maris
1204 2422 1346 2476 viam
1405 2429 1464 2476 ut
1528 2423 1821 2478 transirent
1873 2422 2083 2478 liberati

495 2511 632 2593 (Isa.
686 2529 738 2579 v,
783 2513 888 2587 10).
921 2531 940 2566 ι
987 2511 1329 2569 Μοιιιιιτειι.
1378 2512 1526 2569 Mare
1575 2503 1773 2585 quippe
1809 2522 1891 2569 est
1932 2529 2084 2571 mens

497 2608 733 2671 humana
787 2623 941 2678 cuius
994 2609 1260 2680 profunda
1313 2608 1457 2666 Deus
1509 2608 1829 2682 ingreditur,
1869 2610 2084 2680 quando

498 2701 700 2786 prioris
745 2702 870 2758 vitm
920 2701 1189 2773 nequitias
1239 2701 1307 2756 ad
1356 2702 1674 2758 memoriam
1732 2700 1977 2765 reducit,
2029 2708 2086 2755 et

506 2791 856 2849 ﬂuctuantem
918 2793 972 2848 in
1004 2793 1321 2850 confusione
1367 2808 1464 2849 sua
1510 2793 1751 2848 animum
1803 2790 2086 2847 concutit?

502 2882 840 2954 Profundum
868 2883 1030 2938 maris
1060 2884 1203 2939 Deus
1234 2883 1423 2949 intrat,
1454 2883 1668 2953 quando
1695 2882 1858 2936 etiam
1891 2882 2084 2951 despe-

2181 1698 2509 1771 Prophetam
2535 1696 2773 1753 dicitur:
2809 1714 2829 1749 ι
2862 1696 3121 1751 Dominus
3149 1694 3279 1749 mihi
3309 1690 3522 1761 adiutor
3544 1699 3637 1756 est,
3665 1698 3704 1745 et

2180 1806 2282 1861 ego
2308 1789 2503 1846 videbo
2538 1788 2789 1844 inimicos
2820 1802 2971 1843 meos
2997 1784 3150 1860 (Paul
3195 1800 3366 1853 cxvii,
3390 1784 3466 1855 Ἰ).
3495 1801 3515 1837 ι
3558 1781 3706 1837 Hostes

2181 1884 2345 1956 igitur
2373 1889 2589 1939 nostros
2619 1881 2732 1951 ipse
2757 1879 2920 1945 videt,
2955 1878 3081 1950 quia
3112 1891 3209 1934 suo
3232 1878 3331 1933 eos
3356 1887 3567 1930 munere
3588 1871 3705 1927 nob'n

2181 1975 2422 2032 visibiles
2450 1973 2598 2030 facit.
2635 1972 2729 2029 Vel
2764 1980 2913 2027 certe
2938 1970 3209 2026 tenebrosa
3235 1968 3373 2024 ostia
3400 1965 3631 2022 Dominus
3648 1962 3708 2016 vi-

2182 2068 2294 2134 det,
2314 2083 2436 2123 cum
2457 2067 2692 2122 claustra
2719 2063 2912 2127 inferni
2936 2070 3248 2134 penetrans,
3270 2058 3516 2115 crudeles
3535 2055 3705 2127 spiritus

2183 2157 2441 2229 perculit,
2489 2166 2545 2212 et
2588 2154 2782 2211 mortis
2806 2152 3126 2224 praepositos
3156 2149 3441 2207 moriendo
3464 2144 3702 2211 damnavit.

2183 2249 2525 2306 Moesuren.
2575 2247 2752 2303 Porta:
2795 2245 2941 2302 enim
2988 2242 3178 2300 mortis
3221 2250 3355 2298 sunt
3388 2238 3703 2311 cogitationes,

2183 2357 2317 2412 quas
2346 2340 2453 2395 Deo
2477 2337 2781 2410 pandimus,
2803 2334 3021 2407 quando
3046 2348 3139 2389 eas
3164 2332 3218 2388 in
3246 2328 3557 2403 poenitentia
3575 2324 3704 2380 ﬂendo

2185 2430 2528 2491 conﬁtemur.
2582 2426 2736 2482 Tune
2760 2424 2960 2495 quippe
2984 2422 3126 2478 viam
3158 2420 3260 2476 sibi
3288 2421 3349 2474 in
3377 2416 3541 2490 portis
3559 2412 3705 2470 mortis

2183 2520 2390 2590 aperit,
2428 2505 2647 2587 quando
2675 2513 2869 2570 solutis
2904 2511 3088 2583 pravis
3113 2507 3529 2579 cogitationibus
3551 2505 3608 2558 ad
3633 2514 3705 2556 nos

2184 2619 2306 2682 post
2335 2609 2729 2667 confessionem
2758 2605 2924 2661 venit.
2975 2603 3287 2659 Tenebrosa
3339 2611 3562 2668 namque
3598 2593 3703 2649 ostia

2185 2710 2313 2760 sunt
2336 2702 2557 2757 latentia
2585 2699 2775 2755 mortis
2794 2697 2961 2763 mala,
2986 2711 3107 2766 qua:
3130 2702 3188 2750 et
3209 2693 3417 2748 habere
3439 2684 3724 2745 intrinsecus'

2184 2784 2433 2867 possunt,
2460 2808 2583 2864 qua:
2615 2799 2794 2845 tamen
2827 2788 3084 2844 Dominus
3109 2784 3319 2849 cernit,
3348 2779 3553 2854 quando
3572 2788 3707 2832 eaoc-

2186 2885 2329 2942 culto
2356 2891 2605 2953 respectu
2630 2882 2816 2952 gratiae
2839 2877 3088 2935 destruit.
3122 2876 3398 2946 Scriptum
3423 2871 3600 2943 quippe
3616 2874 3703 2920 est:

500 2944 628 3027 rata'
647 2973 811 3027 corda
837 2980 1126 3045 permutat,
1150 2973 1234 3028 vel
1259 2988 1381 3028 cum
1408 2944 1504 3029 cor
1524 2972 1783 3028 saeculare
1808 2944 2079 3038 humili-at,
2110 2944 2153 3005 (ί
2193 2995 2211 3027 ί
2232 2974 2344 3030 Rex
2369 2944 2463 3044 qui
2483 2944 2714 3030 sedet'iu
2743 2967 2879 3027 s'olio
2900 2968 3110 3042 iudicii,
3135 2944 3366 3036 dissipat
3388 2976 3539 3021 omne
3555 2954 3705 3014 malum

501 3059 587 3121 vel
615 3062 830 3132 quando
858 3061 1081 3117 visitare
1112 3070 1322 3117 mentes
1345 3062 1507 3117 etiam
1538 3077 1757 3132 pressas
1788 3061 2084 3117 sceleribus

503 3169 613 3214 non
642 3153 985 3223 dedignatur.
1038 3152 1332 3222 Sequitur:
1377 3151 1445 3206 Et
1488 3153 1544 3207 in
1585 3150 1874 3207 novissimis
1910 3150 2083 3220 abyssi

482 3243 854 3305 'deambulasti
877 3245 985 3298 ?—
1011 3242 1165 3312 Quod
1194 3259 1356 3315 supra
1383 3242 1709 3314 profundum
1735 3242 1903 3300 maris
1927 3242 2083 3302 dixe-

504 3343 592 3395 rat
616 3375 631 3400 ,
680 3335 785 3403 hoc
825 3335 948 3392 aliis
980 3335 1161 3393 verbis
1205 3336 1501 3407 replicans,
1544 3336 1719 3407 abyssi
1750 3335 2084 3391 novissimum

509 3433 708 3491 vocat,
759 3426 887 3497 quia
938 3428 1078 3485 sicut
1125 3442 1388 3497 aquarum
1437 3427 1664 3498 abyssus
1712 3425 1855 3482 nulla
1901 3434 2087 3482 nostra

503 3515 717 3572 visione
743 3517 1244 3588 comprehenditur,
1290 3517 1367 3574 ita
1409 3516 1621 3573 occulta
1660 3514 1818 3572 inferi
1864 3515 2011 3572 nullo
2055 3530 2086 3570 a

504 3609 665 3664 nobis
711 3609 1061 3679 cogitationis
1104 3624 1267 3669 sensu
1310 3618 1686 3680 penetrantur,
1739 3607 2088 3664 deambulare

505 3700 705 3772 quippe
748 3716 856 3759 non
905 3702 1209 3768 constricti,
1240 3702 1336 3759 sed
1385 3700 1541 3758 liberi
1577 3708 1681 3756 est.
1735 3698 1872 3768 Quia
1921 3699 2089 3770 igitur

505 3793 769 3861 Dominus
797 3792 938 3855 nulla
969 3793 1177 3864 peccati
1207 3792 1417 3852 vincula
1444 3792 1701 3864 pertulit,
1732 3792 1785 3846 in
1815 3790 2088 3847 infernum

2186 3066 2380 3123 intuitu
2405 3079 2505 3120 suo
2532 3062 2713 3134 (Prov.
2742 3077 2834 3126 xx,
2860 3060 2938 3135 8).
2970 3079 2989 3113 ι
3024 3058 3320 3129 Sequitur:

2258 3155 2422 3211 Vens.
2450 3152 2535 3209 l8.
2566 3149 2822 3222 Nunquid
2844 3148 3188 3204 considerasti
3211 3146 3542 3216 latitudinem
3559 3136 3705 3197 terra!

2183 3278 2254 3289 ——
2273 3247 2406 3303 Dum
2434 3246 2579 3302 enim
2607 3243 2867 3299 Dominus
2892 3240 3169 3314 angustias
3190 3238 3385 3296 mortis
3406 3236 3567 3309 petiit,
3588 3230 3703 3287 ﬁdeli

2185 3354 2338 3397 suam
2370 3338 2425 3394 in
2451 3336 2701 3408 gentibus
2728 3333 2996 3401 dilatavit,
3025 3342 3188 3404 atque
3216 3332 3269 3387 in
3299 3331 3567 3386 innumera
3583 3318 3702 3378 corda

2187 3440 2431 3489 sanctam
2483 3428 2778 3484 Ecclesiam
2829 3424 3095 3482 extendit.
3155 3423 3254 3479 Cui
3305 3436 3404 3492 per
3446 3414 3703 3489 prophetam

2188 3520 2424 3577 dicitur:
2458 3536 2477 3572 ι
2512 3515 2683 3572 Dilata
2712 3515 2891 3571 locum
2923 3512 3142 3572 tentorii
3175 3512 3271 3578 tui,
3302 3520 3361 3567 et
3389 3508 3544 3581 pelles
3569 3502 3703 3560 taber-

2188 3611 2505 3668 naculorum
2539 3620 2754 3666 tuorum
2786 3604 3035 3671 extende,
3070 3621 3140 3661 ne
3176 3618 3402 3675 parcas;
3451 3601 3613 3669 longos
3645 3591 3704 3646 fac

2190 3703 2463 3761 funiculos
2491 3712 2632 3768 tuos,
2677 3710 2731 3757 et
2761 3701 2946 3757 clavos
2977 3692 3099 3755 tuos
3124 3696 3422 3754 consolida.
3465 3694 3538 3748 Ad
3561 3691 3705 3746 dexte-

2191 3809 2308 3850 ram
2336 3794 2480 3849 enim
2510 3801 2565 3848 et
2590 3792 2657 3848 ad
2688 3791 2876 3847 lteram
2908 3788 3239 3859 peuctrabis,
3291 3798 3349 3845 et
3387 3799 3554 3842 semen
3593 3788 3704 3834 tuan

508 3883 873 3949 deambulavit
896 3924 917 3953 ,
961 3885 1099 3950 liber
1142 3886 1341 3957 quippe
1386 3885 1454 3940 ad
1496 3884 1691 3956 ligatos
1717 3882 1883 3941 venit.
1937 3879 2092 3939 Unde
2190 3896 2382 3960 gentes
2408 3884 2750 3943 haereditabit
2776 3881 2912 3955 (Isa.
2939 3897 3050 3947 Liv,
3073 3881 3127 3947 Ξ,
3154 3880 3232 3952 3).
3263 3897 3281 3931 ι
3337 3877 3494 3934 Pauci
3519 3873 3637 3930 enim
3657 3879 3704 3921 et

508 3978 770 4049 scriptum
801 3989 915 4035 est:
935 3998 952 4030 ι
975 3977 1171 4039 Factus
1199 3994 1317 4035 sum
1345 3977 1462 4034 sine
1486 3975 1754 4046 adiutorio
1779 3975 1923 4034 inter
1947 3987 2093 4030 mora
2194 3981 2347 4054 plebe
2372 3979 2698 4045 Israelitica,
2731 3978 2850 4049 ipso
2876 3976 3234 4048 priedicante,
3266 3972 3618 4028 crediderunt;
3645 3960 3703 4014 in—

508 4077 634 4133 tuos
678 4068 816 4125 liber
857 4068 1032 4140 (Psal.
1062 4086 1317 4137 LXXXVII,
1353 4069 1430 4142 ὄλ.
1464 4088 1483 4122 ι
1546 4069 1684 4126 Hinc
1728 4068 1926 4125 Petrus
1972 4066 2095 4123 ait:
2193 4072 2404 4130 numeri
2431 4085 2559 4127 vero
2585 4069 2824 4141 gentium
2852 4065 3035 4138 populi
3062 4066 3204 4120 viam
3236 4063 3359 4117 vitm
3384 4061 3471 4116 illo
3497 4054 3704 4142 moriente

518 4176 539 4215 t
573 4157 778 4215 Solutis
818 4138 1017 4215 inferni
1049 4160 1354 4225 doloribus,
1390 4138 1550 4230 vjuxta
1578 4158 1722 4230 quod
1760 4156 2091 4229 impossibile
2194 4172 2249 4223 et
2292 4138 2610 4234 resurgente
2651 4158 2822 4215 secuti
2869 4165 3014 4212 sunt.
3070 4153 3411 4209 MonALl'rER-
3460 4145 3560 4234 Νίεξ
3598 4138 3702 4234 ετξίίπ

511 4256 636 4311 erat
663 4247 833 4303 teneri
864 4247 1014 4302 illum
1043 4248 1108 4305 ab
1131 4262 1197 4302 eo
1227 4248 1363 4316 (Act.
1389 4225 1448 4314 tt,
1473 4225 1631 4320 24)..»
1668 4247 1768 4306 Vel
1790 4225 1938 4304 certe
1964 4248 2088 4319 quia
2119 4301 2167 4320 ᾗ
2194 4255 2425 4310 virtutes
2450 4225 2692 4308 animum
2722 4247 3013 4304 dilatarent
3031 4285 3046 4311 ,
3080 4254 3416 4313 nequaquam
3442 4233 3614 4292 Paulus
3631 4225 3704 4281 Co-

513 4335 910 4399 deambulando
950 4351 1050 4391 nos
1088 4350 1214 4391 cum
1232 4301 1314 4394 ‘de
1351 4301 1470 4392 loco
1511 4301 1577 4399 ad
1610 4337 1783 4393 locum
1817 4301 2171 4403 ducimur.”
2196 4342 2416 4399 rinthiis
2443 4340 2647 4397 diceret
2672 4356 2685 4392 :
2708 4356 2726 4389 ι
2748 4301 3057 4391 ῡίιειιειηίηῖ
3087 4342 3143 4388 et
3167 4301 3289 4397 ius,“
3310 4339 3367 4385 et
3392 4326 3545 4383 nolite
3561 4321 3702 4392 iusim

511 4428 609 4512 hie
637 4426 853 4497 illicque
878 4435 1170 4498 praesentes
1198 4427 1531 4489 invenimur.
1571 4428 1892 4491 Ambulasse
1923 4428 1976 4483 in
2008 4429 2092 4483 in-
2197 4436 2394 4492 ducere
2441 4446 2565 4488 cum
2613 4427 2921 4484 infidelibus
2949 4424 3035 4497 (ΙΙ
3071 4422 3194 4479 Cor.
3224 4437 3303 4512 vi,
3341 4421 3433 4512 13,-
3462 4407 3702 4512 ιι).

514 4510 672 4584 ferito
703 4519 966 4577 Dominus
995 4520 1220 4585 dicitur,
1245 4529 1306 4575 ut
1330 4520 1519 4577 electis
1547 4520 1831 4577 animabus
1868 4520 1922 4575 in
1961 4520 2097 4576 locis

428 4657 444 4680 ,
516 4613 746 4689 singulis
795 4628 891 4684 per
941 4612 1240 4668 divinitatis
1288 4613 1589 4684 potentiam
1641 4626 1880 4682 praesens
1928 4610 2096 4667 fuisse

516 4714 875 4767 monstratur.
911 4705 1253 4765 Μοιιιιιιτειι.
1285 4705 1423 4772 Quid
1450 4705 1596 4759 enim
1626 4712 1711 4760 est
1738 4704 1964 4775 abyssus
1989 4704 2093 4759 nisi

516 4812 670 4862 mens
700 4797 979 4855 humana?
1027 4795 1177 4865 Quae,
1206 4796 1334 4850 dum
1364 4796 1707 4865 semetipsam
1737 4795 2093 4866 comprehen-

517 4890 648 4953 dere
673 4905 779 4949 non
805 4888 967 4954 valet,
999 4904 1119 4944 sese
1148 4891 1202 4945 in
1229 4904 1389 4944 omne
1416 4888 1557 4958 quod
1583 4895 1668 4943 est
1694 4885 1838 4942 velut
1865 4887 2094 4942 obscura

519 4983 750 5053 abyssus
776 4982 930 5038 latet.
980 4981 1134 5038 Unde
1173 4983 1310 5037 bene
1348 4997 1454 5052 per-
1488 4983 1806 5053 prophetam
1852 4980 2090 5036 dicitur:

525 5092 543 5123 ι
576 5072 733 5126 Dedit
771 5073 998 5144 abyssus
1036 5086 1222 5128 vocem
1265 5087 1419 5126 suam
1448 5070 1675 5143 (Habeo.
1702 5087 1784 5137 ιιι,
1814 5070 1919 5141 10).
1954 5089 1979 5123 ι
2026 5068 2095 5124 In

521 5162 813 5217 novissimis
848 5176 980 5232 ergo
1019 5163 1191 5232 abyssi
1228 5160 1337 5216 Deo
1379 5163 1725 5218 deambulare
1764 5170 1887 5226 est,
1930 5161 2094 5216 etiam

511 5252 979 5321 ‘nequissimorum
1009 5252 1288 5306 hominum
1316 5252 1481 5306 corda
1520 5260 1855 5314 convertere,
1903 5258 1957 5305 et
2001 5250 2096 5304 de-

524 5348 773 5400 sneratas
796 5349 1007 5396 mentes
1028 5340 1353 5397 visitatiouis
1397 5356 1508 5397 sua:
1550 5340 1795 5400 vestigiis
1829 5336 2101 5400 tangendo

2196 4523 2453 4580 tuendum
2501 4528 2586 4576 est
2631 4517 2776 4589 quod
2825 4494 3046 4580 dicitur,
3094 4509 3455 4568 considerasti.
3508 4494 3701 4558 ιιιὶωὐθ

2197 4628 2432 4684 namque
2462 4613 2729 4668 bonarum
2762 4607 2990 4665 interior
3014 4615 3126 4672 est,
3167 4612 3223 4660 et
3251 4610 3567 4673 nequaquam
3589 4600 3699 4646 com:

2196 4703 2571 4777 prehenditur,
2604 4702 2706 4756 nisi
2736 4708 2892 4754 caute
2919 4696 3312 4754 consideretur.
3360 4690 3488 4747 Nam
3522 4684 3701 4777 pletum'

2196 4772 2303 4868 que
2332 4794 2694 4865 ens‘exterius
2731 4790 2911 4861 inopia
2949 4787 3199 4844 bumiliat
3220 4827 3236 4853 ,
3277 4798 3460 4857 poenas
3490 4772 3700 4868 crucianti

2198 4856 2468 4957 angustat.
2503 4883 2610 4939 Sed
2641 4856 2994 4937 tamen'inter
3028 4879 3143 4933 hinc
3170 4890 3380 4944 semper
3406 4865 3603 4957 interior
3624 4856 3699 4910 lor-

2202 4953 2376 5032 titudo
2405 4973 2661 5045 usquead
2687 4970 2963 5042 speranda.
2983 4969 3223 5025 cmlestia
3254 4961 3456 5022 dilatat.
3485 4953 3696 5020 Seripwm

2201 5081 2436 5137 namque
2470 5071 2553 5118 est
2591 5063 2658 5117 de
2693 5059 2989 5132 apostolis:
3024 5077 3044 5111 ι
3072 5058 3225 5114 Ibant
3255 5054 3531 5127 gaudentes
3557 5057 3585 5096 a

2200 5134 2385 5225 specttt
2416 5152 2630 5209 concilii
2653 5191 2670 5216 ,
2717 5148 2970 5220 quoniam
3019 5147 3161 5216 digni
3194 5144 3358 5199 habiti
3389 5145 3504 5229 sunt
3527 5143 3608 5203 pro
3625 5134 3695 5229 (se

2199 5214 2355 5302 mine.
2393 5242 2522 5300 Iesu
2568 5214 2946 5299 contumeliam
2994 5214 3105 5311 pati
3153 5236 3291 5308 (Act.
3326 5244 3385 5299 ‘v,
3422 5227 3523 5299 ll).
3563 5240 3579 5272 ι
3624 5214 3696 5268 8³·

2199 5337 2386 5400 quitur
2408 5353 2424 5390 :
