3934 5400
189 336 284 399 ιιι

897 351 1198 413 ΕΡΙΤΟΜΕ
1236 358 1604 422 ΜΟΙιΜΛυΜ
1639 366 1700 421 S.

1847 370 1951 427 EG.
1994 373 2058 429 ΙΝ
2098 375 2237 434 JOB.
2282 410 2350 421 --
2392 381 2518 438 LIB.
2565 385 2755 444 XXIX.

3341 397 3448 454 Mi

189 452 516 578 turaaottet,
540 467 588 510 et
613 464 942 571 terreat-arum
963 470 1079 536 quis
1101 468 1248 526 locus
1271 483 1442 527 sit.—
1463 476 1601 542 Quid
1623 480 1766 535 enim
1796 489 1842 546 Α
1872 501 2002 553 pore
2049 489 2291 562 frigescit
2334 506 2388 551 et
2429 514 2528 568 per
2566 501 2778 559 duritia:
2819 506 3082 561 malitiam
3121 515 3444 578 percutitur.

188 543 322 601 locis
349 550 566 605 nomine
590 554 693 608 nisi
719 554 929 623 justitia
958 563 1240 633 accipitur,
1266 577 1320 622 et
1343 571 1470 639 quid
1500 588 1596 642 per
1620 582 1772 629 tene-

185 635 342 733 bras,
393 641 497 696 nisi
542 643 793 712 iniquitas
834 650 1194 720 designatur?
1248 635 1400 716 Unde
1446 635 1766 733 quibusdam

188 727 422 816 dicitur:
458 749 476 783 ι
510 732 690 789 Eratis
736 737 1023 808 aliquando
1072 749 1344 816 tenebrae;
1394 727 1538 810 nu-nc
1585 765 1764 811 autem

186 815 274 871 lux
306 819 360 872 in
395 821 620 878 Domino
649 825 874 896 (Ephes.
901 848 956 897 v,
983 833 1058 905 8).
1093 856 1112 888 ι
1171 839 1237 894 Et
1266 815 1336 896 de
1361 845 1678 912 quibusdam
1713 849 1765 903 in

182 919 409 974 peccato
459 917 804 974 manentibus
853 935 1221 983 memoratur:
1255 947 1273 981 ι
1306 930 1408 998 Qui
1443 934 1718 992 dormiunt
1747 979 1762 1004 ,

181 1009 339 1053 nocte
380 1003 655 1061 dormiunt
689 1009 739 1078 (1
765 1010 945 1068 Thess.
973 1031 1023 1082 v,
1057 1014 1136 1087 7).
1169 1038 1186 1071 ι
1243 1021 1321 1077 Ae
1364 1023 1408 1078 si
1458 1025 1619 1082 beato
1663 1003 1764 1087 Job

177 1091 492 1152 diceretur:
546 1099 603 1154 Si
654 1103 865 1171 plenam
919 1117 971 1164 te
1017 1111 1218 1170 habere
1262 1117 1542 1173 scientiam
1585 1123 1764 1193 suspio

177 1186 344 1251 caris,
378 1189 464 1244 dic
493 1192 576 1245 vel
609 1194 660 1248 in
702 1197 856 1265 cujus
886 1202 1050 1258 corde
1090 1220 1153 1260 ea
1193 1223 1314 1277 quae
1345 1225 1488 1265 nunc
1526 1223 1610 1267 est
1649 1186 1767 1269 nia-

175 1274 288 1328 litia
320 1293 650 1346 perseveret.
684 1284 943 1356 Sequitur
971 1277 992 1345 ε’
1028 1293 1094 1348 In
1136 1274 1241 1365 qua
1285 1299 1368 1352 via
1402 1301 1597 1357 habitet
1637 1303 1758 1371 lux,

173 1366 228 1468 id
271 1380 385 1468 est,
433 1373 485 1428 in
527 1375 682 1446 cujus
727 1393 962 1439 mentem
1004 1389 1226 1447 veniens
1263 1390 1472 1463 justitia
1518 1366 1757 1468 impleat.

172 1457 472 1528 Sequitur:

244 1553 407 1648 Vsus.
439 1558 528 1615 20.
567 1559 638 1615 Et
669 1567 892 1622 tenebris
921 1571 1038 1641 quis
1067 1571 1213 1629 locus
1243 1576 1329 1631 sit.
1352 1607 1423 1618 -—
1458 1578 1516 1633 Id
1549 1589 1663 1648 est,
1703 1582 1759 1636 in

166 1659 276 1714 quo
319 1646 580 1718 iniquitas
617 1669 759 1710 carca
800 1662 1075 1730 perduret.
1133 1664 1428 1738 Sequitur:
1479 1670 1548 1726 Ut
1594 1646 1758 1730 ducas

165 1741 575 1833 unumquod-yue
588 1743 657 1796 ad
670 1749 919 1803 terminos
933 1768 1077 1819 suos,
1097 1786 1167 1797 —-
1189 1757 1240 1812 id
1264 1767 1366 1827 est,
1391 1771 1451 1818 ut
1473 1763 1752 1833 dijudices,

1869 576 2127 647 Sequitur
2151 599 2166 616 ο

1940 671 2105 726 Vsus.
2129 673 2216 728 23.
2248 675 2380 741 Qua:
2405 685 2696 750 prmparavi
2719 683 2770 738 in
2792 693 2989 756 tempus
3017 689 3201 755 hostis,
3228 691 3282 746 in
3307 693 3446 748 diem

1865 777 2054 830 pugna:
2101 773 2147 817 et
2197 765 2318 818 belli
2341 769 2367 821 .’
2403 799 2475 808 —
2521 771 2656 825 Cum
2698 776 2841 830 enim
2885 777 3229 835 adversarius
3258 791 3448 838 noster

1865 849 2111 908 diabolus
2165 863 2374 912 tentare
2422 876 2521 916 nos
2571 863 2799 930 nititur,
2867 882 3154 937 pravorum
3203 873 3444 930 moribus

1865 943 2020 1010 quasi
2051 944 2162 999 suis
2190 955 2380 1001 contra
2413 966 2508 1006 nos
2537 953 2704 1008 armis
2734 956 2924 1022 utitur,
2951 973 3047 1027 per
3074 961 3217 1032 ipsos
3244 964 3444 1035 quippe

1866 1049 1964 1088 nos
1993 1036 2218 1092 sawiens
2251 1041 2490 1108 cruciat,
2538 1045 2632 1098 sed
2673 1048 2918 1102 nesciens
2951 1061 3162 1123 purgat.
3200 1053 3443 1111 Peccatis

1866 1137 2097 1191 namque
2126 1127 2325 1182 nostris
2353 1128 2484 1198 ipsis
2513 1129 2778 1201 ﬂagellum
2809 1135 2962 1191 ﬁunt.
2995 1137 3070 1192 De
3095 1155 3321 1209 quorum
3350 1143 3442 1198 tali

1866 1212 1972 1266 vita
2001 1213 2126 1268 dum
2159 1219 2512 1287 percutimur,
2557 1222 2624 1276 ab
2663 1233 2866 1280 aeterna
2913 1237 3086 1284 morte
3126 1229 3438 1287 liberamur.

1863 1303 2035 1358 Aliter
2066 1306 2119 1359 iu
2151 1307 2274 1362 nive
2299 1308 2383 1362 vel
2415 1312 2678 1380 grandine
2716 1313 2908 1385 frigida
2953 1316 3038 1371 vel
3077 1317 3209 1372 dura
3242 1321 3443 1389 accipi.-

1863 1412 1984 1453 mus
2031 1399 2195 1454 corda
2244 1417 2531 1470 pravorum
2559 1444 2572 1468 ,
2624 1405 2719 1460 sed
2761 1407 2887 1476 quia
2929 1407 3273 1477 omnipotens
3304 1411 3442 1465 Deus

1862 1498 2077 1543 Sanctos
2107 1504 2234 1545 suos
2259 1491 2323 1545 de
2353 1492 2550 1548 talibus
2575 1494 2755 1565 elegit,
2786 1504 2842 1550 et
2869 1498 3017 1566 quia,
3050 1514 3210 1568 quam
3243 1500 3442 1556 multos

1861 1579 2061 1636 electos
2089 1581 2264 1637 adhuc
2291 1583 2432 1638 inter
2455 1600 2743 1654 pravorum
2767 1587 2931 1641 vitam
2959 1589 3222 1657 repositos
3245 1589 3442 1646 habeat

1860 1671 2040 1736 novit,
2084 1682 2206 1741 apte
2238 1673 2289 1726 in
2336 1675 2457 1730 nive
2497 1675 2580 1730 vel
2621 1677 2883 1746 grandine
2923 1677 3194 1732 thesauros
3237 1679 3442 1734 habere

1860 1776 1919 1815 se
1945 1761 2210 1832 perhibet.
2239 1763 2549 1848 Tliesaurus
2577 1767 2772 1836 quippe
2799 1769 2900 1822 ἀπὸ
2925 1776 3013 1829 τῆς
3036 1770 3247 1835 aiam,
3278 1769 3330 1823 id
3353 1777 3439 1824 est

163 1823 242 1889 si,
275 1827 358 1880 vel
391 1830 436 1883 is
465 1833 557 1900 qui
590 1849 733 1890 nunc
765 1838 984 1910 iniquus
1015 1847 1256 1901 cernitur
1284 1849 1338 1902 in
1369 1823 1754 1925 hujus-iniqui-
1784 1830 1830 1890 Β
1857 1866 1888 1906 a
1930 1852 2197 1921 positione
2247 1827 2575 1908 miminatur.
2627 1855 2682 1910 lu
2723 1857 2845 1911 nive
2891 1873 3020 1928 ergo
3051 1857 3135 1912 vel
3175 1858 3439 1929 grandine

165 1926 275 1972 tate
301 1920 469 1976 vitam
503 1922 672 1991 finiat,
707 1929 789 1983 vel
823 1931 866 1986 is
896 1935 986 2003 qui
1018 1935 1198 2002 justus
1225 1942 1469 1996 cernitur
1495 1920 1750 2001 extremi-

160 2016 329 2064 tatem
369 2012 492 2066 vita:
527 2030 637 2071 sua:
666 2034 788 2074 cum
821 2021 1046 2090 iustitiae
1077 2029 1411 2096 perfectione
1445 2035 1750 2091 concludat.

159 2098 419 2169 Sequitur
465 2121 478 2160 :
531 2104 601 2161 Et
642 2110 904 2183 intelligas
944 2119 1155 2174 semitas
1199 2121 1386 2176 domus
1428 2123 1560 2193 ejus.
1596 2156 1666 2165 —
1693 2125 1751 2182 ιιι

156 2200 276 2257 est,
316 2197 629 2255 consideres
664 2211 828 2273 atque
857 2206 1169 2274 discernas,
1203 2211 1287 2266 vel
1317 2214 1404 2268 cui
1438 2217 1576 2270 ana
1609 2221 1750 2273 actio

155 2299 520 2353 perseverans
555 2303 814 2351 teternam
851 2302 1184 2357 mansionem
1219 2315 1440 2372 praestet
1476 2308 1529 2362 in
1561 2325 1748 2380 regno,

154 2377 240 2432 vel
271 2393 428 2448 quem
460 2399 630 2454 usque
658 2387 722 2440 ad
754 2391 1044 2446 terminum
1077 2410 1232 2449 suum
1259 2397 1404 2452 actio
1431 2415 1596 2469 prava
1619 2377 1750 2454 con-

151 2475 426 2541 stringens
475 2475 526 2528 in
575 2486 836 2534 aeternum
882 2483 1102 2539 damnet
1144 2488 1489 2557 supplicium.
1546 2492 1746 2548 Domus

148 2562 355 2631 quippe
390 2579 488 2634 pro
524 2571 805 2626 mansione
842 2576 1080 2642 ponitur,
1129 2580 1323 2634 semita
1366 2597 1462 2651 pro
1507 2584 1740 2639 actione.

151 2649 362 2710 Semita
395 2657 560 2728 igitur
588 2660 652 2714 ad
687 2663 902 2719 domum
935 2667 1117 2734 ducit,
1161 2672 1286 2739 quia
1318 2649 1462 2729 actio
1490 2675 1557 2730 ad
1591 2693 1743 2732 man-

147 2743 362 2800 sionem
392 2751 692 2818 pertrahit;
744 2757 838 2810 sed
872 2759 992 2826 quis
1024 2759 1304 2817 hominum
1337 2764 1434 2819 ista
1467 2767 1743 2824 discussus

145 2833 338 2889 dicat?
371 2837 492 2905 quis
519 2837 622 2894 ista
655 2843 845 2899 saltem
876 2847 1270 2916 imperterritus
1299 2856 1519 2911 audiat?
1551 2857 1742 2914 Multos

145 2926 294 2980 enim
325 2927 813 3000 videmusjuslitia:
840 2937 959 2993 luce
991 2942 1362 3012 resplendere,
1398 2956 1448 3002 et
1481 2950 1546 3003 ad
1577 2949 1738 3005 finem

145 3021 407 3089 nequitia:
435 3038 547 3079 suze
575 3026 906 3085 obscuritate
939 3035 1238 3098 tenebrari,
1281 3047 1336 3092 et
1379 3041 1574 3095 nmltos
1611 3058 1737 3111 pec-

142 3121 396 3166 eatorum
430 3118 666 3173 tenebris
691 3115 997 3184 obvolutos,
1018 3134 1070 3178 et
1101 3134 1276 3182 tamen
1299 3127 1454 3196 juxta
1480 3131 1601 3185 vita:
1626 3149 1736 3188 sua:

142 3201 444 3256 terminum
476 3216 692 3275 repente
719 3208 869 3264 reddi
900 3211 1016 3266 lucc
1034 3213 1258 3281 juStitite
1281 3217 1498 3282 liberos,
1525 3230 1580 3275 et
1600 3223 1739 3276 mul-

137 3299 228 3346 tos
249 3294 392 3346 viam
412 3294 636 3363 justitize
659 3315 827 3370 usque
849 3303 914 3356 ad
936 3305 1139 3358 obitum
1167 3315 1369 3375 tenere,
1387 3319 1437 3363 et
1455 3311 1736 3380 plerosque

135 3389 532 3457 conspeximus
559 3407 732 3461 usque
766 3395 832 3446 ad
872 3397 1074 3450 exitum
1107 3407 1280 3467 empta
1310 3401 1473 3457 semel
1505 3403 1734 3458 erimina

133 3477 258 3530 sine
285 3479 600 3535 cessatione
626 3483 950 3538 etnuulasse.
993 3484 1252 3554 Sequitur
1275 3508 1288 3543 :

209 3569 379 3623 Vnus.
415 3569 506 3624 2i.
546 3570 758 3627 Sciebas
790 3583 916 3627 tunc
945 3577 1085 3644 quod
1113 3580 1411 3632 nasciturus
1438 3596 1596 3644 esses,
1641 3591 1734 3634 aut

130 3675 420 3713 numerum
444 3661 646 3714 dierum
675 3674 882 3718 tuorum
908 3682 1123 3721 noveras
1141 3669 1343 3736 ?-——_Ac
1370 3671 1412 3723 si
1445 3671 1515 3723 illi
1547 3683 1734 3740 aperte

129 3753 390 3808 diceret:
431 3755 568 3822 Quid
601 3757 828 3824 mirum,
860 3760 903 3812 si
938 3761 1224 3815 terminum
1261 3771 1408 3816 tuum
1440 3778 1543 3817 non
1577 3764 1731 3818 intel—

127 3840 281 3911 ligis,
306 3845 398 3912 qui
426 3861 523 3900 nec
551 3846 760 3900 initium
786 3851 1442 3919 comprehenrlileiter:
1476 3852 1731 3909 Homines

125 3936 341 4004 quippe
375 3945 500 3991 tunc
527 3954 646 3992 csse
677 3939 977 4008 incipiunt,
1007 3957 1130 3995 cum
1163 3942 1213 3995 in
1247 3952 1477 3998 matrum
1510 3959 1726 4000 suarum

125 4034 335 4080 ventre
365 4037 683 4083 nascuntur.
733 4029 868 4084 Nam
910 4031 1021 4102 ipsa
1053 4033 1335 4102 conceptio
1369 4033 1623 4088 nativitas
1649 4034 1731 4089 di-

121 4114 304 4182 citur,
332 4115 488 4186 juxta
518 4119 659 4186 quod
689 4121 949 4190 scriptum
981 4130 1099 4176 est:
1136 4140 1154 4173 ι
1187 4121 1339 4189 Quod
1369 4122 1422 4176 in
1451 4137 1511 4176 ea
1541 4132 1726 4178 natum

120 4219 235 4274 est,
269 4211 340 4264 de
368 4209 570 4280 Spiritu
601 4222 790 4268 sancto
818 4223 902 4268 est
932 4213 1146 4282 (Matth.
1170 4230 1211 4280 ι,
1237 4212 1349 4284 20).
1374 4234 1392 4267 ι
1437 4214 1505 4270 Et
1530 4215 1728 4270 idcirco

118 4316 185 4355 se
218 4302 535 4357 nascituros
558 4305 832 4369 nesciunt,
857 4305 979 4373 quia
1010 4320 1108 4358 nec
1133 4305 1445 4374 priusquam
1473 4315 1728 4360 creentur

117 4389 402 4445 existunt.
452 4390 594 4446 Deus
619 4407 768 4458 vero,
801 4393 891 4462 qui
921 4393 1040 4448 sine
1079 4393 1234 4448 initio
1265 4407 1480 4462 semper
1507 4394 1722 4459 existit,

1855 1943 2126 1998 habentur
2153 1945 2422 2011 thesauri,
2454 1946 2578 2016 quia
2610 1945 2852 2016 plerique
2887 1947 3187 2016 iniquitatis
3219 1957 3437 2018 torpore

1853 2035 2056 2105 frigidi,
2081 2035 2146 2088 ad
2177 2052 2468 2105 supernam
2493 2037 2725 2108 gratiam
2755 2039 3016 2106 assumpti
3047 2039 3099 2092 in
3127 2047 3313 2094 sancta
3332 2037 3439 2094 Ec-

1852 2121 2015 2176 clesia
2035 2122 2262 2191 iustitia:
2286 2125 2404 2180 luce
2431 2125 2752 2196 fulgescunt,
2778 2135 2831 2180 et
2851 2141 3070 2196 pravam
3099 2127 3437 2181 adversario-

1853 2229 1970 2268 rum
2003 2215 2286 2269 scicntiam
2319 2215 2578 2270 doctrinas
2607 2231 2718 2271 sua:
2753 2216 2950 2271 ictibus
2979 2215 3240 2282 tundunt,
3287 2215 3434 2286 quod

1850 2306 1917 2360 ad
1941 2305 2083 2360 diem
2120 2305 2243 2359 belli
2278 2322 2467 2376 pugna:
2489 2315 2820 2375 praeparatos
2844 2306 2934 2361 diu
2966 2305 3019 2360 in
3051 2321 3161 2361 sua:
3190 2305 3432 2363 scientia:

1848 2394 1968 2449 sinu
2011 2393 2160 2464 tegit.
2208 2392 2315 2448 Sed
2348 2408 2469 2448 eum
2509 2405 2733 2464 repente
2754 2409 2848 2450 eos
2869 2395 3138 2460 eduxerit,
3170 2396 3432 2452 resisten-

1847 2482 1921 2538 tia
1952 2482 2388 2538 adversariorum
2417 2490 2637 2552 pectora
2658 2525 2671 2546 ,
2706 2483 2919 2537 illorum
2948 2483 3130 2539 verbis
3155 2499 3221 2540 ac
3245 2485 3432 2539 redar-

1846 2575 2174 2648 gutionibus,
2218 2575 2370 2645 quasi
2418 2574 2737 2644 quibusdam
2796 2573 3146 2641 grandinibus
3174 2574 3427 2644 percutit.

1850 2662 1999 2719 Unde
2047 2663 2306 2733 scriptum
2371 2670 2454 2718 est
2499 2703 2511 2715 .
2557 2681 2574 2713 ι
2603 2661 2734 2717 Ριω¹
2775 2659 2978 2731 fulgore
3030 2660 3086 2714 in
3138 2668 3430 2731 conspectu

1844 2757 1979 2828 ejus,
2011 2774 2030 2807 ι
2065 2765 2170 2810 etc.
2219 2753 2390 2826 (Psal.
2421 2769 2554 2818 svnt,
2593 2752 2706 2823 15.)
2760 2752 2976 2808 Grando
3013 2751 3157 2806 enim
3202 2751 3426 2808 veniens

1841 2851 2099 2923 percutit,
2133 2849 2332 2919 liquata
2367 2848 2524 2917 rigat.
2583 2845 2766 2901 Sancti
2804 2852 2982 2899 autem
3013 2843 3112 2898 viri
3142 2844 3304 2898 corda
3334 2858 3428 2897 au-

1843 2941 2100 2995 dientium
2133 2948 2186 2994 et
2216 2938 2549 2993 blandientes
2574 2936 2824 3006 rigantet
2847 2933 3067 2989 feriunt.
3121 2931 3256 2986 Nam
3287 2944 3426 3001 que-

1841 3030 2184 3085 madmodum
2250 3028 2495 3093 feriunt,
2558 3027 2826 3096 Propheta
2874 3033 3104 3081 testatur
3169 3024 3353 3079 dicens
3407 3039 3423 3077 :

1847 3139 1866 3173 ι
1902 3119 2165 3175 Virtutem
2215 3116 2528 3172 terribilium
2575 3125 2785 3170 tuorum
2823 3115 3022 3179 dicent,
3055 3133 3073 3166 ι
3107 3123 3210 3169 etc.
3246 3111 3422 3183 (Psal.

1840 3225 2019 3273 cxuv,
2052 3208 2128 3277 6.)
2175 3208 2237 3262 Et
2286 3207 2732 3276 quemadmodum
2761 3206 3099 3260 blandienter
3136 3205 3308 3275 rigant
3339 3218 3428 3258 se-

1838 3309 1995 3356 cutus
2033 3299 2314 3369 adjunxit:
2345 3317 2362 3348 ι
2393 3297 2703 3351 Memoriam
2752 3296 3094 3351 abundantia:
3137 3294 3423 3351 suavitatis

1841 3398 1941 3444 tua:
1974 3388 2313 3453 eructabunt,
2354 3405 2372 3438 ι
2417 3394 2522 3441 etc.
2564 3385 2752 3458 (Ibid.,
2777 3384 2856 3455 7.)
2899 3415 2907 3424 ι

1907 3479 2068 3533 Vsus.
2097 3477 2188 3532 24.
2246 3476 2352 3530 Per
2387 3493 2544 3542 quam
2587 3475 2721 3530 viam
2762 3475 3027 3546 spargitur
3055 3474 3148 3529 tua:
3170 3475 3280 3529 2-
3301 3472 3422 3544 Ipse

1834 3572 2029 3641 quippe
2078 3571 2160 3622 via
2190 3578 2291 3631 est,
2340 3569 2428 3637 qui
2473 3568 2587 3621 ait:
2625 3585 2643 3618 ι
2672 3566 2785 3636 Ego
2821 3581 2939 3644 sum
2972 3567 3078 3630 via,
3123 3565 3420 3630 veritas,et

1834 3661 1941 3714 vita
1968 3659 2147 3728 (Joun.
2185 3671 2296 3721 κεν,
2339 3659 2419 3725 ϐ).
2445 3675 2464 3708 s
2515 3656 2619 3710 Per
2656 3655 2796 3708 hanc
2823 3668 2954 3722 ergo
2981 3654 3122 3707 viam
3151 3653 3240 3707 lux
3270 3667 3422 3720 spar-

1831 3751 1995 3821 gitur,
2039 3750 2162 3817 quia
2201 3763 2297 3816 per
2337 3748 2451 3817 ejus
2501 3747 2844 3816 praesentiam
2896 3752 3088 3797 cuncta
3145 3742 3420 3813 gentilitas

1831 3842 2150 3896 illustratur.
2230 3837 2510 3906 Spargitur
2563 3843 2742 3888 autem
2804 3834 3190 3888 convenienter
3235 3830 3416 3896 dixit,

1830 3935 1953 4005 quia
1985 3950 2080 4004 per
2109 3931 2470 4000 apostolorum
2494 3943 2655 3983 voces
2684 3941 2790 3981 non
2817 3932 3044 3995 angusta
3074 3930 3236 3992 atque
3266 3937 3416 3977 coar-

1829 4036 1997 4088 ctata,
2035 4025 2128 4080 sed
2175 4023 2281 4077 late
2328 4020 2537 4092 fulgens
2591 4019 2677 4073 lux
2728 4015 3126 4089 prtedicationis
3173 4015 3414 4069 emicuit.

1829 4116 2086 4187 Sequitur
2117 4131 2130 4167 :
2156 4112 2422 4166 Dividitur
2452 4120 2609 4164 cestus
2635 4125 2789 4179 super
2811 4118 3025 4161 terram.
3048 4135 3118 4145 -—
3143 4103 3292 4172 Quod
3319 4118 3416 4174 per

1827 4216 2016 4262 testum
2067 4202 2370 4274 persecutio
2404 4201 2736 4270 designatur,
2785 4197 3043 4252 Dominus
3075 4203 3304 4250 testatur
3347 4194 3417 4250 de

1821 4298 1968 4369 jaetu
2017 4295 2238 4350 seminis
2288 4308 2450 4362 supra
2496 4302 2736 4362 petram,
2799 4289 3029 4344 dicens:
3068 4308 3085 4339 ι
3117 4287 3242 4342 Sole
3295 4295 3418 4341 orto

1825 4394 2188 4443 :estuaverunt
2233 4384 2436 4448 omnia,
2469 4402 2486 4433 ι
2537 4391 2642 4437 etc.
2686 4379 2902 4446 (Matth.
2947 4395 3069 4442 xm,
3132 4377 3210 4449 6.)
3262 4375 3416 4443 Quod

117 4484 412 4551 prmscivit
452 4483 519 4538 de
559 4499 617 4538 se
657 4485 759 4540 hoc
797 4485 939 4555 quod
990 4485 1044 4539 in
1093 4494 1308 4539 uterum
1349 4485 1583 4555 Virginis
1627 4501 1723 4556 per
1752 4519 1799 4580 Β
1826 4479 1985 4547 paulo
2015 4484 2153 4546 post,
2192 4491 2313 4530 cum
2344 4473 2595 4580 exposuit
2627 4471 3418 4580 testam,persecutionemvo-

115 4571 352 4626 initium
384 4576 643 4643 sumpsit;
680 4585 736 4630 et
760 4576 884 4644 quia
917 4575 1221 4645 praescivit,
1258 4574 1554 4645 disposuit;
1594 4577 1720 4645 quia

115 4661 439 4732 disposuit,
493 4664 566 4718 nil
613 4665 854 4734 profecto
899 4666 951 4720 in
997 4667 1228 4721 humana
1262 4663 1433 4721 forma
1468 4665 1586 4722 sine
1624 4681 1720 4721 sua

112 4749 415 4806 voluntate
443 4752 713 4808 toleravit.
758 4755 1020 4824 Sequitur
1045 4775 1058 4810 :

195 4842 370 4898 Ἶειιες.
393 4843 483 4899 2'2.
527 4844 782 4916 Nunquid
813 4848 1080 4918 ingressus
1106 4865 1160 4902 es
1188 4849 1462 4904 thesauros
1489 4851 1640 4916 nivis,
1671 4858 1722 4906 et

115 4933 407 4988 thesauros
435 4935 712 5006 grandinis
741 4937 992 5005 aspexisti
1016 4939 1130 4991 ?—
1155 4938 1296 5005 Quid
1331 4941 1475 4996 aliud
1515 4941 1567 4995 in
1599 4940 1721 4995 nive

110 5021 214 5076 vel
246 5024 542 5092 grandine,
591 5025 694 5079 nisi
736 5025 929 5095 frigida
961 5041 1024 5081 ac
1055 5027 1188 5081 dura
1221 5028 1566 5100 intelligenda
1597 5037 1724 5084 sunt

113 5116 300 5169 corda
330 5117 665 5187 pravorum?
717 5117 868 5171 Sicut
905 5117 1047 5172 enim
1080 5118 1294 5174 fervore
1325 5121 1592 5187 cbaritas,
1641 5121 1720 5176 sic

114 5205 264 5236 cn'nl
326 5209 374 5236 τι.
429 5224 588 5236 λιιι-..Λ
645 5208 858 5236 ΛῘΛιι-ιιίη
913 5207 1113 5236 ειιζσολοιη
1167 5209 1367 5236 ηιηῖξιξη
1428 5210 1693 5236 ,ΙΑηξηηαΑειιξ

1827 4570 1988 4626 cavit.
2043 4567 2241 4638 Sparsa
2269 4567 2430 4638 igitur
2459 4566 2575 4620 luce
2594 4572 2758 4619 :estus
2787 4580 2949 4635 super
2973 4572 3173 4618 terram
3210 4562 3416 4617 divisus

1825 4669 1927 4725 est,
1963 4660 2109 4730 quia,
2134 4658 2468 4713 clarescente
2492 4658 2600 4711 vita
2631 4656 2892 4721 ﬁdelium,
2918 4671 3144 4710 accensa
3173 4663 3255 4708 est
3289 4667 3413 4706 cru-

1827 4753 2018 4810 delitas
2075 4751 2420 4822 perﬁdorum.
2493 4749 2706 4805 Divisus
2760 4763 2992 4819 namque
3041 4756 3203 4802 aestus
3249 4753 3413 4808 erat,

1827 4845 2042 4914 quando
2075 4859 2216 4897 nunc
2261 4841 2666 4914 Hierosolymis,
2697 4855 2837 4894 nunc
2868 4840 3147 4902 Damasco,
3181 4852 3322 4890 nunc
3362 4837 3415 4889 in

1829 4937 1950 4994 aliis
2001 4937 2157 5006 longe
2209 4935 2516 5005 regionibus
2579 4932 2886 5003 persecutio
2937 4931 3210 4986 Steviebat.
3269 4928 3418 4980 Scri-

1825 5039 1974 5100 ptum
1997 5027 2194 5098 quippe
2219 5032 2302 5078 est
2331 5043 2344 5076 :
2385 5043 2404 5074 ι
2428 5024 2590 5106 Facta
2620 5031 2704 5074 est
2749 5021 2800 5073 in
2851 5020 2939 5074 illa
2985 5020 3070 5075 die
3115 5016 3418 5086 persecutio

1825 5133 2019 5188 magna
2060 5115 2112 5168 in
2147 5112 2385 5167 Ecclesia
2417 5128 2534 5181 qua:
2559 5118 2676 5166 erat
2704 5110 2756 5162 in
2789 5106 3192 5177 Hierosolymis,
3223 5110 3276 5153 et
3297 5115 3417 5154 om-

2190 5211 2307 5236 cnnl
2339 5217 2438 5236 nn.-
2461 5203 2704 5236 nnninnnc
2733 5198 2986 5236 Lirim-unt
3005 5190 3414 5236 anm'imlAcl-

1823 5223 1919 5236 una
1949 5208 2171 5236 ,κρυ-η.ιοῖ
