3934 5400
567 328 674 386 “3

1565 330 1624 388 S.
1662 327 1914 387 ODONIS
1949 328 2241 385 ABBATIS
2279 329 2779 390 CLUNIACENSIS
2813 332 2856 388 II
3693 338 3768 392 ιιι

571 442 821 499 habetur.
855 438 990 496 Dum
1015 426 1157 497 enim
1186 441 1329 498 aliud
1353 442 1602 528 sicutest
1630 440 2157 525 comprehendimus,
2189 442 2236 501 Α
2267 444 2480 511 quando
2537 444 2646 513 ipsa
2690 443 2808 512 ejus
2861 442 3172 514 prmdicatio
3213 442 3491 513 accipitur,
3535 460 3620 514 per
3650 462 3768 516 quam

571 543 628 591 et
656 533 798 590 aliud
824 534 1153 604 ignoramus,
1187 536 1342 605 quasi
1387 550 1576 606 sparsa
1626 534 1766 601 luce,
1814 543 1868 588 ct
1914 549 1977 589 ex
2012 542 2162 602 parte

575 627 871 692 cernimus,
901 634 957 681 et
999 626 1055 681 in
1091 626 1426 684 obscuritate
1475 641 1543 682 ex
1594 634 1750 697 parte
1799 638 2157 680 remanemus.

572 718 726 773 Tunc
756 732 887 772 vero
916 717 1003 772 lux
1034 718 1187 774 nobis
1231 733 1419 789 sparsa
1456 719 1567 788 jam
1611 733 1715 772 non
1763 717 1866 772 crit
1891 755 1906 780 ,
1946 714 2162 785 quando

571 825 726 866 mens
767 819 951 866 nostra
989 811 1055 867 ad
1087 811 1253 867 Deum
1292 796 1535 866 funditus
1581 818 1737 880 rapta
1758 804 2033 876 l‘ulgcscit.
2082 807 2161 861 Ac

556 904 617 972 si
645 918 775 974 ergo
820 886 883 961 ei
917 912 1104 973 aperte
1139 905 1450 959 diceretur:
1484 903 1582 958 Dic
1609 916 1717 972 quo
1740 901 1931 957 ordine
1951 898 2160 970 justitia

571 1006 691 1048 mea
719 993 947 1050 occultis
973 994 1223 1050 sensibus
1248 1009 1343 1050 cor
1372 992 1617 1058 infando,
1673 1007 1795 1047 cum
1839 1000 1894 1047 ct
1934 1006 2032 1062 per
2071 1006 2163 1045 ae-

572 1094 785 1138 cessum
842 1098 949 1138 non
996 1084 1204 1149 videor,
1245 1092 1301 1138 et
1336 1095 1513 1138 tamen
1542 1081 1774 1137 visibilis
1795 1095 1958 1150 opera
1988 1080 2163 1135 homi-

570 1188 702 1229 num
726 1173 1067 1229 invisibiliter
1088 1174 1335 1230 immuto.
1367 1173 1625 1244 Sequitur
1653 1187 1669 1227 :
1699 1172 1966 1227 Dividitur
2003 1181 2161 1227 wstus

570 1279 728 1334 super
763 1273 977 1320 terram.
1001 1296 1074 1306 —
1101 1266 1286 1322 Hostis
1313 1279 1547 1336 namque
1589 1264 1817 1321 callidus
1857 1280 1995 1335 quos
2041 1264 2161 1320 luce

566 1351 793 1423 iustitiae
833 1356 1135 1415 enitescere
1183 1357 1469 1427 conspicit,
1512 1372 1700 1413 eorum
1728 1364 1935 1414 mentes
1961 1357 2161 1413 illicitis

573 1443 853 1501 desideriis
900 1445 1235 1503 inﬂammare
1273 1447 1571 1503 contendit.
1616 1445 1776 1502 Unde
1803 1454 1858 1502 et
1879 1444 2159 1511 Israelita,

571 1542 858 1605 postquam
906 1535 1081 1591 vocati
1132 1545 1276 1603 sunt,
1327 1545 1516 1591 contra
1564 1536 1807 1608 Moysen,
1857 1536 1926 1592 de
1971 1518 2159 1593 excre-

574 1631 761 1678 scente
780 1622 962 1679 labore
978 1634 1401 1701 conqueruntur,
1420 1624 1687 1681 dicentem
1709 1642 1722 1679 :
1741 1645 1759 1677 ι
1780 1625 1970 1680 Videat
1983 1624 2162 1680 Domi-

572 1728 677 1771 nus
704 1725 761 1771 et
785 1715 1016 1785 judicet,
1059 1717 1312 1787 quoniam
1353 1715 1544 1774 testere
1568 1717 1773 1773 fecistis
1797 1719 2020 1774 odorem
2066 1733 2163 1772 no-

2265 548 2626 602 supernorum
2672 533 3004 603 iudiciorum
3059 542 3237 591 terror
3284 533 3514 588 auditur.
3559 530 3769 592 Incassum

2261 624 2461 695 quippe
2507 624 2825 694 prmdicatio
2856 625 3123 680 audientis
3165 639 3296 679 aure
3336 625 3649 695 percipitur,
3686 643 3771 697 qua

2261 717 2546 786 pervenire
2595 717 2662 771 ad
2720 716 2908 771 intima
2947 716 3112 771 surdo
3162 715 3327 771 corde
3359 714 3663 785 perhibetur.
3697 718 3773 773 Sed

2261 807 2387 875 quia
2424 806 2687 864 Dominus
2717 808 2861 864 viam
2904 808 3155 863 sonantis
3183 806 3403 863 tonitrui
3449 806 3574 862 dare
3607 810 3772 872 asserit,

2260 897 2352 966 qui
2391 913 2512 953 cum
2552 898 2956 969 praedicationis
3000 899 3161 955 verba
3208 896 3415 960 tribuit,
3452 911 3546 966 per
3573 904 3772 953 terrorem

2260 991 2426 1045 corda
2452 992 2770 1063 compungit
2803 1009 2816 1045 :
2850 991 2976 1045 hinc
2996 989 3195 1044 Paulus
3217 991 3296 1043 ait
3326 1004 3341 1042 :
3383 1005 3401 1038 ι
3433 986 3775 1043 Orantcssimul
3876 986 3877 1041 ἰ

2260 1090 2317 1137 et
2350 1096 2451 1151 pro
2492 1083 2668 1148 nobis,
2703 1091 2763 1137 ut
2809 1082 2954 1137 Deus
2998 1081 3207 1152 aperiat
3249 1079 3409 1135 nobis
3449 1078 3634 1133 ostium
3668 1078 3774 1133 verbi
3876 1080 3877 1152 ξ

2263 1173 2369 1238 sui,
2397 1173 2466 1229 ad
2496 1172 2822 1243 loquendum
2850 1173 3166 1245 mysterium
3196 1170 3400 1227 Christi
3433 1167 3649 1240 (ϐαιάν,
3677 1169 3736 1237 3).
3760 1188 3773 1219 ι

2265 1262 2524 1334 Seq'uitur
2548 1281 2562 1319 :

2334 1355 2500 1415 Vatis.
2532 1354 2620 1410 26.
2671 1354 2740 1410 Et
2760 1355 2958 1422 plueret
2984 1371 3142 1427 super
3169 1364 3366 1410 terram
3401 1356 3588 1420 absque
3625 1351 3778 1405 Ιιοιιιὶιιε

2262 1445 2317 1500 in
2338 1446 2539 1501 deserto
2557 1486 2573 1512 ,
2599 1446 2684 1501 ubi
2715 1446 2891 1501 nullus
2920 1446 3222 1501 mortalium
3249 1453 3613 1499 commoratur.
3631 1471 3691 1483 —
3708 1440 3779 1495 SII<

2263 1551 2359 1607 per
2398 1545 2597 1594 terram
2647 1538 2851 1607 absque
2897 1539 3116 1594 homine
3152 1538 3207 1591 in
3239 1536 3458 1592 deserto
3495 1534 3662 1605 pluere
3692 1541 3776 1594 est.

2265 1627 2488 1684 verbum
2514 1627 2606 1683 Dei
2635 1629 2934 1700 gentilitate
2955 1629 3252 1700 praedicare
3273 1667 3290 1692 ,
3320 1640 3464 1696 quae,
3486 1626 3604 1681 dum
3631 1624 3779 1677 nullum

2266 1716 2470 1771 cultum
2502 1718 2799 1776 divinitatis
2823 1720 3023 1783 tenuit,
3056 1718 3257 1773 nullam
3289 1718 3342 1772 in
3372 1731 3435 1773 se
3455 1715 3670 1785 speciem
3691 1714 3777 1769 boni

505 1842 509 1846 -
569 1814 743 1861 strum
790 1822 972 1862 coram
1012 1807 1296 1864 Pharaone
1321 1816 1379 1864 et
1405 1808 1581 1864 servis
1606 1807 1742 1877 eius,
1774 1816 1829 1863 et
1860 1808 2163 1878 praebuistis
2195 1789 2238 1850 Β
2266 1805 2446 1874 operis
2495 1808 2754 1864 ostendit.
2811 1809 3073 1865 Videlicet
3119 1808 3391 1864 desertum
3453 1805 3588 1870 fuit,
3634 1805 3677 1858 in
3708 1820 3780 1873 qua

567 1895 618 1951 ei
656 1895 887 1967 gladium
917 1904 976 1951 ut
1004 1897 1336 1953 interﬁceret
1370 1912 1469 1952 nos
1506 1896 1704 1969 (Exod.
1735 1913 1789 1962 v,
1819 1898 1932 1968 21).
1974 1917 1992 1951 ι
2038 1898 2165 1954 Post

568 1986 743 2045 lucem
780 2003 911 2044 vero
934 1996 1099 2044 mstus
1120 1990 1383 2058 sequitur,
1406 1991 1530 2061 quia
1563 1999 1683 2060 post
1709 1990 2160 2047 illuminatiouem

567 2075 737 2131 divini
789 2076 1076 2145 muneris,
1128 2079 1516 2135 tentationihus
1567 2090 1849 2137 certamen
1912 2090 2160 2152 augetur.

568 2166 736 2237 Recte
763 2182 893 2237 ergo
919 2168 1083 2224 etiam
1111 2169 1276 2225 dividi
1303 2179 1467 2227 aestus
1495 2171 1712 2237 dicitur,
1745 2172 1873 2242 quia
1904 2172 2164 2227 nimirum

568 2271 677 2313 non
707 2258 901 2330 singuli
932 2260 1205 2327 omnibus,
1230 2261 1324 2317 sed
1353 2261 1674 2331 quibusdam
1712 2263 1905 2319 Vicinis
1931 2278 1994 2317 ac
2008 2263 2162 2334 juxta

568 2348 762 2417 positis
798 2348 944 2403 vitiis
974 2348 1286 2420 fatigantur.
1336 2352 1495 2410 Prius
1536 2354 1682 2409 enim
1726 2356 2163 2427 conspersionem

571 2438 991 2509 uniuscujusque
1047 2443 1300 2513 antiquus
1364 2441 1711 2501 adversarius
1757 2446 2061 2517 perspicit,
2109 2452 2165 2500 et

570 2537 702 2585 tunc
729 2531 1088 2587 tentationum
1116 2532 1337 2602 laqueos
1368 2535 1607 2604 opponit.
1663 2534 1827 2591 Laetis
1864 2536 2007 2591 enim
2049 2551 2166 2590 mo-

570 2618 722 2675 ribus
756 2619 1046 2688 luxuriam,
1074 2622 1315 2679 tristibus
1339 2624 1588 2693 poculum
1605 2625 1889 2681 discordiae
1914 2626 2160 2696 porrigit.

570 2708 728 2768 Hunc
767 2721 948 2768 autem
986 2722 1178 2769 aestum
1207 2713 1365 2770 aliter
1384 2715 1573 2771 dividit
1602 2716 1830 2772 callidus
1858 2718 2166 2789 supplanta-

570 2813 677 2868 tor,
733 2804 893 2861 aliter
936 2804 1247 2862 misericors
1278 2806 1559 2863 Conditor.
1610 2808 1706 2864 Ille
1744 2810 1954 2874 dividit,
1982 2820 2041 2865 ut
2068 2826 2166 2882 per

570 2896 723 2951 illum
749 2895 908 2951 citius
942 2896 1239 2965 interimat,
1280 2899 1383 2955 iste
1411 2908 1468 2956 ut
1496 2915 1621 2956 eum
1658 2900 2011 2958 tolerabiliter
2043 2904 2167 2959 red-

570 2986 685 3042 dat.
734 2985 993 3057 Sequitur
1020 3005 1036 3045 :

642 3080 805 3138 Vens.
841 3080 932 3135 25.
985 3080 1116 3147 Quis
1173 3084 1313 3139 dedit
1356 3086 1801 3140 vehementissimo
1855 3087 2009 3141 imbri
2046 3104 2166 3142 cur-

2262 1896 2387 1967 quia
2416 1897 2693 1969 legislator
2719 1915 2823 1954 non
2849 1898 2973 1966 fuit,
3005 1908 3059 1955 et
3098 1895 3641 1969 quia'rationabiliter
3662 1893 3779 1948 Deum

2261 2001 2505 2058 quaerere
2552 2004 2659 2045 non
2706 1989 2825 2055 fuit,
2873 1990 3028 2060 quasi
3080 1989 3361 2045 hominum
3398 1987 3572 2042 nullus
3612 1987 3781 2053 fuit,et

2261 2077 2409 2133 vehit
2437 2077 2566 2133 solis
2608 2079 2797 2135 bestiis
2829 2091 3091 2151 occupata
3128 2095 3297 2136 vacua
3343 2096 3375 2134 a
3414 2080 3779 2135 mortalibusct-

2262 2166 2423 2221 stitit.
2453 2167 2528 2222 De
2558 2166 2665 2224 hac
2705 2169 2917 2226 deserta
2966 2179 3109 2225 terra
3146 2169 3279 2226 alias
3317 2170 3563 2226 dicitur:
3608 2190 3626 2218 ι
3650 2169 3781 2224 Posuit

2263 2259 2486 2316 ﬂumina
2518 2262 2573 2317 in
2602 2263 2873 2319 desertum
2924 2257 3096 2336 (Psal.
3128 2280 3236 2331 cvi,
3268 2265 3387 2336 55).
3429 2284 3448 2318 ι
3486 2264 3621 2320 Bene
3650 2275 3779 2318 autem

2261 2362 2551 2425 postquam
2578 2365 2741 2414 :estus
2771 2372 2933 2427 super
2959 2366 3160 2414 terram
3214 2357 3425 2413 divisus
3478 2365 3578 2425 est,
3620 2369 3781 2411 cursum

2265 2447 2802 2504 vehementissimum
2833 2448 3007 2505 imber
3051 2449 3304 2519 accepit,
3354 2458 3418 2504 ut
3471 2450 3524 2502 in
3572 2448 3781 2503 desertum

2263 2534 2493 2604 plueret,
2543 2537 2669 2606 quia
2703 2546 2988 2610 postquam
3030 2540 3084 2594 in
3137 2538 3323 2594 Judma
3366 2538 3623 2610 asperitas
3655 2551 3782 2607 perse-

2263 2624 2500 2680 cutionis
2530 2625 2804 2683 inhorruit
2830 2668 2845 2694 ,
2875 2630 2944 2685 ad
2973 2628 3140 2685 Israel
3167 2629 3369 2684 missus
3393 2630 3613 2700 quisque
3644 2625 3783 2697 preli-

2264 2724 2418 2772 cator
2441 2716 2510 2772 ad
2538 2719 2808 2776 vocandas
2838 2729 3026 2790 gentes
3053 2718 3287 2776 deﬂexit.
3327 2720 3487 2777 Unde
3510 2720 3664 2776 sancti
3694 2732 3783 2787 apo-

2267 2807 2394 2863 stoli
2439 2807 2674 2863 dicunt:
2720 2827 2741 2864 c
2778 2810 2946 2867 Vobis
2992 2810 3212 2882 quidem
3264 2812 3556 2881 oportebat
3607 2809 3781 2879 primum

2266 2897 2411 2969 loqui
2464 2900 2690 2956 verbum
2742 2901 2862 2967 Dei,
2895 2902 2988 2958 sed
3018 2902 3272 2971 quoniam
3326 2898 3782 2972 repellitisiliud,et

2268 2989 2517 3060 indignos
2540 3006 2634 3046 vos
2649 2991 2908 3061 judicatis
2927 3001 3142 3048 acterna:
3166 2992 3312 3058 vitae,
3333 3008 3467 3049 ecce
3488 2989 3783 3049 convertimur

2269 3081 2335 3136 ad
2363 3089 2551 3151 gentes
2580 3082 2717 3154 (Act.
2751 3099 2868 3148 xm,
2892 3083 2983 3155 46)
3045 3103 3063 3136 ι
3101 3084 3403 3155 Sequitur:

572 3188 689 3227 sum
712 3172 737 3226 7
770 3202 842 3213 —
864 3172 944 3228 Ac
968 3173 1014 3228 si
1038 3173 1241 3229 diceret
1273 3192 1286 3228 :
1322 3174 1434 3230 Nisi
1459 3177 1601 3245 ego?
1640 3177 1821 3232 Diviso
1841 3177 1985 3232 enim
2007 3187 2160 3242 testu,

2342 3147 2506 3228 Visus.
2530 3147 2620 3226 2i.
2655 3171 2721 3227 Ut
2747 3147 2977 3244 implerei
3007 3147 3206 3229 inviam
3226 3184 3273 3229 et
3297 3156 3783 3239 desolatam.—-0uiil

572 3275 790 3319 cursum
835 3263 979 3317 inter
1022 3262 1173 3333 ipsas
1209 3264 1602 3334 persecutionis
1632 3266 1930 3341 angustias,
1971 3266 2167 3337 praedi-

572 3355 1088 3426 catiouisimpeium
1133 3355 1436 3422 roborasse,
1484 3364 1543 3410 ut
1580 3364 1731 3411 tanto
1773 3356 1945 3425 magis
1993 3357 2167 3412 virtus

572 3445 985 3517 praedicantium
1029 3454 1321 3511 cresceret,
1363 3460 1568 3515 quanto
1621 3445 1794 3517 magis
1839 3460 2168 3516 persequen—

572 3538 708 3612 tium
736 3537 1027 3597 crudelitas
1053 3539 1317 3602 obviarct,
1349 3546 1615 3607 quatenus
1640 3536 1846 3592 arentia
1876 3538 2037 3592 corda
2067 3552 2167 3590 au-

572 3629 836 3686 dientium
876 3629 1070 3700 pluviae
1114 3631 1279 3703 guttis
1324 3629 1708 3696 infunderent,
1753 3638 1813 3685 ut
1866 3630 2166 3685 siccitatem

572 3722 816 3791 perﬁdia;
869 3721 1125 3777 uberibus
1191 3721 1500 3793 irrigarent.
1565 3720 1721 3777 Hunc
1773 3721 2168 3793 persecutionis

573 3820 763 3867 aestum
795 3810 993 3867 Paulus
1019 3811 1283 3866 tolerabat
1321 3822 1376 3866 et
1428 3810 1709 3883 irrigabat,
1758 3827 1879 3868 cum
1921 3811 2166 3868 diceret:

579 3918 599 3951 σ
632 3899 846 3956 Laboro
877 3916 1049 3971 usque
1079 3902 1146 3956 ad
1183 3901 1396 3956 vincula
1419 3903 1572 3971 quasi
1611 3903 1750 3959 male
1772 3919 2031 3973 operans,
2072 3906 2169 3962 sed

572 3992 799 4047 verbum
828 3991 923 4047 Dei
954 4007 1058 4047 non
1091 3999 1174 4046 est
1212 3992 1487 4062 alligatum
1532 3994 1616 4064 (ιι
1644 3993 1776 4049 Tim.
1809 4012 1873 4061 ιι,
1904 3996 1982 4067 9).
2021 4016 2040 4049 ι
2090 3998 2167 4054 Dc

573 4083 681 4138 hoc
724 4083 899 4139 imbre
945 4083 1093 4163 alias
1133 4082 1333 4139 dicitur
1373 4102 1387 4139 :
1437 4104 1456 4138 ι
1493 4085 1757 4143 Mandabo
1820 4090 2056 4145 nubibus
2103 4105 2170 4146 ne

572 4173 766 4243 pluant
790 4189 968 4245 super
987 4184 1187 4230 terram
1215 4174 1445 4232 imbrem
1476 4174 1610 4249 (Ira.
1642 4191 1694 4241 v,
1733 4177 1810 4249 6).
1844 4199 1865 4233 ι
1921 4179 2027 4236 Sed
2072 4196 2171 4237 no-

578 4265 801 4319 tandum
830 4266 974 4336 quod
1026 4268 1277 4323 eumdem
1321 4268 1551 4324 imbrem
1605 4283 1712 4324 non
1768 4270 2166 4337 vehementem,

575 4353 672 4409 sed
716 4355 1217 4412 vehementissimam
1271 4367 1447 4414 vocat.
1493 4358 1672 4427 Imber
1723 4361 2035 4427 vehemens,
2086 4371 2171 4418 cst

576 4448 660 4503 vis
688 4462 914 4518 magna;
952 4449 1125 4504 imber
1148 4465 1280 4524 vero
1310 4452 1836 4519 vehementissimus,
1872 4455 1956 4510 vis
1983 4465 2038 4511 et
2065 4455 2165 4509 int-

580 4539 847 4596 mousitas
899 4541 1317 4610 praedicationis.
1370 4542 1673 4600 Vehemens
1711 4561 1944 4616 namque
1996 4527 2169 4602 imber

576 4638 708 4695 est,
765 4644 889 4685 cum
938 4632 1541 4700 praedicatoressancti
1585 4635 1732 4691 credi
1787 4646 1991 4691 aeterna
2047 4652 2172 4692 sua-

576 4721 798 4777 debant.
833 4722 1013 4778 Imber
1030 4733 1208 4781 autem
1232 4726 1763 4793 vehementissimus,
1788 4743 1912 4784 cum
1942 4741 2168 4801 propter

2269 3277 2398 3317 vero
2421 3262 2700 3333 complura
2742 3264 2971 3319 reddidit
3000 3305 3015 3330 ,
3063 3265 3473 3321 demonstratur
3495 3305 3511 3332 ,
3539 3282 3649 3322 eum
3686 3264 3783 3317 illico

2266 3350 2577 3422 adiungitur
2611 3369 2625 3405 :
2657 3351 2724 3406 Et
2766 3354 3069 3422 produceret
3116 3356 3302 3409 herbas
3344 3351 3783 3411 virentes.—Invia

2268 3461 2506 3517 namque
2537 3447 2812 3516 gentilitas
2837 3446 2960 3512 fuit,
2991 3447 3057 3502 ad
3093 3462 3257 3517 quam
3296 3447 3391 3503 via
3431 3449 3524 3503 Dei
3550 3448 3692 3501 verbo
3714 3458 3785 3497 non

2267 3537 2461 3608 patuit.
2496 3536 2745 3592 Desolata
2771 3538 2934 3592 etiam
2978 3546 3122 3594 recte
3153 3548 3345 3593 vocata
3376 3551 3484 3604 est,
3530 3538 3604 3594 vel
3637 3536 3785 3591 ratione

2266 3627 2498 3691 consilii,
2523 3626 2607 3683 vel
2627 3627 2801 3682 fructu
2824 3627 2949 3683 boni
2970 3629 3151 3697 operis
3177 3629 3463 3685 destituta.
3489 3629 3593 3684 Sed
3612 3625 3785 3681 desolata

2268 3719 2488 3792 impleta
2544 3728 2628 3775 cst
2680 3735 2803 3776 cum
2859 3720 3115 3776 exteriori
3170 3720 3544 3790 praedicationi
3583 3720 3784 3773 internata

2268 3813 2657 3881 aspirationem
2699 3812 2965 3879 contulit,
3002 3820 3061 3867 ut
3098 3813 3262 3868 corda
3309 3812 3586 3884 gentilium
3634 3806 3785 3863 arentia

2269 3903 2626 3967 virescerent,
2664 3902 2844 3957 clausa
2890 3911 3249 3974 patescerent.
3281 3901 3339 3956 ln
3395 3900 3659 3971 Scriptura
3685 3896 3784 3950 enim

2269 4009 2426 4049 sacra
2464 3993 2756 4063 aliquando
2784 3993 2947 4049 herba
2995 3994 3140 4047 viror
3170 3992 3354 4063 gloria:
3383 3989 3673 4062 temporalis
3690 3984 3787 4039 acci-

2268 4085 2441 4155 pitur,
2470 4085 2613 4141 sicut
2634 4084 2904 4156 Propheta
2935 4086 3048 4141 ait:
3078 4105 3096 4137 ‹
3132 4084 3286 4141 Mane
3310 4085 3455 4140 sicut
3486 4085 3637 4140 herba
3663 4089 3787 4134 trans-

2267 4185 2356 4232 eat
2384 4215 2400 4240 ,
2452 4190 2610 4231 mane
2660 4174 2851 4233 ﬂoreat
2896 4189 2953 4232 et
2986 4185 3229 4232 transeat
3257 4175 3434 4248 (Psal.
3466 4172 3782 4239 Lxxxvt,b).l

2266 4269 2573 4339 Aliquando
2610 4268 2838 4326 refectio
2868 4269 3087 4333 diaboli,
3117 4270 3263 4325 sicut
3305 4269 3374 4325 de
3405 4270 3498 4325 illo
3547 4285 3576 4324 a
3619 4263 3785 4322 Domino

2270 4358 2471 4414 dicitur
2507 4376 2520 4413 :
2558 4377 2576 4410 ι
2615 4357 2753 4413 Huic
2774 4370 2982 4415 montes
3003 4360 3199 4415 herbas
3226 4358 3411 4415 ferunt
3436 4358 3557 4431 (Job
3582 4374 3659 4422 ιιι,
3683 4354 3780 4421 15).»

2270 4450 2578 4520 Aliquando
2637 4451 2962 4506 sustentatio
3031 4450 3490 4520 praedicatorum,
3541 4458 3598 4503 ut
3658 4442 3784 4500 illud:

2280 4558 2298 4591 ι
2338 4538 2594 4595 Producit
2626 4540 2680 4594 in
2733 4539 3008 4594 montibus
3057 4538 3237 4594 fenum
3265 4548 3319 4595 et
3350 4541 3569 4596 herbam
3597 4528 3783 4592 servituti

2275 4634 2553 4689 hominum
2586 4630 2762 4704 (Psal.
2789 4646 2966 4692 cxsvr.
2995 4632 3072 4702 8).
3103 4654 3120 4680 ι
3154 4633 3462 4704 Aliquando
3492 4634 3620 4688 bona
3645 4638 3784 4699 opera-

2276 4725 2371 4787 tio’,
2426 4725 2567 4779 sicut
2620 4727 2882 4795 scriptum
2906 4732 3032 4779 est:
3073 4743 3091 4777 ι
3126 4724 3406 4781 Genninet
3450 4734 3588 4780 terra
3620 4720 3783 4777 herbam

575 4826 727 4882 spem
763 4814 1123 4872 admonebant
1163 4833 1278 4873 rem
1311 4820 1514 4883 deseri,
1549 4829 1743 4877 cuncta
1780 4822 2014 4879 visibilia
2053 4839 2175 4894 pro-
2272 4816 2538 4872 viretttem
2599 4814 2752 4887 (Gen.
2784 4832 2837 4882 ι,
2886 4817 2995 4887 II).
3046 4835 3065 4869 ›
3117 4818 3423 4888 Aliquando
3467 4827 3666 4874 acterna
3701 4809 3783 4864 ιὶικ

576 4911 700 4971 pter
722 4903 1008 4961 invisibilia
1029 4909 1321 4963 contemni.
1351 4909 1611 4981 Sequitur
1635 4930 1648 4967 :
1679 4912 1748 4968 Et
1772 4914 1910 4969 viam
1933 4916 2170 4983 sonantis

577 4994 819 5050 tom'trui.
844 5026 917 5037 -——
953 4997 1091 5083 Quid
1118 5000 1263 5055 enim
1290 5015 1389 5070 per
1420 5004 1738 5093 tonitruum,
1779 5005 1881 5059 nisi
1911 5006 2168 5075 praedica-

577 5084 656 5128 lin
683 5088 904 5128 annos-ni
935 5092 1155 5128 IAM-aria
1202 5084 1525 5128 noninihsr".
1543 5110 1701 5128 nosam
1726 5103 1987 5128 Inmane-An-
2041 5098 2164 5128 clum

2273 4909 2504 4965 scientia
2552 4909 2912 4981 designatur,
2958 4910 3101 4965 sicut
3129 4925 3225 4979 per
3269 4908 3556 4966 Jcremiam
3600 4903 3780 4962 dicitur:

2279 5023 2301 5056 ι
2334 5001 2534 5073 Onagri
2583 5011 2853 5057 steterunt
2900 5002 2954 5055 in
3013 5002 3277 5071 rupibus,
3323 5006 3599 5055 traxerunt
3619 4999 3780 5048 ventri!
3876 5002 3877 5073 ι

2274 5096 2430 5128 ,ηιθοῖ
2478 5094 2765 5128 tle-tantumne!~
2827 5092 3141 5128 Harant-run!
3181 5086 3327 5128 neris“
3346 5105 3530 5128 oni-nm
3574 5084 3682 5128 (Illi!
3711 5092 3781 5128 non
