3934 5400
132 260 295 324 κμὸ

810 268 1111 326 ΕΡΙΤΟΜΕ
1147 269 1511 327 MORALIUM
1551 272 1608 325 S.
1650 270 1859 326 GREG.
1899 271 1967 325 IN
2005 270 2126 327 JOB
2183 300 2253 313 —-
2293 271 2420 326 LIB.
2462 270 2658 326 XXIX.

3331 275 3437 332 μϐ

188 377 402 441 berb’a‘s,
457 388 657 433 sancta:
715 378 975 435 doctrinae
1026 382 1305 437 scientiam
1352 382 1436 437 vel
1488 397 1757 452 congruas
1785 381 1830 442 A
1859 379 2057 435 dicitur
2087 395 2101 435 :
2139 398 2156 432 ι
2190 381 2420 436 Attende
2449 381 2667 449 ccelum,
2693 394 2747 437 et
2772 382 2965 454 loquar
2991 385 3383 458 (Isa.uvr,l).
3413 408 3433 441 ι

190 472 525 540 operationes
575 472 870 541 accipfmus
897 512 913 532 .
944 474 1069 542 quia
1106 476 1233 530 dum
1262 484 1467 531 sanctte
1499 476 1761 546 praedica-

191 560 350 616 tionis
378 560 606 619 imbrem
649 563 925 632 gentilitas
972 565 1236 633 percepit,
1270 574 1326 621 et
1353 567 1477 622 vitae
1513 581 1678 636 opera
1708 575 1764 621 et

190 652 447 708 doctrinae
480 655 642 708 verba
663 655 1006 723 germinavit.
1033 656 1169 711 llinc
1198 657 1465 729 Propheta
1496 660 1574 714 ait
1604 679 1616 714 :
1652 678 1671 712 ι
1703 661 1760 715 ln

191 742 462 807 cubilitas,
489 744 766 814 inquibus
801 746 949 814 prius
970 747 1287 804 habitabant
1312 751 1594 812 dracones.
1619 753 1765 809 orie-

193 840 279 887 tur
300 831 446 887 viror
471 832 668 889 calami
692 843 746 891 et
764 834 914 904 junci
939 834 1074 905 (Ira.
1106 853 1268 904 xxxv,
1299 838 1374 910 7).
1412 858 1432 892 ι
1464 838 1564 895 Ubi
1594 840 1647 894 in
1674 855 1766 899 cae

190 922 350 988 lamo,
384 925 711 995 scriptores;
744 926 798 981 in
839 927 1045 998 junco,
1102 929 1380 987 auditores
1426 932 1760 1003 designavit;

191 1015 246 1069 in
267 1016 558 1071 draconum
587 1017 857 1074 cubilibus
879 1059 894 1084 ,
930 1020 1186 1091 populum
1210 1062 1226 1086 ,
1254 1038 1415 1092 quem
1447 1024 1618 1080 hostis
1646 1038 1763 1079 ma-

188 1106 301 1163 litia
324 1110 657 1178 possidebat.
687 1110 1033 1183 Μοιιλιιιτειι.
1060 1111 1284 1170 Deserta
1326 1122 1469 1172 terra
1497 1126 1643 1182 sunt,
1672 1117 1765 1187 qui

190 1200 312 1257 ﬁdei
358 1203 579 1260 nomine
612 1212 945 1269 censentur,
996 1206 1162 1261 verba
1222 1205 1348 1260 vitae
1399 1207 1627 1263 audiunt
1671 1224 1769 1263 au-

189 1292 377 1359 ribus,
435 1293 531 1350 sed
575 1308 643 1349 ea
696 1294 930 1350 transire
978 1310 1151 1364 usque
1200 1297 1268 1351 ad
1330 1298 1538 1353 interna
1588 1299 1768 1356 cordis

1864 471 2003 527 Hinc
2020 471 2276 528 Dominus
2292 473 2398 527 ait:
2420 490 2438 524 ι
2465 471 2734 527 Curiorum
2755 473 2885 528 mihi
2908 475 3062 530 sedes
3078 483 3162 531 est
3181 476 3390 548 (Ibid.).
3412 497 3433 532 ι

1865 566 1942 621 De
1966 582 2069 637 qua
2100 567 2227 622 sede
2252 566 2385 621 alias
2414 566 2671 636 scriptum
2697 575 2819 621 est:
2859 586 2876 619 ι
2906 566 3109 623 Αιιίιτιιι’
3129 567 3261 636 justi
3284 570 3441 626 sedes

1864 665 1948 712 est
1975 658 2268 728 sapientiae.
2304 677 2325 710 ι
2352 656 2487 724 Quia
2517 672 2647 727 ergo
2680 658 2938 729 sapientia
2968 669 3053 714 est
3084 660 3255 726 Deus,
3287 662 3443 718 sedes

1864 745 1960 800 Dei
1991 746 2184 801 coelum
2213 754 2314 810 est,
2348 747 2528 800 anima
2547 745 2678 815 justi
2720 749 2875 803 sedes
2904 749 3200 819 sapientiae.
3233 750 3442 808 Caelum

1864 846 1950 892 est
1995 838 2182 907 utique
2207 838 2386 892 anima
2410 838 2562 908 justi.
2595 838 2805 895 Caelum
2839 838 2940 896 fuit
2967 842 3264 909 Abraham,
3293 845 3445 901 Isaac

1864 935 1921 983 et
1940 927 2125 984 Jacob.
2153 928 2259 986 Sed
2276 929 2398 999 quia
2424 941 2797 1000 persecutores
2817 933 3028 987 Domini
3054 934 3335 1005 pontiﬁces
3352 935 3446 991 Ju-

1866 1018 2127 1086 daaorum,
2156 1019 2394 1089 perﬁdiae
2418 1030 2633 1091 torpore
2657 1021 2866 1093 frigidi,
2904 1024 2968 1079 de
2988 1023 3200 1080 illorum
3231 1035 3447 1096 patrum

1867 1111 2121 1181 progenie
2143 1115 2711 1184 processerunt,quasi
2728 1115 2795 1171 de
2812 1116 2951 1170 coelo
2980 1117 3098 1188 gelu
3125 1117 3274 1173 exiit.
3293 1116 3449 1185 Quod

1870 1210 2046 1256 tamen
2072 1202 2189 1271 gelu
2224 1202 2425 1258 idcirco
2450 1204 2606 1259 nobis
2639 1204 2899 1261 Dominus
2930 1206 3181 1277 genuisse
3201 1222 3261 1261 se
3286 1206 3445 1274 dicit,

1867 1293 1990 1361 quia
2004 1291 2217 1349 Judzeus
2230 1309 2365 1364 quos
2382 1295 2704 1350 naturaliter
2715 1296 2831 1365 ipse
2843 1298 3014 1352 bonos
3031 1297 3287 1362 condidit,
3300 1296 3450 1367 justo

191 1380 409 1436 minime
455 1382 799 1451 permittunt.
860 1383 990 1450 Quae
1035 1385 1244 1441 scilicet
1300 1394 1441 1442 terra
1492 1388 1764 1444 hominem
1861 1378 2065 1449 judicio
2113 1397 2211 1453 pro
2255 1397 2441 1438 eorum
2482 1384 2688 1439 malitia
2738 1384 2961 1457 frigidos
3002 1401 3032 1440 a
3063 1400 3122 1442 se
3147 1385 3296 1441 exire
3323 1401 3451 1455 pcr-

190 1491 294 1532 non
346 1476 533 1543 habet,
561 1478 687 1547 quia
708 1492 896 1534 eorum
943 1494 1097 1535 mens
1134 1495 1298 1537 sensu
1337 1480 1566 1538 rationis
1595 1491 1765 1547 caret,

190 1579 245 1625 et
300 1569 478 1626 nullus
534 1571 848 1627 mortalium
911 1572 966 1626 in
1020 1573 1123 1627 hac
1182 1581 1330 1629 terra
1380 1585 1764 1641 commoratur,

190 1660 313 1730 quia
357 1669 413 1716 et
448 1661 492 1716 si
526 1662 746 1731 quando
798 1662 854 1716 in
907 1677 1097 1718 eorum
1151 1663 1484 1719 conscientia
1526 1666 1767 1720 rationa-

1871 1472 2031 1528 misit.
2064 1470 2325 1529 Dominus
2352 1474 2495 1529 enim
2532 1484 2724 1531 auctor
2747 1485 2830 1531 est
2860 1483 3089 1542 naturae,
3120 1490 3228 1530 non
3257 1475 3447 1547 culpae.

1868 1564 2040 1620 Aliter
2064 1580 2079 1619 :
2107 1564 2163 1619 ln
2196 1563 2314 1634 gelu
2342 1572 2399 1618 et
2422 1564 2590 1635 glacie
2613 1565 2801 1633 Satan,
2832 1567 2969 1623 nihil
2995 1568 3173 1621 obstat
3201 1564 3449 1637 intelligi.

1870 1655 1989 1726 lpse
2022 1657 2219 1726 quippe
2270 1656 2422 1726 quasi
2470 1656 2537 1710 de
2589 1656 2700 1711 Deo
2749 1672 2879 1714 vero
2923 1656 3122 1728 glacies
3167 1655 3451 1727 processit,

190 1748 373 1805 bilium
421 1765 679 1806 sensuum
746 1751 1105 1821 cogitationes
1158 1754 1380 1808 νεηξυηι
1405 1794 1421 1818 ,
1479 1768 1584 1808 non
1643 1769 1767 1824 per-
1799 1736 1842 1796 B
1870 1745 1995 1815 quia
2021 1760 2052 1800 a
2085 1747 2265 1802 calore
2290 1754 2625 1802 secretorum
2653 1745 2769 1816 ejus
2799 1747 3017 1802 malitiae
3043 1757 3263 1818 torpore
3300 1745 3456 1819 frigi-

189 1841 402 1897 sistunt.
454 1841 565 1899 Sed
622 1844 751 1898 dum
804 1843 1117 1899 misericors
1181 1844 1343 1899 imbri
1394 1858 1493 1899 suo
1548 1847 1769 1899 cursum’

189 1931 317 1987 dare
361 1930 680 2003 designatur
706 1973 727 1999 ,
753 1933 1064 2002 compuncti
1108 1948 1209 2004 per
1244 1933 1514 1989 internum
1540 1934 1769 2004 gratiam

189 2023 366 2082 verbis
411 2024 541 2080 vita
588 2038 751 2079 aures
785 2025 966 2081 cordis
1010 2026 1281 2094 aperiunt.
1314 2026 1381 2080 Et
1429 2024 1615 2095 implet
1655 2034 1768 2079 ter.

189 2128 309 2168 ram
329 2114 548 2178 iurum,
569 2116 698 2185 quia
724 2117 848 2171 dum
876 2116 1078 2186 prmbet
1101 2116 1342 2170 auditum
1369 2116 1556 2181 verbo,
1583 2130 1773 2170 cumu-

188 2204 329 2261 latur
373 2208 655 2277 mysterio.
700 2206 770 2262 Et
823 2210 1065 2279 producit
1107 2208 1291 2263 herbas
1336 2208 1556 2263 virentes
1579 2249 1594 2275 ,
1645 2209 1772 2278 quia

188 2312 289 2369 per
310 2299 536 2370 gratiam
566 2301 1000 2369 compunctionis
1020 2301 1187 2358 verba
1212 2317 1320 2358 non
1345 2303 1519 2357 solum
1546 2303 1775 2357 libenter

187 2387 431 2458 accipit,
476 2390 573 2446 sed
617 2389 1060 2447 etiarn-ubertim
1102 2392 1299 2457 reddit,
1326 2400 1387 2446 ut
1412 2391 1557 2462 quod
1586 2393 1775 2448 audire

187 2492 299 2536 non
326 2487 574 2549 poterat,
615 2479 730 2549 jam
764 2481 911 2552 loqui
941 2482 1308 2552 concupiscat.
1344 2482 1484 2539 Hinc
1513 2484 1773 2554 scriptum

187 2575 278 2621 est
322 2586 336 2622 :
378 2586 397 2620 ι
425 2569 627 2625 Emitte
653 2568 914 2640 Spiritum
943 2582 1091 2628 tuum
1123 2580 1177 2629 et
1212 2573 1562 2636 creabantur,
1599 2592 1620 2627 ι
1666 2581 1771 2630 etc.

189 2658 369 2726 (ιἐα..
396 2673 513 2722 cm,
549 2658 668 2728 30.)
697 2659 956 2729 Sequitur
988 2677 1001 2715 :

261 2748 428 2805 Vsus.
457 2749 549 2806 28.
590 2747 722 2814 Quis
763 2758 841 2805 est
882 2750 1072 2821 pluvia:
1116 2761 1285 2822 pater,
1324 2753 1403 2809 uel
1447 2755 1565 2824 quis
1601 2756 1778 2825 genuit

186 2837 362 2893 uillas
391 2839 566 2895 roris?
598 2839 763 2895 —Ac
807 2839 852 2894 si
889 2840 1131 2897 diceret:
1162 2842 1275 2897 Nisi
1303 2856 1421 2913 ego,
1449 2844 1542 2913 qui
1577 2843 1777 2899 siccam

187 2935 400 2986 terram
473 2930 699 2985 humani
775 2930 957 2986 cordis
1013 2932 1181 3003 guttis
1233 2933 1477 2988 scientia:
1530 2934 1781 3004 gratuitae

186 3020 428 3090 spargo?
459 3019 533 3075 De
551 3019 654 3076 hac
677 3020 822 3075 enim
841 3020 1023 3090 pluvia
1047 3021 1182 3078 alias
1205 3022 1405 3077 dicitur
1434 3040 1449 3076 :
1487 3041 1505 3074 ι
1536 3023 1776 3079 Pluviam

1869 1836 1970 1892 dus
1992 1839 2251 1910 magister
2284 1839 2583 1909 iniquitatis
2616 1839 2803 1895 exivit.
2834 1840 2951 1910 Ipse
2976 1841 3094 1910 gelu
3120 1840 3186 1896 de
3211 1839 3348 1896 cutio
3371 1847 3458 1896 est

1869 1930 2081 1999 genitus
2110 1970 2125 1994 ,
2168 1931 2293 1999 quia
2331 1931 2725 1987 constricturus
2770 1933 2931 1987 corda
2984 1934 3335 2002 reproborum
3364 1974 3381 1997 ,
3423 1948 3457 1991 a

1872 2021 2102 2075 summis
2147 2021 2344 2077 cadere
2390 2032 2473 2078 est
2520 2024 2818 2094 promissus
2847 2023 3189 2099 [permissus]
3233 2027 3297 2080 ad
3325 2026 3453 2081 ima.

1871 2111 2212 2169 Mensurae.
2265 2115 2469 2170 Montes
2512 2131 2744 2186 namque
2792 2118 3067 2174 hominum
3118 2119 3460 2190 omnipotens

1873 2203 2016 2259 Deus
2039 2196 2165 2260 dum
2207 2206 2399 2261 timore
2444 2205 2659 2271 format,
2691 2209 2843 2278 quasi
2878 2211 3134 2281 concipit,
3163 2226 3363 2282 easque
3391 2212 3464 2268 ad

1875 2305 2092 2366 apertas
2120 2297 2347 2352 virtutes
2392 2298 2520 2353 dum
2568 2301 2852 2368 provehit,
2901 2303 3101 2373 gignit;
3152 2305 3247 2360 sed
3299 2305 3344 2361 si
3396 2305 3464 2362 de

1877 2387 2114 2456 acceptis
2137 2388 2425 2444 virtutibus
2447 2389 2797 2457 extolluntur,
2826 2392 3099 2462 relinquit.
3127 2393 3289 2460 Quasi
3316 2394 3460 2449 enim

1876 2477 1945 2534 de
1972 2478 2064 2533 Dei
2097 2486 2255 2533 utero
2282 2478 2479 2550 glacies
2509 2471 2800 2552 egreditur,
2851 2483 3068 2553 quando
3113 2484 3169 2539 hi
3215 2485 3305 2554 qui
3347 2484 3464 2555 jam

1877 2566 2023 2623 intus
2069 2569 2407 2625 incaluerant
2448 2585 2516 2626 ex
2560 2572 2820 2627 virtutum
2866 2573 3008 2629 dono
3060 2573 3373 2646 frigescunt,
3409 2583 3467 2631 et
3528 2558 3535 2575 ’

1878 2657 2004 2714 inde
2028 2656 2355 2715 exteriorem
2384 2658 2609 2732 gloriam
2660 2670 2934 2733 torpentes
2976 2674 3253 2734 appetunt.
3310 2667 3466 2725 Unde

1880 2748 1949 2802 ad
1995 2749 2204 2804 interna
2245 2750 2514 2821 diligenda
2563 2751 3113 2823 ardentiuleagrare
3140 2754 3462 2810 debuerunt.

1881 2840 2031 2895 Hanc
2056 2840 2279 2910 glaciem
2325 2855 2469 2896 nunc
2518 2841 2573 2895 in
2621 2849 2778 2897 utero
2822 2841 3082 2898 Dominus
3108 2852 3310 2915 portat,
3337 2846 3466 2916 quia

1882 2929 2023 2984 intra
2050 2930 2228 2985 sinum
2267 2940 2471 2986 sanctae
2499 2931 2753 2987 Ecclesiae
2784 2932 2999 2999 tolerat,
3029 2935 3122 2989 sed
3154 2950 3252 3005 per
3279 2946 3465 2991 extre-

1884 3034 2030 3072 mmu
2060 3027 2117 3074 et
2139 3018 2469 3088 publicatum
2492 3019 2754 3088 judicium
2790 3022 2932 3078 hanc
2968 3022 3208 3091 repellet.
3235 3024 3420 3079 dicens
3449 3041 3464 3079 :

186 3109 559 3166 voluntariam
602 3111 914 3183 segregabis
939 3152 954 3176 ,
996 3113 1157 3178 Deus,
1196 3131 1215 3166 ι
1261 3123 1364 3171 etc.
1405 3111 1579 3183 (Ριαι,
1608 3131 1774 3180 um,
1805 3090 1850 3151 (Σ
1887 3129 1906 3162 ‹
1936 3107 2130 3165 Nescio
2153 3124 2252 3165 vos
2276 3111 2418 3165 unde
2448 3111 2588 3177 sitis,
2616 3111 2881 3167 discedite
2908 3127 2937 3167 a
2975 3090 3081 3178 me,
3114 3128 3304 3169 omnes
3333 3129 3467 3184 ope-

188 3200 310 3272 ιο.)
356 3199 519 3256 Pater
544 3200 735 3272 pluvit:
782 3203 922 3259 Deus
955 3204 1175 3271 dicitur,
1209 3206 1336 3276 quia
1365 3220 1595 3277 superna
1626 3208 1781 3262 nobis

183 3290 510 3362 praedicatio
536 3306 641 3347 non
673 3294 740 3348 de
770 3302 960 3350 nostro
994 3297 1211 3361 merito,
1249 3297 1341 3351 sed
1370 3300 1438 3352 de
1463 3296 1580 3365 ejus
1606 3298 1779 3369 gratia

183 3390 509 3450 generatur.
533 3381 703 3440 Stillte
724 3385 871 3440 enim
900 3386 1039 3442 roris
1060 3386 1161 3457 ipsi
1193 3388 1366 3442 sancti
1397 3387 1782 3457 praedicatores

182 3482 340 3540 sunt,
374 3475 469 3544 qui
496 3491 625 3531 arva
658 3478 896 3544 pectoris
935 3479 1110 3534 nostri
1137 3479 1278 3535 inter
1314 3478 1461 3534 mala
1493 3480 1616 3535 vita:
1646 3494 1784 3551 prae-

184 3564 391 3631 sentis,
438 3565 593 3635 quasi
640 3567 894 3622 tenebras
938 3568 1101 3625 siccae
1148 3570 1324 3625 noctis
1373 3570 1580 3624 arentia
1611 3571 1782 3641 gratia

183 3667 446 3722 superum
465 3653 731 3726 largitatis
758 3654 1066 3713 infundunt.
1080 3657 1169 3712 De
1190 3658 1275 3713 his
1297 3659 1456 3714 stillis
1476 3658 1783 3716 contumaci

182 3741 395 3800 Iudaeae
430 3744 626 3801 dicitur
666 3763 679 3799 :
723 3764 743 3796 ι
780 3745 1083 3819 Propterea
1118 3750 1406 3819 prohibita
1449 3758 1577 3805 sunt
1627 3749 1786 3804 stillat

82 3864 91 3869 -
182 3834 527 3906 pluviarum,
551 3846 610 3892 et
634 3838 907 3897 serotinus
934 3839 1108 3895 imber
1130 3856 1235 3896 non
1258 3841 1358 3896 fuit
1386 3842 1522 3914 (Jer.
1546 3856 1630 3909 ιιι,
1652 3841 1729 3913 5).
1761 3862 1780 3895 ι

182 3925 402 3982 ﬂorem
431 3929 751 3998 aspergebat
779 3928 979 3986 Paulus
1027 3948 1149 3987 cum
1188 3931 1483 3988 Corinthiis
1525 3934 1733 3988 diceret
1769 3947 1785 3986 :

190 4032 214 4066 ι
248 4015 375 4071 Νοιι
399 4018 543 4073 enim
580 4019 828 4088 judicare
854 4036 941 4077 me
971 4023 1112 4077 scire
1141 4022 1347 4093 aliquid
1370 4025 1512 4080 inter
1542 4036 1654 4089 vos,
1684 4023 1787 4078 nisi

181 4107 383 4164 Iesum
411 4109 690 4167 Christum
730 4121 782 4168 et
810 4114 953 4169 hunc
979 4116 1295 4171 cruciﬁxum
1326 4117 1378 4188 (1
1400 4117 1523 4173 Cor.
1550 4132 1613 4185 ιι,
1635 4119 1730 4189 2);
1762 4137 1783 4171 ι

180 4208 250 4256 et
300 4216 518 4258 rursum
565 4203 801 4273 pluviam
860 4208 1103 4261 manavit
1137 4207 1327 4263 dicens
1354 4226 1367 4263 :
1400 4226 1421 4260 ι
1449 4207 1522 4266 Os
1545 4194 1791 4264 nostrum

178 4298 353 4361 patet
375 4292 447 4347 ad
475 4300 590 4357 vos,
620 4309 657 4350 ο
684 4295 974 4359 Corinthii,
1000 4312 1099 4353 cor
1124 4307 1371 4354 nostrum
1402 4300 1681 4354 dilatatum
1710 4308 1794 4355 est

182 4380 290 4453 (ΙΙ
316 4381 445 4438 Cor.
476 4400 555 4451 vr,
588 4385 697 4456 tl).
729 4406 747 4439 ι
798 4386 934 4443 llinc
963 4387 1173 4459 Moyses
1203 4390 1278 4445 ait
1325 4408 1340 4442 :
1386 4407 1406 4441 ι
1436 4390 1794 4460 Exspectetur

178 4472 345 4530 sicut
366 4474 547 4543 pluvia
570 4475 842 4546 eloquium
873 4493 1074 4544 meum,
1104 4488 1162 4534 et
1183 4480 1675 4536 descendantsicut
1702 4496 1793 4536 ros

180 4567 373 4623 verba
400 4582 519 4623 mea
557 4568 739 4639 (Deut.
768 4585 943 4636 xxxix,
965 4571 1045 4642 Ξ).
1081 4589 1100 4623 ι
1145 4569 1406 4641 Sequitur
1436 4590 1451 4627 :

273 4654 444 4712 Vnus.
467 4658 561 4713 29.
587 4657 667 4713 De
685 4658 837 4729 cujus
856 4670 1004 4716 utero
1025 4677 1231 4730 egressa
1252 4671 1329 4716 est
1353 4661 1587 4732 glacies?
1607 4671 1653 4717 et
1675 4665 1797 4733 gelu

178 4748 261 4803 de
299 4747 437 4803 coelo
464 4750 581 4820 quis
603 4751 822 4819 genuit?
856 4781 928 4793 -—
955 4751 1099 4819 Quid
1123 4752 1268 4809 enim
1297 4742 1441 4808 aliud
1476 4755 1527 4808 in
1553 4754 1672 4825 gelu
1707 4750 1793 4810 vel

176 4838 398 4909 glacie,
422 4840 526 4895 nisi
558 4839 751 4911 frigida
780 4850 835 4897 et
858 4842 1096 4914 perﬁdiae
1133 4856 1348 4915 torpore
1375 4846 1665 4902 constricta
1698 4860 1792 4901 ac-

179 4929 439 4999 cipimus
462 4935 625 4989 corda
656 4933 1001 4990 Judaaorum?
1042 4936 1143 5004 Qui
1190 4938 1460 5006 quondam
1498 4955 1597 5009 per
1638 4953 1794 4994 acce—

181 5021 451 5099 ptionem
476 5023 635 5095 legis,
665 5039 763 5095 per
792 5027 1069 5097 mysteria,
1100 5027 1402 5092 sacriﬁcia;
1440 5031 1524 5086 vel
1557 5030 1793 5101 prophe-

180 5112 291 5170 tias
321 5114 410 5171 sic
438 5115 577 5171 intra
604 5117 783 5172 sinum
814 5119 1003 5187 gratiae
1027 5120 1178 5189 quasi
1210 5103 1351 5173 intra
1380 5129 1592 5178 uterum
1626 5121 1794 5176 Crea-

180 5205 345 5261 toris
390 5206 774 5265 habebantur?
818 5207 927 5266 Sed
970 5211 1095 5280 quia
1135 5211 1382 5267 veniente
1407 5211 1637 5268 Domino
1668 5222 1795 5266 ceu-

175 5295 383 5351 stricti
414 5294 609 5368 frigora
663 5297 927 5370 perﬁdiae,
959 5301 1226 5360 fervorem
1264 5302 1384 5358 ﬁdei
1429 5312 1484 5360 et
1513 5303 1799 5362 charitatis

1880 3201 2010 3256 rarii
2048 3201 2347 3271 iniquitatis
2389 3201 2542 3273 (Luc.
2573 3212 2694 3268 xm,
2725 3201 2840 3272 27).
2875 3222 2894 3256 ι
2925 3201 3134 3259 leum
3163 3203 3348 3272 utique
3381 3218 3471 3258 sa-

1880 3306 2035 3347 crum
2058 3291 2330 3361 eloquium
2363 3291 2703 3360 intelligitur,
2732 3292 2877 3361 quod
2918 3291 3060 3347 diem
3089 3288 3245 3347 nobis
3272 3291 3492 3347 iutelli—g

1881 3384 2077 3454 gentiae
2096 3383 2346 3452 aperiens
2372 3381 2499 3437 Sole
2518 3390 2619 3436 nus
2635 3379 2860 3450 justitize
2882 3381 3133 3437 illustrat.
3165 3380 3318 3448 Quod
3343 3382 3469 3438 dum
3502 3416 3507 3419 -

1881 3490 1983 3531 nos
2006 3476 2130 3547 vita;
2166 3474 2449 3545 praesentis
2484 3489 2587 3529 nox
2618 3474 2894 3539 continet,
2931 3473 3103 3530 stellis
3133 3474 3290 3529 nobis
3320 3488 3473 3528 man-

1882 3569 2131 3623 datorum
2160 3568 2346 3638 fulget.
2380 3565 2489 3622 Sed
2515 3565 2640 3634 quia
2682 3578 2701 3615 t
2735 3573 2951 3634 oportet
2975 3566 3209 3619 haereses
3237 3577 3374 3627 esse,
3411 3570 3479 3617 ut

1883 3658 2093 3729 probati
2124 3656 2391 3712 manifesti
2419 3655 2554 3709 ﬁant
2585 3653 2635 3726 (I
2658 3652 2782 3709 Cor.
2808 3670 2885 3718 χι,
2910 3652 2988 3725 9),
3034 3672 3055 3706 ι
3097 3662 3284 3708 sancta
3324 3652 3475 3708 Scri-

1885 3758 2042 3819 ptura
2073 3761 2168 3802 eos
2198 3745 2290 3815 qui
2321 3760 2380 3800 se
2411 3744 2695 3813 superbire
2734 3751 3010 3813 appetunt,
3041 3752 3203 3812 atque
3236 3742 3487 3797 exterio-

1885 3855 1976 3896 res
2005 3839 2216 3894 favores
2245 3852 2340 3908 per
2366 3836 2511 3891 illam
2539 3846 2856 3906 sequuntur,
2892 3849 2922 3889 a
2962 3848 3021 3889 se
3053 3832 3278 3904 frigidos
3313 3832 3476 3887 emit-

1889 3931 1993 3995 tit,
2043 3931 2135 4002 qui
2171 3929 2296 3983 dum
2341 3943 2371 3982 a
2400 3942 2635 3997 superna
2687 3925 3040 3997 intelligentia
3073 3922 3492 3993 resplendentes.

1886 4021 2115 4091 eloquiis
2141 4028 2196 4075 et
2222 4018 2495 4083 obdurati,
2525 4017 2626 4088 ipsi
2658 4018 2922 4072 seducunt
2941 4023 3187 4093 caeteros,
3215 4022 3478 4069 corruunt

1890 4114 1957 4169 ad
1999 4114 2107 4167 itna
2145 4111 2447 4176 venientes,
2483 4117 2539 4163 et
2572 4107 2692 4179 gelu
2723 4115 2867 4172 sunt,
2900 4114 2955 4161 et
2983 4105 3119 4159 alios
3148 4104 3476 4173 astringunt,

1890 4205 2224 4273 duratusquc
2253 4202 2307 4257 in
2338 4201 2445 4255 ima
2490 4199 2727 4264 corruit,
2766 4198 2860 4268 qui
2890 4198 2955 4252 ad
2987 4196 3352 4267 cognitionem
3382 4194 3478 4248 Dei

1888 4295 2043 4364 prius
2063 4286 2362 4347 tractabilis
2390 4290 2442 4344 in
2475 4288 2702 4343 summis
2721 4296 2776 4343 et
2801 4287 3035 4358 liquidus
3065 4286 3261 4342 stabat.
3296 4284 3481 4341 Domi.

1896 4399 1998 4439 nus
2051 4392 2231 4438 tamen
2279 4382 2384 4438 hoc
2431 4380 2552 4452 gclu
2589 4380 2810 4451 gignere
2854 4379 3188 4450 perhibetur,
3236 4392 3340 4434 non
3371 4393 3489 4448 quo

1893 4492 2183 4549 pravorum
2223 4484 2431 4531 mentes
2457 4476 2571 4546 ipse
2607 4475 2672 4530 ad
2698 4473 2913 4544 culpam
2944 4473 3163 4539 formet,
3194 4473 3290 4527 sed
3314 4484 3422 4541 quo
3448 4485 3495 4524 a-

1892 4570 2049 4641 culpa
2088 4585 2191 4624 non
2228 4568 2439 4623 liberat.
2475 4567 2627 4622 Sicut
2657 4566 2918 4636 scriptum
2950 4574 3036 4622 est
3066 4583 3080 4619 :
3126 4583 3145 4616 ι
3176 4564 3287 4635 Ego
3312 4562 3497 4617 obdu~

1894 4663 2026 4716 rabo
2070 4672 2165 4715 cor
2200 4657 2500 4713 Pharaonis
2553 4657 2751 4729 (Ea-od.
2797 4672 2870 4719 tv,
2900 4657 3017 4725 21).
3061 4674 3080 4709 ι
3126 4653 3313 4709 Potest
3341 4659 3397 4707 et
3425 4652 3497 4705 in.

1892 4749 2088 4805 bonam
2137 4757 2343 4818 partem
2388 4741 2711 4817 nobis'ejus
2738 4746 3091 4817 intelligentia
3140 4743 3257 4798 sine
3300 4742 3501 4798 obsta-

1891 4844 2014 4899 culo
2040 4840 2369 4899 diﬁicultatis
2413 4839 2661 4910 intelligi.
2708 4838 2878 4892 Terra
2922 4838 3067 4893 enim
3097 4834 3141 4891 si
3171 4842 3291 4903 post
3314 4830 3492 4900 jacta-

1896 4943 2011 4991 tum
2039 4947 2233 4993 semen
2250 4931 2599 5001 complnitnr,
2627 4928 2885 4999 irrigatur
2920 4947 2933 4983 :
2966 4942 3126 5009 grain
3152 4924 3198 4978 si
3228 4920 3499 4976 immode-

1896 5038 2048 5086 ratus
2070 5027 2185 5095 (65)
2207 5023 2424 5092 accipit,
2447 5020 2826 5094 pinguedinem
2854 5017 3109 5076 frumenti
3130 5015 3503 5081 virtutemque

1897 5130 2073 5177 mutat
2105 5136 2120 5174 :
2148 5116 2243 5172 sed
2272 5114 2319 5168 si
2357 5113 2541 5182 pluvia
2574 5112 2693 5185 gelu
2720 5113 3015 5179 premitur,
3034 5122 3138 5179 quo
3161 5110 3377 5157 velatur
3404 5120 3492 5158 sc-

1897 5226 2021 5268 men
2055 5204 2308 5282 progredi
2336 5201 2514 5272 foras,
2546 5203 2758 5274 cegitur
2788 5201 2937 5257 intus
2968 5195 3193 5257 radicari
3227 5206 3288 5247 ac
3312 5193 3501 5248 multi-

1899 5302 2111 5371 plicari.
2135 5286 2275 5365 Quid
2299 5308 2434 5363 ergo
2458 5306 2573 5363 est,
2588 5290 2850 5350 Dominus
2873 5293 3028 5358 prius
3051 5285 3262 5358 quidem
3288 5292 3501 5352 patrem

2665 5377 2899 5400 ....Α..Ι--...
2938 5392 3061 5400 __-__-
3117 5376 3175 5400 ΩΑ.

3223 5378 3317 5400 Α..”Λ
3349 5381 3401 5400 III
3412 5388 3509 5400 ΛιιΑ
