3934 5400
525 317 642 388 ’447

1510 330 1569 388 S.
1611 329 1860 389 ODONIS
1895 330 2185 389 ABBATIS
2222 327 2717 389 CLUNlACENSlS
2753 333 2794 390 ll
3651 335 3728 391 ω

535 452 738 498 terram
775 439 840 496 ad
873 441 1215 513 suscipienda
1267 441 1416 498 verbi
1464 443 1669 497 semina
1694 483 1710 508 ,
1753 451 1810 498 et
1843 443 1995 512 prius
2023 457 2119 512 per
2144 444 2193 501 A
2221 437 2596 510 Redemptoris
2625 445 2885 500 innitatur.
2917 443 2982 498 In
3008 444 3394 500 similitudinem
3428 444 3606 514 quippe
3629 445 3732 512 lapis

534 532 801 588 occultam
845 535 1076 604 gratiam
1115 532 1545 603 compunctionis
1585 533 1820 602 pluviam
1859 533 2114 597 infundit,

536 633 593 678 et
622 625 966 693 postmodum
995 640 1062 679 ne
1093 626 1148 680 in
1175 625 1452 695 conceptis
1480 625 1770 680 virtutibus
1796 625 2120 680 immodera-

537 713 645 769 tius
689 713 921 784 proﬂuat
971 715 1251 784 disciplina
1310 715 1514 770 intimae
1547 713 1963 783 dispensationis
1997 729 2119 784 pre-

538 803 670 857 mit?
701 803 773 859 Ut
799 819 964 873 quum
990 814 1260 874 perceptae
1285 804 1470 876 gratia:
1498 803 1677 874 pluvia
1709 803 1920 872 irrigat,
1953 805 2116 859 etiam

535 891 833 961 disciplina:
867 893 1012 963 rigor
1040 893 1325 964 astringat,
1353 907 1418 948 ne
1448 894 1492 947 si
1522 901 1614 946 aut
1641 901 1931 964 antequam
1961 893 2120 948 debet

536 989 630 1034 aut
659 981 945 1052 plusquam
989 999 1213 1039 necesse
1249 994 1336 1040 est
1372 995 1660 1054 conceptas
1687 985 1913 1041 virtutes
1940 983 2120 1055 profe-

538 1082 663 1139 rat,
708 1073 891 1145 fruges
929 1077 980 1130 in
1014 1077 1232 1132 herbam
1264 1087 1458 1133 vertat.
1509 1077 1802 1133 Videamus
1826 1118 1840 1143 ,
1895 1077 2116 1144 Paulus,

536 1166 712 1220 infusa
763 1167 1017 1224 videlicet
1066 1178 1208 1224 terra
1237 1209 1253 1234 ,
1302 1170 1430 1240 quid
1464 1171 1542 1224 ait
1591 1188 1605 1224 :
1659 1189 1678 1221 ε
1709 1168 1859 1225 Velle
1907 1170 2120 1238 adjacet

534 1259 667 1314 mihi
695 1300 709 1324 ,
760 1260 1020 1329 perlicere
1068 1271 1250 1316 autem
1299 1263 1496 1317 bonum
1537 1277 1642 1316 non
1679 1261 1893 1317 invenio
1939 1261 2116 1332 (Rom.

535 1363 634 1410 vit.
667 1349 776 1421 l8).
821 1369 840 1402 ι
890 1351 959 1406 Ει
988 1368 1202 1408 rursum
1242 1371 1254 1408 :
1298 1372 1316 1405 ι
1349 1353 1418 1408 Ut
1449 1368 1554 1406 non
1589 1368 1710 1422 qua:
1736 1353 1896 1408 vultis
1925 1354 2010 1406 illa
2042 1353 2120 1408 fa-

534 1443 694 1498 ciatis
721 1440 866 1515 (Gal.
889 1459 944 1508 v,
975 1446 1086 1516 Π).
1117 1466 1135 1498 ›
1178 1447 1359 1502 Potest
1394 1447 1558 1500 etiam
1589 1447 1645 1500 in
1684 1446 1806 1518 gelu
1838 1446 1921 1502 vel
1949 1446 2119 1517 glacie

534 1535 816 1603 praesentis
863 1537 987 1590 vitze
1029 1537 1330 1592 adversitas
1375 1536 1674 1605 designari,
1721 1551 1842 1606 qua:
1865 1537 1991 1592 dum
2020 1535 2120 1592 sub

535 1623 827 1692 asperitate
852 1640 947 1679 sua
972 1633 1188 1680 sanctos
1219 1624 1550 1696 comprimit,
1571 1625 1897 1681 valentiores
1922 1625 2116 1681 reddit.

533 1706 672 1771 Miro
697 1716 894 1786 quippe
923 1716 1148 1773 consilio
1191 1717 1452 1774 Dominus
1473 1717 1676 1773 electos
1697 1731 1910 1787 quoque
1937 1717 1990 1772 in
2019 1719 2118 1772 hac

2218 530 2600 597 induraverat,
2642 537 2734 605 qui
2764 536 2976 591 dicebat
3013 555 3025 590 :
3075 536 3318 605 «impleo
3343 550 3404 590 ea
3440 551 3553 604 qua
3580 542 3733 592 desunt

2216 611 2526 686 passionum
2584 623 2784 678 Christi
2834 625 2887 678 in
2941 639 3107 681 carne
3155 641 3269 678 mea
3323 623 3456 695 (Col.
3506 641 3543 687 ι,
3582 623 3727 693 2t).i

2219 706 2478 778 Sequitur
2524 729 2537 766 :
2585 710 2652 766 Et
2697 714 2996 784 superﬁcies
3056 717 3228 784 abyssi
3281 716 3647 784 constringitur.
3683 746 3733 757 -

2219 797 2353 871 Quia
2384 815 2545 870 super
2582 811 2722 858 tecto
2769 807 3001 873 quodam
3053 806 3367 876 ignorantia:
3415 815 3596 861 vesti-te
3629 807 3735 861 vela-

2219 890 2394 956 mine,
2435 893 3049 964 incomprehensibilitas
3099 898 3265 952 divini
3306 896 3492 964 judicii
3539 898 3736 952 huiusne

2222 981 2416 1036 tuentis
2439 983 2597 1038 oculo
2619 985 2925 1042 nullatenus
2943 997 3272 1057 penetratur.
3306 987 3571 1057 Scriptum
3587 989 3737 1058 quippe

2219 1079 2302 1125 est
2330 1089 2343 1125 :
2379 1090 2396 1124 ι
2424 1071 2630 1128 Judicia
2660 1085 2748 1131 tua
2779 1077 3005 1148 abyssus
3034 1078 3198 1132 multa
3253 1078 3425 1149 (Psal.
3458 1095 3609 1144 xxxv,
3633 1080 3692 1150 7).
3721 1101 3734 1131 ι

2218 1163 2391 1218 Aliter
2432 1183 2446 1218 :
2489 1165 2646 1222 Aliud
2695 1169 2910 1237 quidem
2957 1169 3207 1235 Satanas,
3264 1172 3582 1227 intrinsecus
3625 1172 3737 1235 latet.

2220 1263 2381 1324 atque
2433 1255 2579 1312 aliud
2647 1259 2974 1317 intrinsecus
3040 1263 3294 1318 ostendit.
3372 1281 3393 1314 ‹
3429 1262 3742 1334 Transﬂgurat

2219 1345 2366 1400 enim
2395 1362 2453 1403 se
2479 1348 2623 1404 velut
2653 1351 2902 1422 angelum
2931 1352 3064 1409 lucis
3103 1352 3190 1415 (ἸΙ
3211 1353 3333 1408 Cor.
3368 1371 3446 1418 xi,
3478 1354 3580 1425 14),
3607 1374 3622 1406 ι
3650 1356 3742 1424 quia

2219 1437 2348 1493 dum
2375 1441 2529 1510 quasi
2559 1440 2698 1498 bona
2728 1445 3092 1514 persuasionis
3123 1445 3239 1514 ejus
3277 1447 3504 1516 species,
3532 1447 3659 1500 velut
3677 1462 3742 1500 so-

2219 1527 2326 1584 lida
2356 1531 2588 1601 desuper
2616 1532 2816 1604 glacies
2840 1535 3162 1601 ostenditur,
3193 1537 3244 1590 in
3272 1535 3590 1606 profundum
3611 1536 3744 1591 latens

2220 1618 2337 1687 ejus
2399 1619 2603 1674 malitia
2649 1637 2756 1677 non
2822 1621 3056 1683 videtur.
3088 1623 3431 1680 MORALIIER.
3490 1623 3746 1694 Superﬁtt'rs

2221 1709 2396 1780 abyssi
2442 1713 2840 1784 constringitur,
2893 1716 3019 1785 quia
3063 1716 3446 1787 superductam
3498 1717 3747 1772 sanctitatis

532 1805 645 1860 vita
681 1814 936 1876 tanquam
968 1808 1021 1863 in
1052 1809 1231 1864 hieme
1268 1809 1492 1864 adversa
1520 1817 1805 1864 ventorum
1831 1816 1887 1863 ει
1913 1807 2114 1880 frigora
2149 1792 2194 1854 Β
2219 1800 2454 1868 speciem
2485 1800 2627 1857 ﬂuxa
2660 1819 2725 1859 ac
2756 1804 3023 1860 instabilis
3045 1820 3233 1860 eorum
3262 1806 3589 1862 conscientia
3614 1805 3746 1861 homi-

532 1895 767 1950 tolerare
783 1899 1069 1966 permittit,
1099 1907 1157 1953 ut
1183 1898 1329 1953 velut
1352 1899 1404 1953 in
1426 1898 1614 1953 aestiva
1643 1899 1938 1960 serenitate
1968 1895 2119 1968 post-

533 1985 754 2041 modum
782 1987 1014 2054 fructus,
1042 2003 1178 2057 quos
1199 1989 1289 2044 hic
1315 1997 1702 2058 conceperunt,
1725 1989 2118 2046 demonstrent.

535 2073 691 2132 Unde
715 2079 898 2148 sponsi
920 2093 1052 2136 voce
1076 2080 1367 2150 unicuique
1387 2080 1580 2136 anima:
1603 2081 1802 2137 dicitur
1827 2096 1842 2135 :
1875 2101 1894 2135 ς
1927 2081 2118 2152 Surge,

531 2181 800 2238 propera,
846 2169 1020 2225 amica
1063 2186 1207 2236 mea,
1244 2171 1480 2226 formosa
1526 2187 1668 2238 mea,
1701 2180 1757 2228 et
1801 2172 1960 2238 veni;
2007 2171 2119 2241 jam

533 2256 678 2311 enim
709 2257 922 2312 transiit
958 2259 1152 2324 hiems,
1198 2260 1370 2317 imber
1399 2260 1536 2316 abiit
1560 2269 1618 2316 et
1663 2261 1890 2318 recessit
1938 2261 2116 2324 (Cant.

534 2361 596 2409 tt,
631 2347 718 2414 10,
751 2349 858 2419 ll).
892 2369 910 2402 ι
944 2349 1200 2420 Sequitur
1229 2371 1243 2407 :

606 2437 768 2494 Vsus.
801 2440 889 2495 30.
930 2440 1044 2512 Ipsi
1078 2443 1132 2498 in
1171 2443 1569 2500 similitudinem
1601 2445 1792 2517 lapidis
1829 2465 1980 2516 aqua
2015 2451 2119 2504 du-

533 2539 743 2586 rantur.
779 2562 849 2571 —
874 2534 1061 2602 Aquas
1095 2536 1370 2605 apostolos
1419 2538 1715 2607 accipimus
1740 2580 1755 2605 ,
1811 2541 1948 2611 lapis
1992 2557 2122 2598 vero

538 2636 640 2692 pro
670 2622 786 2692 ipsa
813 2625 1011 2681 duritia
1041 2627 1330 2697 aliquando
1361 2630 1590 2699 gentiles
1627 2633 1808 2701 populi
1836 2634 2122 2706 designan-

535 2723 645 2769 tur.
670 2714 778 2784 lpsi
807 2717 1004 2788 ouippe
1033 2718 1238 2789 lapides
1263 2720 1565 2784 coluerunt,
1596 2731 1654 2776 et
1699 2723 1765 2778 de
1808 2724 1890 2780 eis
1918 2725 2120 2781 dictum

536 2814 621 2861 est
669 2825 682 2861 :
739 2826 758 2860 ε
799 2808 1016 2864 Similes
1068 2810 1172 2866 illis
1226 2810 1358 2866 fiant
1402 2812 1494 2883 qui
1539 2811 1746 2868 faciunt
1804 2829 1871 2871 ea
1923 2816 2117 2888 (Psal.

535 2911 690 2960 cxnt,
716 2897 792 2966 8).
838 2918 856 2950 ι
912 2897 1046 2966 Quia
1080 2915 1210 2972 ergo
1243 2903 1476 2972 primum
1524 2901 1709 2959 Judaza
1733 2904 1842 2960 Deo
1869 2892 2120 2972 credidit,

539 2986 840 3056 gentilitate
867 2989 1012 3044 omni
1052 2990 1107 3044 in
1135 2991 1376 3061 perﬁdiae
1401 3008 1510 3048 sua:
1541 2995 1904 3051 obstinatione
1947 3012 2124 3051 rema-

539 3074 735 3146 nente;
771 3083 1112 3149 postmodum
1157 3098 1288 3139 vero
1324 3084 1391 3138 ad
1441 3084 1600 3139 fidem
1631 3087 1908 3156 gentilium
1957 3089 2118 3142 corda

2222 1889 2382 1944 nibus
2405 1891 2624 1962 tegitur.
2656 1891 2793 1947 Nam
2838 1908 2962 1949 cum
2992 1895 3342 1965 sibimetipsis
3370 1900 3553 1964 turpes
3578 1895 3668 1949 siut
3688 1896 3747 1948 in-

2223 1981 2514 2050 trinsecus,
2541 1992 2667 2038 ante
2689 1984 2895 2041 alienos
2919 1992 3097 2040 tamen
3124 1984 3310 2041 oculos
3333 1985 3566 2055 quadam
3586 1986 3748 2040 vivendi

2221 2082 2506 2131 venustate
2533 2075 2852 2132 vestiuntur.
2901 2075 3112 2133 Aliter:
3153 2077 3290 2143 Quia
3339 2093 3510 2148 prava
3549 2079 3748 2149 cogitatio

2221 2169 2323 2225 etsi
2350 2185 2519 2240 usque
2543 2171 2610 2226 ad
2643 2171 3040 2242 suggestionem
3071 2172 3238 2238 venit,
3269 2171 3551 2242 usquead
3575 2186 3750 2226 consen-

2221 2273 2340 2314 sum
2371 2275 2478 2316 nou
2507 2259 2741 2331 prosilit,
2777 2261 2901 2330 quia
2943 2259 3266 2317 ﬂuctuantes
3316 2270 3501 2316 motus
3527 2259 3668 2314 animi
3687 2274 3750 2312 su-

2220 2351 2510 2422 perductus
2561 2351 2712 2422 rigor
2756 2360 2959 2407 sancta:
3004 2350 3338 2409 liberationis
3393 2352 3601 2422 premit.
3640 2347 3750 2403 Solet

2221 2443 2364 2498 cnim
2388 2441 2571 2498 laetitia
2605 2457 2805 2498 arcana
2835 2443 3032 2498 mentis
3061 2443 3292 2512 aperire,
3324 2452 3493 2511 atque
3516 2439 3750 2509 aperiendo

2223 2534 2504 2601 amittere;
2538 2534 2765 2590 adversa
2788 2549 2918 2590 vero
2939 2548 3062 2590 cum
3091 2549 3190 2588 nos
3211 2533 3460 2588 exterius
3476 2530 3748 2601 deprimunt,

2223 2623 2457 2680 interius
2475 2623 2749 2680 cautiores
2776 2625 3024 2680 reddunt.
3063 2623 3192 2680 Post
3221 2623 3341 2694 gelu
3368 2623 3551 2692 itaque
3570 2619 3641 2674 vel
3665 2617 3748 2688 gla-

2221 2715 2359 2770 ciem
2380 2714 2676 2785 super/icies
2697 2715 2869 2786 abyssi
2889 2714 3282 2784 constringitur,
3298 2711 3429 2782 quia
3453 2726 3596 2766 meus
3614 2718 3751 2763 nostra

2223 2803 2290 2870 ad
2317 2803 2683 2858 conservanda
2706 2801 2976 2873 profunda
3018 2802 3159 2856 dona
3203 2815 3325 2870 quae
3345 2799 3630 2870 acceperit,
3653 2795 3749 2866 ipsis

2223 2894 2639 2953 adversitatibus
2665 2894 2924 2950 munitur.
2951 2893 3100 2948 Hanc
3119 2893 3380 2964 abyssum
3403 2891 3610 2962 tegebat
3625 2887 3750 2943 lsaias

2223 2989 2410 3044 dicens
2452 3006 2466 3042 :
2503 3007 2520 3040 ι
2561 2986 2839 3043 Secretum
2893 3001 3073 3040 meum
3115 2984 3253 3038 mihi
3290 2982 3428 3052 (lsa.
3455 2979 3747 3048 xxrv,16).i

2224 3080 2290 3134 Ει
2313 3079 2511 3134 Paulus
2542 3097 2555 3132 :
2590 3097 2609 3131 ι
2645 3078 2816 3134 Pareo
2856 3087 3037 3131 autem
3079 3090 3146 3131 ne
3167 3075 3289 3144 quis
3324 3073 3596 3130 existimet
3631 3085 3750 3139 supra

538 3166 743 3221 mollita
766 3179 913 3234 sunt,
937 3179 992 3224 et
1012 3170 1315 3226 Judteorum
1346 3151 1935 3241 inﬁdelitas-obdurata,
1955 3177 2122 3233 brne—
2150 3151 2194 3211 (ἶ
2227 3175 2280 3230 id
2303 3175 2447 3244 quod
2472 3175 2616 3230 videt
2636 3184 2691 3231 et
2709 3174 2860 3229 audit
2883 3171 3084 3242 aliquid
3115 3185 3181 3225 ex
3206 3182 3292 3226 me
3315 3167 3402 3234 (ΙΙ
3431 3165 3550 3224 Cor.
3569 3181 3652 3230 xu,
3670 3162 3748 3233 δὶα

540 3258 738 3314 dicitur
791 3277 806 3314 :
855 3264 1018 3331 Aqua:
1055 3263 1111 3316 in
1158 3263 1554 3319 similitudinem
1599 3267 1790 3337 lapidis
1839 3269 2120 3325 durantur.

543 3348 684 3408 Hinc
723 3352 923 3410 Paulus
951 3355 1202 3425 gentibus
1236 3357 1368 3413 dicit
1412 3371 1431 3413 :
1475 3378 1493 3411 ι
1524 3357 1680 3416 Sicut
1713 3360 2002 3430 aliquando
2027 3377 2124 3418 vos

543 3457 653 3496 non
699 3443 1004 3499 credidistis
1055 3446 1198 3509 Deo,
1260 3463 1402 3503 nunc
1461 3458 1642 3505 autem
1693 3449 2121 3506 misericordiam

543 3535 826 3590 consecuti
857 3536 1011 3602 estis,
1043 3553 1139 3608 pro
1167 3538 1379 3594 illorum
1411 3539 1816 3608 incredulitate;
1850 3542 1926 3598 ita
1952 3551 2007 3598 et
2038 3543 2124 3598 isti

541 3639 686 3679 nunc
718 3641 821 3678 non
849 3627 1195 3684 crediderunt
1225 3630 1277 3684 in
1308 3638 1547 3686 vestram
1585 3631 2034 3698 misericordiam,
2066 3643 2127 3690 ut

541 3725 598 3784 et
626 3717 725 3786 ipsi
755 3717 1181 3795 misericordiam
1210 3737 1624 3793 consequamur.
1675 3723 1952 3778 Conclusit
1980 3727 2124 3780 enim

547 3805 694 3861 Deus
723 3807 910 3863 omnia
939 3809 1039 3863 sub
1067 3809 1468 3876 incredulitate,
1503 3820 1562 3866 ut
1599 3813 1838 3883 omnium
1868 3815 2126 3870 miserea-

542 3906 633 3954 tur
683 3897 864 3968 (Rom.
893 3915 972 3964 ιι,
999 3899 1205 3970 50-52).
1246 3920 1264 3952 ι
1294 3901 1462 3958 Aliter
1494 3919 1508 3957 :
1538 3902 1643 3958 Per
1667 3917 1859 3972 aquam
1879 3906 2122 3976 populos,

543 4002 642 4056 per
669 3986 904 4057 lapidem
931 4004 1062 4044 vero
1091 3989 1332 4060 ejusdem
1368 3989 1534 4045 Satan
1561 3991 1761 4047 duritia
1789 3993 2123 4065 designatur.

541 4074 638 4131 Rllo
665 4078 827 4149 igitur
851 4079 920 4132 ad
946 4077 1051 4134 ima
1085 4079 1366 4146 veniente,
1406 4081 1461 4135 in
1491 4082 1902 4138 similitudinem
1933 4083 2124 4154 lapidis

543 4181 697 4236 aqua:
729 4167 936 4223 durata:
962 4178 1107 4234 sunt,
1139 4170 1263 4238 quia
1291 4169 1404 4239 ejus
1431 4170 1689 4226 malitiam
1715 4173 1912 4228 imitati
1946 4175 2124 4230 homi-

542 4271 661 4324 nes,
683 4256 866 4312 mollia
893 4259 1100 4314 viscera
1125 4260 1406 4315 charitatis
1433 4262 1752 4318 amiserunt.
1782 4263 2123 4322 Mommsen.

540 4346 709 4416 Aquae
754 4346 898 4400 enim
947 4361 1040 4410 per
1087 4348 1309 4420 glaciem
1347 4350 1400 4404 in
1435 4351 1774 4422 superﬁciem
1810 4354 2124 4421 durescunt,

541 4435 638 4489 sed
661 4434 823 4490 ﬂuida
855 4437 909 4492 in
945 4436 1133 4492 intima
1178 4448 1478 4495 remanent.
1531 4441 1596 4495 Et
1642 4443 1771 4513 quid
1819 4460 1918 4515 per
1958 4461 2126 4516 aquas

2227 3267 2484 3323 Sequitur
2515 3285 2528 3321 :

2250 3283 2604 3414 26322331.
2654 3355 2911 3427 Nunquid
2951 3355 3264 3426 conjungere
3305 3351 3506 3408 valebis
3551 3348 3752 3401 micantes

2224 3446 2399 3501 stellas
2425 3445 2702 3508 Pleiadas,
2729 3454 2817 3498 aut
2846 3461 3030 3515 gyrunt
3065 3443 3274 3498 Arcturi
3300 3441 3496 3511 poteris
3520 3432 3754 3506 dissipare?

2225 3566 2295 3578 —
2320 3535 2566 3590 Pleiades
2608 3534 2779 3590 stellae
2820 3549 2922 3605 apo
2954 3543 3007 3587 tu
3049 3533 3209 3602 plistu
3234 3528 3491 3604 [ἀπὸτοῦ
3512 3519 3751 3592 alsia-rw].

2227 3626 2279 3682 id
2299 3634 2402 3692 est,
2433 3641 2465 3680 a
2495 3625 2754 3696 pluritate
2778 3633 2980 3680 vocatae
3004 3631 3161 3688 sunt;
3185 3622 3258 3677 ita
3279 3629 3465 3676 autem
3490 3619 3660 3674 vicinae
3680 3611 3754 3668 sibi

2225 3724 2281 3771 et
2305 3716 2493 3772 divisa:
2521 3722 2649 3771 sunt
2677 3714 2905 3770 conditae
2929 3752 2947 3782 ,
2980 3721 3038 3767 ut
3063 3721 3118 3767 et
3155 3710 3318 3767 simul
3367 3710 3500 3775 sint,
3540 3716 3592 3761 et
3618 3713 3754 3757 tamen

2225 3807 2475 3878 conjungi
2503 3823 2842 3881 nequaquam
2872 3807 3099 3878 possint.
3129 3806 3397 3860 Arcturus
3436 3818 3563 3858 vero
3600 3800 3662 3853 ita
3681 3809 3753 3849 no—

2225 3907 2420 3956 eturua
2447 3909 2687 3969 tempora
2719 3897 2975 3962 illustrat,
3017 3905 3075 3951 ut
3101 3897 3154 3950 in
3185 3894 3307 3952 cmli
3337 3909 3442 3949 axe
3472 3892 3660 3964 positus
3681 3899 3755 3955 per

2226 3986 2442 4042 diversa
2489 4000 2548 4042 se
2595 3995 2811 4054 vertat,
2863 4002 2964 4042 nec
3010 3995 3190 4040 tamen
3228 3984 3463 4039 occidat.
3491 3980 3621 4048 Quid
3644 3977 3753 4030 enim

2225 4077 2490 4132 trticantes
2534 4076 2796 4140 Pleiades,
2829 4092 2950 4147 qua:
2971 4086 3025 4132 et
3065 4087 3269 4146 septem
3299 4083 3447 4138 sunt,
3479 4073 3607 4128 alios
3629 4078 3752 4137 quam

2225 4178 2443 4227 sanctos
2471 4183 2659 4224 omnes
2687 4168 3028 4232 denuntiant,
3061 4167 3152 4235 qui
3184 4167 3326 4221 inter
3361 4162 3635 4235 praesentis
3661 4158 3753 4210 vita

2227 4263 2495 4319 tenebras.
2529 4259 2720 4330 spiritu
2749 4257 3082 4329 septiformis
3107 4256 3295 4327 gratiae
3323 4268 3422 4311 nos
3446 4250 3638 4307 lumine
3661 4245 3753 4301 illu-

2224 4352 2443 4408 strant?
2475 4351 2610 4418 Quia
2639 4349 2708 4405 ab
2752 4350 2866 4418 ipsa
2893 4347 3077 4402 mundi
3121 4346 3332 4417 origine
3380 4357 3551 4412 usque
3583 4338 3645 4394 ad
3667 4334 3753 4402 ejus

2225 4445 2516 4500 terminum
2566 4440 2794 4497 diversis
2844 4439 3177 4508 temporibus
3241 4439 3307 4490 ad
3368 4428 3751 4505 prophetandum

540 4525 644 4581 nisi
674 4525 816 4582 ﬂuxa
840 4528 1130 4590 accipimus
1155 4531 1318 4586 corda
1349 4534 1738 4602 reproborum?
1766 4535 1897 4604 Qua:
1919 4553 2042 4593 cum
2066 4547 2122 4596 et
2151 4522 2198 4580 ι)
2223 4545 2350 4592 sunt
2375 4533 2546 4598 missi,
2563 4533 2718 4603 juxta
2743 4530 2946 4600 aliquid
2970 4529 3070 4584 sibi
3102 4527 3369 4595 conjuncti
3394 4533 3544 4589 sunt,
3568 4530 3617 4576 et
3632 4519 3752 4588 juxta

537 4618 815 4687 proposito
854 4619 1110 4676 virtutem
1145 4620 1430 4686 deserunt,
1467 4622 1696 4680 fortasse
1734 4626 1787 4680 in
1816 4625 1972 4683 bonis
2000 4645 2126 4698 ope-

541 4707 694 4761 ribus
724 4723 820 4778 per
844 4709 1173 4780 hypocrisim
1202 4712 1526 4778 ostendunt,
1566 4713 1802 4785 dumque
1837 4718 1890 4771 in
1920 4717 2126 4775 intintis

542 4801 656 4854 suis
685 4800 754 4853 ad
781 4800 910 4854 vitia
939 4800 1200 4867 deﬂuunt,
1224 4815 1279 4858 et
1309 4803 1553 4860 fortassis
1583 4806 1884 4864 imitatores
1910 4819 2126 4866 sancto-

543 4905 665 4944 rum
697 4907 755 4946 se
797 4892 1040 4963 fingunt,
1089 4911 1243 4964 aqua
1281 4897 1334 4949 in
1369 4896 1761 4951 similitudinem
1798 4897 1990 4968 lapidis
2018 4901 2120 4955 du-

540 4990 748 5034 rantur.
791 4982 964 5037 Aliter
996 4971 1177 5051 :Qttia
1218 4983 1373 5040 ﬂuxae
1410 4986 1762 5056 cogitationes
1791 4988 2017 5046 interius
2044 4991 2121 5046 la-

541 5081 797 5137 cescunt,
852 5090 1192 5145 nequaquam
1241 5085 1419 5132 tamen
1465 5094 1636 5148 usque
1677 5080 1747 5136 ad
1795 5096 2120 5138 consensum

541 5165 690 5228 pravi
737 5167 912 5227 operis
950 5169 1171 5224 trahunt
1209 5187 1222 5224 :
1267 5171 1358 5226 sed
1400 5188 1551 5228 mens
1579 5175 1792 5231 vivendi
1835 5187 2122 5234 consuetu-

543 5255 668 5310 dine
695 5257 851 5326 quasi
889 5260 988 5313 sub
1017 5261 1247 5330 quadam
1289 5262 1483 5317 duritia
1523 5265 1826 5330 abscondit,
1861 5267 2119 5336 quidquid

543 5343 694 5400 intus
719 5361 786 5400 ex
817 5351 1131 5400 lettmlionis
1156 5352 1401 5400 milsanle
1428 5353 1708 5400 mollescit-
1742 5355 1947 5400 Mnntpe
1975 5359 2116 5400 naiim

2226 4625 2428 4694 aliquid
2466 4639 2571 4677 non
2613 4619 2906 4689 conjuncti.
2965 4615 3244 4685 Conjuncti
3300 4630 3396 4685 per
3446 4611 3750 4703 intentionem

2225 4713 2442 4777 mentis,
2466 4721 2521 4766 et
2543 4709 2794 4780 disjuucti
2817 4716 2941 4764 sunt
2962 4722 3056 4777 per
3067 4705 3384 4761 divisionem
3400 4718 3511 4758 sua:
3525 4696 3748 4766 imaginis,

2223 4821 2384 4876 quam
2413 4803 2640 4859 diversis
2669 4801 2999 4872 temporibus
3030 4797 3199 4863 Abel,
3226 4797 3386 4852 Isaias
3409 4836 3424 4860 ,
3461 4802 3514 4850 et
3557 4790 3749 4846 Joannes

2223 4893 2489 4965 apparuit.
2521 4889 2685 4946 Divisi
2719 4890 2933 4959 quidem
2977 4886 3198 4941 fuerunt
3245 4893 3480 4953 tempore
3504 4922 3519 4946 ,
3561 4878 3746 4934 sean

2219 4987 2620 5060 przedicatioue,
2651 4984 2776 5055 quia
2805 4991 2860 5038 et
2887 4980 3225 5037 confessione
3266 4978 3413 5033 vocis
3453 4985 3507 5030 et
3531 4973 3744 5061 virtutunt

2219 5079 2324 5135 sibi
2369 5076 2721 5132 unanimitate
2756 5073 3071 5144 junguntur.
3100 5071 3154 5126 ln
3187 5069 3417 5126 Arcturo
3456 5074 3655 5124 autem,
3677 5067 3744 5124 qut

2221 5188 2318 5244 per
2345 5185 2533 5243 gyrum
2579 5183 2734 5226 suum
2779 5176 3042 5222 nocturna
3071 5165 3242 5235 spatia
3276 5177 3380 5217 non
3401 5149 3747 5215 cassurusiﬂu-

2222 5274 2379 5329 strat,
2396 5274 2730 5332 nequaquam
2757 5255 3123 5328 particulatim
3161 5254 3301 5310 edita
3323 5253 3428 5307 vita
3458 5253 3742 5305 sanctorum.

2225 5359 2317 5400 sed
2347 5365 2454 5400 mm
2481 5351 2636 5400 simul
2658 5348 2894 5400 Ecclesia
2936 5347 3284 5400 designatur:
3307 5357 3425 5400 una
3452 5335 3744 5400 fatigatio"ei
