3934 5400
148 251 259 305 449

896 246 1194 305 EPITOME
1233 245 1591 304 MOBALIUM
1631 245 1687 300 S.
1731 263 1733 284 ι

1838 243 1939 298 EG.
1981 242 2045 297 IN
2081 242 2199 302 103
2261 273 2328 284 —
2366 243 2491 298 LIB.
2537 243 2702 299 XXX.

3289 251 3398 306 ιδο

149 365 528 418 incolumitate
577 368 903 433 pet-durante
928 403 943 426 ,
1006 361 1352 416 mortalitatis
1405 360 1565 431 hujus
1621 359 1728 413 Vita
1759 366 1804 425 Α
1834 356 1940 411 iam
1973 356 2211 412 dicitur:
2249 375 2267 409 ι
2304 359 2622 428 Egredietur
2665 363 2814 432 virga
2839 361 2906 417 de
2929 361 3111 418 radice
3138 363 3322 432 Jesse,
3355 376 3414 423 et

151 452 446 519 percurrit.
470 451 639 506 Aliter
664 469 676 504 :
709 451 972 505 Arcturus
997 451 1051 504 in
1088 459 1293 519 septem
1320 449 1534 519 quidem
1561 447 1730 504 stellis

148 541 407 603 volvitur,
450 550 506 595 et
537 542 718 597 modo
756 542 974 610 quidem
1024 550 1136 596 tres
1184 541 1252 595 ad
1299 555 1509 596 summa
1532 539 1728 606 elevat,

148 641 388 700 quatuor
429 631 500 684 ad
530 632 672 696 ima;
700 641 754 685 et
791 640 1026 699 quatuor
1055 631 1303 698 superius
1330 630 1511 701 erigit,
1538 638 1591 685 et
1624 638 1732 685 tres

152 723 382 777 inferius
409 723 627 795 premit.
658 722 858 778 Sancta
890 738 1103 792 quoque
1138 722 1376 777 Ecclesia
1405 736 1527 776 cum
1573 721 1732 776 modo

155 810 466 866 inﬁdelibus
497 809 778 865 Trinitatis
811 811 1080 876 notitiam,
1107 811 1264 865 modo
1284 819 1464 864 autem
1489 809 1733 864 ﬁdelibus

154 900 383 954 virtutes
423 908 672 969 quatuor,
705 899 758 953 id
787 909 870 954 est
911 900 1248 968 prudentiam
1274 938 1288 962 ,
1341 897 1730 963 fortitudinem,

146 989 442 1058 justitiam,
475 989 1363 1060 temperantiam,prtcdicat,quasi
1393 998 1566 1043 rotata
1591 1003 1726 1057 prte-

155 1077 444 1133 dicationis
465 1086 642 1133 status
663 1079 746 1132 sui
779 1080 1012 1148 speciem
1037 1078 1433 1148 quodammodo
1463 1078 1730 1132 immutat.

151 1167 289 1221 Nam
323 1183 446 1222 cum
482 1169 863 1223 conﬁdentiam
906 1170 1104 1240 proprii
1153 1169 1351 1223 laboris
1390 1175 1639 1230 evacuat,
1677 1174 1734 1222 et

156 1257 316 1312 ﬁdem
345 1257 629 1314 Trinitatis
657 1260 877 1324 exaltat,
907 1270 1017 1314 tres
1048 1259 1312 1314 Arcturus
1335 1258 1520 1313 stellas
1560 1257 1732 1312 elevat

155 1359 211 1403 et
239 1359 477 1419 quatuor
508 1351 752 1406 inclinat.
789 1351 925 1406 Hinc
946 1351 1143 1406 Paulus
1165 1351 1240 1405 ait
1273 1365 1288 1405 :
1327 1369 1346 1402 ‹
1376 1351 1432 1406 Si
1458 1351 1730 1406 Abraham

155 1454 221 1494 ex
252 1441 507 1510 operibus
530 1442 860 1512 justiﬁcatus
887 1451 990 1507 est,
1023 1443 1184 1497 habet
1221 1441 1467 1512 gloriam,
1500 1441 1595 1496 sed
1626 1456 1731 1497 non

155 1531 293 1598 apud
327 1529 520 1585 Deum.
553 1532 690 1598 Quid
739 1533 883 1586 enim
938 1532 1219 1601 Scriptura
1274 1530 1441 1586 dicit?
1493 1530 1735 1586 Credidit

154 1619 429 1674 Abraham
466 1621 596 1686 Deo,
635 1629 692 1676 et
740 1629 1046 1690 reputatum
1077 1631 1163 1676 est
1221 1621 1296 1676 illi
1348 1621 1416 1674 ad
1459 1619 1732 1688 justitiam

1832 444 1932 501 llos
1959 446 2025 501 de
2053 446 2234 502 radice
2259 446 2376 516 ejus
2405 447 2680 514 ascendet,
2700 458 2757 504 et
2779 450 3079 519 requiescet
3103 467 3266 522 super
3285 470 3408 511 eum

1833 537 2054 606 spiritus
2085 537 2292 592 timoris
2321 539 2531 594 Domini
2561 539 2695 610 (Isa.
2719 556 2802 607 ιι,
2836 541 2909 610 1).
2943 543 3060 598 :De
3075 559 3184 614 quo
3207 547 3412 603 Zacha-

1833 629 1941 683 rias
1987 629 2062 682 ait
2098 645 2118 680 ι
2155 628 2329 698 Super
2377 628 2608 700 lapidem
2650 646 2814 685 unum
2860 642 3064 703 septem
3093 634 3234 690 oculi
3285 647 3412 692 sunt

1833 717 2185 791 (Zach.nt,9).
2205 722 2365 777 iDum
2379 721 2620 778 Pleiades
2633 721 2834 794 jungit,
2857 726 3071 782 Arcturi
3093 743 3283 801 gyrum
3302 730 3415 786 dis-

1832 812 1994 880 sipat,
2025 813 2149 880 quia
2176 813 2301 866 dum
2329 813 2677 883 semetipsum
2699 812 2900 868 factum
2915 817 3186 873 hominem
3210 819 3411 876 habere

1831 898 2146 968 conjunctas
2173 903 2343 957 sancti
2388 902 2622 972 Spiritus
2665 906 3007 973 operationes
3052 908 3321 978 innotuit,
3351 912 3406 967 in

1833 990 2180 1047 Testamento
2215 993 2424 1048 Veteris
2450 993 2643 1048 litterae
2670 993 2906 1050 laborem
2938 997 3117 1061 solvit,
3150 1009 3210 1054 ut
3236 1001 3412 1059 ﬁdelis

1831 1079 2061 1149 quisque
2096 1079 2208 1149 jam
2251 1097 2373 1136 cum
2401 1081 2652 1138 libertate
2675 1084 2896 1154 spiritus
2946 1087 3078 1142 illud
3110 1088 3409 1160 intelligat,

1833 1171 1918 1226 cui
1949 1172 2097 1241 prius
2123 1173 2176 1227 in
2201 1173 2490 1231 formidine
2519 1174 2660 1231 inter
2689 1183 2768 1232 tot
2792 1177 3106 1235 discrimina
3121 1182 3409 1237 serviebat.

1833 1259 2117 1330 Sequitur:

1906 1352 2069 1408 Vsus.
2101 1353 2190 1408 32.
2224 1354 2477 1427 Nunquid
2505 1357 2751 1427 producis
2781 1357 3082 1429 Luciferum
3110 1361 3165 1416 in
3187 1370 3414 1432 tempore

1833 1443 2114 1498 suo?—Pa
2123 1453 2204 1500 ter
2217 1446 2414 1516 quippe
2430 1447 2484 1501 in
2513 1462 2611 1502 suo
2627 1457 2866 1518 tempore
2878 1448 3186 1505 Luciferum
3208 1452 3412 1520 produ-

1836 1531 1934 1596 xit,
1955 1533 2079 1601 quia
2101 1534 2240 1588 sicut
2264 1536 2522 1605 scriptum
2547 1545 2662 1591 est:
2697 1556 2715 1588 ι
2743 1537 2878 1593 Cum
2903 1543 3113 1593 venerit
3135 1540 3412 1609 plenitudo

1838 1618 2098 1687 temporis
2125 1620 2273 1674 misit
2301 1620 2441 1676 Deus
2454 1621 2648 1677 Filium
2666 1639 2820 1678 suum
2852 1623 3051 1678 factum
3077 1640 3144 1680 ex
3164 1626 3408 1690 muliere,

157 1709 333 1778 (Rom.
364 1726 438 1776 IV,
483 1711 540 1776 2,
567 1711 645 1782 5).
687 1730 705 1764 ι
735 1711 800 1766 Et
831 1727 954 1767 cum
982 1712 1220 1768 desolata
1263 1711 1365 1767 ﬁde
1406 1726 1732 1782 praesumere
1765 1709 1807 1768 Β
1835 1706 2037 1762 factum
2069 1710 2168 1764 sub
2198 1709 2343 1780 lege,
2375 1719 2435 1765 ut
2462 1725 2556 1766 eos
2582 1712 2674 1782 qui
2705 1714 2803 1768 sub
2831 1713 2945 1785 lege
2983 1724 3138 1770 erant
3177 1716 3411 1771 redime-

155 1801 451 1869 prohibet,
496 1801 590 1856 sed
639 1804 853 1872 operari
905 1803 1117 1858 enixius
1165 1817 1284 1872 quae
1316 1811 1578 1872 prtecepta
1611 1811 1736 1858 sunt

153 1892 325 1959 jubet,
362 1907 471 1947 non
510 1904 766 1961 quatuor,
804 1895 901 1950 sed
933 1903 1042 1949 tres
1066 1894 1302 1964 deponit.
1333 1893 1469 1948 Hinc
1504 1893 1736 1949 Iacobus

156 1983 231 2035 ait
260 1999 274 2034 :
318 1999 336 2032 ι
372 1981 526 2038 Sicut
549 1998 746 2053 corpus
775 1985 893 2039 sine
936 1985 1127 2054 Spiritu
1157 1992 1463 2039 emortuum
1505 1993 1628 2048 est,
1661 1984 1735 2038 ita

153 2080 209 2127 et
263 2073 396 2128 ﬁdes
450 2073 568 2128 sine
618 2076 872 2143 operibus
921 2084 1130 2130 mortua
1176 2085 1258 2129 est
1305 2075 1446 2146 (Jac.
1475 2091 1538 2140 ιι,
1566 2075 1678 2146 26).
1712 2095 1731 2128 ι

155 2165 422 2218 Arcturus
451 2164 630 2234 itaque
660 2165 911 2230 volvitur,
940 2165 1064 2232 quia
1093 2175 1276 2220 sancta
1317 2163 1556 2219 Ecclesia
1581 2165 1736 2236 juxta

152 2255 463 2309 auditorum
512 2271 732 2310 suorum
780 2265 989 2312 mentes
1020 2258 1072 2311 in
1103 2257 1315 2313 diverso
1344 2256 1510 2312 latere
1544 2257 1737 2328 praedi-

154 2346 390 2401 cationis
444 2357 562 2401 arte
617 2357 880 2402 versatur.
931 2349 1037 2403 Sed
1088 2349 1229 2404 hunc
1279 2347 1497 2403 Arcturi
1544 2363 1732 2418 gyrum

153 2435 478 2506 quandoque
508 2437 766 2492 Dominus
799 2437 1044 2509 dissipat,
1083 2437 1208 2507 quia
1248 2436 1460 2493 labores
1481 2437 1736 2493 Ectlcsitr

153 2528 221 2580 ad
252 2529 490 2596 requiem
526 2539 817 2598 permutat.
845 2531 994 2585 Tune
1029 2540 1084 2586 et
1113 2531 1354 2586 Pleiades
1377 2531 1584 2600 plenius
1609 2531 1736 2601 jun-

151 2629 261 2687 get,
288 2621 412 2688 quia
440 2621 694 2676 nimirum
725 2623 896 2677 sancti
919 2638 1108 2679 omnes
1131 2624 1292 2678 etiam
1319 2623 1538 2678 visionis
1557 2623 1736 2692 Specie

150 2707 257 2760 sibi
288 2708 630 2778 copulantur,
659 2711 876 2780 quando
902 2712 953 2766 in
987 2711 1091 2768 ﬁne
1120 2713 1301 2768 mundi
1337 2723 1520 2769 sancta
1554 2714 1737 2768 Eccle-

150 2799 233 2852 sia
267 2800 336 2854 ab
369 2801 454 2854 his
493 2817 630 2870 quos
671 2819 811 2859 nunc
862 2806 1130 2870 sustinet,
1179 2805 1454 2860 laboribus
1485 2806 1732 2861 solvitur.

149 2889 338 2944 Potest
369 2891 531 2962 igitur
578 2909 675 2962 per
718 2894 1013 2951 Arcturum
1043 2935 1058 2962 ,
1105 2897 1230 2966 qttia
1259 2912 1290 2950 a
1321 2897 1472 2969 plaga
1518 2897 1735 2968 frigoris

151 2985 421 3049 nascitur,
463 2984 578 3050 lex;
635 3003 732 3058 per
781 2989 1026 3045 Pleiades
1071 3004 1240 3054 vero,
1289 3005 1407 3060 quae
1435 2991 1503 3046 ab
1530 2992 1738 3046 oriente

1839 1805 1920 1848 ret
1950 1791 2092 1864 (Gal.
2121 1812 2196 1862 tv,
2224 1797 2281 1862 4,
2311 1798 2390 1868 5).
2424 1816 2444 1851 ι
2479 1799 2579 1866 Qui
2610 1809 2772 1856 natus
2799 1816 2868 1856 ex
2906 1803 3114 1872 virgine
3142 1803 3288 1859 velut
3305 1803 3413 1860 Lu-

1836 1885 1970 1940 cifer
1999 1886 2051 1940 in
2082 1888 2318 1944 tenebris
2340 1899 2538 1946 nostra:
2565 1892 2737 1948 noctis
2759 1895 3028 1962 apparuit,
3058 1895 3204 1964 quia,
3229 1895 3410 1966 fugata

1837 1976 2166 2033 obscuritate
2192 1980 2416 2048 peccati,
2451 1989 2710 2036 :eternum
2736 1983 2890 2038 nobis
2918 1999 3075 2039 mane
3120 1985 3408 2040 nuntiavit.

1836 2065 2144 2124 Luciferum
2173 2085 2231 2126 se
2261 2071 2530 2138 innotuit,
2559 2073 2688 2143 quia
2731 2075 2964 2131 diluculo
2992 2092 3057 2131 ex
3085 2089 3260 2133 morte
3287 2093 3410 2134 sur-

1835 2160 2008 2224 rexit,
2041 2169 2096 2215 et
2123 2160 2328 2230 fulgore
2349 2163 2566 2219 luminis
2595 2165 2942 2223 mortalitatis
2967 2177 3166 2223 nostrae
3209 2177 3408 2225 terram

1837 2251 2118 2323 caliginem
2140 2255 2427 2324 expressit.
2462 2255 2598 2311 Hinc
2615 2256 2849 2314 Joannes
2869 2259 2946 2314 ait
2969 2276 2983 2313 :
3005 2279 3024 2312 ‹
3056 2260 3220 2316 Stella
3241 2262 3414 2332 splen-

1836 2344 1959 2399 dida
1984 2355 2036 2399 et
2062 2348 2321 2401 matutina
2355 2346 2538 2417 (Apoc.
2588 2363 2702 2411 xxt,
2758 2348 2869 2418 16).
2929 2367 2950 2402 ι
3004 2349 3263 2420 Sequitur
3295 2370 3308 2406 :
3338 2351 3408 2405 Et

1835 2450 2095 2505 vesperum
2119 2453 2274 2506 super
2292 2435 2431 2506 ﬁlios
2455 2447 2608 2492 terra:
2630 2454 2940 2508 consurgere
2989 2439 3121 2509 facis
3146 2440 3171 2494 Ρ
3217 2439 3410 2511 Vespe-

1837 2539 1956 2578 rum
1987 2540 2112 2579 vero
2143 2526 2400 2580 Dominus
2425 2543 2751 2598 consurgere
2776 2527 2928 2593 facit,
2957 2530 3082 2598 quia
3108 2530 3414 2586 inﬁdelibus

1835 2612 2140 2671 Iudaeorum
2171 2617 2426 2672 cordibus
2464 2619 2730 2674 dominari
2765 2619 3178 2686 Antichristum,
3225 2634 3416 2684 eorum

1837 2708 2029 2762 merito
2051 2709 2319 2780 exigente,
2358 2711 2641 2780 permittit.
2687 2711 2925 2766 Terrena
2968 2713 3164 2782 quippe
3213 2716 3269 2766 et
3305 2727 3411 2766 non

1835 2795 2075 2851 caelestia
2106 2799 2480 2868 requirentes,
2525 2809 2715 2870 sponte
2743 2799 2834 2854 ﬁlii
2864 2809 3023 2854 terra:
3065 2816 3186 2856 esse
3231 2801 3413 2856 volue-

1837 2895 1980 2951 runt,
2003 2896 2058 2941 et
2103 2888 2170 2942 ad
2213 2889 2614 2958 percipiendam
2657 2890 2866 2947 luciferi
2907 2893 3077 2947 nostri
3108 2894 3412 2949 claritatem

1837 2978 2022 3034 caecati
2047 2987 2195 3034 sunt.
2228 2979 2363 3036 llinc
2389 2980 2649 3037 Dominus
2680 2983 2756 3036 ait
2786 2999 2804 3033 ι
2836 2983 3080 3052 Egoveni
3113 2983 3167 3037 in
3197 2985 3416 3040 nomine

409 3037 421 3049 .
635 3037 722 3058 τ--
781 3037 1024 3045 μνη--
1084 3037 1240 3054 .-ην
1290 3037 1407 3046 --νν
1435 3037 1501 3046 --
1532 3037 1733 3046 νην-η-

151 3084 429 3144 surgunt,
465 3075 796 3134 Testamenti
837 3078 966 3134 Novi
1009 3080 1180 3151 gratia
1227 3037 1519 3150 designari.
1570 3080 1733 3148 Quasi

1839 3067 2016 3123 Patris
2041 3069 2168 3140 mei,
2197 3078 2252 3124 et
2279 3086 2384 3126 non
2415 3071 2696 3142 recepistis
2722 3087 2827 3137 me,
2855 3037 2993 3128 alius
3029 3073 3209 3127 veniet
3236 3074 3290 3127 in
3319 3089 3414 3129 no-

147 3166 296 3220 enim
337 3167 407 3220 ab
429 3167 696 3236 Aquilone
746 3170 833 3224 lex
881 3181 1122 3236 venerat,
1164 3187 1282 3240 quae
1310 3181 1456 3226 tanta
1492 3173 1737 3230 subditos

148 3259 444 3328 rigitlitatis
481 3263 771 3332 asperitate
806 3263 1061 3318 terrebat.
1115 3263 1249 3319 Nam
1278 3265 1402 3320 dum
1441 3279 1541 3335 pro
1564 3263 1736 3334 culpis

149 3349 267 3403 suis
309 3351 446 3406 alios
493 3353 808 3423 praeciperet
851 3353 1118 3424 lapidibus
1147 3354 1326 3419 obrui,
1380 3355 1516 3411 alios
1573 3354 1734 3425 gladii

151 3450 332 3497 morte
383 3443 675 3509 mulctari,
714 3445 869 3516 plaga
927 3454 1186 3517 torpens,
1241 3455 1296 3501 et
1352 3448 1500 3502 velut
1551 3463 1581 3502 a
1622 3447 1735 3502 sole

150 3533 441 3589 charitatis
514 3535 691 3591 aliena
766 3549 1156 3608 przeceplorum
1233 3552 1453 3592 suorum
1529 3539 1733 3594 semina

150 3623 274 3690 plus
342 3626 622 3692 premebat
681 3643 748 3680 ex
812 3628 1012 3697 frigore
1072 3645 1232 3698 quam
1282 3643 1348 3683 ex
1407 3629 1589 3684 calore
1631 3645 1733 3682 nu-

151 3712 372 3766 triebat.
423 3712 560 3768 Hinc
605 3714 797 3771 Petrus
851 3717 928 3770 ait
970 3733 985 3771 :
1042 3736 1059 3768 ι
1109 3715 1244 3782 Quid
1299 3718 1513 3772 lentatis
1567 3718 1732 3772 Deum

152 3801 434 3871 imponere
497 3804 684 3874 jugum
747 3821 910 3875 super
971 3807 1234 3862 cervicem
1315 3807 1731 3877 discipulorum,

150 3892 296 3960 quod
329 3907 504 3960 neque
534 3903 716 3963 patres
743 3896 932 3959 nostri,
965 3911 1138 3965 neque
1181 3911 1280 3952 nos
1307 3909 1535 3966 portare
1563 3897 1734 3966 potui-

151 3980 332 4034 mus?»
351 3981 493 4050 (Act.
515 3999 604 4047 xv,
624 3984 734 4053 l0.)
751 3985 854 4040 Per
866 3994 1068 4056 septem
1085 3987 1335 4040 nimirum
1352 3987 1533 4042 stellas
1547 3988 1735 4042 Testa—

150 4081 398 4124 mentum
449 4075 769 4141 exprimitur
819 4074 1017 4142 Vetus,
1065 4077 1221 4145 quasi
1281 4077 1332 4132 in
1389 4078 1735 4133 veneratione

149 4159 291 4231 legis
321 4162 436 4217 dies
463 4165 757 4232 septimus,
789 4175 844 4221 et
887 4182 983 4236 per
1031 4167 1419 4222 hebdomadam
1470 4167 1731 4238 integram

150 4251 437 4306 conglitttti
469 4255 719 4310 sacrilicii
752 4265 870 4311 vota
904 4243 1278 4312 tendebantur.
1310 4257 1554 4312 Pleiades
1584 4275 1730 4324 vero,

1837 3160 1981 3215 mine
2006 3175 2106 3216 suo
2130 3201 2146 3226 ,
2193 3171 2245 3216 et
2294 3161 2442 3217 illum
2489 3163 2770 3233 accipietis
2811 3163 2993 3234 (Joan.
3022 3179 3074 3230 v,
3104 3164 3216 3233 45).
3251 3183 3270 3217 ι
3303 3164 3416 3220 Μο-

1836 3269 2091 3309 ιιΑιιτειι.
2119 3253 2320 3310 Electis
2345 3254 2562 3310 Lucifer
2577 3256 2773 3322 oritur,
2793 3266 2847 3310 et
2868 3271 3149 3327 vesperum
3177 3256 3417 3327 reprobis

1836 3347 1947 3400 Deo
1969 3346 2314 3415 permittente
2337 3347 2664 3402 dominatur.
2692 3347 2842 3404 Unus
2872 3350 3016 3404 enim
3063 3357 3224 3420 atque
3271 3350 3413 3405 idem

1834 3450 2016 3491 sermo
2064 3436 2159 3491 Dei
2209 3445 2294 3491 est
2336 3437 2390 3490 in
2423 3452 2518 3492 ore
2543 3438 2907 3507 praedicantis.
2964 3438 3132 3504 Quem
3161 3439 3288 3493 dum
3323 3438 3413 3494 isti

1835 3524 2114 3594 gaudendo
2136 3563 2150 3589 ,
2181 3524 2255 3579 illi
2285 3540 2415 3579 vero
2464 3526 2752 3580 invidendo
2797 3527 3056 3592 audiunt,
3109 3513 3412 3582 claritatem

1835 3615 1936 3668 sibi
1953 3613 2186 3670 Luciferi
2211 3616 2263 3669 in
2283 3614 2501 3684 Vesperi
2526 3617 2774 3670 tenebras
2795 3625 3031 3670 vertunt.
3060 3616 3196 3671 llinc
3215 3616 3415 3675 Paulus

1835 3701 1910 3760 ait
1933 3723 1946 3759 :
1981 3724 1998 3757 ι
2021 3705 2218 3760 Christi
2245 3705 2420 3759 bonus
2442 3705 2577 3759 odor
2598 3719 2784 3760 sumus
2807 3707 2918 3760 Deo
2938 3707 2990 3760 in
3022 3707 3107 3761 his
3135 3706 3225 3775 qui
3250 3707 3411 3762 saluti

1836 3793 1993 3860 ﬁunt,
2025 3802 2080 3849 et
2107 3794 2160 3848 in
2187 3794 2271 3850 his
2293 3795 2384 3864 qui
2413 3803 2643 3864 pereunt
2668 3835 2683 3860 ,
2717 3794 2838 3849 aliis
2867 3796 3082 3866 quidem
3107 3799 3242 3850 odor
3264 3811 3413 3850 mor-

1837 3882 1904 3938 tis
1937 3883 1991 3937 in
2036 3892 2264 3940 mortem
2291 3924 2308 3949 ,
2337 3885 2456 3938 aliis
2485 3895 2665 3939 autem
2703 3885 2836 3940 odor
2873 3885 2997 3940 vita:
3028 3885 3080 3940 in
3106 3886 3272 3940 vitam
3303 3886 3411 3958 (11.

1835 3971 1955 4028 Cor.
1989 3989 2047 4040 ll,
2078 3973 2166 4038 l5,
2197 3973 2315 4041 l6).
2337 3992 2356 4025 ι
2394 3976 2666 4043 Sequitur.

1906 4067 2069 4122 Vens.
2097 4067 2186 4123 53.
2220 4067 2476 4138 Nunquid
2502 4071 2635 4122 nosti
2662 4069 2896 4123 ordinem
2918 4069 3051 4136 εωιε,
3081 4079 3129 4125 et
3146 4086 3304 4142 pones
3328 4088 3416 4126 ru-

1833 4159 2024 4211 tionem
2048 4158 2162 4227 ejus
2194 4159 2247 4211 in
2276 4168 2470 4212 terram
2494 4159 2520 4212 .9
2543 4189 2614 4199 —
2636 4158 2892 4215 Ordinem
2920 4161 3042 4216 ρωιί
3098 4177 3259 4218 nosse
3297 4172 3412 4226 est,

1835 4263 2189 4319 supernarum
2218 4249 2626 4318 dispositionum
2648 4251 2888 4306 occultas
2909 4254 3414 4322 prtedestinationes

147 4355 276 4410 qua;
327 4353 531 4412 ερριοηι
571 4355 728 4412 sum,
783 4347 1111 4403 Τρειειηιεηιί
1146 4347 1280 4402 Novi
1320 4348 1547 4419 gratiam
1589 4350 1732 4404 (tesi-
1761 4371 1812 4432 ο
1837 4339 2042 4394 videre.
2069 4339 2353 4394 [tationem
2376 4355 2504 4396 vero
2524 4339 2639 4408 ejus
2667 4340 2719 4394 in
2746 4350 2945 4396 terram
2967 4357 3167 4412 ponere
3191 4352 3416 4399 estante

145 4439 346 4501 gnant;
365 4446 462 4500 per
483 4433 612 4488 illud
636 4435 777 4488 enim
801 4435 984 4490 fideles
1004 4451 1132 4490 suos
1150 4433 1478 4505 septiformis
1493 4437 1731 4492 muneris

148 4519 348 4576 limine
376 4522 623 4578 illustrat.
642 4523 776 4590 Quia
803 4525 965 4596 igitur
985 4541 1043 4581 se
1065 4526 1326 4581 Arcturus
1355 4529 1536 4592 vertit,
1555 4527 1730 4584 Pleia-

146 4611 251 4666 des
300 4614 574 4676 ostendit,
628 4615 753 4683 quia
791 4631 888 4685 per
930 4631 1090 4672 omne
1136 4617 1280 4686 quod
1330 4617 1732 4674 Testamentum

149 4703 331 4757 Vetus
360 4703 616 4774 loquitur,
663 4705 991 4762 Testamenti
1018 4707 1150 4764 Novi
1181 4724 1344 4779 opera
1394 4712 1726 4767 nuntiantur.

148 4793 488 4862 Redemptor
514 4805 695 4849 autem
740 4805 922 4852 noster
946 4797 998 4851 iu
1029 4813 1192 4853 carne
1237 4801 1458 4855 veniens
1487 4801 1732 4856 Pleiades

139 4880 367 4950 junxit,
395 4885 882 4954 quiatoperationes
927 4888 1255 4957 septiformis
1302 4889 1534 4960 Spiritus
1577 4891 1734 4945 simul

146 4972 210 5026 in
236 4986 301 5026 se
324 4982 379 5026 et
395 4973 606 5042 junctas
634 4983 690 5030 et
718 4987 996 5033 manentes
1025 4979 1229 5034 habuit.
1264 4978 1339 5035 De
1366 4996 1472 5051 quo
1499 4996 1594 5052 per
1627 4981 1736 5036 lsa—

1840 4433 2076 4486 humana
2126 4430 2288 4486 corda
2341 4431 2528 4487 talium
2579 4445 2908 4488 secretorum
2939 4449 3133 4489 causas
3161 4434 3374 4502 aperire
3399 4475 3413 4496 ,

1841 4535 2200 4590 supernorum
2228 4521 2556 4591 judiciorum
2584 4524 2840 4594 mysteria
2860 4564 2874 4589 ,
2906 4525 2988 4579 vel
3017 4525 3417 4580 considerando

1839 4614 2111 4670 discutere
2135 4653 2150 4679 ,
2186 4613 2269 4668 vel
2294 4614 2561 4684 loquendo
2608 4614 2960 4669 manifestare
2987 4653 3003 4678 ,
3044 4615 3188 4684 quod
3235 4614 3419 4682 utique

1840 4703 2022 4760 facere
2051 4705 2106 4759 in
2135 4703 2237 4761 hac
2266 4705 2373 4760 vita
2402 4707 2582 4762 nullus
2608 4713 2804 4774 potest.
2831 4705 2964 4772 Quis
3014 4703 3276 4772 intelligat
3323 4719 3422 4758 cur

1837 4794 1973 4850 vivit
1987 4795 2122 4849 alius
2140 4795 2700 4868 insidiansproximis,
2717 4803 2774 4850 et
2791 4797 3020 4850 moritur
3041 4795 3181 4849 alius
3194 4793 3284 4861 qui
3299 4809 3427 4862 pro-

1840 4883 2056 4942 futurus
2076 4885 2199 4940 vita:
2226 4895 2371 4940 esset
2396 4884 2713 4943 multorum?
2740 4884 2821 4938 Ad
2846 4884 3248 4956 cognoscendas
3268 4883 3430 4954 quip-

1841 4993 1912 5047 pe
1940 4979 2072 5036 istos
2091 4977 2422 5050 judiciorum
2443 4984 2778 5035 secretorum
2802 4972 3142 5030 sinusnullus
3154 4972 3432 5026 ascendit.

163 5133 3440 5163 ΜΨ

1279 5271 1577 5353 LIBER
1638 5268 2284 5348 TBICESIMUS.
