3934 5400
522 438 624 495 ὁδὶ

1498 419 1561 475 S.
1596 416 1847 475 ODO'NlS
1884 408 2173 469 ABBATIS
2205 402 2702 465 CLUNIACENSIS
2737 401 2781 458 ll

3660 402 3740 460 ιω

525 545 1372 615 exbortationel‘ormat,eumque
1387 552 1648 609 aquarum
1668 528 2108 604 impetusopcrit,
2138 534 2185 591 Α
2216 528 2457 582 turbabis
2474 541 2545 615 ea
2570 522 2742 596 (Psal.
2776 538 2912 588 xvn,
2946 522 3056 589 i5).
3088 541 3107 573 ι
3156 518 3366 573 Vaduut
3386 518 3531 572 enim
3552 516 3742 588 fingat-1,

527 648 654 703 dum
675 643 814 699 bene
851 635 1064 710 agentia
1113 633 1357 689 membra
1386 631 1505 700 ejus
1544 627 1699 683 turba
1745 620 2112 678 resistentium

528 735 743 808 premit.
761 709 901 786 Hinc
913 729 1057 783 enim
1082 724 1345 793 scriptum
1365 728 1479 776 est:
1502 736 1520 769 ι
1547 717 1770 773 Factum
1796 709 2113 769 estverbunt

535 799 555 881 λ
601 822 811 880 Domini
828 821 894 875 ad
909 817 1201 874 Jeremiam
1216 814 1404 889 dicens
1420 832 1432 864 :
1450 810 1529 865 Ad
1554 821 1742 863 omnes
1753 806 2003 861 civitates
2021 799 2117 854 Ju-

538 936 558 969 ι
603 916 694 980 da,
727 914 795 969 de
819 909 1017 981 quibus
1041 906 1266 960 veniunt
1290 908 1349 956 ut
1372 902 1600 956 adorent
1623 900 1676 952 in
1699 898 1859 951 domo
1881 890 2114 955 Domini,

539 1022 560 1056 ι
602 1004 883 1060 universos
894 1008 1174 1053 sermones
1189 1006 1326 1063 quos
1338 1004 1438 1061 ego
1457 987 1706 1043 mandavi
1724 986 1843 1049 tibi,
1861 994 1920 1037 ut
1932 982 2115 1050 loqua-

541 1114 560 1150 ι
608 1095 686 1151 ris
701 1093 769 1149 ad
783 1105 899 1157 eos,
915 1087 1023 1143 noli
1050 1085 1373 1141 subtrahere
1386 1080 1611 1135 verbum
1628 1093 1641 1129 :
1660 1077 1705 1131 si
1721 1077 1859 1131 forte
1874 1074 2117 1138 audiant,

546 1204 568 1240 ι
613 1194 668 1241 et
681 1189 1073 1240 convertantur
1084 1174 1456 1244 unusquisque
1472 1186 1502 1224 a
1518 1170 1602 1224 via
1628 1183 1723 1224 sua
1740 1168 1907 1232 mala,
1936 1174 1989 1221 et
2010 1179 2123 1236 pm-

543 1296 565 1331 ι
611 1276 783 1332 niteat
822 1288 908 1328 me
929 1270 1056 1326 mali
1081 1267 1227 1339 quod
1246 1282 1346 1338 ego
1376 1264 1552 1334 cogito
1577 1261 1757 1317 facere
1779 1261 1860 1316 eis
1899 1270 2125 1331 propter

546 1386 567 1420 σ
612 1365 872 1422 malitiam
896 1360 1195 1418 studiorum
1220 1371 1431 1414 eorum.
1465 1356 1531 1411 Et
1558 1355 1708 1409 dices
1733 1352 1801 1406 ad
1823 1366 1920 1405 eos
1954 1367 1967 1403 :
1999 1349 2127 1404 Haec

545 1477 566 1511 ι
612 1458 743 1512 dicit
776 1453 1030 1509 Dominus
1063 1468 1077 1504 :
1108 1449 1163 1505 Si
1195 1463 1300 1502 non
1323 1445 1606 1501 audieritis
1621 1457 1726 1507 me,
1753 1451 1813 1496 ut
1836 1438 2126 1495 ambuletis

547 1567 567 1601 ε
617 1546 672 1601 in
700 1545 816 1616 lege
827 1557 968 1607 mea,
984 1555 1145 1611 quam
1158 1537 1278 1592 dedi
1306 1537 1479 1602 vobis,
1503 1544 1563 1590 ut
1591 1532 1824 1589 audiatis
1846 1544 2129 1586 sermones

550 1653 570 1687 α
616 1647 897 1691 servorum
928 1642 1170 1685 meorum
1217 1626 1627 1696 prophetarum,
1684 1635 1825 1691 quos
1851 1633 1953 1691 ego
2008 1620 2130 1675 misi

550 1746 572 1780 ι
617 1726 686 1782 ad
712 1739 809 1780 vos
844 1722 912 1777 de
958 1729 1114 1775 nocte
1154 1730 1513 1786 consurgan
1538 1723 1598 1770 et
1635 1713 1893 1784 dirigens,
1924 1718 1979 1766 et
2023 1724 2131 1766 non

552 1836 574 1870 ι
616 1815 865 1887 audistis.
901 1811 1050 1867 Dabo
1089 1810 1306 1864 domum
1334 1807 1495 1862 istam
1520 1806 1662 1860 sicut
1694 1802 1828 1868 Silo,
1859 1810 1914 1856 et
1942 1801 2132 1856 urbem

2210 631 2332 673 cum
2388 614 2773 685 pnedicatores
2822 610 3101 667 miraculis
3137 616 3445 671 coruscant,
3476 617 3530 662 et
3555 622 3745 678 snperna

2212 705 2541 762 revertentia
2564 704 2726 759 corda
2750 700 3091 772 transfigant.
3123 701 3502 762 Revertantur,
3534 711 3643 751 cuin
3665 714 3748 755 non

2214 796 2338 860 sibi,
2370 796 2463 849 sed
2494 792 2588 848 Dei
2637 792 2844 847 viribus
2895 790 3140 845 tribuunt
3179 786 3441 858 quidquid
3495 799 3553 840 se
3579 786 3749 842 fortiter

2215 885 2392 955 egisse
2417 890 2771 953 cognoscunt.
2796 879 2939 946 Quid
2964 888 3050 933 est
3074 879 3218 932 en'un
3248 876 3355 932 Deo
3384 875 3583 938 dicere,
3618 875 3752 931 Adsu-

2216 991 2356 1039 mus,
2389 975 2490 1030 nisi
2533 974 2606 1028 illi
2652 972 2863 1027 laudem
2917 969 3154 1025 tribuere
3191 969 3399 1039 gratiae,
3428 981 3459 1019 a
3484 980 3661 1036 quose
3688 983 3755 1023 ao

2218 1066 2429 1135 cepisse
2476 1063 2718 1120 sentiunt
2758 1061 3041 1116 victoriam
3091 1058 3321 1129 pugnae?
3371 1056 3573 1126 Fulgur
3601 1057 3757 1128 quippe

2225 1160 2343 1214 ibat
2371 1173 2492 1214 cum
2521 1155 2718 1212 Petrus
2744 1155 2951 1211 diceret
2976 1168 2990 1208 :
3026 1172 3045 1204 ι
3072 1152 3370 1222 Argentum
3398 1159 3455 1206 et
3475 1165 3659 1204 auram
3677 1166 3756 1206 non

2223 1258 2309 1305 est
2358 1248 2511 1313 mihi,
2553 1247 2698 1317 quod
2728 1252 2908 1301 autem
2939 1243 3115 1299 habeo
3160 1243 3263 1298 hoc
3292 1241 3386 1295 tibi
3417 1241 3572 1297 dabo.
3609 1240 3659 1295 ln
3684 1256 3758 1298 no-

2226 1338 2371 1394 mine
2396 1339 2523 1395 Jesu
2551 1336 2756 1393 Christi
2812 1348 2974 1407 surge
3013 1343 3069 1390 et
3113 1333 3328 1389 ambula
3370 1333 3515 1391 (Act.
3544 1347 3621 1397 nt,
3644 1332 3705 1403 6).
3740 1352 3756 1384 ι

2229 1428 2437 1500 Fulgur
2463 1434 2643 1482 autem
2670 1425 2812 1481 redit
2840 1440 2964 1481 cum
2990 1423 3066 1478 ait
3097 1441 3110 1478 :
3154 1439 3173 1473 α
3204 1423 3344 1489 Quid
3384 1422 3702 1477 admiramini
3723 1421 3761 1478 in

2234 1522 2358 1585 hoc,
2410 1528 2503 1575 aut
2540 1534 2640 1573 nos
2685 1518 2813 1588 quid
2852 1515 3159 1580 intuemini,
3186 1515 3342 1585 quasi
3396 1523 3580 1568 nostra
3612 1513 3765 1567 virtute

2232 1621 2288 1669 et
2336 1611 2538 1682 pietate
2575 1607 2864 1665 fecerimus
2920 1607 3066 1661 hunc
3107 1604 3429 1661 ambulare?
3464 1624 3484 1656 ο
3518 1613 3571 1658 et
3605 1603 3764 1672 reliqua

2234 1705 2371 1775 (Act.
2404 1716 2488 1768 ιιι,
2518 1699 2629 1772 l2).
2683 1698 2895 1753 Aliter:
2932 1696 3187 1768 Fulgura,
3229 1696 3284 1751 id
3340 1704 3448 1760 est,
3500 1694 3657 1749 sancti
3690 1694 3765 1748 viri

2234 1795 2523 1850 mittuntur
2545 1799 2601 1845 et
2626 1797 2776 1854 eunt,
2800 1802 2926 1843 cum
2953 1802 2985 1842 a
3010 1796 3222 1842 secreto
3249 1784 3703 1855 contemplationis
3719 1783 3764 1836 ad

551 1926 571 1960 ε
616 1876 760 1963 hanc
780 1904 920 1959 dabo
943 1903 996 1957 in
1020 1897 1455 1955 maledictionem
1497 1894 1712 1949 cunctis
1737 1893 1987 1962 gentibus
2020 1899 2131 1945 ter-
2162 1880 2205 1940 Β
2234 1883 2508 1955 publicum
2566 1879 2900 1952 operationis
2954 1886 3176 1943 exeunt,
3226 1893 3351 1933 cum
3399 1877 3471 1931 ab
3506 1875 3766 1931 abscondito

551 2015 573 2050 ι
619 2011 717 2052 ra.
739 1995 807 2049 Et
834 1991 1122 2047 audierunt
1147 1986 1458 2043 sacerdotes
1481 1992 1537 2040 et
1554 1984 1851 2055 praphetm,
1881 1990 1935 2036 et
1955 1980 2132 2035 omnis

553 2102 575 2137 ι
618 2083 850 2156 populus
875 2079 1167 2136 Jeremiam
1201 2076 1512 2146 loquentem
1545 2074 1713 2128 verba
1741 2074 1856 2128 haec
1888 2072 1943 2126 in
1973 2070 2133 2125 domo

553 2192 576 2228 ι
622 2174 856 2232 Domini.
919 2170 1162 2238 Cumque
1208 2166 1533 2237 complesset
1585 2164 1850 2221 Jeremias
1909 2162 2136 2231 loquens

557 2282 579 2318 ι
623 2264 806 2321 omnia
847 2275 968 2330 quae
996 2264 1328 2329 pmceperat
1354 2256 1403 2312 ei
1436 2254 1697 2310 Dominus
1737 2261 1796 2306 ut
1827 2251 2138 2320 loqueretur

556 2374 578 2409 ι
625 2355 695 2410 ad
748 2353 1061 2407 universum
1105 2347 1359 2420 populum
1385 2386 1402 2411 ,
1472 2342 1944 2416 apprehenderunt
2013 2358 2137 2398 eum

557 2465 578 2498 ι
622 2443 928 2500 sacerdotes
955 2450 1011 2494 et
1046 2440 1322 2510 propheta:
1348 2446 1404 2491 et
1432 2436 1611 2490 omnis
1645 2433 1875 2505 p0pulus
1907 2433 2136 2487 dicens:

559 2555 578 2588 ι
622 2534 793 2589 Morte
819 2523 1123 2587 'moriatur.
1180 2529 1363 2595 Quare
1413 2526 1762 2596 prophetarit
1815 2524 1870 2577 in
1922 2522 2141 2581 nomine

559 2643 580 2678 ι
625 2623 884 2680 Domini?
914 2640 933 2673 ι
976 2619 1111 2692 (Jer.
1144 2633 1293 2683 nrt,
1314 2617 1373 2683 ε,
1407 2616 1485 2686 9.)
1515 2615 1620 2669 Per
1643 2613 1989 2683 semetipsum
2011 2626 2143 2681 quo-

553 2728 663 2786 que
705 2712 966 2768 Dominus
1041 2711 1096 2763 in
1167 2704 1412 2777 nebulam
1469 2717 1599 2760 voce
1661 2702 1875 2764 levavit,
1927 2700 2144 2769 quando

553 2811 877 2877 praesentem
919 2815 978 2856 se
1024 2798 1191 2854 etiam
1236 2803 1514 2863 assumpto
1568 2805 1799 2862 corpore
1853 2788 2142 2854 exhibens,

554 2894 844 2949 veritatem
864 2904 1017 2945 suam
1046 2903 1154 2942 non
1181 2885 1452 2942 secuturis
1481 2882 1789 2939 infidelibus
1812 2880 2028 2951 quando
2051 2894 2148 2951 per

556 2981 844 3051 caliginem
889 2978 1073 3033 sonuit
1100 2976 1289 3031 dicens
1318 2993 1332 3029 :
1370 2993 1389 3026 ι
1443 2974 1555 3045 Ego
1585 2982 1640 3028 et
1664 2981 1822 3043 pater
1855 2987 2023 3027 unum
2058 2984 2149 3025 su-

560 3086 683 3127 mus
721 3068 905 3141 (Joan.
939 3083 997 3134 ι,
1046 3065 1172 3137 '50);
1226 3085 1247 3119 ι
1281 3075 1336 3121 et
1386 3083 1402 3120 :
1449 3083 1471 3116 ι
1522 3064 1824 3132 Antequam
1872 3062 2150 3116 Abraham

558 3161 720 3217 fieret
743 3174 843 3231 ego
872 3174 995 3214 sum
1028 3157 1213 3229 (Joan.
1243 3171 1361 3222 vm,
1385 3156 1497 3226 58).
1536 3174 1557 3209 ι
1606 3155 1713 3210 Sed
1739 3169 1863 3210 eum
1904 3154 2151 3224 protinus

562 3226 825 3322 aquarum
866 3226 1091 3319 impetus
1142 3247 1375 3318 operuit,
1416 3248 1541 3317 quia
1579 3254 1769 3301 contra
1826 3244 1977 3300 illum
2023 3259 2147 3300 mox
2174 3226 2223 3290 (Ξ

558 3342 793 3398 amicus
819 3338 1139 3411 populorum
1165 3339 1323 3394 turba
1351 3337 1609 3394 surrexit.
1645 3337 1919 3407 Scriptum
1949 3338 2148 3408 quippe

563 3441 652 3490 est
680 3447 696 3488 :
727 3449 746 3483 ι
782 3431 1076 3502 Propterea
1109 3444 1242 3501 ergo
1283 3429 1600 3501 qurerebant
1641 3444 1766 3484 eum
1797 3427 1968 3483 Judaei
1999 3430 2150 3484 occi-

567 3527 716 3590 dere,
772 3523 905 3595 quia
950 3538 1059 3578 non
1098 3523 1273 3577 solum
1318 3521 1563 3577 solvebat
1612 3521 1935 3585 Sabbatum,
1978 3522 2072 3576 sed
2099 3530 2155 3575 et

566 3611 790 3669 Patrem
806 3626 964 3667 suum
986 3610 1201 3667 dicebat
1222 3610 1411 3677 Deum,
1440 3609 1702 3680 aequalem
1724 3623 1786 3664 se
1816 3608 2023 3664 faciens
2048 3610 2155 3664 Deo

568 3700 752 3773 (Joan.
784 3716 836 3765 ν,
865 3700 976 3770 18).
1012 3719 1033 3754 ι
1067 3700 1146 3756 De
1198 3701 1301 3756 hoc
1347 3714 1612 3769 aquarum
1648 3699 1851 3768 impetu
1891 3713 1987 3769 per
2021 3698 2157 3753 Pro-

565 3793 791 3863 pltetam
829 3791 1030 3848 clamat
1082 3807 1098 3844 :
1151 3808 1170 3842 ι
1205 3789 1694 3846 Circumdederunt
1737 3804 1826 3845 me
1853 3789 1995 3845 sicut
2015 3804 2155 3859 aqua

569 3893 688 3942 tota
713 3883 802 3939 die
827 3880 1259 3955 (l’sal.txxxvtt,
1292 3881 1411 3951 18);
1446 3900 1466 3934 ι
1504 3890 1562 3936 et
1593 3898 1607 3935 :
1639 3899 1658 3932 ι
1693 3878 1911 3935 Salvum
1939 3895 2024 3935 me
2051 3881 2156 3944 fac,

568 3975 737 4042 Deus,
782 3975 1040 4045 quoniam
1079 3974 1425 4029 intraverunt
1453 3989 1607 4043 aqum
1635 3988 1807 4043 usque
1827 3974 1897 4026 ad
1923 3973 2159 4025 animam

572 4080 754 4122 meam
801 4065 974 4137 (Prol.
1030 4080 1221 4131 vattt,
1261 4065 1341 4136 2).
1389 4084 1408 4117 ι
1456 4065 1799 4119 Monau'rsn.
1843 4063 2162 4133 Quanquam

575 4157 764 4212 ﬁdeles
790 4173 975 4212 sumus
1005 4159 1128 4211 dum
1153 4157 1472 4227 quibusdam
1492 4156 1842 4227 supervacuis
1863 4157 2013 4211 curis
2038 4170 2161 4226 pre-

579 4247 803 4311 mimur,
822 4246 1062 4302 obducta
1089 4244 1407 4301 confusione
1426 4245 1740 4317 caligantus.
1774 4246 1981 4301 Etcum
2008 4246 2165 4303 nobis

578 4335 746 4391 etiam
772 4334 971 4391 talibus
993 4336 1128 4389 mira
1151 4336 1394 4404 quaedam
1427 4336 1686 4391 Dominus
1712 4339 1778 4391 de
1799 4350 1858 4391 se
1881 4330 2162 4392 sentienda

578 4424 1016 4494 insinuat,.quasi
1046 4425 1102 4477 in
1126 4424 1363 4479 nebulam
1385 4423 1730 4493 voccmlevat,
1757 4426 1882 4480 dum
1909 4426 2166 4496 caligino-

581 4518 662 4574 sis
707 4517 910 4573 nostris
938 4516 1208 4573 mentibus
1250 4517 1599 4587 semetipsum
1652 4517 1907 4587 loquitur,
1940 4517 2084 4573 velut
2110 4519 2163 4573 in

584 4605 782 4661 nebula
812 4606 859 4661 is
885 4605 979 4675 qui
1005 4600 1112 4659 non
1138 4604 1400 4672 cernitur,
1445 4606 1679 4661 auditur.
1720 4607 1855 4661 Cum
1883 4607 2028 4662 enim
2058 4623 2165 4663 cae-

583 4697 671 4752 eis
696 4696 898 4753 nostris
943 4695 1211 4752 mentibus
1258 4696 1475 4752 subtilia
1502 4698 1569 4754 de
1597 4697 1777 4768 seipso
1807 4699 2078 4763 insinuat,
2103 4700 2163 4754 in

570 4784 833 4843 «nebulam
872 4802 1047 4841 uocem
1070 4784 1223 4842 leuat.
1254 4786 1387 4843 Cum
1431 4802 1560 4844 vero
1590 4788 1887 4845 tentatione
1913 4790 2166 4845 vitiorum

589 4877 708 4948 ipse
750 4877 817 4933 de
857 4878 968 4933 Deo
1018 4885 1204 4933 noster
1253 4877 1560 4936 intellectus
1611 4880 1954 4948 opprimitur,
2014 4880 2169 4950 quasi

588 4983 852 5034 aquarum
876 4967 1068 5034 immiti
1095 4967 1147 5022 in
1172 4982 1304 5016 vom
1320 4983 1419 5022 sua
1440 4970 1582 5023 Deus
1607 4969 1868 5034 operitur.
1901 4968 2000 5023 Tot.
2026 4969 2169 5023 enim

2232 1973 2620 2046 speculationis
2650 1972 2876 2037 intimae,
2909 1971 2962 2025 in
3008 1970 3199 2025 activa:
3242 1970 3371 2023 vitae
3407 1966 3672 2022 latitudine
3690 1965 3765 2019 dil-

2233 2066 2562 2129 fundu-ntur;
2601 2062 2695 2117 sed
2729 2069 3095 2124 revertuntur,
3131 2059 3255 2129 quia
3287 2067 3415 2128 post
3464 2070 3621 2127 opera
3658 2063 3767 2109 exte-

2232 2157 2379 2212 riora
2427 2170 2548 2225 qua:
2574 2161 2861 2224 peragunt,
2893 2165 3108 2222 semper
3142 2151 3209 2205 ad
3257 2151 3443 2205 sinum
3498 2146 3770 2216 contempla-

2235 2250 2398 2304 tionis
2432 2253 2743 2309 recurrunt,
2793 2252 2853 2298 ut
2882 2243 2992 2298 illic
3025 2242 3237 2296 ardoris
3263 2240 3344 2295 sui
3376 2237 3642 2293 ﬂammam
3678 2237 3768 2291 rell-

2236 2341 2406 2404 ciant,
2432 2348 2487 2394 et
2509 2338 2663 2407 quasi
2688 2352 2754 2391 ex
2781 2344 2929 2390 tactu
2952 2348 3200 2403 superna:
3227 2330 3500 2386 claritatis
3529 2330 3768 2400 ignescant

2243 2429 2397 2483 Unde
2433 2428 2688 2483 Salomon
2716 2426 2790 2478 ait
2827 2440 2840 2478 :
2881 2442 2900 2475 π
2931 2424 3013 2477 Ad
3044 2423 3220 2478 locum
3252 2421 3397 2476 unde
3421 2430 3615 2475 exeunt
3639 2417 3771 2471 ﬁumi-

2243 2536 2334 2586 na,
2361 2527 2722 2581 revertuntur,
2748 2526 2805 2571 ut
2838 2516 3033 2570 iterum
3059 2512 3226 2567 ﬂuant
3250 2510 3456 2583 (Eccle.
3487 2527 3530 2577 ι,
3554 2511 3624 2579 7),
3648 2527 3665 2560 ι
3685 2507 3771 2578 quia

2242 2611 2389 2667 enim
2418 2610 2581 2665 corda
2627 2607 2963 2662 audientium
3011 2605 3212 2676 rigant,
3246 2602 3503 2666 ﬂumina,
3538 2603 3652 2671 quia
3681 2612 3774 2653 vero

2245 2702 2531 2765 accedunt,
2582 2699 2792 2770 fulgura
2825 2705 3219 2752 memorantur.
3249 2695 3388 2749 Hinc
3413 2693 3556 2748 enim
3583 2691 3770 2746 dicitur:

2251 2811 2270 2844 ι
2332 2791 2627 2855 llluxeruut
2662 2788 2875 2859 fulgura
2917 2786 3036 2856 ejus
3081 2785 3203 2841 orbi
3253 2794 3419 2840 terra:
3469 2782 3631 2851 (Prol.
3671 2797 3770 2842 acu,

2167 2953 2191 2963 _
2247 2881 2326 2955 4).
2366 2901 2385 2934 ι
2417 2880 2604 2935 Illinc:
2637 2898 2655 2929 ι
2692 2878 3054 2933 Elevaverunt
3096 2875 3337 2939 ﬂumina,
3370 2873 3615 2934 Domine,
3642 2869 3772 2925 eleva-

2248 2980 2443 3028 veruut
2466 2985 2628 3027 voces
2657 2984 2786 3025 suas
2811 2965 2987 3039 (Psal.
3016 2981 3284 3030 uxxvm,
3322 2965 3442 3035 36).
3478 2983 3498 3017 ι
3548 2962 3772 3021 Adsunt",

2252 3078 2485 3132 namque
2512 3062 2695 3118 dicere
2721 3068 2805 3115 est
2827 3067 3123 3129 prmsentes
3145 3071 3206 3112 se
3241 3056 3482 3110 amando
3512 3061 3771 3109 monstrare.

2252 3153 2512 3223 Sequitur
2541 3170 2554 3205 :
2900 3158 2909 3163 “

2326 3243 2480 3298 Vens.
2521 3241 2613 3298 56.
2663 3240 2795 3308 Quis
2830 3240 3005 3312 posuit
3047 3240 3102 3294 in
3149 3239 3434 3294 visceribus
3483 3234 3686 3290 hminis
3717 3247 3774 3285 ω-

2249 3334 2499 3406 pientiam
2520 3373 2534 3398 ,
2570 3333 2649 3388 uel
2691 3333 2807 3404 quis
2852 3331 2996 3386 dedit
3028 3329 3166 3402 gallo
3200 3328 3640 3400 intelligentiam?
3665 3320 3774 3375 -ln

2252 3424 2377 3497 galli
2425 3423 2645 3479 nomine
2675 3421 3060 3493 praedicatores
3112 3420 3285 3475 sancti
3339 3420 3692 3487 designantur,
3713 3409 3775 3479 qui

2253 3516 2399 3571 inter
2425 3516 2682 3571 tenebras
2712 3512 2834 3568 vita
2859 3511 3145 3582 praesentis
3177 3511 3399 3567 student
3447 3509 3613 3562 lucem
3638 3510 3776 3558 rentu-

2255 3622 2370 3662 ram
2405 3603 2768 3677 praedicando,
2821 3602 2976 3672 quasi
3017 3602 3288 3656 cantando
3329 3599 3599 3653 nuntiare.
3637 3592 3777 3646 Dicunt

2253 3701 2399 3755 enim
2428 3715 2443 3752 :
2479 3716 2498 3749 ι
2548 3696 2662 3752 Nox
2710 3694 3007 3765 praecessit,
3035 3693 3150 3748 dies
3174 3701 3357 3746 autem
3393 3680 3777 3760 appropinquavit

2260 3790 2438 3862 (Rom.
2465 3804 2589 3854 xm,
2622 3788 2747 3856 ii);
2784 3804 2803 3838 ο
2840 3794 2898 3841 et
2927 3803 2940 3838 :
2977 3802 2995 3836 t
3030 3784 3175 3840 Hora
3195 3791 3278 3837 est
3298 3780 3410 3849 jam
3441 3795 3539 3834 nos
3563 3779 3778 3832 desomm

2257 3897 2480 3954 surgere
2512 3879 2699 3950 (Ibid.,
2743 3878 2854 3947 l2).
2914 3895 2934 3929 ι
2980 3877 3058 3931 De
3091 3876 3194 3932 hoc
3223 3873 3366 3944 gallo
3413 3871 3551 3925 alias
3589 3866 3775 3954 dicitur;

2266 3994 2285 4026 ι
2331 3973 2457 4027 'l‘ria
2480 3979 2625 4034 sunt,
2652 3984 2772 4038 quas
2794 3970 2932 4024 bene
2956 3967 3297 4037 gradiuntur,
3330 3972 3385 4019 et
3406 3971 3650 4035 quartum
3677 3953 3778 4027 quod

2264 4065 2465 4120 incedit
2492 4060 2725 4115 feliciter
2774 4076 2788 4113 :
2837 4058 2921 4113 leo
2948 4057 3278 4113 fortissimus
3303 4056 3596 4112 bestiarum
3620 4048 3675 4104 ad
3703 4042 3779 4099 nul

2262 4153 2366 4209 lius
2396 4151 2615 4223 pavebit
2662 4163 2972 4214 occursum,
3008 4146 3182 4218 gallus
3212 4146 3507 4201 succinctis
3543 4139 3722 4200 lumbis,
3744 4140 3779 4187 cl

2263 4243 2428 4307 aries,
2476 4256 2578 4296 nec
2610 4250 2697 4294 est
2741 4253 2834 4294 rex
2886 4239 2979 4309 qui
3024 4239 3245 4293 resistat
3276 4239 3325 4292 ei
3358 4234 3540 4308 (Prov.
3586 4224 3776 4293 “1,29.

2265 4333 2354 4399 '50;
2377 4334 2488 4404 51).
2511 4352 2531 4384 ›
2559 4332 2657 4387 Ubi
2686 4330 2791 4395 leo,
2823 4329 3072 4385 Christus
3101 4320 3777 4399 accipitur,galluspr.cdica-

2266 4433 2432 4487 tores,
2465 4432 2520 4478 et
2566 4422 2710 4476 aries
2731 4420 3088 4476 ecclesiarum
3134 4418 3413 4490 pra-positi
3463 4416 3778 4486 designantur;

2197 4563 2247 4623 ὓ
2268 4523 2522 4585 quartum
2550 4511 2780 4568 feliciter
2799 4509 3076 4575 incedens,
3103 4509 3470 4564 Antichristus
3491 4514 3570 4561 est
3581 4508 3778 4573 prosperi

2284 4620 2369 4623 μη.
2391 4614 2459 4623 -.ᾼ
2522 4613 2708 4623 .-___._
2768 4600 3065 4623 m-s.-_.a__...
3112 4601 3249 4623 .._--.s
3287 4599 3543 4623 -....:_-..:-.
3591 4592 3778 4623 Αζηῖυίιοκ

2273 4614 2468 4663 cuncta
2522 4613 2732 4659 tenens.
2763 4600 3069 4656 Notandum
3108 4601 3250 4670 quod
3286 4599 3545 4656 sanieutia
3589 4592 3779 4650 divinitus

2273 4694 2534 4769 inspirata
2565 4692 2619 4746 in
2649 4690 2946 4746 visceribus
2988 4690 3224 4745 hominis
3257 4700 3496 4760 ponitur,
3525 4686 3636 4758 quia
3668 4676 3779 4736 nimi.

2274 4766 2394 4853 rum
2420 4786 2608 4842 electis
2652 4800 2758 4838 non
2791 4784 2845 4838 in
2885 4782 3013 4839 solis
3033 4783 3281 4850 vocibus,
3307 4782 3401 4838 sed
3416 4782 3573 4837 etiam
3594 4779 3639 4832 in
3662 4766 3774 4829 sensi-

2275 4875 2377 4932 bus
2404 4876 2580 4939 datur,
2611 4881 2667 4929 et
2692 4872 2849 4941 juxta
2897 4872 3042 4940 quod
3088 4871 3329 4941 loquitur
3361 4871 3556 4940 lingua,
3599 4861 3776 4933 loquitor

2276 4964 2625 5022 conscientia.
2671 4962 2825 5019 Gallo
2870 4963 3050 5031 itaque
3097 4960 3448 5031 intelligentia
3491 4959 3649 5019 datur,
3689 4946 3772 5019 quia
