3934 5400
146 244 241 301 ιεδ

804 245 1106 304 ΕΡΙΤΟΜΕ
1146 249 1510 309 MORALIUM
1553 253 1611 309 S.
1650 253 1861 311 GREG.
1907 257 1970 312 IN
2011 258 2150 317 JOB.
2190 292 2259 301 --
2296 261 2424 319 LIB.
2464 266 2630 323 XXX.

3285 282 3390 339 ιδι

142 357 398 413 mentibus
420 372 528 413 non
561 366 669 413 tam
695 373 756 413 ea
785 374 906 429 quae
930 370 1056 415 sunt
1082 376 1259 431 ρωιω
1288 360 1575 430 terribilia,
1609 369 1703 421 sed
1736 373 1781 429 Α
1810 379 1865 424 et
1907 386 2003 440 per
2060 378 2236 431 sancti
2280 378 2516 449 Spiritus
2554 383 2794 453 gratiam
2847 387 3010 447 infusi
3036 431 3051 455 ,
3111 395 3165 451 in
3219 396 3388 456 colle-

140 463 195 502 ea
221 447 378 501 etiam
407 461 531 516 quae
553 456 675 502 sunt
696 450 932 517 prmmiis
958 453 1173 507 mitiora
1196 456 1512 524 praedicant.
1556 457 1705 512 More

138 539 284 593 etiam
311 536 434 606 galli
482 539 659 592 sancti
690 553 750 593 se
792 541 1172 610 praedicatores
1200 546 1353 613 prius
1400 549 1702 614 excutiunt,

138 637 186 682 et
223 628 294 682 sic
328 626 463 681 alios
506 627 768 684 sollicitos
816 630 1048 686 reddunt
1077 653 1089 687 :
1121 634 1274 705 prius
1305 637 1448 690 enim
1479 652 1577 693 sua
1608 654 1702 709 pu-

137 718 241 773 nire
268 716 481 774 ﬂetibus
526 720 766 785 student,
793 731 847 776 et
886 733 1013 778 tunc
1039 740 1160 795 qua:
1184 726 1417 782 aliorum
1453 738 1579 784 sunt
1606 746 1703 800 pu-

135 808 311 862 nienda
340 807 687 864 denuntiant.
723 809 982 881 Sequitur
1013 831 1026 866 :

195 941 348 996 Vsus.
377 940 467 996 57.
494 940 627 1007 Quis
647 944 910 998 enarravit
934 945 1178 999 calorum
1206 947 1483 1015 rationem,
1506 959 1553 1003 et
1574 967 1700 1004 con-

133 1042 314 1087 centum
335 1032 450 1086 τιειὶ
478 1032 597 1102 quis
622 1032 852 1088 dormire
878 1034 1015 1103 [acet
1033 1035 1059 1089 .9
1091 1066 1160 1074 —
1185 1036 1325 1105 Quid
1351 1039 1494 1093 enim
1526 1040 1696 1095 caelo-

131 1138 235 1176 rum
284 1121 420 1176 ratio
463 1123 752 1193 accipitur,
784 1124 889 1178 nisi
938 1125 1017 1180 vis
1046 1139 1280 1196 superna
1323 1132 1699 1186 secretorum?

131 1212 220 1267 Per
255 1212 372 1267 coeli
423 1227 557 1269 vero
609 1222 958 1281 concentum,
1007 1230 1237 1272 concors
1280 1220 1695 1287 praedicandum

130 1317 290 1357 sermo
345 1302 615 1373 signatur.
667 1303 931 1359 Conditor
979 1305 1143 1376 igitur
1190 1317 1377 1364 noster
1420 1325 1542 1365 cum
1573 1311 1695 1367 cceli

128 1393 369 1448 rationein
398 1408 662 1450 enarrare
684 1396 933 1466 coeperit,
964 1396 1208 1452 Dormire
1231 1410 1537 1456 concentum
1581 1404 1695 1458 caeli

127 1487 260 1555 facit,
297 1488 421 1557 quia
453 1502 603 1554 cum,
644 1489 756 1560 jam
796 1490 952 1547 nobis
980 1505 1077 1561 per
1105 1492 1340 1561 speciem
1366 1496 1691 1563 ostenditur,

126 1578 355 1632 nmirum
408 1579 829 1648 praedicandum
879 1581 1043 1638 verba
1089 1583 1505 1641 subtrahuntur.
1558 1586 1695 1643 Hinc

126 1662 362 1724 leremias
387 1670 463 1724 ait
494 1686 507 1722 :
546 1688 564 1724 ι
602 1669 721 1726 Non
747 1671 963 1727 docebit
996 1673 1138 1727 ultra
1166 1676 1472 1745 proximum
1499 1693 1688 1745 suum,

128 1767 172 1813 et
190 1759 264 1813 vir
305 1758 541 1817 fratrum
584 1776 742 1816 suum
771 1761 958 1817 dicens
1007 1780 1019 1815 :
1055 1762 1333 1834 Cognosce
1367 1765 1684 1834 Dominum;

126 1865 290 1907 omnes
316 1852 459 1905 cnim
488 1862 824 1923 cognoscent
869 1869 958 1909 me
986 1869 1016 1908 a
1048 1856 1269 1911 minimo
1302 1871 1487 1912 eorum
1520 1873 1692 1930 usque

127 1943 183 1997 ad
208 1943 513 2010 maximum,
559 1946 693 2000 dicit
724 1945 984 2002 Dominus
1026 1946 1161 2017 (Jer.
1214 1965 1367 2014 xm,
1392 1950 1506 2019 54).
1542 1970 1562 2004 ι
1591 1950 1689 2008 Vel

127 2042 251 2088 certe
274 2034 538 2090 celerum
563 2037 703 2091 ratio
727 2046 811 2092 est
841 2037 955 2107 ipsa
986 2037 1316 2094 vivificatrix
1343 2041 1538 2106 virtus,
1569 2056 1690 2111 quae

125 2125 323 2194 spiritus
347 2126 559 2182 format
582 2128 918 2199 angelorum.
952 2128 1213 2184 Dominus
1252 2131 1396 2186 enim
1443 2132 1693 2189 sicutcst

128 2230 268 2271 causa
322 2231 641 2282 causarum,
678 2218 819 2272 sicut
879 2217 988 2271 vita
1047 2219 1366 2287 viventium,
1419 2222 1492 2276 ita
1523 2222 1729 2277 etiam'

127 2306 246 2362 ratio
290 2307 696 2364 rationabilium
728 2316 1121 2364 creaturarum.
1166 2308 1318 2366 Tunc
1367 2326 1495 2382 ergo
1525 2312 1689 2369 ecclo-

127 2412 226 2451 rtnn
254 2399 516 2455 rationem
566 2407 773 2465 narrat,
805 2414 929 2455 cum
954 2400 1305 2470 semetipsum
1350 2405 1506 2458 nobis
1540 2403 1683 2460 clara

124 2488 301 2545 visione
328 2490 665 2551 manifestat.
693 2487 844 2549 Unde
873 2491 925 2545 in
950 2490 1244 2562 Evangelio
1265 2492 1398 2548 dicit
1430 2507 1445 2547 :
1479 2510 1497 2543 ι
1529 2494 1687 2549 Venit

125 2581 236 2636 liora
283 2598 400 2637 cum
447 2581 572 2651 jam
610 2598 715 2637 non
769 2582 822 2637 iu
853 2583 1125 2651 parabolis
1156 2583 1346 2654 loquar
1385 2585 1556 2650 vobis,
1592 2585 1687 2641 sed

122 2670 273 2741 palam
299 2673 362 2728 de
390 2674 561 2729 Patre
602 2673 938 2728 annuntiabo
967 2673 1119 2729 vobis
1151 2674 1332 2745 (Joan.
1370 2690 1479 2741 xw,
1512 2676 1627 2748 25).
1658 2695 1679 2730 ι

122 2762 429 2820 Μοιιιιιτειι.
492 2762 759 2819 (latorum
824 2766 1081 2819 rationem
1155 2763 1417 2820 Dominus
1473 2776 1682 2834 narrat,

122 2854 228 2909 dum
271 2871 410 2911 nunc
452 2856 784 2913 insinuando
812 2870 1043 2925 superna
1094 2864 1336 2923 secreta,
1384 2856 1682 2914 electorum

121 2960 314 3002 suorum
342 2956 559 3004 mentes
590 2946 888 3013 illuminat;
916 2957 1224 3001 concentum
1262 2962 1391 3004 vero
1420 2948 1534 3002 caeli
1567 2948 1685 3002 dor-

1806 461 1985 518 ctione
2015 475 2139 519 sunt
2170 468 2453 525 cliarilalis
2475 473 2631 527 uniti.
2665 474 2803 531 Hinc
2829 480 2972 535 enim
2999 485 3257 553 scriptum
3280 499 3387 556 est,

1804 552 1930 620 quia
1964 573 1983 605 ι
2004 566 2123 610 erat
2147 556 2201 610 in
2224 558 2304 612 eis
2323 573 2419 614 cor
2447 578 2609 618 unum
2634 575 2689 620 et
2709 569 2886 623 anima
2904 588 3010 627 una
3033 593 3051 626 ι
3081 552 3132 630 in
3162 578 3387 637 Domino

1803 641 1945 712 (Act.
1967 659 2041 709 iv,
2071 646 2182 717 52).
2216 648 2324 703 llas
2348 650 2514 706 etiam
2545 654 2734 724 glebas
2759 658 2809 712 in
2844 659 3080 719 Ecclesia
3116 680 3184 722 ex
3209 669 3387 726 diver-

1802 733 1966 789 sitate
1989 738 2304 794 meritorum
2320 742 2654 815 distinguere
2669 748 2928 806 valemus.
2951 752 3085 809 Nam
3109 756 3236 813 dum
3252 761 3389 817 alius

1800 836 1885 877 est
1898 826 2031 880 ordo
2061 830 2466 897 praedicandum
2485 875 2501 900 ,
2528 836 2668 893 alius
2694 840 3001 898 auditorum
3025 886 3041 911 ,
3092 847 3229 905 alius
3258 830 3389 907 con-

1799 915 2102 983 tinentinm,
2135 922 2273 978 alius
2311 926 2603 997 virginum,
2635 928 2774 987 alius
2802 938 3204 1008 ptenitentium,
3229 945 3387 1014 quasi

1798 1022 1866 1062 ex
1902 1025 2007 1064 una
2040 1021 2183 1068 terra
2212 1030 2243 1070 c
2273 1017 2487 1074 diversa
2535 1020 2816 1092 glebarum
2861 1026 3034 1082 forma
3089 1032 3342 1089 distincta
3368 1075 3385 1101 ,

1796 1097 1924 1152 dum
1972 1099 2025 1153 in
2068 1117 2173 1156 una
2204 1102 2345 1172 (ide,
2381 1106 2436 1162 in
2469 1123 2573 1163 una
2598 1111 2864 1171 cbaritate
2908 1117 3140 1188 disparia
3165 1097 3387 1178 demon;

1795 1196 2058 1245 strantur.
2106 1190 2364 1263 Sequitur
2395 1214 2409 1250 ;

1870 1295 2032 1353 Vsus.
2079 1300 2169 1357 39.
2233 1303 2491 1378 Nunquid
2535 1313 2708 1381 capies
2754 1314 2932 1372 Iecrnae
2984 1295 3244 1390 prcedam,
3293 1336 3387 1380 aut

1794 1390 2025 1444 animum
2072 1395 2368 1451 catulorum
2407 1400 2521 1469 ejus
2565 1403 2841 1475 implebit!
2881 1439 2952 1450 —
2987 1411 3094 1467 Ista
3124 1415 3384 1473 nimirum

1796 1477 1884 1533 illa
1924 1480 2088 1536 lemna
2131 1495 2215 1539 est
2242 1488 2307 1540 de
2335 1504 2439 1557 qua
2474 1490 2574 1547 Job
2619 1495 2832 1552 dixerat
2865 1517 2878 1552 :
2928 1519 2947 1552 ι
2981 1500 3096 1557 Non
3134 1507 3384 1563 calcave-

1795 1581 1922 1624 runt
1941 1586 2004 1627 ea
2030 1573 2121 1628 ﬁlii
2142 1576 2478 1645 institorum,
2507 1598 2606 1639 nec
2626 1590 2975 1654 pertransibit
3001 1609 3098 1663 per
3127 1610 3190 1650 ea
3214 1595 3381 1653 lezena

1794 1658 1917 1729 (Job
1950 1678 2138 1729 xxvm,
2182 1664 2258 1734 8).
2300 1686 2322 1721 ι
2376 1669 2511 1726 Huic
2549 1688 2678 1742 ergo
2716 1674 2899 1732 leaenae
2927 1658 3162 1750 praedam
3195 1685 3379 1740 Domi-

1796 1766 1898 1806 nus
1960 1753 2137 1823 capit,
2192 1766 2252 1809 ut
2315 1758 2551 1814 animam
2612 1765 2913 1821 catulorum
2956 1768 3073 1837 ejus
3140 1772 3380 1844 impleat,

1794 1843 1917 1912 quia
1949 1845 2015 1898 ad
2054 1857 2398 1916 augmentum
2450 1851 2608 1922 hujus
2658 1854 2910 1913 Ecclesia:
2955 1843 3267 1920 innumeras
3315 1866 3382 1922 de

1795 1932 2099 2001 gentilitate
2148 1937 2407 2006 diripuit,
2455 1953 2510 1995 et
2544 1957 2643 2011 per
2674 1945 2977 2021 animarum
3022 1949 3231 2007 lucrum
3261 1968 3383 2009 esu-

1795 2020 2051 2075 rientium
2108 2026 2473 2094 apostolorum
2525 2039 2647 2085 vota
2690 2034 2943 2090 satiavit.
3011 2037 3114 2111 lpsi
3181 2042 3379 2113 quippe

1792 2111 1955 2166 catuli
1986 2127 2083 2183 pro
2114 2116 2323 2172 meritis
2356 2120 2714 2178 teneritudine
2737 2134 2793 2179 et
2813 2126 3117 2187 formidinis
3147 2111 3380 2190 inlirini-

1794 2209 1905 2256 tate
1937 2205 2110 2257 vocati
2162 2216 2308 2267 sunt.
2337 2209 2429 2277 qui
2478 2224 2640 2277 passo
2670 2213 2896 2270 Domino
2948 2218 3146 2277 clausis
3177 2223 3384 2282 foribus

1794 2293 2121 2349 residebant.
2161 2296 2313 2353 Sicut
2340 2301 2406 2354 de
2437 2300 2541 2357 illis
2577 2304 2837 2374 scriptum
2867 2318 2951 2364 est
2981 2327 2994 2364 :
3033 2329 3053 2362 ι
3080 2313 3213 2369 Cum
3240 2326 3386 2374 esset

1791 2397 1913 2439 sero
1935 2385 2021 2440 die
2045 2386 2131 2441 illa
2157 2404 2262 2442 una
2285 2389 2665 2461 Sabbatoruin,
2680 2406 2734 2451 et
2756 2398 2900 2455 fores
2923 2404 3336 2475 essentclausaa,
3359 2428 3376 2461 ι

1791 2482 1848 2527 et
1892 2474 2099 2545 reliqua
2149 2476 2331 2547 (Joan.
2361 2495 2454 2547 xx,
2485 2481 2597 2553 19).
2643 2483 2711 2540 Ει
2759 2487 2874 2543 litec
2919 2490 3136 2560 quidem
3173 2474 3379 2553 factata

1790 2565 1992 2620 sanctis
2020 2567 2276 2636 apostolis
2306 2572 2552 2628 novimus
2582 2614 2596 2638 ,
2642 2575 2756 2632 haec
2804 2593 2947 2635 nunc
2997 2582 3160 2637 etiam
3204 2585 3321 2642 fieri
3348 2603 3380 2641 a

1790 2655 1956 2708 rectis
1985 2656 2297 2715 doctoribus
2326 2661 2548 2719 scimus.
2593 2663 2696 2735 lpsi
2748 2668 2890 2723 enim
2931 2671 3376 2744 subsequentium

1789 2743 2110 2813 populorum
2157 2757 2337 2818 patres
2386 2761 2550 2818 sunt,
2597 2762 2777 2812 tamen
2806 2743 3224 2828 praecedentium
3256 2767 3376 2822 ﬁlii.

1790 2828 1945 2887 Unde
1972 2841 2027 2888 et
2071 2850 2175 2890 non
2223 2838 2495 2895 immerito
2537 2843 2703 2898 catuli
2751 2846 3025 2904 dicuntur.
3058 2851 3155 2907 Vel
3199 2864 3372 2923 certe,

1788 2937 1915 2992 quia
1970 2926 2075 2980 etsi
2130 2932 2488 2996 quorumdam
2538 2936 2779 3007 magistri
2828 2949 2987 3006 sunt,
3050 2944 3376 3002 universalis

121 3036 231 3089 mire
290 3035 445 3106 facit,
499 3037 628 3092 dum
685 3035 982 3092 concordes
1041 3035 1270 3107 hymnos
1328 3036 1680 3106 angelorum,
1709 3062 1756 3125 Ε
2013 3015 2269 3125 Ecclesia:
2309 3036 2430 3076 esse
2459 3023 2735 3125 discipuli
2776 3027 3095 3098 gloriantur.
3162 3034 3375 3093 Leaena:

120 3131 261 3192 atque
307 3125 393 3180 illa
421 3124 731 3181 caelestium
766 3124 1025 3179 virtutum
1077 3125 1271 3195 gaudia
1327 3127 1682 3196 reproboruni

119 3214 345 3272 cordibus
382 3214 539 3287 justo
580 3213 786 3285 judicio
854 3215 1157 3271 abscondit.
1212 3214 1313 3283 Qui
1382 3225 1682 3274 concentus

120 3306 244 3373 εαξη,
267 3310 518 3379 quamvis
542 3309 869 3366 intrinsecus
896 3310 949 3365 in
976 3323 1034 3364 se
1054 3308 1258 3380 vigilet,
1279 3311 1331 3365 in
1355 3311 1470 3382 ipsa
1498 3319 1679 3368 tamen

119 3398 446 3469 reproborum
472 3399 781 3469 ignorantia
802 3400 1142 3455 extrinsecus
1171 3401 1392 3456 dormit.
1416 3402 1682 3456 Karratur

117 3501 228 3557 ergo
267 3491 454 3544 secreti
488 3489 727 3546 caelestis
767 3490 923 3558 ratio,
948 3498 1003 3545 et
1033 3499 1212 3545 tamen
1241 3501 1534 3548 concentus
1559 3492 1679 3549 coeli

117 3572 717 3649 dorniire'pcrmittitur,
752 3581 877 3651 quia
916 3590 971 3637 et
997 3582 1118 3637 aliis
1140 3598 1238 3652 per
1268 3582 1679 3653 inspirationem

117 3682 344 3738 superna:
371 3673 752 3728 retributionis
779 3673 1001 3729 scientia
1040 3674 1313 3743 panditur,
1344 3682 1397 3729 et
1419 3675 1539 3729 aliis
1561 3691 1681 3746 quae

116 3757 176 3811 sit
210 3759 430 3816 interna:
484 3761 660 3818 laudis
694 3764 939 3818 suavitas
992 3763 1318 3820 occultatur.
1374 3762 1681 3820 Couccntus

116 3847 239 3902 enim
290 3865 539 3921 superna:
581 3850 756 3911 laudis
794 3851 848 3906 in
877 3867 1007 3907 aure
1041 3849 1183 3906 illius
1210 3862 1557 3923 proruperat,
1585 3854 1678 3922 qui

116 3935 349 3993 dicebat:
388 3958 407 3993 ι
438 3939 721 4012 Ingrediar
759 3941 813 3996 in
845 3940 1020 3997 locum
1068 3942 1398 3998 tabernaculi
1445 3943 1676 3999 admira-

116 4027 222 4083 bilis
248 4046 414 4104 nsque
463 4032 532 4088 ad
575 4034 791 4088 domum
818 4033 911 4089 Dei
945 4032 1116 4105 (Prol.
1146 4049 1258 4102 xu,
1289 4034 1366 4106 5).
1407 4054 1426 4086 ι
1485 4032 1679 4117 Sequi-

116 4126 234 4177 tur:

174 4251 329 4312 Vsus.
356 4256 451 4314 38.
484 4257 710 4324 Quando
759 4258 1084 4329 fundebatur
1120 4260 1287 4331 pulvis
1324 4261 1379 4315 in
1413 4270 1493 4316 ter
1524 4280 1580 4329 α,
1629 4274 1678 4317 et

115 4341 259 4412 glebae
309 4350 791 4421 compingebantur.
848 4379 920 4391 -—-
966 4349 1114 4405 More
1169 4352 1315 4407 enim
1367 4368 1466 4408 suo
1489 4393 1505 4420 ,
1555 4368 1676 4425 quae

1786 3105 1973 3175 itaque
2019 3108 2279 3167 Dominus
2326 3117 2563 3185 praedam
2620 3120 2801 3191 capit,
2853 3125 2978 3194 quia
3022 3126 3221 3186 virtute
3264 3146 3377 3187 sua:

1785 3197 2156 3268 inspirationis
2202 3206 2270 3261 ab
2317 3222 2505 3264 errore
2551 3212 2714 3266 vitam
2762 3215 3184 3287 delinquentium
3241 3223 3376 3280 diri—

1783 3292 1884 3359 pit,
1910 3300 1963 3346 ct
1990 3294 2203 3350 animas
2233 3298 2536 3354 catulorum
2558 3302 2675 3372 ejus
2707 3307 2897 3375 replet,
2927 3309 3055 3378 quia
3082 3327 3375 3369 conversa-

1785 3380 1934 3437 tione
1962 3382 2252 3442 multorum
2299 3390 2405 3460 piis
2436 3390 2716 3448 doctorum
2764 3397 3049 3457 desideriis
3080 3402 3368 3461 satisfacit.

1786 3470 2048 3542 Sequitur
2071 3489 2086 3528 :
3024 3493 3029 3497 ‘

1856 3583 2014 3640 Vens.
2048 3586 2135 3642 40.
2162 3586 2385 3655 Quando
2408 3593 2598 3647 cubant
2631 3595 2684 3648 in
2714 3599 2905 3665 antris,
2945 3611 2991 3663 et
3029 3603 3082 3656 in
3119 3605 3372 3673 specubus

1782 3677 2121 3735 insidiantur.
2144 3709 2213 3720 ——
2233 3681 2366 3737 Cum
2388 3684 2532 3738 enim
2557 3702 2895 3758 nequaquam
2919 3693 3093 3748 sancti
3118 3696 3368 3764 apostoli,

1783 3778 1971 3824 contra
2002 3773 2242 3828 membra
2282 3774 2479 3830 diaboli
2506 3776 2559 3830 in
2597 3792 2729 3832 voce
2759 3779 2942 3835 libera:
2965 3783 3372 3852 praedicationis

1780 3873 2163 3934 exsurgerent,
2193 3864 2370 3921 adhuc
2396 3878 2585 3931 contra
2615 3870 2952 3928 adversarios
2980 3889 3107 3937 suos
3131 3876 3283 3944 quasi
3317 3877 3370 3931 in

1781 3953 1954 4008 antris
1982 3953 2397 4012 insidiabantur.
2432 3960 2644 4015 Clausis
2670 3963 2867 4032 quippe
2897 3963 3105 4021 foribus
3132 3967 3285 4036 quasi
3318 3968 3372 4025 in

1781 4044 2099 4114 quibusdam
2135 4048 2332 4103 additis
2356 4053 2623 4119 specubus
2648 4054 2760 4108 suis
2789 4055 2953 4115 catuli
2985 4059 3189 4128 rapturi
3217 4076 3373 4116 mun-

1780 4136 1909 4192 dum
1935 4138 2155 4204 cubant,
2185 4147 2244 4193 ut
2272 4140 2571 4196 animarum
2597 4144 2831 4213 praedam
2857 4149 3203 4217 postmodum
3234 4166 3373 4221 pra:-

1779 4235 2056 4280 sumentes
2095 4227 2413 4297 diriperent.
2452 4228 2654 4285 lloruin
2701 4233 2880 4303 primo
2935 4236 3009 4291 illi
3040 4238 3223 4294 catulo
3250 4251 3373 4297 esu-

1780 4314 1972 4382 rienti,
2003 4317 2096 4373 sed
2125 4318 2287 4372 etiam
2320 4318 2585 4376 valentius
2621 4317 2772 4379 ttsnsa
2803 4339 2900 4395 per
2931 4326 3155 4383 linteum
3192 4333 3371 4402 genti-

114 4408 273 4492 “huc
295 4408 475 4494 tum;
500 4408 647 4507 gum,
678 4440 834 4509 quasi
850 4439 964 4509 iam
997 4441 1271 4511 pmwma
1305 4408 1518 4500 divin“;
1551 4408 1671 4500 s‘eb
1706 4418 1754 4479 1)
1780 4408 1947 4511 litate,
1980 4411 2151 4511 quasi-
2185 4422 2484 4511 monstrata
2533 4416 2714 4486 prteda
2762 4418 2961 4475 dicitur
2992 4436 3006 4474 :
3041 4440 3059 4474 ι
3093 4421 3268 4479 Macta
3316 4433 3372 4481 ct

116 4527 481 4586 modescribit.
515 4532 592 4587 De
610 4545 677 4587 eo
701 4532 900 4602 quippe
921 4532 1121 4587 dicitur
1150 4549 1165 4585 :
1204 4550 1223 4583 ι
1260 4531 1363 4601 Qui
1395 4534 1525 4590 fecit
1551 4551 1673 4606 quae

117 4609 278 4673 futura
301 4629 447 4676 sunt.
484 4640 504 4674 ι
530 4620 715 4679 Pnlvis
744 4625 929 4693 itaque
956 4632 1082 4680 tunc
1124 4624 1182 4679 in
1212 4632 1356 4680 terra
1391 4624 1667 4693 fundatur,

117 4708 228 4775 quia
278 4709 335 4766 in
372 4711 545 4770 solida
578 4713 819 4770 membra
868 4715 1179 4781 reducitur;
1219 4714 1388 4786 glebae
1426 4716 1671 4789 compin-

119 4807 317 4870 gtmtur,
370 4805 497 4874 quia
548 4805 804 4861 nimirum
850 4805 1004 4860 ﬁrma
1054 4821 1284 4877 corpora
1331 4822 1396 4864 ex
1452 4809 1673 4880 pulvere

119 4889 323 4950 collecta
370 4907 724 4970 consurgunt.
779 4896 1121 4954 Μοιιιιιτειι.
1167 4899 1309 4966 Quid
1350 4901 1405 4955 in
1430 4902 1674 4971 pulvere,

120 4981 533 5055 nisipeccatores
550 4989 877 5059 accipimus,
904 4992 996 5061 qui
1022 4992 1169 5046 nullo
1194 4991 1420 5051 rationis
1436 4993 1679 5063 pondere

120 5070 335 5142 solidati,
383 5080 669 5151 cujuslibet
712 5080 1023 5137 tentationis
1057 5080 1187 5139 ﬂatu
1245 5083 1566 5152 rapiuntur?
1599 5082 1679 5139 De

119 5162 298 5230 quibus
339 5172 592 5242 scriptum
621 5178 744 5227 est:
778 5188 796 5221 ι
834 5171 948 5227 Non
978 5174 1056 5229 sic
1099 5173 1271 5242 impii,
1310 5188 1414 5229 non
1439 5177 1541 5241 sic,
1583 5175 1678 5230 sed

119 5256 355 5325 tanquam
372 5261 558 5330 pulvis,
588 5280 613 5315 ι
638 5269 699 5317 et
712 5259 915 5332 reliqua
939 5261 1110 5336 (Ρεαι.
1126 5281 1167 5329 ι,
1182 5263 1261 5335 4).
1278 5262 1457 5320 Pnlvis
1466 5278 1598 5334 ergo
1619 5262 1672 5317 in

118 5351 248 5400 terra
264 5349 505 5400 fundatam
513 5368 619 5400 est-
637 5368 763 5400 cnim
775 5365 1086 5400 necuim-on
1099 5368 1243 5400 unum
1257 5356 1290 5400 i-
1310 5356 1361 5400 in
1376 5356 1673 5400 Frnlesinm

1777 4504 2039 4561 manduca
2092 4506 2235 4575 (Act.
2263 4524 2320 4575 ι,
2353 4508 2462 4582 l5).
2501 4531 2522 4565 ι
2571 4511 2744 4568 Aliter
2791 4528 2807 4569 :
2856 4516 3121 4573 Doctores
3166 4521 3367 4577 etenim

1775 4594 1948 4649 sancti
1974 4596 2191 4665 quando
2218 4606 2272 4652 et
2294 4600 2565 4671 argnenda
2593 4603 2956 4674 conspiciunt,
2988 4617 3043 4662 et
3070 4617 3248 4663 tamen
3272 4625 3369 4678 per

1775 4685 2047 4741 silentium
2077 4686 2129 4742 in
2160 4689 2580 4760 cogitationibus
2620 4695 2877 4763 retinent,
2906 4698 3060 4771 quasi
3088 4699 3141 4751 in
3172 4713 3368 4767 specu—

1777 4777 1876 4833 bus
1902 4777 2101 4846 latent;
2152 4792 2208 4837 ct
2232 4782 2379 4837 velut
2414 4784 2466 4839 in
2516 4785 2689 4840 antris
2715 4801 2774 4841 se
2799 4796 3114 4859 contegunt,
3144 4788 3269 4857 quia
3314 4789 3370 4843 in

1781 4870 1893 4925 suis
1942 4871 2195 4928 cordibus
2243 4874 2605 4933 occultantur.
2675 4872 2784 4931 Sed
2838 4893 2961 4935 cum
3009 4883 3374 4949 opportunum

1784 4967 1994 5031 tempus
2034 4961 2364 5026 invenerint,
2395 4972 2618 5036 repente
2650 4966 2963 5033 prosiliunt,
2992 4972 3046 5021 et
3076 4962 3220 5017 nulla
3251 4978 3375 5031 qua:

1781 5049 2006 5107 dicenda
2057 5060 2182 5106 sunt
2226 5053 2494 5122 reticent,
2545 5062 2601 5109 et
2646 5055 2916 5112 cervicem
2948 5051 3376 5124 superbientium

1782 5154 1965 5197 morsu
2014 5155 2223 5211 asperae
2278 5142 2664 5216 increpationis
2725 5150 2914 5201 tenent
2955 5164 2966 5197 :
3006 5156 3179 5210 neque
3224 5144 3377 5200 enim

1780 5241 1972 5287 cuncta
2027 5243 2273 5300 tempora
2325 5234 2590 5292 doctrinae
2639 5240 2769 5286 sunt
2836 5245 3090 5303 congrua.
3171 5228 3373 5301 Sequi-

1780 5326 1870 5374 llll‘
1903 5336 1919 5373 ἔ
