3934 5400
596 370 703 427 455

1591 370 1646 426 s.
1686 331 2261 435 emulsanmrts
2299 365 2794 425 cwnmcnxsrs
2833 367 2873 421 ιι

3704 375 3775 432 ωε

595 478 827 552 gnatur?
871 478 947 536 De
974 491 1082 551 qua
1126 493 1224 550 per
1257 479 1586 552 Prophelam
1615 481 1814 536 dicitur
1853 499 1864 535 :
1905 499 1923 533 ι
1955 479 2057 547 Qui
2086 477 2179 533 dat
2207 484 2254 540 Α
2283 484 2441 531 strat.
2480 475 2608 542 Sed,
2638 477 2764 530 dum
2793 475 2948 546 pulli,
2978 485 3038 530 ut
3083 475 3377 541 salvantur,
3407 474 3636 544 clamant,
3663 495 3777 538 com

591 570 850 642 jumentis
896 586 1074 626 escam
1124 571 1387 640 ipsorum,
1418 579 1474 625 et
1521 571 1681 642 pullis
1720 587 2033 636 corvorum,
2073 590 2091 624 ι
2127 578 2183 626 et

596 663 802 734 reliqua
839 661 1036 734 (Psal.,
1061 676 1241 729 chvr,
1269 663 1349 735 9).
1392 664 1496 720 Iste
1521 679 1718 720 corvus
1743 679 1868 719 esca
1898 661 2018 730 fuit,
2057 663 2183 718 dum

593 755 766 824 ipsam
813 754 1108 810 Eeelesiam
1139 763 1426 824 quaereret,
1458 755 1553 810 sed
1583 771 1724 810 nunc
1753 769 1932 811 escam
1962 755 2180 824 accipit,

593 843 719 912 quia
751 843 865 914 ipse
897 843 965 898 ad
993 843 1402 900 conversionem
1451 844 1588 900 alios
1629 844 1884 914 exquirit,
1917 845 2070 915 cujus
2105 843 2184 899 vi-

592 932 790 988 delicet
817 934 972 1004 pulli,
1004 934 1057 990 id
1091 943 1194 1002 est,
1224 935 1606 1004 praedicatores
1630 951 1694 991 ex
1713 951 1778 991 eo
1809 936 1961 1002 editi,
1989 951 2095 990 non
2126 936 2181 992 in

592 1038 653 1079 se
680 1035 1016 1094 praesumunt
1043 1064 1058 1092 ,
1101 1025 1196 1080 sed
1241 1026 1294 1080 in
1331 1026 1536 1082 viribus
1564 1025 1941 1097 Redemptoris
1971 1028 2088 1094 sui;
2125 1037 2183 1084 et

590 1115 842 1184 quamvis
877 1117 1181 1172 animarum
1215 1117 1321 1188 piis
1356 1118 1577 1175 vocibus
1616 1120 1876 1186 esuriant,
1915 1120 2050 1176 nihil
2095 1130 2179 1176 ta-

595 1219 721 1259 men
771 1219 868 1260 sua
917 1205 1119 1261 virtute
1169 1221 1328 1276 posse
1377 1208 1558 1263 sciunt
1602 1225 1616 1262 :
1668 1226 1688 1261 (
1717 1208 1855 1276 Quia
1887 1225 2061 1280 neque
2087 1209 2180 1280 qui

592 1293 802 1362 plantat
830 1303 914 1352 est
943 1295 1146 1366 aliquid
1174 1337 1189 1361 ,
1235 1313 1410 1367 neque
1437 1299 1527 1369 qui
1564 1299 1734 1370 rigat,
1764 1301 1857 1356 sed
1886 1302 1976 1370 qui
2008 1302 2182 1358 incre-

599 1392 841 1438 mentum
878 1385 991 1451 dat,
1033 1387 1174 1442 Deus
1201 1386 1252 1458 (1
1279 1387 1400 1442 Cor.
1426 1403 1509 1455 ιιι,
1537 1388 1611 1459 7).
1657 1407 1674 1440 ι
1729 1389 1986 1459 Sequitur
2019 1409 2031 1444 :
2074 1390 2181 1446 Va-

592 1483 776 1541 ganles
804 1488 866 1528 eo
905 1475 1044 1546 quod
1084 1492 1186 1529 non
1215 1476 1437 1530 habeant
1477 1477 1637 1533 cibos.
1683 1507 1756 1519 -—-
1791 1478 1847 1534 ln
1881 1480 1982 1535 hac
2015 1496 2176 1552 vaga-

595 1563 741 1618 tione
768 1565 843 1619 nil
872 1566 1014 1620 aliud
1044 1581 1204 1636 quam
1233 1569 1577 1624 aastuantium
1610 1571 2022 1640 praedicatorum
2055 1582 2179 1628 vota

593 1653 893 1724 signantur,
923 1658 1014 1727 qui
1060 1658 1184 1712 dum
1238 1659 1290 1712 in
1321 1659 1576 1716 Ecclesia:
1603 1662 1782 1716 sinum
1819 1657 2181 1735 recipere’po-

591 1745 748 1816 pulos
777 1749 1041 1815 ambiunt,
1067 1766 1260 1821 magno
1280 1752 1474 1808 ardore
1503 1754 1768 1819 succensi,
1793 1770 1936 1810 nunc
1961 1756 2026 1809 ad
2057 1771 2176 1822 nos,

593 1850 737 1893 nunc
767 1838 835 1893 ad
865 1838 984 1894 illos
1014 1840 1345 1911 colligendos
1375 1843 1700 1898 desiderium
1737 1845 1980 1900 mittunt.
2014 1848 2178 1914 Quasi

591 1929 840 1998 quaedam
867 1932 1067 2000 quippe
1101 1933 1312 2002 vagatio
1343 1943 1426 1987 est.
1474 1933 1586 2002 ipsa
1613 1935 1953 2005 cogitationis
1980 1947 2181 1992 aestua-

590 2017 689 2072 tio.
717 2017 809 2074 Sic
839 2023 1035 2088 quippe
1065 2019 1261 2075 Paulus
1290 2022 1518 2078 transire
1545 2023 1612 2078 ad
1641 2023 1747 2079 alia
1781 2040 1846 2080 ex
1874 2025 1995 2080 aliis
2020 2041 2184 2096 appe-

591 2104 700 2170 tit,
746 2106 872 2175 quia
910 2107 1023 2176 ipsa
1059 2122 1182 2162 eum
1231 2124 1350 2178 quae
1398 2110 1582 2181 implet
1639 2113 1880 2186 charitas
1927 2115 2175 2186 impellit.

594 2196 860 2254 Retentus
903 2200 1122 2269 Ephesi,
1159 2200 1452 2258 Corinthiis
1492 2205 1681 2259 scribit
1709 2185 1738 2258 ἐ
1787 2224 1806 2256 ι
1838 2206 1976 2262 Ecce
2006 2185 2180 2264 tertio

593 2286 698 2342 hoc
725 2298 948 2358 paratus
976 2306 1096 2346 sum
1136 2291 1319 2347 venire
1363 2293 1430 2346 ad
1478 2308 1575 2348 vos
1621 2293 1706 2366 (II
1729 2293 1852 2349 Cor.
1883 2311 1980 2362 xu,
2012 2297 2123 2365 14).
2153 2315 2173 2349 θ

596 2373 834 2432 Rursum
861 2378 1056 2450 Ephesi
1083 2396 1447 2449 commorans,
1472 2382 1678 2440 Calatis
1697 2385 1934 2456 loquitur
1953 2387 2176 2443 dicens:

600 2485 621 2516 ι
648 2467 850 2523 Vellem
877 2472 1036 2526 modo
1059 2486 1179 2528 esse
1193 2473 1333 2543 apud
1348 2489 1460 2540 vos,
1489 2483 1544 2530 et
1569 2483 1777 2530 mutare
1797 2491 1979 2532 vocem
2005 2491 2179 2532 meum

597 2553 741 2626 (Gal.
784 2573 861 2625 tv,
905 2559 1018 2632 20).
1058 2580 1077 2613 ι
1130 2561 1314 2619 Potest
1356 2565 1519 2618 etiam
1563 2566 1710 2620 corvi
1765 2567 1982 2621 nomine
2025 2568 2179 2637 nigra

589 2658 692 2717 per
736 2646 1072 2706 infidelitatis
1118 2653 1371 2706 meritum
1413 2653 1565 2723 plebs
1618 2652 1842 2710 Judaiea
1891 2656 2178 2726 designari.

591 2734 732 2792 Pulli
777 2739 1034 2794 nimirum
1081 2742 1253 2796 sancti
1306 2743 1534 2814 apostoli
1586 2753 1746 2812 sunt,
1785 2745 1955 2816 plebis
2002 2747 2180 2803 Israe-

594 2825 759 2884 litica:
814 2845 979 2886 carne
1033 2833 1328 2901 generati;
1396 2836 1486 2904 qui
1542 2835 1667 2891 dum
1712 2852 1812 2907 pro
1867 2847 2027 2908 gente
2080 2853 2178 2893 sua

595 2921 665 2975 ad
697 2921 984 2976 Dominum
1030 2938 1217 2993 preces
1255 2922 1571 2992 funderent,
1614 2927 1768 2996 quasi
1812 2927 1938 2997 pulli
1985 2943 2177 2984 corvo-

595 3025 718 3065 rum
765 3027 886 3067 eum
939 3013 1006 3068 de
1066 3029 1174 3084 quo
1237 3015 1530 3072 carnaliter
1582 3018 1712 3073 editi
1767 3025 1891 3072 sunt
1945 3019 2178 3088 spiritali

595 3103 948 3176 intelligentia
1001 3115 1279 3175 parentem
1329 3108 1580 3178 populum
1660 3118 1943 3180 paverunt.
2009 3109 2180 3182 Igitur

599 3194 727 3249 dum
776 3195 910 3264 pulli
952 3196 1220 3264 clamant,
1268 3213 1429 3253 corvo
1474 3212 1601 3254 esea
1644 3209 1998 3270 prmparatur,
2053 3201 2179 3270 quia

593 3283 722 3340 dum
778 3285 1004 3356 apostoli
1062 3277 1332 3354 exorant,
1387 3288 1538 3360 plebs
1595 3288 1795 3344 dudum
1852 3291 2055 3361 perlida
2113 3290 2180 3346 ad

593 3377 961 3448 cognitionem
1007 3377 1128 3434 fidei
1161 3379 1398 3448 ducitur,
1442 3391 1495 3436 et
1525 3399 1592 3437 ex
1629 3384 2010 3453 praedicatione
2041 3385 2180 3443 ﬁlio-

593 3481 736 3531 rum,
765 3467 892 3523 dum
936 3467 1118 3525 Judtea
1157 3472 1382 3528 audiens
1424 3474 1582 3530 modo
1629 3475 1682 3529 in
1733 3477 1906 3533 tribus
1940 3478 2181 3535 millibus

595 3557 738 3629 (Aet.
769 3575 850 3625 ιι,
890 3559 1006 3630 Μ),
1042 3563 1202 3618 modo
1231 3564 1284 3618 in
1310 3565 1548 3636 quinque
1573 3567 1810 3624 millibus
1835 3571 1975 3641 (Act.
1999 3587 2071 3636 tv,
2096 3570 2177 3642 4),

597 3649 866 3719 spirituali
893 3661 976 3708 est
1010 3653 1363 3725 intelligentia
1391 3657 1609 3713 satiata.
1642 3657 1747 3714 Sed
1771 3671 2029 3732 vagantes
2046 3662 2177 3733 pulli

594 3756 764 3798 corvo
790 3743 918 3800 huic
961 3746 1267 3802 esurientes
1308 3749 1640 3819 quaesierunt
1667 3766 1866 3820 escam,
1900 3754 2048 3825 quia,
2086 3753 2181 3810 Ju-

591 3832 707 3888 daea
743 3836 965 3892 credere
995 3837 1233 3904 nolente,
1282 3841 1511 3909 apostoli
1559 3843 1611 3896 in
1654 3844 1960 3901 universam
1993 3848 2178 3903 mundi

589 3933 802 3994 partem
832 3926 1059 3996 dispersi
1104 3937 1252 3995 sunt,
1285 3930 1526 3985 dicentes
1553 3933 1928 3989 resistentibus
1960 3952 1972 3988 :
2009 3953 2029 3987 ι
2071 3935 2177 3991 Vo-

588 4013 674 4070 bis
699 4017 912 4086 quidem
947 4018 1181 4087 primum
1231 4029 1549 4090 Oportuerat
1590 4021 1735 4094 loqui
1781 4026 2005 4080 verbum
2056 4026 2176 4094 Dei,

591 4105 686 4159 sed
716 4107 973 4176 quoniam
1005 4108 1265 4178 repellitis
1293 4110 1442 4178 illud,
1485 4122 1539 4168 et
1569 4113 1818 4185 indignos
1850 4131 1944 4170 vos
1970 4116 2180 4185 judica-

595 4198 665 4254 tis
693 4209 910 4258 aeternae
939 4205 1082 4270 vitm,
1111 4221 1242 4262 ecce
1283 4210 1656 4266 convertimur
1699 4211 1765 4266 ad
1804 4225 1993 4282 gentes
2036 4215 2174 4277 (Act.

571 4291 732 4356 'xul,
773 4291 888 4364 46).
930 4313 947 4346 ›
999 4294 1258 4368 Tuncque
1307 4315 1504 4357 corvus
1545 4317 1726 4358 escam
1774 4303 2002 4370 invenit,
2051 4307 2178 4376 quia

591 4394 853 4438 conversa
885 4386 1186 4455 gentilitate
1211 4388 1467 4448 Judaicns
1511 4393 1740 4465 populus
1775 4397 1843 4451 ad
1873 4407 2176 4452 extremum

593 4471 882 4529 stultitiam
931 4492 1042 4532 suae
1097 4479 1435 4538 infidelitatis
1487 4485 1774 4554 relinquet.
1834 4487 1989 4543 Sicut
2042 4489 2178 4544 scri-

591 4570 741 4628 ptuut
771 4573 874 4618 est.
910 4583 929 4616 ι
963 4568 1142 4622 Donec
1165 4569 1443 4638 plenitudo
1466 4575 1706 4642 gentium
1730 4576 1976 4643 intraret,
2016 4588 2072 4634 et
2100 4581 2179 4636 sic

593 4652 772 4705 omnis
802 4653 968 4709 Israel
1006 4656 1187 4713 salvus
1232 4659 1323 4713 flet
1369 4660 1543 4733 (Rom.
1576 4679 1664 4730 χι,
1711 4665 1802 4732 25,
1831 4668 1946 4739 26).
1996 4688 2014 4722 ι
2068 4670 2180 4727 Μο-

598 4752 857 4795 ιιΑιιτειι.
929 4743 1136 4801 Corvus
1199 4748 1360 4804 editis
1400 4750 1580 4820 pullis,
1629 4762 1687 4807 ut
1730 4754 1935 4824 fertur,
2000 4773 2178 4816 eseam

595 4830 758 4900 plene
847 4834 1089 4904 praebere
1165 4838 1518 4909 dissimulat,
1586 4844 1906 4916 priusquam
1976 4849 2182 4921 plume-

595 4924 800 4978 scendo
851 4926 1179 4996 nigrescant.
1232 4929 1440 4988 Corvus
1513 4936 1760 5006 profecto
1834 4950 1919 4996 est
1987 4944 2180 4999 doctus

593 5012 823 5084 quisque
849 5017 1187 5085 praedicator,
1213 5029 1557 5090 peccatorum
1593 5042 1812 5084 suorum
1841 5031 2177 5101 nigredinem

596 5102 766 5156 menti
795 5104 1080 5172 reducens,
1123 5108 1207 5162 cui
1253 5111 1469 5179 quidem
1505 5127 1800 5172 nascuntur
1844 5119 1896 5172 in
1938 5119 2041 5174 fide
2073 5121 2181 5175 dis-

594 5191 792 5261 cipuli;
837 5194 931 5248 sed
965 5194 1193 5252 fortasse
1235 5200 1360 5254 dum
1394 5219 1424 5257 a
1465 5207 1700 5272 peccatis
1743 5209 2034 5277 praeteritis
2065 5223 2178 5263 me-

597 5283 826 5337 moriam
855 5295 1124 5353 avertunt,
1157 5289 1478 5349 humilitatis
1507 5297 1837 5366 nigrediuem
1869 5313 1971 5353 non
1995 5306 2181 5351 osten-

599 5368 730 5400 ΑηηΙ
814 5372 1006 5400 η..ει.....
1075 5376 1332 5400 Δε----..--

2273 576 2406 623 esca
2437 572 2793 633 praeparatur,
2821 565 2948 633 quia
2992 563 3118 618 dum
3150 566 3372 620 verbum
3404 565 3496 620 Dei
3537 567 3643 623 boni
3671 575 3779 626 audi-

2287 662 2431 708 tores
2469 655 2739 720 esuriunt,
2774 655 3122 724 proliciendis
3169 656 3249 711 eis
3301 655 3499 724 majora
3543 659 3779 726 doctoribus

2283 745 2655 818 intelligentiae
2707 746 2844 800 dona
2879 745 3206 799 tribuuntur.
3249 746 3535 816 Sequitur:

2801 835 3028 908 CAPUT
3091 835 3336 892 xxxrx.
3419 901 3422 904 _

2353 925 2523 981 Vens.
2579 926 2632 980 l.
2702 923 2958 997 Nunquid
2982 927 3116 980 nosti
3176 937 3374 997 tempus
3434 938 3602 997 partus
3647 929 3782 985 ibicum

2281 1016 2336 1070 in
2357 1016 2540 1086 petris,
2565 1016 2644 1070 ret
2667 1015 3015 1085 parturientes
3044 1032 3220 1070 cervos
3250 1015 3560 1070 observasti!
3587 1046 3646 1056 -υ
3672 1016 3782 1071 leri-

2281 1106 2442 1162 diana
2481 1121 2607 1177 pars
2637 1105 2802 1160 ibices
2825 1119 2950 1160 aves
2972 1114 3154 1170 vocat,
3182 1121 3301 1175 qua:
3329 1105 3432 1159 Nili
3471 1105 3648 1160 ﬂuenta
3680 1107 3784 1160 inha-

2281 1197 2474 1252 bitant.
2515 1196 2804 1253 Orientalis
2828 1212 2957 1252 vero
2987 1196 3454 1268 Occidentalisqne
3490 1197 3784 1268 plaga,pam

2282 1288 2648 1359 quadrupedia
2693 1288 2864 1344 lbices
2909 1289 3209 1353 nominant,
3243 1290 3438 1359 quibus
3489 1298 3539 1342 et
3569 1290 3705 1343 moris
3731 1298 3784 1343 est

2284 1379 2336 1433 in
2370 1379 2540 1449 petris
2582 1393 2792 1449 parere,
2830 1379 2922 1448 qni
2954 1394 3080 1434 casu
3113 1388 3350 1443 ruentes,
3389 1379 3501 1434 suis
3527 1395 3578 1434 se
3603 1379 3787 1434 cornibus
3878 1387 3879 1458 ξ

2283 1467 2434 1524 illtesi
2478 1468 2792 1537 suscipiunt.
2823 1467 3116 1523 Cervorum
3141 1484 3270 1524 vero
3313 1484 3431 1523 mos
3470 1478 3549 1523 est
3579 1480 3788 1536 serpentes

2282 1558 2648 1626 exstinguere,
2689 1565 2742 1610 et
2770 1555 2989 1610 [lumina
3039 1565 3381 1611 transeuntes
3429 1557 3646 1627 capitum
3669 1573 3785 1611 onera

2281 1647 2518 1701 vicissim
2548 1644 2712 1701 ferre.
2740 1645 2798 1699 lu
2830 1646 3006 1700 cervis
3031 1661 3160 1701 vero
3190 1646 3270 1700 vel
3300 1645 3548 1711 ibicibus,
3579 1647 3790 1716 magistro-

2282 1750 2403 1788 rum
2455 1735 2814 1805 spiritualium
2861 1749 3091 1805 persona
3143 1735 3411 1806 signatur,
3459 1736 3548 1806 qni
3592 1737 3636 1790 in
3673 1740 3789 1806 petris

2212 1816 2259 1878 Β
2285 1824 2517 1894 pariunt,
2545 1824 2670 1879 dum
2696 1824 2747 1878 in
2774 1824 3020 1879 doctrina
3059 1825 3304 1891 Patrum,
3335 1826 3428 1896 qui
3461 1835 3601 1896 petra
3639 1842 3715 1897 pro
3731 1843 3786 1881 εο-
3878 1816 3879 1872 ἦ

2283 1915 2487 1970 liditate
2509 1916 2686 1970 vocati
2747 1926 2896 1979 sunt,
2950 1915 3019 1970 ad
3067 1919 3482 1973 conversionem
3529 1918 3706 1972 animas
3725 1920 3778 1990 gi-

2283 2015 2472 2076 gnunt,
2498 2006 2598 2075 ipsi
2633 2005 2828 2060 nullius
2859 2021 3018 2061 casus
3047 2007 3242 2061 damna
3272 2009 3536 2073 sentiunt,
3555 2008 3791 2077 quiaquiil-

2282 2096 2412 2164 quid
2442 2095 2521 2151 eis
2550 2095 2720 2151 ruina:
2753 2097 3064 2166 temporalis
3107 2100 3420 2163 accesserit,
3461 2100 3667 2171 geminis
3696 2115 3737 2152 se
3757 2100 3789 2152 in

2284 2185 2649 2241 Testamentis
2692 2187 3013 2256 suscipiunt.
3064 2188 3138 2243 De
3178 2190 3376 2259 quibus
3406 2191 3626 2245 dicitur:
3659 2190 3789 2244 «Cor-

2283 2295 2387 2333 nua
2418 2279 2470 2333 in
2501 2281 2749 2334 manibus
2781 2279 2899 2348 ejus
2927 2279 3153 2350 (Hebae.
3197 2298 3257 2336 ιιι
3277 2323 3292 2350 ,
3332 2283 3414 2352 4).
3455 2305 3472 2337 ι
3507 2285 3595 2340 llis
3617 2301 3664 2340 se
3684 2285 3787 2338 erci-

2281 2371 2462 2442 picbat
2493 2373 2750 2426 cornibus
2794 2371 2992 2426 Paulus
3017 2371 3204 2428 dicens
3235 2390 3249 2428 :
3290 2392 3308 2426 ε
3356 2374 3679 2446 Quaecunque
3699 2375 3791 2429 scri-

2284 2471 2376 2532 pta
2415 2473 2565 2527 sunt,
2603 2463 2668 2518 ad
2700 2472 2940 2518 nostram
2972 2463 3274 2520 doctrinam
3298 2467 3503 2536 scripta
3530 2476 3660 2530 sunt,
3684 2484 3698 2519 ι
3723 2476 3791 2520 etc.

2283 2551 2460 2624 (Rom.
2490 2569 2577 2620 xv,
2610 2554 2688 2626 ιβ)
2721 2555 2821 2626 [psi
2861 2556 3024 2610 etiam
3077 2557 3221 2612 cervi
3249 2560 3428 2614 vocati
3479 2569 3612 2614 sunt.
3637 2559 3791 2615 Util'ud

2279 2643 2564 2700 Jeremiae:
2602 2665 2620 2698 ‹
2673 2646 2843 2702 Cerva
2888 2647 2944 2702 in
2987 2663 3118 2720 agro
3150 2653 3358 2721 peperit
3405 2662 3463 2707 et
3489 2653 3682 2722 reliquit
3702 2651 3792 2724 (let.

2282 2751 2393 2802 xiv,
2425 2737 2534 2807 5).»
2574 2739 2674 2808 Ipsi
2698 2754 2846 2796 more
2873 2755 3154 2796 cervarum
3189 2743 3531 2816 interemptis
3551 2747 3676 2800 vitiis
3691 2744 3792 2815 quasi

2282 2836 2565 2896 serpentes
2595 2831 2804 2896 vivunt,
2832 2839 2887 2885 et
2934 2833 3002 2886 ad
3033 2833 3237 2888 fontem
3269 2836 3394 2890 vita:
3447 2838 3617 2892 acrius
3643 2835 3792 2891 inarde-

2282 2929 2460 2974 scunt.
2496 2919 2632 2976 Hinc
2660 2923 2920 2993 scriptum
2955 2933 3078 2981 est:
3120 2945 3138 2978 ι
3189 2926 3342 2982 Sicut
3373 2944 3568 2985 cervus
3594 2930 3793 2986 desident

2281 3011 2348 3064 ad
2375 3009 2550 3066 fontes
2575 3028 2860 3081 aquarum,
2896 3032 2914 3066 ι
2946 3023 3053 3070 etc.
3103 3013 3275 3086 (Psnl.
3319 3033 3413 3072 xu
3444 3060 3458 3084 ,
3499 3019 3577 3090 2.)
3603 3019 3688 3089 Ipsi
3711 3022 3791 3070 dum

2283 3099 2519 3157 labentia
2566 3100 2723 3171 hujus
2774 3106 3186 3175 temporalitatis
3228 3119 3505 3165 momenta
3535 3111 3665 3181 quasi
3693 3123 3790 3178 qne-

2208 3167 2253 3229 C
2287 3195 2409 3250 datu
2475 3194 2697 3251 flumina
2765 3205 3052 3252 transerunt
3113 3202 3512 3271 compatientes
3564 3201 3792 3258 charitatc.
3878 3257 3879 3264 η

2283 3300 2450 3342 Onera
2479 3303 2576 3342 sua
2607 3288 2834 3342 invicem
2871 3297 3108 3359 portant,
3155 3291 3443 3362 implentes
3484 3293 3620 3362 quod
3649 3291 3792 3346 dictum

2283 3386 2404 3432 est:
2442 3396 2460 3431 ι
2490 3368 2734 3434 Invicem'
2752 3394 2916 3434 onera
2955 3400 2973 3433 ι
3006 3391 3184 3437 vestra
3221 3401 3239 3434 ι
3283 3393 3515 3454 portate,
3539 3403 3556 3436 ι
3581 3397 3669 3440 etc.
3697 3379 3792 3451 (Cal.

2283 3484 2365 3534 vr,
2391 3470 2472 3539 2.)
2504 3470 2638 3536 Quia
2671 3485 2800 3524 vero
2828 3481 2950 3540 post
3005 3473 3296 3530 adventura
3335 3477 3552 3532 Domini
3596 3474 3794 3546 spiritales

2283 3559 2525 3628 magistri
2555 3575 2652 3630 per
2680 3562 2937 3615 mundum
2971 3565 3146 3630 sparsi
3183 3572 3328 3631 sunt,
3361 3573 3422 3619 ut
3450 3566 3648 3620 animas
3665 3565 3706 3618 in
3727 3559 3793 3614 ﬁda
3878 3589 3879 3631 ξ

2282 3651 2627 3722 prmdicando
2655 3652 2875 3724 gignere
2903 3655 3230 3724 potuissent,
3268 3667 3324 3712 et
3369 3659 3500 3728 quia
3537 3667 3716 3728 tempus
3741 3654 3793 3707 ir.-

2281 3741 2613 3796 carnationis
2645 3741 2858 3796 Domini
2907 3753 3028 3797 ante
3059 3747 3447 3816 prephetarnm
3480 3763 3629 3803 voces
3667 3742 3793 3814 cogni'

2281 3840 2393 3886 tum
2421 3847 2526 3888 non
2552 3832 2672 3898 fuit,
2708 3834 2955 3902 quamvis
3003 3835 3115 3904 ipsa
3162 3836 3340 3892 futura
3393 3837 3683 3894 incarnatio
3703 3848 3797 3904 prec

2286 3923 2502 3994 cognita
2535 3924 2789 3979 euntibus
2835 3924 3022 3980 electis
3054 3925 3233 3992 fuerit,
3282 3928 3421 3982 bene
3451 3929 3634 3984 beatus
3657 3921 3793 3978 Jobde
3878 3935 3879 3994 ξ

2282 4017 2522 4081 tempore
2568 4020 2756 4081 partus
2803 4012 3024 4079 ibicnm,
3057 4029 3338 4069 cervarum
3386 4017 3680 4072 discutitur.
3703 4012 3792 4066 Pos-
3878 4073 3879 4098 Ξ

2281 4109 2406 4156 sunt
2434 4116 2561 4156 vero
2588 4117 2872 4156 cervarum
2915 4103 3309 4176 signiﬁcatione
3352 4106 3623 4174 doctores,
3665 4101 3794 4174 appcl-
3878 4099 3879 4172 ξ

2279 4195 2482 4252 latione
2530 4198 2730 4254 ibicum
2783 4201 3060 4258 auditores
3111 4203 3355 4276 intelligi.
3408 4205 3466 4261 In
3519 4207 3672 4277 petris
3707 4212 3793 4256 vero

2280 4289 2446 4344 ibices
2476 4289 2710 4359 pariunt,
2742 4292 2868 4362 quia
2899 4293 2966 4347 ad
2994 4296 3297 4350 exercenda
3324 4307 3514 4354 sancta
3549 4311 3710 4368 Opera,
3731 4309 3794 4366 per

2279 4379 2523 4450 exempla
2580 4380 2804 4435 Patrum
2858 4384 3281 4452 praecedentium
3357 4388 3715 4454 fecundantnr,
3757 4394 3792 4435 ut
3878 4379 3879 4450 ξ

2280 4486 2400 4526 cum
2430 4471 2664 4528 fortasse
2687 4483 2956 4544 praecepta
2985 4475 3236 4530 sublimia
3265 4479 3514 4547 audiunt,
3544 4489 3594 4534 et
3620 4476 3790 4534 inlirmE-
3878 4505 3879 4547 ἦ

2208 4533 2254 4592 D
2285 4561 2412 4615 tatis
2447 4563 2677 4631 propria:
2709 4564 2910 4620 conscii
2957 4579 3052 4621 eos
3114 4566 3338 4638 implere
3391 4585 3550 4640 posse
3592 4568 3790 4624 difﬁdunt.
3878 4533 3879 4602 ἓ

2281 4654 2547 4725 majorum
2579 4658 2742 4712 vitam
2769 4660 3127 4730 conspiciunt,
3173 4673 3335 4733 atque
3380 4664 3431 4719 in
3458 4679 3636 4720 eorum
3665 4659 3790 4716 consi—
3878 4667 3879 4732 ξ

2283 4747 2471 4803 derata
2501 4747 2813 4806 fortitudine
2860 4749 3128 4808 bonorum
3173 4769 3396 4825 Operum
3446 4757 3584 4812 fetus
3625 4758 3789 4826 ponant.

2285 4839 2433 4894 verbi
2463 4840 2635 4910 gratia
2665 4854 2680 4895 :
2732 4841 3030 4898 Verborum
3079 4847 3417 4901 contumeliis
3461 4862 3682 4916 pressus,
3706 4853 3788 4894 tum

2283 4929 2541 4986 virtutem
2570 4933 2846 5002 patientiae
2887 4948 3108 4991 scrvare
3153 4951 3257 4990 non
3297 4936 3512 5002 sufﬁcit,
3558 4935 3702 4992 David
3735 4929 3789 4984 ia-

2281 5031 2427 5078 ctum
2479 5023 2548 5076 ad
2613 5023 2930 5078 memoriam
2987 5026 3233 5080 reducat.
3287 5025 3648 5082 Parturientes
3688 5024 3787 5079 enil

2281 5127 2475 5170 cervas
2522 5112 2818 5167 observare
2867 5123 2970 5181 est,
3029 5117 3172 5187 ipsos
3221 5117 3433 5176 labores
3476 5119 3694 5181 Patrum,
3727 5109 3788 5181 qui

2281 5201 2552 5273 spiritales
2612 5199 2750 5254 ﬁlios
2814 5213 3111 5273 genuerunt
3134 5242 3150 5270 ,
3207 5214 3364 5262 cauta
3425 5203 3789 5264 consideration

2280 5305 2527 5361 pensare.
2563 5291 2737 5350 Cauta
2767 5294 2965 5363 quippe
3010 5310 3068 5349 se
3113 5295 3491 5354 observatione
3536 5290 3789 5361 circumspi-
