3934 5400
165 296 256 359 13⁵1

846 293 1141 350 EPITOME
1178 289 1540 348 MORALIUM
1584 289 1640 343 S.
1683 286 1891 344 CREG.
1933 287 2000 342 IN
2037 286 2175 343 JOB.
2215 315 2284 326 -κ
2321 285 2445 341 LIB.
2490 286 2656 342 XXX.

3279 293 3381 348 158

166 407 245 467 Dei
269 411 390 466 ﬁlios
438 409 578 464 intra
623 415 837 462 uterum
877 404 1161 460 charitatis
1201 410 1437 473 portant.
1493 398 1692 470 Sequi-
1724 417 1772 475 Α
1871 395 2032 452 Vens.
2065 398 2118 452 5.
2155 397 2284 463 Quis
2307 399 2508 452 dimisit
2532 415 2786 469 onagrum
2809 399 3026 454 liberum
3090 405 3144 456 in
3193 404 3380 457 solitu-

165 510 242 555 tur
266 518 278 553 :

1801 487 1969 541 dine?
2014 517 2081 526 -—
2136 488 2405 541 Subaudis
2453 495 2511 541 ut
2557 488 2694 557 ego?
2745 487 2850 542 Per
2889 504 3151 561 onagrum
3196 507 3383 549 eorum

224 589 364 647 Vens.
397 588 450 642 2.
475 586 534 642 Si
563 585 846 641 numerasti
872 599 1073 639 menses
1096 592 1370 652 conceptus
1409 598 1610 635 earum.
1633 611 1702 623 —-
1801 578 1909 630 vita
1939 577 2200 644 signatur,
2235 577 2328 646 qui
2355 591 2387 630 a
2429 578 2600 631 turbis
2625 578 2972 648 popularibus
3021 584 3213 636 remoti
3249 597 3381 642 con-

161 679 419 742 Subaudis,
449 688 507 730 ut
540 691 661 748 ego,
692 675 783 744 qui
813 675 866 728 in
891 675 1093 729 sanctis
1121 673 1564 742 prardicatoribus
1594 689 1700 726 non

156 769 308 824 solum
352 766 558 821 fructus
609 764 896 819 exterioris
943 764 1143 834 operis,
1200 763 1294 816 sed
1356 763 1500 832 ipsas
1546 763 1704 817 diuti-

155 873 246 913 nas
280 855 625 926 cogitationes
693 866 939 918 numero,
987 853 1112 922 quia
1168 853 1236 905 ad
1295 852 1704 905 retributionem

155 963 314 1003 servo.
341 946 524 1000 Sancti
547 943 688 1000 enim
719 945 820 998 viri
850 959 974 998 cum
998 944 1064 998 de
1107 943 1351 1014 profectu
1400 944 1704 997 auditorum

153 1041 390 1108 cogitant,
417 1036 568 1106 quasi
609 1035 724 1104 jam
773 1035 827 1089 in
873 1045 1082 1089 uterum
1105 1045 1423 1104 conceptum
1450 1043 1704 1104 portant;

154 1130 388 1193 sed,cum
419 1125 693 1192 nonnulla,
719 1141 842 1195 qua:
865 1125 1091 1180 dicenda
1140 1134 1282 1191 sunt,
1327 1123 1602 1189 diﬂ‘crnnt,
1656 1134 1710 1180 ct

152 1233 320 1293 aptum
355 1223 465 1277 suis
487 1219 948 1276 exhortationibus
979 1226 1190 1289 tempus
1233 1226 1505 1288 quarunt,
1545 1217 1710 1271 veluti

152 1323 344 1384 aperto,
381 1327 540 1381 quem
571 1310 686 1364 fieri
713 1318 991 1378 appetunt,
1023 1309 1078 1363 in
1101 1308 1361 1362 mensium
1405 1306 1713 1376 prolixitate

149 1407 445 1461 dilatantur.
476 1403 706 1458 Possunt
731 1417 828 1472 per
854 1416 1088 1464 menses,
1132 1400 1257 1469 quia
1309 1399 1551 1468 congesti
1597 1399 1714 1454 dics

151 1505 286 1560 sunt,
316 1496 474 1550 etiam
507 1493 874 1562 multiplicata:
897 1492 1124 1545 virtutes
1150 1489 1400 1558 intelligi.
1450 1488 1507 1542 In
1565 1503 1715 1543 men-

1804 677 2111 723 versantur.
2135 667 2237 734 Qui
2261 675 2384 738 apte
2413 668 2575 721 etiam
2599 668 2734 723 liber
2754 668 2972 735 dicitur,
2999 672 3126 740 quia
3187 688 3382 745 magna

1803 770 1889 816 est
1913 761 2148 815 servitus
2200 759 2542 814 szccularium
2597 760 2956 830 negotiorum,
3001 762 3197 831 quibus
3234 778 3390 819 mens

1806 855 2154 909 vehementer
2168 853 2435 916 atteritur,
2452 853 2700 922 quamvis
2713 854 2766 907 in
2781 854 2860 909 eis
2874 866 3064 924 sponte
3076 856 3388 921 desudetur,

1807 957 1872 998 ac
1899 942 1946 995 si
1978 956 2136 1010 quem
2162 942 2328 996 semel
2361 957 2391 995 a
2415 942 2785 998 dominatione
2810 943 3200 1000 desideriorum
3248 945 3388 1001 colla

1815 1031 2013 1086 mentis
2039 1032 2365 1096 excusserit,
2397 1031 2630 1100 quadam
2651 1031 2761 1101 jam
2783 1030 3034 1086 libertate
3074 1033 3388 1102 perfruitur,

1811 1123 1878 1178 ab
1908 1123 2010 1176 hoc
2036 1123 2187 1194 gravi
2230 1122 2360 1192 jugo
2413 1122 2690 1176 servitutis
2734 1120 2996 1190 Dominus
3041 1134 3262 1178 revocat
3309 1126 3393 1179 di-

1811 1227 1940 1267 cens
1967 1231 1980 1266 :
2017 1232 2035 1264 (
2073 1213 2263 1268 Venite
2295 1214 2361 1267 ad
2392 1228 2499 1278 me,
2523 1227 2713 1267 omnes
2734 1213 2826 1281 qui
2858 1211 3134 1278 laboratis,
3159 1223 3216 1269 et
3255 1231 3394 1271 one-

1813 1304 1921 1357 rati
1951 1303 2083 1358 estis
2107 1302 2324 1374 (Matth.
2359 1319 2418 1368 ιι,
2449 1303 2565 1370 28).
2616 1323 2634 1354 ι
2699 1303 2862 1357 Liber
2908 1319 3038 1372 ergo
3084 1305 3393 1369 dimittitur,

1816 1396 1940 1465 quia
1969 1395 2192 1450 calcatis
2222 1396 2454 1450 terrenis
2502 1394 2786 1450 desideriis
2835 1397 3168 1466 appetitione
3211 1412 3394 1452 rerum

1818 1485 2195 1557 temporalium
2228 1487 2573 1540 securitatem
2604 1487 2802 1540 mentis
2822 1496 3102 1541 exonerat.
3133 1486 3396 1542 Mvsrtce.
3425 1547 3437 1564 η

148 1587 291 1640 sibus
317 1598 530 1654 quoque
587 1583 715 1637 luna
773 1581 1102 1645 renascitur,
1148 1580 1390 1648 nihilque
1439 1579 1620 1633 obstat
1672 1577 1720 1633 si
1819 1576 1929 1632 Nec
1961 1577 2237 1648 indignum
2267 1577 2390 1646 quis
2414 1575 2620 1645 judicet
2647 1591 2745 1646 per
2767 1577 2871 1631 tale
2893 1577 3118 1644 animal,
3145 1578 3399 1633 incarna—

144 1691 243 1746 per
267 1690 470 1729 menses
496 1688 646 1729 nova:
692 1671 1114 1742 regenerationis
1162 1678 1413 1724 creatura
1455 1669 1714 1738 signetur.

1821 1677 1934 1723 tum
1967 1669 2255 1723 Dominum
2277 1683 2438 1737 posse
2461 1668 2699 1738 figurari,
2733 1669 2827 1738 qui
2882 1669 2935 1721 in
2979 1668 3259 1739 Scriptura
3305 1685 3398 1725 sa-

145 1765 220 1819 De
245 1780 341 1833 qua
382 1763 579 1816 Paulus
615 1761 888 1831 apostolus
919 1761 995 1814 ait
1023 1778 1036 1814 :
1075 1778 1094 1811 ι
1128 1759 1185 1812 In
1215 1759 1433 1814 Christo
1461 1757 1585 1814 Jesu
1627 1772 1720 1811 nc-
1750 1773 1793 1830 Β
1821 1771 1913 1810 cra
1941 1755 2141 1810 vermis
2166 1764 2222 1810 et
2256 1757 2547 1811 scarabeus
2575 1757 2897 1810 nominatur.
2938 1756 3008 1811 Ut
3032 1757 3192 1813 illud:
3226 1778 3244 1810 ‹
3280 1759 3393 1828 Ego

142 1868 250 1922 que
275 1851 604 1908 circumcisio
636 1850 838 1920 aliquid
865 1849 1024 1914 valet,
1059 1864 1233 1918 neque
1253 1847 1595 1917 praeputium,
1625 1846 1718 1901 sed

144 1957 277 1997 nova
291 1953 532 1996 creatura
558 1939 703 2011 (Gal.
736 1957 812 2005 vl,
836 1940 946 2008 15).
970 1959 990 1991 s
1027 1938 1214 1993 Sancti
1238 1939 1400 2008 igitur
1425 1953 1545 1992 cum
1570 1951 1627 1991 se
1654 1937 1722 1990 ad

141 2032 531 2102 praedicandum
544 2030 923 2100 parant,'prius
941 2045 1001 2084 se
1019 2029 1554 2096 interiusvirtutibus
1568 2029 1722 2082 iuno-

140 2131 289 2187 vant,
306 2132 363 2176 ut
388 2122 453 2175 ad
473 2122 575 2176 hoc
590 2121 730 2189 quod
747 2118 1013 2189 loquendo
1027 2119 1238 2182 docent,
1256 2119 1484 2172 vivendo
1502 2133 1724 2172 concor-

141 2215 289 2267 dent.
307 2212 511 2267 Curant
536 2225 882 2281 summopere
907 2211 1347 2277 utieontrairam,
1372 2211 1722 2280 patientiam;

139 2312 328 2356 contra
367 2301 657 2367 luxuriam,
696 2302 878 2356 cordis
912 2301 1228 2358 munditiam
1269 2307 1491 2370 ponant,
1539 2301 1724 2368 sicque

139 2395 194 2446 in
226 2402 513 2463 conspectu
542 2402 744 2448 sanctae
767 2392 1170 2462 praedicationis
1200 2407 1413 2447 menses
1460 2392 1723 2444 virtutum

136 2482 278 2536 ﬁunt
301 2521 316 2546 ,
345 2498 481 2550 quos
510 2491 688 2537 tamen
709 2496 920 2536 menses
961 2481 1219 2535 Dominus
1275 2479 1422 2536 solus
1477 2479 1724 2533 dinumeo

136 2582 252 2635 rat,
281 2572 373 2640 qui
419 2572 610 2626 eadem
657 2572 800 2626 bona
852 2571 908 2625 in
952 2585 1139 2625 eorum
1200 2571 1455 2625 cordibus
1517 2569 1727 2623 nonnisi

135 2660 232 2728 qui
294 2660 464 2726 dedit,
489 2671 696 2730 pensat.
736 2660 994 2730 Sequitur
1023 2679 1035 2713 :
1070 2661 1296 2714 Etscisti
1320 2670 1518 2729 (corpus
1545 2669 1727 2729 partus

133 2767 324 2804 earum
348 2751 371 2803 ?
399 2781 470 2790 —
509 2750 803 2817 Subaudis,
828 2760 884 2804 ut
912 2765 1034 2822 ego,
1065 2751 1180 2820 qui,
1233 2750 1360 2804 dum
1421 2750 1474 2802 in
1518 2749 1724 2819 cogita-

133 2841 286 2894 tione
310 2840 572 2894 virtutum
601 2855 811 2896 menses
833 2841 1133 2906 dinumero,
1159 2841 1371 2910 quando
1412 2840 1530 2902 hoc,
1587 2838 1728 2908 quod

128 2932 365 3001 implere
399 2929 677 3002 appetunt,
702 2947 891 3002 parere
919 2932 1150 2997 valeant,
1176 2931 1309 2986 scio.
1340 2929 1633 2998 Sequitur:

205 3021 378 3075 Vens.
412 3021 465 3074 5.
495 3020 850 3075 Incuruantur
879 3021 949 3075 ad
987 3021 1173 3090 fetum,
1230 3032 1276 3074 et
1319 3021 1561 3090 aperiunt
1610 3020 1728 3091 [pa-

1823 1863 1938 1901 sum
1965 1848 2164 1902 vermis
2195 1845 2367 1916 (Psal.
2414 1863 2530 1910 xxi,
2552 1847 2629 1917 7).
2662 1866 2680 1899 ι
2712 1846 2779 1901 Et
2807 1862 2821 1901 :
2859 1867 2876 1899 ι
2918 1848 3220 1905 Scarabeus
3237 1850 3304 1905 de
3333 1851 3402 1904 li-

1822 1950 1926 2006 gno
1951 1935 2222 1990 clamavit.
2259 1955 2277 1987 ι
2308 1936 2400 1993 Sic
2422 1936 2620 2006 quippe
2646 1952 2785 2007 agno
2813 1946 2867 1992 et
2910 1939 3148 2008 serpenti
3185 1956 3402 2011 compa-

1824 2039 1996 2084 ratur.
2027 2030 2132 2086 Per
2190 2033 2304 2086 haec
2337 2032 2485 2086 enim
2532 2033 2714 2087 omnia
2756 2033 2863 2088 dici
2913 2033 3260 2102 singulariter
3301 2049 3401 2104 po-

1824 2129 1950 2186 test,
1980 2122 2104 2190 quia
2131 2122 2197 2176 de
2232 2122 2318 2176 his
2363 2123 2614 2177 onmihus
2663 2123 2811 2178 credi
2859 2123 3063 2193 aliquid
3099 2123 3404 2179 essentiali-

1824 2220 1907 2266 ter
1961 2228 2065 2266 non
2107 2222 2301 2282 potest.
2352 2212 2536 2268 Potest
2587 2229 2718 2284 ergo
2785 2230 2990 2286 onager
3061 2217 3402 2272 incarnatum

1827 2303 2113 2358 Dominum
2143 2304 2450 2374 designare,
2475 2304 2593 2374 agri
2621 2306 2822 2374 quippe
2869 2316 2953 2361 est
3011 2306 3216 2361 animal
3264 2323 3402 2362 ona-

1825 2409 1940 2464 ger.
1971 2394 2036 2448 Et
2067 2395 2192 2464 quia
2233 2393 2550 2448 incarnatus
2591 2393 2854 2448 Dominus
2896 2395 3186 2465 gentilitati
3230 2398 3403 2471 magis

1827 2499 1988 2554 quam
2016 2483 2214 2539 Iudaeae
2242 2484 2461 2553 profuit,
2495 2485 2649 2555 quasi
2672 2500 2777 2540 non
2807 2487 2862 2540 in
2888 2487 3104 2542 domum
3129 2527 3144 2552 ,
3172 2489 3266 2544 sed
3301 2503 3408 2557 po-

1827 2577 1937 2630 tius
1957 2576 2010 2630 in
2037 2591 2227 2646 agrum
2249 2578 2416 2632 venit.
2467 2575 2605 2632 Hinc
2654 2578 2918 2649 scriptum
2963 2589 3086 2635 est:
3138 2598 3157 2631 ι
3188 2579 3408 2650 Species

1828 2669 1940 2739 agri
1975 2683 2184 2724 mecum
2213 2676 2297 2723 est
2327 2668 2500 2740 (Psal.
2530 2685 2606 2735 ix,
2641 2669 2749 2740 11).
2791 2685 2810 2722 ι
2837 2670 2904 2723 Et
2923 2671 3048 2740 quia
3090 2671 3406 2729 incarnatus

1828 2761 2089 2816 Dominus
2116 2764 2387 2832 particeps
2414 2772 2614 2819 nostra:
2657 2762 2834 2820 factus
2878 2771 2966 2820 est
3017 2772 3244 2830 naturae,
3297 2781 3407 2821 non

1828 2850 2020 2920 culpae,
2046 2850 2182 2906 liber
2209 2852 2463 2908 dimissus
2492 2855 2712 2920 dicitur,
2742 2853 2868 2924 quia
2901 2855 3001 2910 sub
3048 2856 3255 2925 peccati
3309 2857 3406 2914 do-

1829 2940 1997 2994 minio
2028 2956 2131 2995 non
2164 2949 2397 2997 tenetur.
2430 2943 2504 2998 De
2568 2957 2676 3013 quo
2722 2944 2856 3000 alias
2905 2945 3144 3000 dicitur:
3202 2965 3221 2998 ‹
3262 2945 3407 3003 Inter

1828 3040 2070 3086 mortuos
2100 3031 2238 3088 liber
2263 3031 2433 3103 (I‘sal.
2481 3050 2723 3100 Lxxxvn,
2753 3035 2829 3106 5).
2875 3056 2893 3089 ι
2932 3054 2950 3088 ι
2983 3036 3170 3092 Omnis
3204 3059 3223 3092 ι
3256 3039 3402 3094 enim

125 3112 334 3184 riunt],
362 3122 410 3165 et
438 3113 641 3182 rugitus
677 3115 939 3166 emittunt.
966 3143 1036 3152 —
1057 3113 1299 3183 Mugiunt
1339 3113 1554 3182 quippe,
1599 3113 1717 3168 dum

1837 3143 1856 3177 ι
1900 3127 1992 3196 qui
2022 3127 2152 3182 facit
2180 3138 2482 3198 peccatum,
2512 3145 2700 3186 servus
2726 3141 2810 3187 est
2838 3133 3043 3202 peccati
3066 3133 3247 3205 (Joan.
3281 3150 3405 3201 vm,

122 3221 233 3273 per
261 3205 696 3260 incurvationem
721 3222 872 3260 suam
903 3208 957 3259 in
993 3207 1403 3261 conversatione
1430 3206 1568 3261 lucis
1616 3223 1716 3260 au-

122 3299 376 3351 ditorum
403 3297 616 3351 animas
641 3299 888 3368 gignunt,
913 3300 1038 3368 quia
1069 3300 1136 3354 ab
1176 3299 1396 3353 :eternis
1445 3299 1720 3369 suppliciis

119 3404 234 3443 nos
268 3401 578 3453 removere,
605 3390 708 3442 nisi
732 3388 907 3446 flendo
928 3399 982 3444 et.
1028 3389 1256 3444 dolendo
1305 3405 1410 3444 nou
1473 3398 1718 3460 possunt.

119 3477 274 3531 Hinc
325 3475 527 3532 Paulus
565 3478 814 3533 dicebat:
869 3498 886 3530 ι
925 3479 1104 3534 Filioli
1148 3480 1292 3544 mei,
1335 3494 1470 3548 quos
1525 3479 1723 3533 iterum

115 3569 409 3640 par-torio,
435 3570 604 3625 donec
627 3570 892 3626 formetur
917 3569 1166 3625 Christus
1198 3571 1250 3625 in
1281 3571 1434 3625 vobis
1479 3569 1620 3641 (Gal.
1648 3586 1724 3636 ιν,

116 3661 259 3732 19);
305 3681 328 3713 ι
363 3671 459 3717 et:
505 3682 523 3714 ι
561 3662 605 3718 Ο
635 3663 894 3717 inseusati
919 3662 1143 3728 Galatze,
1167 3684 1186 3715 ›
1215 3673 1318 3719 etc.
1363 3662 1502 3734 (Gal.
1535 3681 1617 3730 ιιι,
1650 3665 1725 3733 ιι.)

110 3754 453 3809 Notandum
484 3769 613 3810 vero
638 3765 720 3810 est
741 3757 884 3824 quod
914 3756 1265 3809 incurvantur
1303 3755 1421 3811 istae
1470 3769 1643 3810 cervae
1670 3766 1727 3810 ut

122 3848 392 3916 pariant,
432 3847 560 3916 quia
591 3847 659 3901 ab
707 3846 1071 3901 immensitate
1122 3846 1592 3915 contemplationis
1640 3849 1726 3902 in-

113 3939 332 4003 timae,
391 3939 462 3992 ad
511 3938 882 3993 infirmitatem
957 3948 1196 3992 nostram
1271 3938 1726 3994 condescendunt.

105 4026 273 4081 Hinc
304 4027 510 4082 Paulus
536 4029 648 4081 ait:
683 4045 702 4078 ‹
735 4027 850 4082 Non
874 4028 1021 4098 potui
1049 4029 1200 4083 vobis
1226 4028 1372 4099 loqui
1415 4030 1568 4099 quasi
1622 4029 1732 4100 spi-

107 4118 424 4182 ritalibus,
457 4119 554 4173 sed
609 4120 765 4188 quasi
809 4119 1135 4184 carnalibus,
1192 4107 1448 4188 tanquam
1491 4120 1730 4190 parvulis

103 4209 172 4262 in
208 4209 450 4264 Christo
477 4209 562 4264 lac
585 4210 735 4264 vobis
761 4217 947 4280 potum
985 4209 1130 4276 dedi,
1181 4224 1288 4264 non
1313 4225 1494 4266 escam
1521 4210 1574 4281 (ι
1603 4210 1726 4264 Cor.

101 4314 208 4365 ιιι,
243 4302 307 4366 Ἰ,
333 4302 418 4370 2).
454 4321 478 4354 ι
527 4300 823 4372 Sequitur:

187 4393 384 4448 Vsus.
407 4393 463 4446 4.
485 4393 808 4463 Separantur
817 4395 918 4464 ﬁlii
931 4411 1146 4461 earum;
1174 4406 1389 4467 pergunt
1415 4396 1484 4450 ad
1501 4406 1731 4467 pastum,

1821 3219 1932 3290 54).
1966 3239 1984 3272 ι
2018 3219 2117 3274 Hic
2143 3221 2339 3290 quippe
2368 3221 2622 3277 dimissus
2645 3232 2726 3277 est
2758 3223 2918 3290 liber,
2973 3225 3099 3294 quia
3149 3234 3404 3281 naturam

1822 3319 2062 3364 nostram
2090 3312 2413 3380 suscipiens,
2450 3313 2758 3384 iniquitatis
2791 3313 2922 3386 jugo
2966 3315 3278 3372 nullumodo
3323 3326 3404 3372 te-

1823 3411 2004 3456 netur.
2039 3401 2296 3474 Sequitur
2321 3423 2334 3458 :
2365 3403 2431 3458 Et
2459 3406 2669 3460 vincula
2691 3406 2804 3477 ejus
2823 3409 2939 3479 quis
2968 3409 3117 3464 solvit
3142 3410 3407 3467 ?—Sub-

1825 3492 2012 3557 audis,
2070 3494 2173 3548 nisi
2226 3496 2369 3564 ego?
2427 3495 2722 3552 Solvuntur
2781 3514 2912 3554 vero
2979 3502 3405 3572 uniuscujusque

1825 3583 2036 3638 vincula
2066 3585 2193 3638 dum
2229 3586 2410 3640 divi-no
2436 3587 2706 3657 adjutorio
2748 3590 2959 3643 interna
3005 3591 3400 3646 desideriorum

1827 3675 2126 3730 carnalium
2158 3678 2458 3733 retinacula
2515 3679 2959 3752 disrumpuntur.
3005 3681 3176 3737 Solvit
3225 3683 3411 3752 itaque

1828 3764 1970 3820 Deus
1999 3769 2187 3838 onagri
2215 3769 2447 3834 vincula,
2483 3771 2700 3839 quando
2753 3773 2821 3826 ab
2878 3772 3036 3830 electi
3063 3774 3408 3842 uniuscujus-

1828 3871 1932 3925 que
1953 3857 2134 3912 animo
2185 3858 2523 3914 infirmarum
2575 3861 2965 3932 cogitationum
3012 3863 3182 3918 nodos
3229 3878 3412 3918 erum-

1828 3948 1928 4016 pit,
1961 3956 2015 4001 et
2042 3949 2303 4019 propitius
2329 3950 2554 4021 dissipat
2579 3967 2741 4007 omne
2769 3953 2911 4021 quod
2942 3952 2993 4006 in
3031 3951 3202 4008 electa
3231 3961 3414 4008 mente

1838 4037 2135 4108 ligabatur.
2160 4039 2378 4094 Tvpics.
2404 4039 2630 4095 Vincula
2667 4042 2874 4096 Domini
2905 4051 3030 4097 tunc
3058 4043 3232 4098 soluta
3262 4053 3408 4108 sunt,

1835 4143 1957 4183 cum
1982 4127 2327 4183 infirmitates
2349 4129 2640 4199 passionis,
2669 4129 2814 4184 illius
2839 4132 3256 4186 resurrectionis
3285 4141 3415 4188 sunt

1833 4217 2000 4289 gloria
2025 4228 2389 4273 commutata.
2423 4220 2644 4276 Esurire
2664 4222 2832 4288 enim,
2885 4223 3060 4290 sitire,
3117 4223 3411 4290 lacessere,

1833 4313 2027 4378 teneri,
2057 4311 2336 4396 ﬂagellari,
2380 4315 2623 4387 crucifigi
2663 4325 2862 4373 nostra:
2905 4318 3252 4374 mortalitatis
3292 4319 3415 4373 vin-

1837 4405 2017 4459 culum
2042 4403 2164 4458 fuit.
2197 4404 2306 4460 Sed
2335 4422 2459 4462 cum
2486 4408 2698 4478 expleta
2723 4417 2894 4463 morte
2918 4409 3116 4464 inferni
3167 4409 3410 4464 claustra

95 4486 494 4554 cgrediunmr
513 4495 562 4538 et
585 4502 687 4539 non
710 4496 1150 4540 rerertuntur.—-
1178 4487 1400 4541 Pastqu
1451 4489 1728 4558 Scriptura
1765 4465 1810 4522 θ
1836 4505 2218 4564 patescerent,
2283 4498 2412 4566 quid
2471 4465 2614 4554 amid
2664 4501 2769 4556 nisi
2829 4502 3162 4556 inﬁrmitatis
3212 4510 3414 4556 noslm

97 4591 291 4630 sacra
331 4575 468 4630 illud
506 4575 794 4631 viriditatis
811 4587 1027 4630 :eterna:
1046 4578 1299 4645 pabulum
1345 4587 1519 4632 vocat.
1584 4578 1732 4634 Unde

93 4666 439 4723 Psalmista
470 4667 583 4721 ait:
621 4686 640 4719 ί
701 4668 962 4723 Dominus
1006 4669 1146 4738 regit
1207 4683 1315 4734 me,
1355 4688 1375 4721 ι
1438 4678 1540 4725 etc.
1610 4669 1728 4742 (Ps.

91 4777 265 4828 xm,
309 4761 370 4831 1)
401 4771 457 4816 et
496 4777 711 4816 rursum
758 4778 772 4816 :
817 4781 836 4814 α
865 4761 974 4816 Nos
1013 4771 1192 4816 autem
1235 4763 1463 4832 populus
1508 4763 1624 4833 ejus
1677 4772 1732 4820 et

90 4867 254 4907 oves
306 4867 537 4922 pascua:
563 4853 683 4920 ejus
711 4849 831 4922 (Ps.
869 4867 1016 4917 xcrx,
1042 4851 1120 4922 5).
1158 4870 1177 4904 ι
1213 4851 1451 4922 Pergunt
1491 4868 1620 4924 ergo
1665 4855 1733 4909 ad

84 4953 388 5011 pastum,
423 4942 550 5011 quia
586 4942 654 4996 de
684 4942 998 5011 corporibus
1019 4953 1285 4998 exeuntes
1315 4945 1401 4996 illa
1429 4946 1618 5013 pabula
1647 4947 1732 5000 in-

85 5042 307 5086 termc
353 5032 653 5085 viriditatis
683 5032 979 5086 inveniunt.
1015 5031 1080 5085 Et
1108 5048 1210 5086 non
1280 5045 1610 5089 reuertuntur
1663 5037 1732 5089 ad

73 5138 217 5175 eas.
262 5120 430 5188 Quia
461 5121 515 5175 in
545 5121 632 5175 illa
659 5131 909 5190 suscepta
935 5123 1391 5191 contemplatione
1405 5122 1520 5190 jam
1562 5127 1734 5180 nulla-

75 5221 284 5240 ιΑ--.-ι-
330 5212 576 5240 Ξηιιζηη-ιο
603 5213 764 5240 -νΛιοιὶα
814 5214 999 5240 σημεῖ-,Α
1048 5213 1335 5240 ,ὶζηηηιῖηννι
1404 5213 1540 5240 11:.--

1591 5232 1729 5240 ..σι..“

1837 4587 2047 4641 vincula
2079 4587 2467 4643 solvebantur?
2497 4590 2567 4644 De
2591 4591 2786 4660 quibus
2811 4591 3044 4646 vinculis
3067 4591 3260 4646 Petrus
3290 4591 3367 4645 ait
3393 4606 3411 4645 :

1842 4695 1861 4729 ‹
1891 4676 2060 4744 Quem
2083 4677 2225 4733 Deus
2254 4682 2558 4746 suscitavit,
2607 4681 2798 4735 solutis
2851 4682 3131 4738 doloribus
3189 4679 3409 4745 inferni,

1831 4769 1987 4838 juxta
2023 4770 2164 4839 quod
2190 4769 2521 4838 impossibile
2554 4780 2675 4826 erat
2706 4772 2880 4826 teneri
2904 4772 3057 4826 illum
3083 4770 3152 4824 ab
3177 4783 3242 4823 eo
3270 4768 3413 4839 (Act.

1840 4873 1901 4920 ιι,
1933 4858 2047 4930 24).
2089 4878 2108 4911 ι
2143 4857 2404 4927 Sequitur
2435 4877 2449 4912 :

1901 4949 2062 5006 Vens.
2093 4952 2146 5006 6.
2191 4950 2290 5004 Cui
2339 4950 2460 5003 dedi
2517 4955 2570 5006 in
2615 4951 2898 5008 solitudine
2955 4955 3273 5008 domum.-—
3302 4944 3422 5000 Hoc

1836 5040 1954 5095 loco
1981 5043 2330 5097 solitudinem
2356 5041 2619 5099 debemus
2669 5043 2976 5112 intelligere
3024 5037 3285 5114 corporis,
3347 5049 3425 5090 an

1837 5132 2186 5188 solitudinem
2214 5131 2392 5185 cordis
2412 5131 2437 5183 ?
2464 5131 2572 5189 Sed
2598 5132 2726 5204 quid
2751 5141 2834 5184 est
2877 5132 3115 5189 solitudo
3159 5123 3415 5194 corporis,

2565 5225 2594 5240 ιο
2653 5223 2678 5240 ο
2727 5219 2823 5240 Au!

3109 5229 3294 5240 --.ιλ-Α
3339 5228 3400 5240 -Α
