3934 5400
574 383 677 438 659
1482 373 1539 430 S.
1582 373 1762 431 01)οΝ
1770 374 1829 430 lS
1864 373 2150 429 ABBATlS

577 502 630 555 in
660 499 811 552 urbe.
839 496 1038 552 Omnes
1067 492 1213 548 enim
1244 497 1423 545 motus
1446 489 1754 559 importune
1799 503 1859 543 se
1909 486 2146 543 offeren-

579 593 710 645 tium
734 587 934 643 levium
958 584 1349 655 cogitationum
1393 583 1552 652 quasi
1605 581 1872 650 quasdam
1918 579 2152 635 circum-

576 682 819 737 volantes
857 691 1071 733 muscas
1110 676 1180 730 ab
1207 673 1376 730 oculis
1398 671 1593 728 mentis
1620 672 1788 742 abigit
1809 686 1973 724 manu
2028 684 2154 741 gra-

579 778 796 841 vitatis,
854 784 910 830 et
959 772 1228 842 quoddam
1268 768 1370 822 sibi
1428 782 1549 822 cum
1600 764 1830 819 Domino
1884 770 2152 817 secretum

575 870 720 929 intra
770 883 829 923 se
872 865 1087 935 qumrit,
1140 862 1230 916 ubi
1259 874 1381 915 cum
1430 857 1540 920 illo,
1589 854 1861 910 exteriore
1904 860 2156 907 cessante

567 960 841 1029 strepitu,
891 969 987 1025 per
1046 954 1257 1008 interna
1316 946 1584 1003 desideria
1643 944 1864 999 silenter
1922 943 2152 1012 loquan-

568 1062 691 1107 tur.
761 1051 836 1105 De
893 1048 996 1103 hoc
1051 1053 1263 1100 secreto
1318 1040 1500 1097 cordis
1560 1038 1694 1092 alias
1753 1036 1961 1092 dictum
2013 1042 2151 1090 est:

588 1163 607 1196 ι
640 1143 861 1198 Factum
889 1148 984 1210 est
1020 1135 1291 1192 silentium
1347 1133 1401 1187 in
1443 1129 1580 1186 cmlo
1610 1128 1764 1198 quasi
1795 1127 1971 1183 media
2023 1126 2156 1180 hora

582 1233 780 1308 (Apoc.
842 1247 969 1295 vut,
1027 1228 1118 1300 l).
1168 1245 1186 1279 ι
1235 1226 1593 1280 Αιιεςοιιιεε.
1654 1219 1758 1274 Per
1810 1216 2155 1273 solitudinem

581 1326 862 1400 gentilitas
885 1322 1222 1393 designatur,
1252 1318 1306 1371 in
1358 1330 1468 1385 qua
1516 1314 1642 1368 dum
1682 1308 2001 1381 patriarcha
2045 1322 2156 1363 non

581 1418 689 1474 fuit
719 1417 787 1471 ad
820 1410 1228 1483 intelligendum
1248 1408 1445 1470 Demn,
1505 1404 1596 1474 qui
1652 1403 1861 1456 ratione
1914 1407 2158 1453 uteretur

582 1506 829 1571 nonfuit,
862 1505 1022 1558 homo
1046 1515 1184 1569 pene
1216 1513 1321 1552 non
1355 1494 1473 1549 fuit.
1501 1494 1636 1548 llinc
1660 1490 1826 1545 Isaias
1847 1489 1924 1542 ait
1950 1506 1964 1542 :
2002 1504 2019 1539 t
2042 1486 2148 1541 La:-

583 1600 788 1653 tabitur
816 1597 1025 1651 deserta
1050 1601 1105 1647 ct
1125 1590 1288 1655 invia,
1318 1596 1373 1643 et
1394 1584 1688 1642 exsultabit
1707 1581 1959 1647 solitudo,
1991 1589 2044 1634 et
2063 1578 2160 1634 llo-

585 1686 895 1757 rebitquasi
948 1684 1116 1738 lilium
1170 1679 1306 1752 (Isa.
1352 1692 1517 1742 xxxv,
1548 1676 1621 1746 l).
1660 1694 1682 1727 θ
1717 1673 1784 1727 ΕΙ.
1834 1686 2049 1726 rursum
2093 1670 2159 1724 de

580 1778 822 1834 Ecclesia
846 1776 1082 1830 dicitur:
1121 1790 1140 1824 ι
1180 1772 1349 1825 Ponet
1381 1768 1652 1821 desertum
1680 1763 1796 1832 ejus
1821 1762 1976 1830 quasi
2017 1758 2156 1815 deli—

579 1871 716 1936 cias,
748 1877 805 1923 et
832 1865 1177 1921 solitudinem
1200 1860 1317 1929 ejus
1343 1859 1499 1928 quasi
1527 1857 1741 1910 hortum
1776 1851 1983 1907 Domini
2015 1850 2151 1920 (Isa.

578 1978 656 2027 ιι,
684 1961 793 2032 5).»
828 1958 886 2012 1η
918 1954 1209 2011 solitudine
1229 1965 1359 2021 ergo
1389 1947 1649 2002 Dominus
1677 1947 1894 1999 domum
1923 1942 2152 2012 accepit,

580 2057 673 2125 qui
706 2060 829 2123 post
856 2057 1084 2104 mortem
1114 2060 1178 2099 ac
1211 2040 1666 2099 resurrectionem
1709 2052 1864 2091 suam
1910 2035 1978 2125 ad
2027 2048 2153 2103 gra-

505 2130 518 2143 ’
580 2124 712 2202 tiam
739 2143 860 2199 ﬁdei
888 2139 1245 2213 gentilitatem
1274 2147 1467 2189 vocare
1510 2132 1763 2200 dignatus
1809 2137 1915 2182 est.
1957 2124 2152 2195 Sequi-

581 2233 807 2290 tur:Et
837 2226 1232 2287 tabernaculum
1268 2224 1384 2294 ejus
1436 2222 1490 2276 in
1541 2230 1681 2274 terra
1730 2215 2031 2285 salsugim‘s.
2088 2241 2157 2254 —-

579 2328 810 2397 Salsugo
837 2322 1133 2378 accendere
1157 2317 1303 2372 sitim
1352 2313 1511 2378 solet,
1558 2318 1614 2366 et
1657 2309 1783 2378 quia
1831 2306 2013 2397 sancti
2052 2304 2153 2359 viri

576 2415 819 2490 quandiu
846 2414 898 2467 in
924 2412 1082 2477 hujus
1110 2408 1235 2462 vita:
1261 2399 1626 2458 tabernaculis
1667 2400 1901 2490 degunt,
1951 2396 2153 2490 adsu-

576 2484 801 2581 pernam
827 2503 1060 2575 patriam
1110 2495 1366 2554 desiderii
1420 2492 1505 2548 sui
1552 2489 1884 2561 quotidianis
1932 2484 2154 2581 aestibus

576 2576 971 2659 accenduntur,
1008 2593 1061 2646 in
1114 2599 1263 2663 terga
1306 2584 1597 2655 salsuginis
1656 2577 2004 2635 tabernacula
2051 2576 2154 2630 ha-

570 2691 711 2746 bere
755 2686 1129 2758 perhibentur,
1160 2681 1300 2737 sicut
1327 2676 1588 2745 scriptum
1635 2681 1756 2726 est:
1814 2688 1833 2721 ι
1868 2669 2015 2723 Beati
2059 2666 2153 2737 qui

565 2757 823 2837 esuriant
859 2784 914 2831 et
943 2775 1137 2829 sitiunt
1167 2769 1457 2840 justitiam,
1498 2784 1517 2817 ι
1556 2775 1661 2819 etc.
1712 2760 1925 2834 (Matth.
1973 2774 2027 2825 v,
2072 2757 2151 2831 6.)

576 2875 935 2925 ALLEGORICB.
968 2865 1133 2919 Terra
1159 2860 1447 2929 salsuginis
1491 2855 1764 2928 gentilitas
1812 2851 2151 2922 intelligitur,

575 2978 698 3032 quae
734 2960 1049 3031 priusquam
1084 2969 1268 3008 veram
1310 2950 1407 3005 Dei
1432 2947 1753 3018 sapientiam
1777 2951 2150 3015 cognosceret,

572 3054 906 3123 salsuginem
955 3047 1289 3119 protulerat,
1358 3040 1485 3111 quia
1554 3037 1754 3091 trullam
1822 3035 2151 3090 viriditatem

574 3147 705 3205 boni
751 3142 1054 3198 intellectus
1110 3136 1395 3208 proferens
1450 3143 1704 3200 perversa
1753 3127 2019 3196 sapiebat.
2074 3123 2150 3178 De

576 3253 685 3308 qua
712 3235 973 3302 scriptum
994 3241 1083 3284 est
1125 3247 1137 3281 :
1172 3248 1191 3279 ι
1236 3227 1405 3280 Terra
1452 3221 1733 3275 fructifera
1781 3235 1813 3272 a
1856 3216 2147 3286 salsugine,

575 3342 684 3385 etc.
717 3348 735 3379 ι
769 3323 942 3398 (Psat.
975 3338 1086 3387 cvt,
1112 3318 1229 3390 54.)
1252 3312 1683 3372 Tabernaculum
1739 3324 1867 3380 ergo
1911 3310 1964 3363 in
2004 3318 2148 3361 terra

572 3418 857 3488 salsuginis
885 3417 1205 3482 Redemptor
1232 3416 1415 3463 noster
1464 3404 1702 3474 accepit,
1727 3402 1851 3471 quia
1895 3401 2145 3454 incarna-

573 3518 662 3563 tus
697 3522 796 3578 pro
826 3503 1136 3559 hominibus
1165 3499 1420 3554 derelicta
1447 3511 1478 3549 a
1501 3494 1615 3549 Deo
1635 3492 1955 3563 gentilitatis
1983 3490 2147 3545 corda

568 3596 837 3671 possedit.
869 3594 948 3648 De
978 3607 1084 3661 quo
1114 3590 1374 3658 scriptum
1404 3595 1525 3641 est:
1576 3602 1595 3635 ι
1632 3583 1821 3638 Posuit
1870 3583 2146 3636 desertum

574 3692 632 3746 in
663 3698 853 3759 stagna
894 3698 1179 3755 aquarum,
1203 3690 1257 3734 et
1284 3688 1483 3733 terram
1514 3677 1633 3730 sine
1681 3688 1820 3742 aqua
1863 3672 1917 3726 in
1963 3670 2147 3726 exitus

568 3794 835 3853 aquarum
859 3776 1049 3849 (Ibid.,
1079 3771 1191 3845 55').
1228 3789 1245 3821 ι
1274 3768 1531 3839 Sequitur
1556 3783 1572 3821 :

638 3871 809 3927 Vens.
835 3871 887 3924 7.
913 3867 1205 3922 Contemnit
1233 3860 1617 3917 multitudinem
1642 3857 1888 3912 civitatis.
1914 3884 1987 3897 --
2007 3853 2141 3908 Mul-

566 3966 858 4022 titudinetn
886 3960 1126 4017 civitatis
1145 3965 1493 4012 contemnere
1519 3961 1603 4007 est
1634 3953 1885 4004 humanae
1922 3962 2147 4003 conver-

570 4058 798 4114 sationis
819 4069 986 4125 prava
1024 4050 1201 4105 studia
1245 4046 1506 4109 devitarc,
1559 4052 1617 4096 ut
1660 4042 1772 4112 jam
1830 4056 1936 4095 non
1983 4038 2148 4093 libeat

568 4161 913 4205 terrenorum
939 4142 1216 4199 hominum
1245 4137 1336 4208 qui
1365 4150 1475 4207 prae
1487 4131 1822 4188 abundantia
1847 4129 2147 4200 iniquitatis

571 4240 732 4296 multi
776 4248 922 4303 sunt,
975 4235 1218 4306 perditos
1277 4244 1458 4285 mores
1510 4226 1730 4281 imitari.
1781 4227 1914 4280 (lum
1962 4223 2148 4293 paucis

567 4344 806 4399 namque
834 4326 1043 4397 ingredi
1107 4331 1392 4395 angustam
1444 4328 1655 4390 portam
1710 4316 2041 4381 desiderant,
2094 4323 2149 4370 et

563 4436 678 4477 non
708 4433 831 4473 cum
867 4416 1051 4470 multis
1077 4414 1195 4468 laeta
1224 4413 1420 4466 itinera
1452 4409 1661 4483 ingredi
1704 4415 2004 4477 appetunt,
2027 4420 2147 4474 qua:

569 4512 637 4566 ad
669 4508 943 4565 interitum
964 4506 1165 4561 ducunt
1192 4503 1407 4575 (Matth.
1438 4518 1537 4566 vn,
1569 4500 1677 4570 i5).
1709 4498 1864 4554 Unde
1884 4507 1939 4553 et
1959 4497 2144 4568 sponsi

2187 373 2678 431 CLUNlACENSlS
2713 377 2755 432 ll
3668 393 3742 450 ιω

2177 500 2222 558 Α
2252 497 2529 557 appetens,
2560 504 2820 559 prospera
2851 506 3131 561 spernens,
3162 496 3442 565 opprobria
3464 501 3742 571 amplectens,

2257 577 2480 647 gloriam
2511 578 2739 650 fugiens.
2785 579 2922 636 Nam
2962 598 3084 638 cum
3110 582 3277 641 Judaei
3308 586 3451 643 illum
3492 607 3641 664 regem
3673 600 3745 653 sibi

2256 671 2584 726 constituere
2612 673 2929 740 voluissent,
2970 674 3088 730 ﬁeri
3121 691 3213 732 rex
3245 678 3411 749 fugit;
3441 697 3639 754 cumque
3658 704 3747 743 eum

2256 760 2560 817 interﬁcere
2597 763 2933 831 molirentur,
2983 777 3174 837 sponte
3203 771 3269 824 ad
3299 772 3474 827 crucis
3512 776 3747 845 patibulum

2255 853 2420 907 venit.
2449 851 2584 918 Quia
2610 868 2743 925 ergo
2769 870 2907 910 nova
2939 860 3351 916 conversatione
3386 877 3513 919 usus
3539 865 3654 921 inter
3680 870 3749 922 ho-

2261 943 2459 1005 mines,
2507 944 2634 1013 quia
2688 961 2868 1002 mores
2925 959 3142 1005 secutus
3186 968 3293 1007 non
3341 964 3439 1018 est,
3482 956 3602 1012 bene
3637 959 3751 1016 dcco

2257 1033 2516 1103 scriptum
2566 1043 2650 1090 est
2715 1053 2726 1089 :
2791 1034 3085 1093 Contemnit
3145 1040 3521 1107 multitudinem
3565 1047 3749 1103 civitatis.

2258 1121 2356 1178 Vel
2382 1132 2526 1179 certe
2571 1124 2715 1196 quod
2747 1127 2947 1184 multos
2987 1145 3085 1200 per
3126 1133 3418 1202 spatiosarn
3455 1135 3585 1189 viam
3608 1152 3752 1208 vagan-

2258 1221 2339 1268 tes
2384 1214 2645 1281 deseruit,
2693 1226 2749 1272 et
2785 1233 2880 1289 per
2932 1230 3218 1291 angustam
3273 1225 3570 1294 gradientes
3607 1243 3756 1297 paucos

2255 1306 2434 1379 elegit.
2485 1308 2879 1367 Multitudinem
2929 1327 3161 1383 namque
3203 1315 3439 1371 civitatis
3479 1329 3756 1376 contemnere

2256 1410 2359 1466 est,
2387 1401 2607 1456 humani
2654 1406 2868 1472 generis
2893 1413 3125 1475 partem,
3154 1422 3273 1477 quae
3300 1409 3463 1463 latam
3489 1410 3615 1463 viam
3635 1411 3759 1482 ingre-

2257 1489 2422 1555 ditur,
2445 1506 2563 1560 quze
2592 1501 2647 1546 et
2675 1507 2774 1561 pro
2803 1494 3132 1549 abundantia
3164 1496 3466 1566 iniquitatis
3507 1499 3649 1553 multa
3684 1511 3757 1562 est,

2258 1595 2287 1634 a
2318 1582 2463 1651 regni
2515 1583 2598 1636 sui
2647 1591 2793 1637 sorte
2844 1586 3154 1654 reprobare.
3210 1584 3503 1655 Sequitur:
3533 1587 3759 1643 Clamorem

2257 1671 2515 1724 eructari:
2560 1689 2662 1726 non
2705 1674 2874 1727 audit.
2896 1705 2966 1714 —
2991 1675 3124 1743 Quis
3160 1676 3384 1745 intelligi
3433 1686 3632 1732 exactor
3665 1678 3760 1732 alits

2259 1770 2438 1830 potest
2464 1762 2566 1816 nisi
2597 1762 2874 1817 diabolus?
2915 1766 3005 1834 qui
3034 1765 3200 1820 semel
3239 1767 3292 1821 in
3336 1768 3579 1835 paradiso
3614 1767 3759 1822 homini

2184 1864 2229 1924 Β
2257 1851 2412 1906 male:
2433 1854 2799 1921 persuasionis
2827 1871 3106 1909 nummum
3136 1856 3388 1919 contulit,
3418 1865 3472 1911 et
3496 1857 3697 1927 quotidie
3715 1858 3761 1910 ab

2252 1958 2323 1998 eo
2362 1944 2522 2015 htljus
2561 1945 2722 1999 debiti
2751 1946 2967 2016 exigere
2998 1957 3205 2015 reatum
3237 1936 3453 2017 quaerit.
3498 1949 3645 2018 llujus
3671 1963 3761 2002 cra-

2254 2034 2422 2089 ctoris
2443 2049 2625 2091 sermo
2650 2044 2736 2090 est
2762 2037 2916 2091 mala:
2944 2038 3303 2108 suggestionis
3325 2038 3612 2093 inchoatio.
3631 2037 3761 2093 Scien-

2255 2126 2383 2180 dum
2417 2137 2677 2196 prmterca
2732 2138 2818 2182 est
2867 2131 2993 2199 quia
3043 2131 3279 2200 quinque
3333 2146 3438 2186 nos
3480 2131 3635 2185 modis
3668 2129 3763 2199 gula:

2254 2218 2445 2272 vitium
2490 2227 2684 2273 tentat.
2722 2219 3027 2289 Aliquando
3071 2236 3305 2291 namque
3351 2222 3640 2292 indigentia:
3670 2230 3766 2274 tctu-

2255 2324 2385 2380 pora
2430 2311 2715 2379 prtevenit,
2756 2322 2816 2366 ut
2839 2311 3108 2367 Jonathan
3143 2313 3194 2367 iu
3230 2322 3394 2382 gustu
3440 2313 3602 2369 mellis
3624 2311 3764 2366 edendi

2256 2409 2469 2469 tempus
2494 2403 2787 2457 antecessit
2822 2402 2875 2473 (1
2906 2402 3034 2474 Reg.
3076 2420 3190 2468 χιιι,
3213 2404 3332 2473 ‘27).
3360 2404 3647 2473 Aliquando
3676 2417 3765 2455 vero

2257 2501 2466 2561 tempus
2501 2509 2605 2547 non
2644 2494 2929 2563 prtevenit,
2975 2496 3070 2549 sed
3115 2495 3266 2549 cibos
3311 2495 3566 2549 lautiores
3606 2491 3765 2563 qumrit,

2252 2584 2394 2639 sicut
2437 2583 2665 2652 pOpulus
2694 2584 2747 2637 in
2793 2599 2976 2640 eremo
3003 2586 3153 2641 cibos
3187 2587 3437 2641 carnium
3481 2587 3642 2654 petiit,
3671 2600 3766 2653 quos

2252 2673 2513 2731 lautiores
2531 2676 2742 2745 putavit
2770 2677 2960 2747 (Num.
2991 2695 3071 2744 χι,
3095 2680 3183 2745 51,
3212 2680 3324 2750 52).
3349 2680 3642 2751 Aliquando
3658 2692 3765 2748 quae

2251 2766 2382 2823 libet
2405 2770 2663 2824 sumenda
2688 2770 2797 2823 sint
2824 2784 3129 2840 praeparare
3165 2773 3477 2828 accuratius
3512 2772 3705 2843 expetit,
3729 2778 3767 2822 ut

2251 2872 2387 2928 puer
2430 2859 2664 2914 ﬁliorum
2694 2859 2831 2923 lleli,
2880 2875 2987 2915 non
3032 2872 3217 2917 coctas
3263 2878 3420 2918 more
3457 2863 3766 2919 solitudes:-

2251 2953 2459 3009 criﬁcio
2489 2967 2705 3020 carnes,
2733 2954 2829 3009 sed
2868 2956 3065 3011 crudas
3105 2954 3407 3026 qumrcbat,
3440 2973 3571 3028 quas
3596 2969 3767 3010 aecum.

2251 3043 2357 3099 tius
2389 3044 2674 3099 exhiberet
2703 3042 2755 3115 (I
2801 3042 2930 3115 Reg.
2965 3061 3039 3110 ιι,
3085 3046 3195 3117 15).
3235 3046 3544 3117 Aliquando
3569 3055 3714 3101 autem
3732 3043 3766 3096 in

2250 3133 2367 3205 ipsa
2393 3136 2695 3206 quantitate
2725 3137 2965 3191 sumendi
2996 3151 3303 3192 mensuram
3338 3138 3640 3195 refectionis
3656 3149 3769 3189 etce-

2178 3218 2222 3281 C
2254 3227 2356 3293 dit,
2406 3227 2657 3296 quailibet
2703 3230 2961 3283 sumenda
3006 3228 3135 3295 sint,
3182 3238 3263 3300 ut;
3282 3230 3417 3284 illud
3452 3246 3468 3284 :
3504 3248 3523 3281 ι
3581 3229 3770 3284 Sodoma

2251 3317 2510 3386 iniquitas
2557 3317 2658 3371 fuit
2699 3319 2954 3373 saturitas
2992 3320 3148 3387 panis
3193 3328 3249 3375 et
3293 3320 3621 3375 abundantia
3660 3329 3769 3385 aqua

2251 3408 2466 3479 (Bacch.
2499 3425 2612 3474 xvi,
2637 3409 2751 3481 49).
2790 3429 2809 3463 ι
2859 3410 3166 3480 Aliquando
3208 3413 3498 3482 despectus
3532 3420 3610 3467 est
3641 3410 3771 3470 ciblts,

2249 3498 2344 3552 sed
2382 3499 2592 3553 avidius
2621 3499 2872 3564 sumitur,
2914 3509 2970 3554 ut
3012 3500 3153 3555 Esau
3196 3501 3667 3572 primogenitorum
3689 3496 3771 3565 glo-

2250 3591 2386 3645 riam
2416 3591 2668 3648 lenticula
2696 3595 2935 3650 vendens
2980 3594 3134 3668 (Gen.
3173 3611 3303 3662 xxv,
3332 3595 3452 3667 35).
3484 3596 3659 3651 Sermo
3680 3604 3771 3661 ergo

2248 3680 2408 3751 hujus
2447 3685 2717 3738 exactoris
2762 3695 2847 3740 est
2890 3689 3197 3743 necessaria
3243 3689 3544 3758 postulatio
3585 3696 3771 3745 natura.

2249 3775 2453 3830 clamor
2482 3791 2614 3831 vero
2658 3776 2777 3845 ‘cjus
2807 3794 3114 3835 mensuram
3165 3782 3510 3837 necessitatis
3540 3780 3771 3839 transient.

2248 3867 2517 3936 appetitus
2547 3867 2701 3937 gulae.
2752 3867 2852 3924 llic
2892 3870 3075 3941 itaque
3111 3886 3315 3943 onager
3342 3874 3619 3929 exactoris
3658 3868 3774 3937 hujus

2248 3972 2554 4011 sermonem
2585 3958 2753 4022 audit,
2783 3958 3073 4015 clamorem
3103 3977 3212 4017 non
3253 3949 3431 4030 audit,
3477 3963 3599 4034 quia
3625 3961 3773 4016 discre-

2248 4055 2335 4101 tus
2371 4060 2436 4099 ac
2479 4046 2762 4103 continens
2806 4049 2909 4114 vir,
2962 4061 3020 4105 et
3065 4065 3238 4120 usque
3284 4053 3354 4106 ad
3418 4050 3772 4122 temperandam

2247 4136 2622 4191 necessitatem
2656 4146 2899 4193 ventrem
2934 4141 3127 4208 reﬁcit,
3148 4152 3259 4197 eta
3291 4143 3569 4213 voluptate
3596 4139 3772 4196 restrin-

2246 4227 2345 4297 git.
2377 4225 2513 4283 Hinc
2551 4228 2750 4297 quippe
2795 4230 3056 4299 Scriptum
3092 4241 3179 4286 est
3208 4251 3222 4287 :
3261 4251 3282 4284 ι
3327 4234 3526 4288 Carnis
3552 4239 3776 4288 curamue

2247 4320 2487 4376 feceritis
2522 4321 2578 4375 in
2607 4323 2892 4379 desideriis
2928 4323 3107 4396 (Rom.
3157 4342 3319 4393 xxxx,
3363 4326 3482 4399 54).
3519 4346 3539 4379 ι
3568 4325 3774 4380 Mrsrtcr.

2248 4410 2418 4479 llujus
2466 4413 2740 4470 exactoris
2782 4415 3048 4472 violentos
3087 4428 3267 4474 motus
3296 4419 3563 4475 Dominus
3591 4431 3684 4472 non
3707 4427 3775 4467 ei-

2246 4504 2395 4573 pavit
2422 4504 2737 4569 adveniens,
2778 4506 2917 4560 sicut
2946 4507 3058 4576 ipse
3096 4509 3209 4564 ait:
3246 4526 3267 4561 ι
3309 4509 3474 4565 Venit
3499 4512 3637 4565 enim
3664 4506 3774 4577 prino

566 4617 702 4657 voce
728 4614 939 4671 sponsa:
965 4598 1017 4652 in
1048 4571 1289 4652 (lauti-cis
1332 4596 1671 4650 canticorum
1712 4592 1911 4649 dicitur
1936 4609 1952 4646 :
1981 4609 1998 4643 ι
2025 4590 2141 4647 Nisi
2175 4571 2219 4630 θ
2244 4571 2370 4663 ceps
2397 4594 2558 4665 hujus
2587 4595 2805 4661 mundi,
2834 4605 2888 4652 et
2913 4571 2981 4651 in.
3005 4614 3091 4653 me
3126 4615 3231 4655 non
3260 4601 3505 4658 inveniet
3534 4571 3773 4672 quidquam

566 4695 888 4768 cognoveris
916 4702 984 4757 te,
1009 4706 1044 4747 ο
1071 4690 1294 4762 pulchra
1320 4690 1461 4743 inter
1489 4685 1766 4750 mulieres,
1789 4684 2050 4756 egredere
2086 4691 2144 4738 et

566 4791 653 4846 abi
682 4797 804 4860 post
821 4785 1046 4857 vestigia
1068 4798 1313 4856 gregum,
1345 4790 1401 4836 et
1420 4792 1584 4849 pasce
1606 4777 1789 4834 hredos
1813 4786 1936 4831 tuos
1958 4774 2136 4845 (Cant.

568 4898 609 4947 -,
638 4882 714 4951 7).
746 4899 764 4931 ι
794 4877 1133 4933 Μοιυιωτειι.
1163 4872 1473 4928 Contemnit
1494 4867 1892 4922 multitudinem
1952 4866 2141 4919 civita~

565 4975 658 5038 tis,
685 4972 739 5026 id
765 4978 850 5025 est
890 4982 1068 5023 mores
1115 4963 1364 5033 despexit
1413 4962 1664 5016 humana:
1692 4956 2137 5014 conversationis.

1059 5068 1139 5078 .-κ
1201 5057 1445 5078 1,--..ξ--....
1499 5054 1523 5078 ι·

1749 5068 1904 5078 ..νη-..δι
1959 5060 2139 5078 ΙΛηΙὶ-Α

2247 4685 2428 4756 (Joan.
2476 4701 2589 4751 xw,
2646 4686 2760 4757 50).
2799 4705 2818 4739 ι
2873 4686 3032 4743 Venit
3077 4690 3273 4759 quippe
3318 4694 3382 4746 ad
3430 4708 3559 4748 eum
3601 4697 3776 4747 exactor

2246 4778 2467 4832 humani
2518 4779 2752 4849 generis,
2808 4780 2933 4848 quia
2992 4778 3149 4835 illum-
3205 4781 3486 4837 hominem
3526 4783 3669 4846 vidit,
3709 4775 3775 4834 sed

2244 4882 2407 4937 quem
2439 4867 2490 4921 in
2514 4883 2572 4924 se
2595 4870 2910 4926 inlirmitate
2932 4871 3241 4943 despectum
3271 4873 3550 4928 hominem
3575 4869 3773 4928 credidit.

2245 4956 2445 5011 virtute
2485 4972 2645 5027 supra
2689 4959 2959 5015 hominem
2989 4960 3179 5016 sensit.
3225 4960 3389 5033 Hujus
3415 4964 3663 5018 nimirum
3683 4970 3775 5013 en-

2452 5057 2632 5078 .”l‘llm
2697 5047 2717 5078 Ι
2742 5050 2878 5078 (ll-nn
2945 5052 3116 5078 ’Λα-..2.
3158 5074 3163 5077 ι
3191 5054 3401 5078 Iun-4-..“
3463 5068 3583 5078 Ac-..
3636 5049 3773 5078 tu“
