3934 5400
165 407 262 463 ιω

838 403 1140 465 ΕΙῚΤΟΜΕ
1177 401 1537 460 MOHALIUM
1579 402 1635 456 S.
1679 401 1757 456 GU

1842 401 1886 454 ἰ.
1923 397 1987 452 ΙΝ
2029 398 2165 455 JOB.
2205 431 2271 440 —-
2312 401 2437 456 LIB.
2485 402 2671 457 XXXI.

3313 407 3420 466 46?.

157 518 352 579 cieudo
399 517 677 587 dejiciunt,
709 526 860 571 tanto
905 516 1133 586 amplius
1174 518 1402 572 interius
1453 517 1736 572 revelatio-
1762 521 1810 579 Α
1841 517 2075 584 respexit
2114 515 2330 571 Petrum
2354 517 2503 585 (Luc.
2535 535 2670 585 xxtt,
2701 519 2812 591 ﬁl);
2848 540 2865 572 ι
2900 530 2953 576 et
2981 523 3123 578 sicut
3160 524 3420 585 Salomon

160 627 286 666 num
316 607 772 676 contemplatione
797 615 1116 677 pascuntur.
1149 605 1304 662 Unde
1329 607 1587 676 scriptum
1616 616 1734 661 est:

166 717 186 753 ι
209 700 480 754 Ascensus
495 697 546 751 iu
563 697 726 752 corde
739 698 858 766 ejus
875 697 1134 766 disposuit
1155 699 1206 750 in
1223 697 1361 750 valle
1378 697 1739 768 lacrymarum

160 789 334 862 (Psal.
361 789 673 860 Lxxxnt,7).
700 788 924 843 iAliter:
952 788 1161 844 Montes
1181 790 1340 843 etiam
1359 801 1571 858 pascuae
1592 798 1737 851 sunt,

158 880 419 936 sublimes
458 880 687 934 virtutes
724 878 1057 948 angelorum,
1110 894 1230 948 quae
1271 879 1470 933 idcirco
1513 879 1600 932 hic
1643 893 1740 933 nos

155 972 521 1027 ministrando
552 980 606 1027 et
647 970 953 1041 adjuvando
994 970 1260 1034 reﬁciunt,
1317 971 1442 1040 quia
1496 970 1607 1024 illic
1658 970 1740 1024 iu-

155 1070 326 1118 terna:
362 1059 836 1130 contemplationis
863 1075 986 1114 rore
1026 1061 1417 1130 pinguescunt;
1461 1074 1581 1128 qua:
1612 1060 1736 1128 quia

156 1153 423 1223 largiente
468 1155 577 1208 Deo
633 1153 685 1206 in
729 1153 876 1208 omni
925 1167 1022 1207 nos
1083 1153 1382 1206 certamine
1427 1161 1736 1222 protegunt,

155 1254 302 1302 recte
337 1246 683 1316 circumspici
724 1245 994 1300 dicuntur.
1039 1243 1208 1299 Aliter
1238 1263 1250 1298 :
1278 1245 1486 1301 Montes
1524 1260 1738 1314 pascuae

153 1346 381 1408 possunt
406 1336 528 1392 alta:
556 1338 841 1392 sententia:
883 1336 1178 1406 Scriptura:
1225 1353 1396 1392 sacrze
1434 1337 1628 1408 accipi.
1662 1339 1738 1392 De

156 1429 353 1496 quibus
381 1427 644 1497 scriptum
670 1435 791 1481 est:
829 1443 847 1476 ‹
889 1425 1098 1482 Montes
1122 1426 1320 1481 excelsi
1344 1427 1521 1482 cervis
1560 1425 1732 1497 (Psal.

148 1533 251 1573 cut
272 1557 286 1581 ,
316 1519 430 1589 18).
462 1537 480 1569 ι
517 1517 652 1584 Quia
683 1517 940 1571 nimirum
979 1517 1033 1572 hi
1057 1517 1148 1587 qui
1177 1516 1292 1585 jam
1324 1518 1456 1573 dare
1487 1526 1735 1573 contem-

155 1609 414 1680 plationis
457 1608 627 1663 saltus
649 1617 934 1672 noverunt,
969 1607 1110 1663 altas
1158 1611 1553 1670 sententiarum
1596 1607 1737 1662 divi-

154 1717 346 1756 narum
402 1702 651 1767 virtutes,
701 1703 854 1773 quasi
901 1704 1182 1758 cacumina
1233 1705 1494 1759 montium
1544 1719 1736 1759 ascen-

155 1792 310 1846 dunt.
351 1791 613 1849 MYSTICE.
645 1793 852 1850 Montes
895 1795 1188 1865 accipimus
1237 1795 1408 1850 elatos
1437 1793 1596 1863 hujus
1639 1809 1740 1849 sa:-

1841 607 1919 660 ait
1949 623 1962 659 :
2011 623 2028 656 t
2067 604 2202 670 Rex,
2231 606 2322 676 qui
2352 608 2502 662 sedet
2527 608 2578 662 iu
2608 609 2742 664 soho
2764 607 2974 678 judicii,
3007 613 3230 682 dissipat
3258 632 3422 673 omne

1842 697 2042 752 malum
2075 699 2271 753 intuitu
2300 715 2399 754 suo
2441 699 2627 771 (Prov.
2661 717 2750 767 xx,
2781 701 2856 770 8).
2892 721 2909 754 ι
2940 702 3244 759 Notandum
3274 709 3418 777 quod

1841 802 1946 840 non
1975 787 2070 852 ait,
2105 789 2352 859 inspicit,
2385 791 2478 846 sed
2508 792 2895 861 rircumspicit;
2929 792 2981 846 in
3010 792 3190 849 Judzea
3222 797 3418 866 quippe

1842 877 2152 935 incarnatus
2181 889 2267 936 est
2298 883 2576 948 Dominus,
2625 898 2744 952 quae
2772 885 2943 953 posita
2976 885 3029 940 in
3071 887 3247 942 medio
3290 904 3421 959 gen-

1843 969 1976 1022 tium
2001 969 2120 1033 fuit,
2148 980 2311 1040 atque
2339 973 2457 1027 ideo
2487 973 2855 1043 circumspicit
2883 984 3094 1031 montes
3132 978 3256 1048 quia
3281 978 3420 1034 latos

1839 1057 2056 1132 [elatos]
2102 1060 2261 1130 hujus
2291 1065 2471 1119 saeculi
2498 1066 2920 1136 circumquaque
2949 1069 3153 1138 positos
3191 1085 3256 1124 ex
3289 1087 3420 1142 gen-

1845 1153 2054 1209 tilitatis
2085 1156 2439 1211 universitate
2476 1157 2700 1228 colligit.
2730 1158 2787 1212 In
2819 1159 2906 1214 his
2932 1161 3116 1228 itaque
3143 1162 3421 1218 montibus

1841 1245 2113 1313 pascitur,
2165 1247 2290 1316 quia
2335 1246 2491 1302 bonis
2537 1249 2789 1318 Operibus
2830 1264 3217 1305 conversorum
3263 1251 3421 1321 quasi

1840 1333 2024 1389 herbis
2051 1334 2352 1390 virentibus
2376 1337 2625 1390 satiatur.
2651 1335 2787 1392 Hinc
2810 1339 3071 1408 scriptum
3100 1349 3184 1394 est
3212 1357 3226 1394 :
3264 1358 3283 1391 ‹
3320 1340 3423 1396 Ubi

1840 1423 2039 1490 pascis,
2066 1423 2156 1478 ubi
2183 1424 2348 1479 cubas
2370 1426 2422 1479 in
2456 1427 2679 1481 meridie
2701 1427 2877 1497 (Cant.
2901 1444 2940 1493 t,
2974 1427 3052 1500 6).
3074 1447 3092 1480 ι
3128 1427 3421 1500 Sequitur:

1853 1511 2083 1568 Virentia
2147 1533 2362 1586 qumque
2391 1517 2663 1587 perquirit.
2688 1547 2760 1558 —
2792 1516 3037 1573 Virentia
3071 1520 3268 1590 quippe
3297 1527 3426 1574 sunt

1839 1605 2040 1667 omnia,
2060 1620 2180 1674 quae
2202 1607 2573 1676 temporaliter
2585 1608 2820 1675 condita,
2841 1616 3072 1663 venturo
3094 1609 3220 1676 ﬁne,
3229 1609 3422 1679 jocun-

1841 1693 2009 1748 ditate
2042 1696 2166 1750 vita:
2213 1701 2495 1767 praesentis
2526 1701 2680 1770 quasi
2727 1703 2916 1758 aestivo
2963 1703 3075 1758 sole
3123 1703 3420 1760 siccantur.

1850 1784 2086 1841 Virentia
2120 1797 2299 1844 autem
2321 1800 2510 1845 vocata
2537 1801 2683 1857 sunt,
2705 1809 2824 1864 qua:
2850 1794 2995 1848 nulla
3029 1795 3426 1864 temporalitate

155 1883 286 1948 culi,
318 1885 410 1954 qui
450 1885 502 1938 in
535 1886 697 1940 corde
729 1901 828 1940 suo
853 1885 1196 1942 altitudinem
1237 1898 1506 1942 terrarum
1544 1895 1732 1940 tenue-
1768 1868 1811 1926 Β
1841 1890 2215 1948 marcescunt;
2245 1882 2370 1938 hinc
2395 1899 2598 1954 onagro
2621 1886 2888 1955 despectis
2913 1887 3073 1942 rebus
3095 1889 3424 1945 transitoriis

152 1982 300 2038 runt,
326 1973 422 2028 sed
463 1975 586 2044 quia
631 1976 793 2030 etiam
847 1976 980 2030 tales
1021 1976 1280 2032 Dominus
1326 1976 1582 2031 Ecclesia:
1624 1991 1735 2030 suae

154 2065 319 2120 corde
347 2079 641 2120 conversos
676 2065 990 2130 iuviscerat,
1019 2080 1219 2136 eosque
1255 2080 1284 2118 a
1315 2065 1480 2136 priori
1504 2064 1740 2120 elatione

151 2163 518 2220 commutans,
545 2155 598 2208 in
624 2171 718 2210 sua
743 2156 985 2210 membra
1008 2156 1382 2222 transformat,
1413 2157 1501 2211 isti
1532 2165 1741 2211 montes

150 2261 369 2317 pascua:
399 2246 514 2315 ejus
545 2257 692 2313 sunt,
739 2248 863 2317 quia
915 2249 1173 2302 nimirum
1220 2248 1286 2303 de
1328 2247 1741 2304 conversatione

151 2337 478 2402 errantium,
511 2337 576 2391 de
625 2336 981 2406 superborum
1025 2336 1332 2391 humilitate
1385 2337 1640 2401 satiatur,
1685 2342 1740 2388 et

153 2425 297 2480 sicut
342 2425 604 2496 apostolis
643 2426 711 2480 ad
768 2427 1215 2496 praedicationem
1264 2427 1445 2482 missis
1487 2426 1742 2496 praecepit

157 2513 346 2570 dicens
377 2533 389 2568 :
430 2535 448 2566 ‹
485 2514 796 2584 Operamini
837 2531 942 2570 non
973 2517 1185 2580 cibum,
1219 2517 1310 2586 qui
1337 2517 1497 2586 perit,
1523 2516 1616 2571 sed
1647 2515 1741 2585 qui

151 2614 439 2673 permanet
467 2605 520 2660 in
553 2607 718 2660 vitam
749 2613 1009 2660 aeternam
1051 2606 1233 2677 (Joan.
1265 2622 1340 2670 vt,
1371 2607 1485 2676 27).
1528 2624 1547 2658 ι
1586 2605 1741 2660 Sicut

154 2698 271 2768 ipse
305 2699 412 2752 ait:
443 2716 461 2749 ι
491 2698 636 2754 Meus
659 2700 811 2755 cibus
832 2709 1008 2763 est,ut
1029 2699 1223 2755 faciam
1273 2702 1599 2756 voluntatem
1625 2700 1741 2769 ejus

151 2786 245 2855 qui
268 2787 418 2842 misit
447 2803 534 2842 me
558 2787 736 2853 (Joan.
770 2805 843 2854 tv,
870 2789 981 2861 54).
1023 2809 1040 2842 ι
1078 2790 1155 2846 De
1194 2792 1278 2846 his
1306 2792 1579 2847 montibus
1606 2793 1741 2846 scri-

149 2887 305 2946 ptum
328 2886 413 2932 est
434 2895 446 2930 :
470 2877 614 2933 «Non
638 2879 861 2950 repellet
877 2881 1136 2937 Dominus
1157 2882 1368 2953 plebem
1389 2898 1540 2937 suatn
1565 2881 1736 2953 (Psal.

155 2968 489 3040 1011,14),
533 2988 552 3022 ι
611 2990 630 3022 ‹
676 2973 928 3040 quoniam
976 2974 1030 3028 in
1073 2988 1237 3028 manu
1296 2972 1411 3041 ejus
1451 2981 1577 3029 sunt
1623 2988 1741 3028 om—

152 3073 250 3113 nes
329 3061 465 3115 lines
525 3068 712 3123 terraa,
762 3073 818 3116 ct
875 3063 1194 3119 altitudines
1255 3065 1519 3119 montium
1569 3065 1740 3136 ipsius

150 3157 278 3202 sunt
308 3146 483 3220 (Psal.
515 3166 660 3216 xcrv,
685 3151 762 3223 4).
795 3172 814 3204 ι
850 3151 1127 3208 Convertit
1170 3169 1402 3224 namque
1431 3171 1552 3209 eum
1580 3169 1737 3224 quem

151 3242 419 3312 conspicit
446 3242 591 3298 sicut
632 3244 891 3314 scriptum
919 3254 1034 3301 est:
1079 3229 1110 3298 ι’
1141 3246 1449 3302 Conversus
1478 3247 1740 3304 Dominus

1846 1969 2079 2024 virentia
2105 1973 2420 2042 perquirere
2448 1983 2551 2039 est,
2578 1975 2631 2029 in
2657 1985 2920 2030 mternum
2954 1993 3207 2032 mansura
3235 1987 3426 2034 sancto

1843 2059 2132 2130 unicuique
2162 2062 2280 2116 viro
2323 2049 2650 2119 desiderare.
2684 2065 2901 2120 Tvptce.
2931 2067 3154 2121 Arentia
3190 2082 3427 2137 namque

1844 2158 1968 2204 sunt
1991 2153 2153 2206 corda
2185 2152 2462 2208 hominum
2503 2170 2623 2224 qua:
2665 2157 2720 2210 in
2749 2155 2909 2225 hujus
2947 2156 3130 2213 surculi
3156 2158 3426 2229 perituris

1840 2237 2082 2308 plantata
2144 2241 2466 2296 :cternitatis
2516 2243 2770 2300 ﬁduciam
2818 2261 2926 2300 non
2959 2247 3200 2302 habent:
3247 2248 3428 2303 virent

1843 2339 2064 2396 autem,
2121 2347 2240 2402 qua:
2304 2333 2379 2387 illi
2455 2335 2758 2390 litereditati
2833 2336 3121 2392 inhaarent.
3189 2337 3266 2392 De
3317 2355 3424 2408 qua

1841 2421 2036 2478 Petrus
2078 2423 2352 2493 apostolus
2382 2425 2553 2479 dicit:
2589 2443 2608 2477 t
2656 2424 2714 2480 In
2754 2426 3126 2482 hereditatem
3177 2429 3427 2484 incorru—

1842 2511 2085 2581 ptibilem
2116 2511 2167 2582 (I
2191 2511 2337 2566 Petr.
2365 2531 2402 2578 ι,
2432 2514 2507 2584 ὁ).
2552 2534 2570 2566 ι
2606 2514 2864 2585 Quisquis
2890 2517 3068 2588 itaque
3096 2519 3426 2575 intrinsecus

1844 2617 2093 2658 arescere
2122 2601 2410 2668 formidat,
2452 2606 2659 2661 arentia
2683 2608 3021 2663 extrinsecus
3044 2611 3230 2665 mundi
3263 2610 3426 2680 hujus

1843 2695 2108 2752 desideria
2144 2696 2336 2767 fugiat.
2374 2697 2634 2767 Quisquis
2667 2715 2696 2754 a
2735 2699 2964 2754 Domino
2987 2700 3304 2770 perquirere
3330 2701 3426 2757 de-

1843 2789 2048 2844 siderat
2076 2798 2336 2845 :eternam
2381 2791 2613 2858 patriam
2646 2799 2908 2861 appetens
2930 2830 2946 2856 ,
2977 2790 3194 2846 interna
3241 2791 3425 2847 cordis

1841 2880 2182 2950 plantatione
2205 2881 2514 2937 viridescat.
2549 2881 2676 2937 Haec
2707 2891 2892 2937 autem
2922 2885 2990 2937 de
3011 2895 3219 2952 onagro
3257 2896 3429 2950 expo-

1842 2971 1946 3026 Sita
2013 2972 2212 3042 duplici
2272 2971 2568 3028 intellectui
2633 2971 2940 3039 suﬁiciant;
3011 2972 3230 3029 lectoris
3294 2985 3428 3029 vero

1836 3062 2041 3133 judicio
2083 3064 2497 3135 relinquendum
2529 3073 2638 3134 est,
2672 3066 2804 3138 quid
2838 3067 3012 3140 magis
3055 3067 3272 3124 duxerit
3317 3065 3424 3120 eli-

1842 3158 2092 3226 gendum.

1054 3625 1351 3702 LIBER
1425 3622 2045 3701 TRICESIMUS
2120 3621 2534 3702 PRIMUS.

220 3951 397 4005 Vens.
425 3948 479 4004 9.
525 3948 780 4019 Nunquid
808 3947 914 4003 vult
961 3947 1260 4002 rhinoceros
1286 3949 1477 4002 servire
1507 3949 1598 4002 tibi
1620 3949 1645 4002 γ
1668 3975 1739 3988 -
1765 3955 1809 4016 c
1839 3963 2008 4002 cornu
2040 3961 2197 4002 suum
2253 3947 2574 4002 rhinoceros
2620 3945 2726 4003 iste
2762 3942 3010 4000 feriendo
3037 3943 3338 4000 Ecclesium
3366 3944 3424 4000 in

149 4039 456 4105 Suhattdis,
488 4039 578 4108 qui
609 4054 730 4092 cum
754 4038 1183 4109 praedicameutis
1212 4038 1427 4108 quidem
1455 4039 1734 4094 hominum

143 4133 246 4188 diu
279 4132 541 4186 resistere
562 4130 779 4198 pertuli,
809 4131 901 4185 sed
934 4139 1112 4184 tamen
1141 4138 1384 4198 repente,
1417 4145 1538 4183 cum
1567 4129 1734 4193 volui,

146 4221 440 4278 miraculis
467 4221 657 4277 stravi.
685 4220 1024 4275 Rhinoceros
1045 4219 1188 4273 enim
1217 4218 1492 4273 indomitae
1515 4219 1737 4273 omnino

144 4323 373 4370 natura:
396 4323 524 4376 est;
569 4313 642 4366 ita
692 4319 750 4365 ut
795 4312 840 4365 si
867 4311 1087 4381 quando
1131 4309 1738 4381 captusfuerit,teneri

143 4404 474 4461 nullatenus
501 4403 692 4472 possit.
721 4403 1009 4472 Impatiens
1030 4401 1248 4471 quippe,
1280 4409 1340 4455 ut
1376 4399 1570 4464 fertur,
1596 4400 1740 4455 illico

143 4495 418 4552 moritur.
451 4494 578 4560 Ejus
621 4508 749 4548 vero
800 4492 1017 4547 nomine
1043 4491 1231 4546 Latina
1269 4492 1448 4562 lingua
1477 4492 1742 4557 interpre-

133 4597 336 4642 tatum
374 4595 554 4650 sonat,
581 4586 636 4638 in
666 4601 792 4638 nare
819 4600 1004 4637 cornu.
1052 4583 1119 4636 Et
1158 4583 1286 4652 quid
1323 4582 1466 4636 aliud
1508 4583 1560 4636 in
1590 4596 1739 4647 nare,

140 4679 261 4735 nisi
293 4677 542 4740 fatuitas,
579 4675 710 4745 quid
747 4675 799 4728 in
829 4690 1026 4739 cornu,
1061 4674 1162 4729 nisi
1195 4673 1359 4729 elatio
1390 4673 1745 4744 designatur?

142 4770 296 4824 Nam
330 4769 458 4838 quia
494 4767 548 4821 in
588 4781 722 4821 nare
752 4765 973 4821 fatuitas
1008 4765 1146 4822 solet
1168 4765 1422 4835 intelligi,
1455 4764 1745 4820 Salomone

143 4868 486 4924 atteslante,
518 4858 804 4914 didicimus
835 4858 925 4927 qui
957 4858 1071 4911 ait:
1108 4875 1126 4908 ‹
1179 4856 1426 4910 Circulus
1455 4869 1654 4910 aureus
1693 4855 1745 4908 in

139 4953 394 5008 naribus
421 4949 538 5006 suis
562 4949 754 5004 mulier
770 4950 992 5019 pulchra
1017 4955 1072 5002 et
1092 4947 1236 5002 fatua
1263 4945 1446 5018 (Prov.
1475 4964 1552 5010 XI,
1578 4947 1692 5017 22).
1722 4966 1740 4998 ι

143 5045 218 5098 Et
244 5043 402 5114 quod
436 5043 493 5096 in
537 5056 708 5096 cornu
747 5042 998 5110 superbia
1071 5039 1417 5108 designatur,
1453 5039 1717 5107 propheta

153 5138 503 5156 «1-μ----ι-ι....ο
773 5144 787 5156 ι
834 5149 847 5156 ι
1075 5129 1269 5156 ξιιεηιιῖη
1291 5146 1302 5156 σ
1565 5128 1746 5156 διιεηιιη

1836 4038 2171 4109 martyribus
2197 4037 2435 4094 lassatus
2462 4037 2764 4101 inclinavit,
2796 4050 2916 4089 cum
2943 4042 3240 4104 potestates
3268 4033 3426 4103 huqu

1837 4130 2020 4183 mundi
2050 4144 2155 4185 non
2180 4130 2383 4194 verbis,
2418 4129 2512 4185 sed
2535 4127 2808 4182 miraculis
2839 4127 2980 4181 Deus
3001 4125 3182 4197 fregit,
3213 4125 3428 4197 sibique

1838 4221 2080 4274 subditas
2103 4219 2248 4274 fecit.
2270 4220 2469 4274 Aliter:
2496 4219 2830 4272 Rhinoceros
2851 4217 2971 4280 iste,
2998 4217 3090 4287 qui
3117 4215 3284 4270 etiam
3310 4231 3428 4273 tno-

1841 4324 2068 4364 nocerus
2093 4307 2298 4364 Graecis
2319 4304 2717 4377 exemplaribus
2751 4307 3085 4371 nominatur,
3122 4314 3284 4361 tanta:
3304 4321 3428 4362 esse

1839 4400 2167 4456 fortitudinis
2207 4401 2437 4465 dicitur,
2469 4409 2529 4454 ut
2561 4400 2705 4455 nulla
2749 4399 3064 4454 venantium
3098 4401 3302 4454 virtute
3333 4414 3425 4453 ca-

1839 4489 2035 4559 piatur.
2069 4489 2132 4542 Et
2153 4487 2294 4542 sicut
2319 4487 2540 4555 quidam
2558 4487 2764 4553 dicunt,
2788 4487 2942 4559 virgo
2958 4488 3002 4542 si
3029 4487 3203 4557 puella
3226 4501 3425 4557 propo-

1840 4580 2006 4645 nitur,
2033 4593 2154 4648 quzn
2172 4593 2230 4633 se
2258 4577 2506 4633 veniente
2527 4579 2704 4633 sinum
2722 4579 2918 4646 aperit,
2951 4577 3006 4631 in
3027 4593 3136 4647 quo
3160 4577 3251 4631 illo
3269 4576 3422 4632 omni

1841 4667 2122 4724 ferocitate
2150 4667 2469 4738 postposita,
2498 4675 2655 4738 caput
2687 4667 2940 4736 deponit,
2972 4667 3160 4736 sicque
3189 4665 3257 4719 ab
3283 4666 3365 4719 eis
3397 4681 3428 4720 a

1844 4760 2039 4829 quibus
2067 4759 2186 4829 capi
2235 4759 2529 4829 quaeritur,
2574 4766 2796 4827 repente
2832 4757 2980 4813 velut
3024 4757 3239 4813 enervis
3280 4754 3432 4807 iuve-

1847 4849 2010 4902 nitur.
2051 4849 2215 4902 Buxei
2279 4862 2494 4918 quoque
2532 4847 2730 4903 coloris
2778 4860 2899 4904 esse
2939 4845 3287 4906 describitur,
3335 4840 3430 4908 qui

1846 4939 2009 4994 etiam
2034 4940 2374 5008 elephantem
2405 4952 2576 4993 cornu
2608 4938 2776 5007 (quod
2819 4939 3055 4993 immane
3083 4930 3433 5004 singulariter

1848 5033 2046 5102 gestat)
2078 5033 2132 5086 in
2167 5042 2357 5085 ventre
2387 5027 2618 5101 inﬁgere
2645 5027 2966 5098 perhibetur
2985 5069 2999 5094 ,
3028 5037 3088 5081 ut
3111 5037 3233 5079 eum
3278 5018 3440 5073 facile

1851 5133 2060 5156 oin-oan
2142 5123 2324 5156 “hinc.
2389 5135 2526 5156 All-nn
2589 5135 2688 5156 non
2751 5118 2898 5156 Ιηιηο
2970 5118 3280 5156 "niani-an
