3934 5400
499 410 618 471 163

1517 412 1574 468 S.
1617 413 1867 470 ODONIS
1907 414 2195 471 ADBATIS
2229 418 2727 477 CLUMACENSIS
2764 420 2808 475 ll

3677 409 3768 473 ιω

509 544 670 599 quem
695 523 973 597 superbire
1001 526 1053 580 in
1086 541 1218 583 nece
1264 526 1501 584 lidelium
1543 528 1707 584 stulta
1738 544 1833 585 sua
1863 529 2096 587 elatione
2124 534 2175 597 Α
2202 544 2345 601 rant,
2377 552 2521 591 nunc
2555 536 2776 607 prolatis
2824 535 3028 605 legibus
3054 535 3350 605 praedicare
3398 550 3509 591 non
3542 551 3765 598 cessant,

508 618 858 683 consideras,
908 617 1007 672 sub
1050 630 1174 685 jure
1228 626 1333 672 tute
1386 617 1788 687 praedicationis
1838 618 2098 676 inclinas?

508 708 809 773 Subaudis,
841 714 898 763 ut
928 707 1064 779 ego?
1093 707 1181 778 qui
1213 716 1269 762 et
1291 708 1342 762 in
1369 723 1456 763 me
1477 707 1624 763 illum
1646 709 1903 781 singulari
1931 726 2100 767 cornu

509 798 697 857 extolli
729 798 1005 868 conspicio
1028 839 1043 864 ,
1076 807 1129 852 et
1160 806 1337 853 tamen
1380 798 1510 854 mihi
1542 812 1664 854 cum
1692 799 1911 854 voluero
1933 801 2101 871 proti-

504 907 611 947 nus
644 891 833 946 subdo.
884 890 1081 944 Paulus
1120 904 1251 960 ergo
1299 889 1365 944 ad
1419 888 1655 944 medium
1707 890 1958 958 ducatur,
2006 892 2098 962 qui

506 981 634 1037 dum
660 990 844 1036 contra
871 981 1039 1035 Deum
1065 995 1123 1035 se
1144 979 1296 1049 quasi
1319 979 1384 1035 de
1399 980 1644 1035 custodia
1671 980 1805 1052 legis
1826 982 2095 1048 nesciens,

507 1070 736 1137 extulit;
780 1084 948 1124 cornu
986 1070 1038 1123 in
1081 1084 1211 1125 nare
1238 1069 1487 1139 gestavit.
1519 1069 1670 1125 Unde
1699 1080 1754 1125 et
1795 1071 1897 1125 hoc
1923 1072 2096 1141 ipsum

504 1160 661 1216 naris
711 1174 878 1215 cornu
921 1174 1021 1229 per
1065 1159 1423 1214 humilitatem
1459 1161 1799 1230 postmodum
1833 1162 2097 1217 inclinans

507 1252 642 1307 dicit
673 1269 686 1307 :
727 1271 745 1305 ι
783 1252 885 1319 Qui
925 1252 1075 1322 prius
1102 1250 1177 1305 fui
1202 1250 1567 1322 blasphemus,
1601 1262 1653 1307 et
1682 1265 2019 1324 persecutor,
2042 1264 2097 1309 et

502 1344 975 1410 contumeliosus;
1023 1344 1116 1399 sed
1150 1344 1578 1399 misericordiam
1609 1354 1930 1400 consecutus
1953 1361 2095 1412 sum,

504 1436 636 1506 quia
668 1437 922 1508 ignorans
959 1436 1061 1492 feci
1115 1436 1169 1507 (ι
1201 1436 1334 1491 Tim.
1362 1454 1399 1504 ι,
1431 1437 1539 1508 l5).
1579 1457 1597 1491 ι
1647 1439 1811 1509 Virgo
1839 1439 2093 1494 nimirum

506 1528 841 1585 rhinoceroti
880 1529 1058 1583 sinum
1100 1543 1255 1584 suum
1293 1528 1535 1597 aperuit,
1565 1543 1687 1583 cum
1726 1528 1890 1583 Saulo
1921 1529 2098 1583 incor-

504 1629 667 1691 rupta
693 1619 785 1674 Dei
832 1618 1096 1690 sapientia
1124 1618 1517 1674 incarnationis
1540 1634 1650 1674 sua”:
1686 1620 2001 1690 mysterium
2030 1618 2097 1674 de

505 1710 575 1766 de
599 1710 739 1766 caelo
768 1709 1034 1781 loquendo
1075 1708 1322 1779 patefecit
1358 1709 1582 1765 dicens:
1639 1728 1657 1760 ι
1694 1709 1875 1772 Saule,
1909 1708 2094 1775 Saule,

505 1803 637 1874 quid
670 1817 758 1860 me
778 1802 1160 1873 persequeris?
1182 1822 1201 1855 ι
1233 1801 1371 1873 (Act.
1413 1818 1490 1867 ix,
1517 1800 1596 1873 4.)
1629 1802 1694 1855 Et
1727 1801 2094 1856 fortitudinem

507 1910 664 1951 suam
711 1893 1031 1949 rhinoceros
1082 1893 1334 1964 perdidit,
1400 1893 1524 1964 quia
1583 1901 1885 1963 prostratus
1935 1893 2098 1947 humo
2129 1886 2173 1946 B

504 2000 667 2041 Omne
714 1985 855 2057 quod
900 1983 1190 2054 superbum
1236 1983 1503 2049 tumebat,
1560 1983 1758 2037 amisit.
1798 1981 2093 2052 Sequitur:

506 2073 613 2127 Aut
661 2074 967 2128 morabatur
1003 2073 1073 2126 ad
1099 2088 1328 2142 prwsepe
1374 2073 1656 2147 tuum?—7
1696 2070 1948 2141 Prwscpe
1993 2071 2097 2126 hoc

498 2165 628 2221 loco
665 2165 779 2234 ipsa
826 2163 1107 2233 Scriptura
1145 2177 1299 2217 sacra
1348 2177 1454 2218 non
1484 2162 1927 2217 inconvenicntcr
1961 2160 2098 2215 acci-

502 2256 674 2328 pitur,
704 2256 758 2311 in
788 2270 891 2327 qua
908 2254 1058 2310 verbi
1081 2254 1278 2325 pabulo
1300 2252 1555 2307 animalia
1587 2262 1771 2307 sancta
1805 2252 2095 2306 satiantur.

510 2346 595 2421 De
624 2346 821 2415 quibus
859 2360 957 2414 per
999 2342 1327 2414 Pr0phelam
1359 2342 1598 2397 dicitur:
1643 2362 1659 2393 ι
1691 2342 1957 2397 Animalia
2009 2350 2098 2396 tua

502 2436 830 2492 habitabant
857 2435 910 2490 in
943 2448 1009 2489 ea
1036 2430 1207 2505 (Psal.
1236 2447 1410 2498 vaii,
1436 2432 1545 2504 ll).
1577 2451 1595 2485 ι
1628 2431 1733 2488 Sed
1763 2430 1887 2487 elati
1908 2445 2099 2486 omnes

505 2528 564 2582 in
594 2526 907 2598 primordiis
934 2524 1208 2580 nascentis
1236 2523 1491 2580 Ecclesia:
1524 2524 1853 2579 tantominus
1881 2524 1933 2579 in
1963 2537 2100 2594 pra:-

504 2618 807 2677 dicatorum
853 2632 1096 2688 prmsepe
1148 2616 1327 2672 claudi
1373 2632 1433 2673 se
1476 2616 1591 2688 jam
1637 2624 2099 2686 contempserant,

505 2720 715 2781 quanto
744 2710 912 2779 magis
948 2709 1000 2763 in
1036 2708 1402 2778 voluptatibus
1422 2708 1657 2779 propriis
1682 2707 1885 2764 dimissi
1914 2707 2103 2776 despe—

503 2802 735 2858 rationis
778 2814 890 2855 suae
939 2814 1189 2871 campum
1232 2802 1511 2856 tenebant.
1545 2801 1622 2856 De
1672 2800 1867 2870 quibus
1902 2798 2102 2856 Paulus

504 2894 627 2949 ait:
671 2911 690 2944 ι
724 2892 826 2960 Qui
872 2892 1225 2961 desperantes
1254 2892 1575 2962 semetipsos
1620 2891 1961 2946 tradiderunt
2002 2889 2101 2943 ill-

506 2986 785 3058 pudicitia:
822 2985 874 3039 in
908 2986 1226 3055 operatione
1272 2984 1631 3040 immunditia:
1658 2982 1857 3049 omnis,
1891 2983 1943 3036 in
1974 2996 2101 3035 ava-

514 3077 704 3133 ritiam
752 3076 968 3148 (Eplies.
997 3091 1071 3142 iv,
1120 3076 1232 3146 19).
1268 3094 1285 3127 ο
1313 3076 1381 3131 Ει
1429 3086 1607 3130 tamen
1644 3090 1767 3130 cum
1802 3074 1988 3133 voluit,
2020 3087 2104 3127 re-

2199 626 2328 695 quid
2363 625 2508 681 aliud
2540 626 2770 690 faciunt,
2800 627 2901 680 nisi
2929 625 3095 679 aratri
3123 624 3293 680 labori
3326 625 3629 680 insudant?
3668 627 3769 679 Ali—

2200 726 2283 771 ter
2308 735 2321 771 :
2356 716 2513 773 Loris
2540 716 2795 787 prtefatus
2822 717 3141 771 rhinocerus
3182 716 3524 786 astringitur,
3550 717 3676 785 quia
3700 717 3771 779 vi-

2199 810 2393 866 delicet
2423 826 2529 866 uno
2569 811 2621 864 in
2664 821 2905 879 tempore
2948 808 3206 869 caecitate,
3250 808 3660 877 praedicatione.
3687 807 3776 862 ha-

2196 901 2451 970 ptismate
2482 899 2696 971 ligatur,
2731 908 2791 953 ut
2815 914 2921 953 non
2953 897 3125 952 solum
3173 897 3419 951 homines
3446 896 3777 950 crudelitatis

2198 1009 2367 1047 cornu
2399 1008 2507 1047 non
2550 993 2797 1061 impetat,
2827 991 2925 1045 scd
2943 1005 3129 1044 eorum
3159 988 3321 1044 etiam
3352 987 3657 1043 refectione
3682 1003 3776 1043 sac-

2199 1085 2354 1137 viens
2377 1123 2393 1149 ,
2426 1092 2667 1138 aratrum
2697 1082 3099 1153 praedicationis
3127 1081 3327 1135 trahat.
3356 1080 3477 1149 Ipse
3497 1081 3699 1150 quippe
3716 1081 3775 1133 de

2199 1173 2700 1243 evangelizantibus
2739 1171 2894 1242 quasi
2920 1171 2987 1225 de
3028 1170 3304 1225 arantibus
3329 1169 3461 1224 dicit
3491 1187 3504 1221 :
3565 1188 3584 1221 ι
3621 1168 3777 1223 Debet

2197 1266 2342 1320 enim
2367 1266 2419 1320 in
2466 1279 2562 1334 spe
2591 1265 2682 1334 qui
2734 1274 2875 1329 arat,
2914 1278 3091 1329 arare,
3139 1272 3194 1318 et
3216 1263 3306 1333 qui
3359 1264 3582 1318 triturat
3610 1263 3663 1316 in
3691 1278 3776 1333 spe

2198 1356 2409 1412 fructus
2456 1356 2787 1427 percipiendi
2842 1354 2928 1426 (11
2952 1353 3075 1409 Cor.
3107 1371 3185 1421 ix,
3238 1353 3348 1425 10).
3386 1372 3406 1405 ι
3464 1353 3571 1421 Qui
3625 1354 3777 1423 igitur

2199 1458 2463 1506 tormenta
2501 1451 2652 1521 prius
2692 1447 2937 1503 fidelibus
2985 1448 3353 1518 irrogaverat,
3400 1455 3457 1500 et
3502 1462 3602 1516 per
3627 1444 3772 1499 ﬁdem

2196 1544 2539 1615 postmodum
2570 1541 2774 1613 flagella
2820 1540 3052 1595 libenter
3098 1546 3297 1609 portat,
3354 1536 3606 1607 profecto
3652 1536 3777 1590 bene

2198 1634 2396 1706 ligatus
2429 1633 2527 1688 sub
2555 1642 2741 1709 aratrq
2770 1630 2997 1686 desudat
3023 1630 3088 1683 ad
3125 1636 3384 1699 segetem,
3437 1626 3529 1695 qui
3574 1624 3781 1679 vivebat

2198 1724 2252 1780 iu
2280 1739 2473 1794 campo
2513 1722 2654 1777 male
2693 1722 2832 1776 liber
2862 1736 2893 1775 a
2943 1720 3154 1774 timore.
3188 1716 3488 1786 Sequitur:
3530 1714 3635 1768 Aut
3663 1728 3780 1767 con—

2200 1818 2395 1887 fringet
2435 1816 2611 1887 glebas
2640 1814 2856 1869 vallium
2890 1821 3002 1881 post
3033 1810 3125 1864 te?
3156 1839 3226 1850 --
3251 1807 3580 1875 Plerumque
3606 1812 3779 1858 autem

2204 1918 2361 1964 terra:
2386 1907 2657 1978 principes
2681 1905 2811 1959 loris
2858 1903 2979 1957 fidei
3015 1900 3163 1972 ligati
3193 1900 3442 1969 exigente
3482 1896 3561 1950 ira
3605 1894 3671 1948 ad
3702 1894 3779 1948 fe-

2197 2000 2445 2055 riendum
2498 1997 2802 2068 rapiuntur,
2852 1991 3000 2064 regni
3036 1990 3270 2046 culmina
3309 1987 3468 2057 quasi
3508 2000 3677 2040 cornu
3715 1984 3779 2036 ad

2197 2088 2502 2163 profectum
2531 2087 2680 2159 regni
2710 2084 2948 2141 tzwlestis
2972 2081 3257 2136 inclinant.
3288 2078 3463 2132 Aliter
3489 2095 3503 2130 :
3536 2074 3657 2130 lam
3684 2073 3783 2127 Do—

2198 2181 2378 2235 minus
2411 2177 2767 2248 quorumdam
2808 2181 3016 2228 mentes
3054 2172 3356 2225 intraverat
3384 2166 3479 2237 qui
3520 2165 3668 2217 illum
3694 2178 3784 2216 ve-

2198 2272 2397 2328 raciter
2421 2268 2642 2325 humani
2675 2266 2891 2337 generis
2917 2264 3316 2332 redemptorem
3341 2256 3665 2319 credebant;
3692 2255 3781 2323 qui

2198 2374 2379 2419 tamen
2412 2361 2537 2415 dum
2582 2370 2921 2427 nequaquam
2954 2370 2984 2410 a
3026 2351 3253 2423 pristina
3284 2346 3662 2403 observatione
3700 2357 3783 2396 re;

2199 2452 2475 2513 cederent,
2511 2450 2646 2505 dura
2674 2448 2870 2501 littera:
2899 2443 3321 2513 prmdicamenta
3353 2436 3709 2497 custodirent,
3736 2432 3784 2486 ei

2198 2539 2521 2612 praedicator
2567 2534 2822 2608 egregius
2869 2533 3053 2588 dicit:
3109 2549 3127 2582 ι
3187 2528 3246 2584 Si
3296 2522 3786 2612 circumcidamiui,

2200 2611 2451 2687 Christus
2498 2628 2553 2683 in
2596 2626 2751 2681 vobis
2792 2622 2924 2679 nihil
2966 2620 3208 2693 proderit
3240 2616 3384 2689 (Gal.
3418 2632 3471 2682 ν,
3500 2615 3580 2685 2).
3611 2632 3632 2666 ι
3680 2611 3783 2679 Qui

2200 2734 2332 2790 ergo
2380 2718 2433 2773 in
2476 2715 2666 2772 humili
2719 2722 2900 2769 mente
2938 2710 3196 2776 fidelium,
3244 2707 3378 2779 legis
3398 2704 3652 2760 duritiam
3698 2717 3785 2757 re.

2201 2809 2515 2883 darguendo
2556 2807 2831 2871 contrivit,
2877 2804 3004 2875 quid
3044 2802 3185 2857 aliud
3217 2816 3379 2871 quam
3418 2799 3471 2854 in
3500 2797 3639 2852 valle
3666 2804 3786 2866 post

2202 2905 2490 2962 Dominum
2558 2901 2743 2972 glebas
2796 2896 2997 2968 fregit?
3052 2911 3120 2949 ne
3166 2892 3417 2948 videlicet
3474 2906 3641 2962 grana
3701 2902 3787 2942 se-

2201 2996 2408 3052 minum
2436 3008 2557 3062 qua:
2581 2991 2827 3045 excissus
2855 2994 3042 3041 aratro
3070 2983 3192 3038 lidei
3219 2981 3404 3037 sulcus
3423 2978 3604 3034 cordis
3631 2990 3787 3032 exoc-

2201 3093 2379 3159 perat,
2401 3099 2498 3155 per
2520 3079 2820 3138 custodiam
2844 3076 3040 3132 litterae
3061 3075 3315 3144 depressa
3338 3070 3665 3141 depcrirent.
3689 3065 3786 3123 Se-

504 3180 676 3243 .pente
701 3169 964 3224 Dominus
986 3170 1053 3224 ad
1080 3184 1235 3224 suum
1261 3182 1354 3223 eos
1385 3183 1626 3237 prazscpe
1669 3166 1932 3237 religavit.
1965 3165 2104 3219 Ecce
2204 3180 2427 3250 quin,“
2984 3229 2995 3240 .

500 3263 954 3319 enimccrnimus
975 3262 1115 3331 quod
1133 3270 1381 3330 potentes
1402 3259 1561 3329 hujus
1583 3259 1785 3324 saeculi,
1811 3259 1928 3327 ejus
1951 3258 2099 3328 prin-
2127 3249 2173 3311 C
2224 3249 2234 3250 ί
2280 3270 2440 3326 vus,
2467 3268 2552 3323 Η,
2582 3262 2839 3336 Nunquid
2859 3261 3071 3316 habebis
3084 3258 3335 3324 ﬁduciam
3376 3255 3435 3309 in
3481 3250 3786 3323 fortitudine

502 3353 660 3423 eipes
686 3352 1103 3423 prtcdicamenta
1128 3351 1405 3405 Dominiea
1436 3349 1668 3404 libenter
1694 3349 1942 3416 audiunt,
1977 3364 2102 3403 con-

508 3450 719 3501 stanter
762 3442 964 3514 legunt,
1002 3441 1319 3513 passimque
1371 3438 1749 3514 [passmnque]
1784 3455 1811 3493 a
1863 3453 2101 3510 praesepe

510 3550 621 3590 non
652 3543 876 3598 exeunt,
927 3532 1053 3603 quia
1109 3542 1377 3604 prtccepta
1428 3531 1521 3585 Dei
1573 3546 1692 3600 qua:
1742 3539 1832 3586 aut
1875 3528 2102 3601 legendo

512 3634 607 3679 aut
633 3624 901 3680 audiendo
922 3634 1272 3694 cognoscunt,
1302 3638 1642 3694 nequaquam
1668 3621 1897 3676 vivendo
1920 3629 2100 3674 trans-

516 3714 778 3780 cendunt,
811 3715 906 3768 sed
947 3713 1014 3766 ad
1056 3712 1205 3767 verbi
1252 3712 1504 3782 pabulum
1536 3713 1692 3784 quasi
1752 3710 1921 3767 clausi
1953 3722 2102 3765 stare

512 3807 890 3879 aquanimiter
945 3803 1207 3869 tolerant,
1255 3812 1313 3858 ut
1371 3804 1579 3859 edendo
1638 3813 1693 3859 et
1737 3803 2103 3874 permanendo

514 3899 895 3970 pinguescant.
921 3895 1128 3948 Aliter:
1160 3893 1335 3948 Isdem
1366 3895 1681 3949 rhinoceros
1710 3895 1875 3948 etiam
1911 3893 1977 3946 ad
2007 3891 2104 3947 Dei

512 4001 758 4061 prtesepe
798 3993 1041 4040 moratus
1070 3994 1180 4048 est,
1223 3983 1348 4053 quia
1399 3983 1678 4037 ruminare
1722 3982 1885 4037 verba
1931 3982 2105 4035 Evan-

515 4079 644 4151 gelii
671 4078 994 4148 dedignatus
1023 4091 1128 4131 non
1154 4082 1260 4129 est.
1301 4073 1393 4129 Ait
1412 4074 1558 4129 enim
1586 4090 1598 4126 :
1638 4091 1658 4125 ι
1693 4072 1925 4129 Ascendi
1952 4071 2107 4127 Jeru-

517 4170 780 4241 solymam
812 4184 938 4224 cum
983 4166 1251 4229 Barnaba,
1290 4173 1574 4234 assumpto
1619 4172 1674 4219 et
1702 4162 2105 4228 Tito,ascendi

519 4270 702 4316 autem
732 4258 1028 4314 secundum
1071 4256 1479 4321 revelationem,
1516 4264 1571 4309 et
1605 4254 1804 4310 contuli
1854 4271 1976 4310 cum
2022 4255 2106 4311 eis

519 4347 1043 4422 Evangelium-(Gal.
1076 4364 1139 4414 ti,
1170 4349 1221 4414 ‘l,
1265 4348 1345 4419 2).
1383 4368 1402 4401 ι
1443 4347 1510 4402 Ει
1535 4348 1658 4416 quia
1705 4347 1853 4417 prius
1892 4345 2107 4415 jejunus

523 4442 813 4497 audierat:
850 4458 869 4492 ‹
896 4439 1107 4493 Durum
1152 4438 1254 4493 tibi
1280 4447 1365 4493 est
1402 4448 1593 4494 contra
1627 4438 1907 4493 stinmlum
1942 4437 2106 4492 calci-

524 4550 676 4596 trare
704 4538 850 4611 (Act.
886 4552 964 4599 ix,
992 4536 1070 4606 5),
1092 4554 1121 4587 ι»
1167 4536 1303 4591 mira
1330 4536 1670 4606 postmodum
1694 4536 1892 4591 virtute
1917 4533 2104 4605 praesi-

524 4630 706 4687 dentis
747 4642 970 4700 pressus
999 4641 1065 4682 ex
1106 4625 1257 4682 verbi
1302 4625 1500 4696 pabulo
1539 4626 1683 4681 vires
1720 4624 1971 4680 obtinuit.
2005 4624 2107 4680 Se-

523 4722 754 4794 quhur:

602 4813 768 4870 Vsus.
796 4810 883 4866 10.
912 4808 1169 4880 Nunquid
1196 4808 1437 4879 alligabis
1464 4807 1840 4862 rhinocerotem
1861 4806 1930 4860 ad
1951 4821 2115 4860 aran-

526 4905 656 4961 dum
683 4901 797 4958 loro
819 4902 1035 4956 tuo?—
1062 4900 1203 4956 Lora
1230 4908 1355 4955 sunt
1381 4900 1637 4955 Ecclesia:
1655 4906 1920 4967 praecepta
1951 4898 2116 4953 disci-

526 5000 723 5071 plinae;
764 5010 924 5052 arare
969 5010 1100 5051 vero
1148 5000 1251 5058 est,
1283 5008 1381 5062 per
1427 4990 1828 5061 praedicationis
1873 4990 2113 5045 studium

529 5089 830 5145 humanum
873 5093 1064 5154 pectus
1092 5097 1313 5137 vomere
1348 5080 1542 5151 lingua:
1584 5080 1954 5150 proscindere.
1998 5079 2117 5135 Sci-

529 5190 677 5241 mus,
725 5175 1047 5229 rbinoceros
1090 5172 1199 5226 iste
1246 5179 1495 5225 terrenus
1540 5170 1795 5226 videlicet
1843 5171 2115 5241 princeps,

946 5263 1269 5296 Ληιιιοιῖισιεα
1317 5261 1547 5296 convicio“
1627 5270 1681 5296 ΔΙ
1725 5276 1869 5296 nnnn

1927 5271 2119 5298 amunia

2132 4593 2184 4654 Ι)

2203 3360 2360 3432 ejus?
2388 3390 2459 3401 ——
2496 3360 2576 3413 Ac
2610 3357 2655 3411 si
2688 3356 2919 3415 dicatur,
2946 3360 3004 3406 ut
3034 3350 3172 3421 ego?
3212 3348 3267 3403 ln
3305 3344 3670 3401 rhinocerotis
3687 3342 3788 3396 fore

2204 3452 2433 3508 titudiue
2464 3447 2714 3504 liduciam
2745 3444 3002 3501 Dominus
3035 3442 3237 3496 habere
3280 3452 3340 3493 se
3385 3436 3614 3499 asserit,
3645 3433 3787 3503 quia,

2207 3544 2353 3616 quod
2386 3539 2756 3611 temporaliter
2779 3546 2998 3591 terreno
3028 3530 3261 3603 principi
3287 3526 3555 3591 contulit,
3582 3527 3652 3579 ad
3676 3521 3788 3577 cul-

2206 3615 2319 3692 tum
2342 3649 2452 3691 suae
2479 3628 2850 3687 venerationis
2875 3624 3172 3681 inclinavit.
3197 3622 3314 3690 Quo
3336 3620 3486 3675 enim
3516 3619 3572 3672 in
3598 3615 3789 3670 mundo

2205 3727 2327 3799 plus
2358 3732 2551 3797 potest,
2599 3736 2663 3776 eo
2694 3734 2791 3790 pro
2832 3716 3018 3772 mundi
3066 3714 3303 3769 Auctore
3346 3710 3472 3780 plus
3517 3706 3788 3778 pnevalct.

2208 3796 2342 3872 Nam
2371 3814 2498 3884 quia
2528 3826 2559 3865 a
2609 3808 2869 3876 subjectis
2921 3806 3038 3876 ipse
3082 3802 3367 3865 metuitur,
3398 3808 3555 3853 tanto
3586 3796 3790 3852 facilius

2206 3905 2517 3977 persuadet,
2543 3909 2745 3972 quanto
2766 3909 2821 3955 et
2850 3913 2972 3954 cum
2998 3903 3267 3967 potestate
3297 3892 3509 3948 indicat
3537 3891 3630 3959 qui
3673 3901 3793 3943 vere

2207 4005 2500 4053 metuatur.
2548 3994 2751 4049 Aliter:
2778 3992 2836 4047 In
2882 3988 3241 4045 rhinocerotis
3269 3986 3433 4056 hujus
3483 3982 3793 4040 fortitudine

2208 4086 2460 4141 fiduciam
2512 4084 2607 4138 Dei
2659 4081 2878 4147 habuit,
2908 4079 3037 4149 quia
3078 4084 3282 4146 quanto
3331 4074 3483 4129 illum
3528 4070 3795 4129 crudelius

2209 4176 2340 4231 dura
2370 4175 2473 4229 sibi
2506 4172 2825 4227 inferentem
2851 4168 3074 4242 pertulit
3097 4206 3113 4233 ,
3149 4175 3300 4221 tanto
3329 4180 3428 4235 per
3458 4178 3520 4219 se
3548 4170 3795 4216 constan-

2212 4268 2317 4322 tius
2345 4266 2662 4321 tolerantem
2683 4263 2908 4317 adversa
2934 4258 3225 4330 prtescivit.
3253 4256 3536 4325 Sequitur:
3563 4251 3628 4306 Et
3649 4249 3797 4306 ὀιτει

2210 4357 2412 4427 linques
2438 4355 2483 4409 ei
2515 4352 2720 4406 labores
2766 4361 2883 4404 tuo:
2905 4351 2931 4403 ?
2955 4379 3030 4390 ——
3070 4347 3305 4401 Labores
3330 4346 3478 4399 enim
3506 4357 3637 4398 suos
3672 4340 3795 4396 huic

2211 4443 2543 4501 rhinoceroti
2589 4440 2852 4496 Dominus
2879 4437 3191 4507 dereliquit,
3229 4434 3356 4504 quia
3397 4445 3661 4488 converso
3686 4438 3796 4483 ter-

2211 4548 2343 4588 reno
2381 4530 2611 4602 principi
2652 4543 2793 4592 eam,
2832 4542 2995 4597 quam
3024 4541 3125 4580 sua
3171 4532 3347 4579 morte
3395 4529 3669 4577 mercatus
3691 4526 3796 4581 est.

2212 4623 2514 4681 Ecclesiam
2566 4619 2817 4675 credidit.
2873 4618 3014 4684 Quia
3060 4615 3310 4671 videlicet
3361 4613 3417 4667 in
3463 4609 3585 4683 ejus
3634 4624 3797 4664 manu

2214 4723 2415 4784 quanta
2454 4709 2817 4766 sollicitudine
2838 4722 2939 4777 pax
2963 4704 3089 4761 fidei
3114 4705 3184 4759 sit
3215 4702 3467 4765 tenenda,
3501 4699 3797 4756 commisit.

2214 4806 2420 4862 Aliter:
2448 4802 2689 4858 Labores
2712 4800 2899 4865 etiam,
2922 4813 3057 4867 quos
3086 4798 3198 4866 ipse
3219 4794 3273 4849 in
3295 4807 3461 4848 carne
3480 4789 3797 4861 pertulerat,

2215 4893 2546 4951 rhinoceroti
2574 4888 2899 4960 dereliquit,
2928 4886 3056 4958 quia
3086 4898 3411 4941 conversum
3456 4881 3607 4936 illum
3630 4892 3800 4948 usque

2217 4987 2285 5042 ad
2314 4985 2668 5042 imitationem
2685 4982 2917 5051 proprize
2943 4977 3209 5050 passionis
3236 4975 3426 5031 traxit.
3449 4972 3603 5029 Unde
3628 4980 3686 5027 et
3706 4985 3803 5042 per

2216 5077 2466 5134 eumdem
2516 5073 2918 5128 rhinocerotem
2961 5068 3202 5124 dicitur:
3272 5083 3291 5116 ι
3328 5063 3652 5134 Suppleoea
3680 5074 3801 5131 qua

2216 5169 2409 5225 desunt
2434 5164 2752 5236 passionum
2777 5159 2980 5216 Christi
3006 5159 3060 5214 in
3082 5171 3247 5214 carne
3275 5170 3395 5210 mea
3420 5152 3559 5226 (Col.
3591 5168 3628 5219 ι,
3645 5151 3794 5221 28).»

2213 5255 2471 5298 Snnlrilur
2493 5273 2506 5287 ·
