3934 5400
189 396 301 454 465

905 397 1209 454 ΕΡΙΤΟΜΕ
1239 393 1602 451 MORALIUM
1643 393 1699 447 S.
1745 388 1768 448 (

1871 391 1955 450 EG.
1994 390 2063 447 ΙΝ
2099 390 2243 448 JOB.
2282 422 2352 433 —
2388 392 2514 447 LIB.
2556 388 2748 445 XXXI.

3343 379 3446 437 ιθδ

191 524 373 571 xxxu,
423 507 536 578 ΞΟ).
575 527 593 557 ι
644 506 783 574 Quid
813 507 958 562 aliud
1005 524 1129 564 area
1151 549 1166 573 ,
1197 509 1298 563 nisi
1343 507 1585 562 Ecclesia
1611 504 1771 560 debet
1798 504 1844 565 Α
1874 501 2036 568 fulta;
2070 503 2269 558 idcirco
2318 518 2439 561 cum
2471 503 2747 558 celeritate
2791 501 3160 565 transvolant,
3194 501 3318 572 quia
3365 502 3450 558 eis

193 598 461 667 intelligi?
506 596 583 652 De
623 613 728 664 qua
777 613 967 651 rursus
992 614 1122 653 voce
1153 596 1510 653 Pratcursoris
1531 597 1763 651 dicitur:

197 707 219 742 ι
259 688 327 757 Et
373 689 755 758 permundahit
803 704 984 743 aream
1033 704 1184 743 suam
1229 688 1441 760 (Matth.
1480 704 1565 754 lli,
1600 687 1706 758 l2).
1743 707 1761 739 ι

192 777 328 847 Quis
354 786 486 849 ergo
510 778 562 832 in
595 778 748 832 initio
769 779 1045 834 nascentis
1070 778 1325 834 Ecclesiae
1347 780 1612 844 crederet,
1640 780 1767 833 dum

190 878 387 923 contra
447 885 565 925 eam
610 870 699 926 ille.
750 871 1047 927 indomitus
1091 871 1424 941 principatus
1464 879 1622 926 terrae
1688 877 1769 924 tot

190 960 358 1016 minis
386 971 443 1016 et
488 964 821 1018 cruciatibus
873 964 1122 1028 saeviret,
1150 964 1275 1032 quia
1317 963 1629 1019 rltiuoceros
1667 963 1769 1018 iste

191 1049 305 1105 Deo
334 1061 636 1109 sementem
667 1052 933 1116 redderet,
968 1053 1147 1118 idest,
1185 1061 1462 1122 acceptum
1505 1053 1766 1122 praedica-

188 1139 356 1194 tionis
382 1141 606 1195 verbum
628 1141 879 1209 operibus
910 1141 1261 1210 repensaret?
1282 1140 1412 1208 Quis
1437 1148 1619 1210 posset
1643 1148 1769 1194 tunc

185 1229 533 1285 inﬁrmorum
566 1231 790 1286 credere
834 1230 975 1300 quod
1019 1230 1099 1285 eis
1144 1246 1325 1285 aream
1379 1229 1773 1300 congregaret?

184 1317 333 1375 Ecce
369 1320 518 1375 enim
547 1322 704 1378 modo
731 1336 829 1391 pro
867 1320 1105 1376 Ecclesia
1139 1320 1283 1391 leges
1312 1320 1641 1390 promulgat,
1676 1320 1767 1388 qui

186 1408 393 1464 dudum
425 1421 615 1467 contra
639 1428 756 1468 eam
782 1428 881 1480 per
903 1413 1050 1467 varia
1079 1420 1344 1467 tormenta
1372 1412 1646 1467 saeviebat.
1669 1409 1769 1465 llic

184 1500 462 1569 quaslibet
487 1510 677 1574 gentes
724 1518 918 1570 capere
962 1503 1217 1572 potuerit,
1258 1503 1327 1556 ad
1366 1502 1485 1557 tidei
1534 1502 1764 1570 gratiam

186 1588 309 1644 illas
343 1591 623 1647 suadendo
646 1592 923 1663 perducit;
969 1592 1158 1661 eisque
1195 1596 1455 1646 aeternam
1485 1592 1650 1645 vitam
1680 1591 1766 1645 in-

184 1683 355 1746 dicat,
386 1684 584 1752 quibus
604 1683 777 1754 captis
806 1693 1126 1753 praesentem
1159 1692 1358 1739 servat.
1389 1682 1595 1738 Aliter:
1624 1682 1767 1737 Con-

182 1770 494 1827 sideremus
513 1770 735 1827 Paulum
759 1773 881 1843 quis
907 1782 1030 1828 ante
1057 1774 1213 1830 fidem
1236 1773 1414 1839 fuerit,
1443 1783 1497 1830 et
1524 1774 1765 1845 profecto

1870 609 2059 664 parum
2094 593 2235 649 inest
2254 593 2392 662 quod
2424 603 2700 664 aggravat,
2736 592 2961 647 multum
3010 592 3150 662 quod
3181 591 3341 647 levat.
3372 593 3449 646 At

1870 694 2062 740 contra
2097 685 2333 740 struthio
2366 685 2504 740 raris
2552 685 2742 753 pennis
2771 684 3012 738 induitur
3035 724 3049 747 ,
3076 683 3299 737 immani
3322 699 3468 739 cor--

1868 790 1998 846 pore
2038 782 2316 846 gravathr,
2362 784 2420 830 ut
2454 785 2509 830 et
2554 778 2598 829 si
2630 775 2813 830 volare
2838 774 3058 845 appetit,
3086 774 3201 844 ipsa
3245 789 3465 845 penna»

1870 881 1987 920 rum
2018 868 2260 936 paucitas
2287 865 2478 921 molem
2512 867 2641 920 tanti
2688 867 2931 936 corporis
2958 867 3011 920 in
3039 880 3165 921 aera
3193 881 3299 920 non
3326 881 3465 921 δας-ι

1868 957 2082 1026 pendat.
2116 957 2258 1011 Bene
2281 972 2409 1027 ergo
2439 958 2492 1011 in
2522 957 2746 1012 herodio
2786 965 2840 1011 et
2864 957 3119 1026 accipitre
3148 957 3446 1012 electorum

1868 1063 2095 1118 persona
2141 1048 2421 1117 signatur,
2452 1048 2576 1118 quia
2625 1048 2862 1118 quandiu
2895 1047 2948 1102 in
2986 1047 3089 1101 hac
3124 1048 3232 1102 vita
3280 1055 3442 1110 sunt,

1868 1138 1984 1193 sine
2009 1138 2280 1208 quantulae
2299 1137 2468 1207 culpa:
2496 1139 2746 1208 contagio
2774 1152 2894 1192 esse
2922 1152 3028 1192 non
3053 1147 3297 1208 possunt.
3335 1138 3446 1193 Sed

1869 1243 1990 1281 cum
2030 1227 2083 1281 in
2111 1228 2198 1283 eis
2223 1243 2413 1299 parum
2442 1228 2568 1298 quid
2603 1229 2741 1283 inest
2767 1228 2908 1298 quod
2940 1229 3223 1297 deprimit,
3271 1228 3466 1283 multa.

1866 1317 2038 1373 virtus
2080 1319 2234 1375 bona:
2279 1321 2508 1376 actionis
2533 1320 2770 1391 suppetit
2798 1335 2916 1389 quae
2945 1319 3063 1376 illos
3110 1319 3162 1374 in
3212 1334 3471 1390 superna;

1868 1409 2104 1463 sustollit
2133 1426 2147 1474 ;
2182 1418 2237 1464 at
2264 1419 2450 1465 contra
2496 1411 2816 1480 hypocritae,
2847 1416 2901 1464 et
2926 1409 2972 1464 si
3007 1408 3212 1463 faciunt
3238 1423 3468 1477 pauca,.

1867 1512 1986 1567 quae
2036 1497 2277 1563 elevant,
2313 1508 2629 1569 perpetrant
2658 1499 2825 1553 multa
2875 1514 2994 1569 qua:
3024 1506 3270 1571 gravant.
3319 1498 3461 1555 litae.

1867 1602 2081 1658 quoque
2113 1588 2225 1658 ipsa
2252 1590 2573 1644 struthionis
2605 1605 2801 1659 penna,
2832 1589 2898 1644 ad
2928 1604 3132 1660 pennas
3157 1589 3362 1644 herodii
3390 1597 3464 1645 et.

1868 1677 2140 1747 accipitris
2169 1677 2572 1734 similitudinem
2600 1678 2795 1734 coloris
2826 1679 3020 1744 habet,
3048 1679 3265 1733 virtutis
3295 1678 3446 1733 simi-

1866 1766 2144 1823 litudinem
2161 1785 2268 1823 non
2307 1769 2491 1825 habet.
2519 1768 2655 1837 Quid
2682 1785 2809 1841 ergo
2827 1770 2877 1824 in
2904 1770 2989 1825 bis
3010 1770 3316 1839 aspicimus,
3343 1769 3447 1824 nisi

182 1859 570 1928 cognoscimus
616 1860 740 1930 quia
788 1860 964 1916 nullus
1004 1870 1131 1917 tunc
1168 1861 1402 1917 ﬁdelium
1440 1863 1763 1929 crediderat,
1797 1851 1840 1910 B
1867 1858 2009 1927 quod
2030 1856 2318 1913 electorum
2333 1858 3028 1925 virtutessolidaevolant,et
3048 1867 3234 1915 ventos
3254 1858 3447 1914 huma-

182 1948 333 2019 quod
359 1949 428 2003 ad
462 1948 651 2019 jugum
682 1949 822 2007 Deus
852 1967 963 2006 sua:
1002 1951 1305 2007 formidinis
1330 1952 1438 2006 vim
1471 1960 1630 2007 tanta:
1655 1951 1764 2006 ela-

184 2040 356 2094 tionis
381 2039 684 2095 inclinaret.
716 2039 869 2097 Unde
896 2051 951 2097 et
979 2042 1216 2098 Ananias
1244 2057 1445 2113 pavens
1479 2043 1591 2096 ait:
1621 2062 1638 2092 (
1670 2042 1769 2096 Do—

181 2128 356 2194 mine,
381 2128 560 2183 audivi
586 2144 617 2184 a
654 2130 838 2185 multis
865 2132 930 2185 de
956 2131 1073 2185 viro
1102 2132 1205 2187 hoc
1241 2140 1439 2201 quanta
1468 2131 1606 2185 mala
1644 2146 1767 2185 san-

182 2221 294 2277 etis
316 2222 423 2277 tuis
444 2222 699 2279 feceritin
722 2224 1023 2280 Jerusalem
1040 2225 1180 2292 (Act.
1201 2224 1434 2297 1:33).)
1458 2223 1558 2291 Qui
1586 2232 1765 2277 tamen

182 2322 416 2383 repente
440 2323 799 2371 commutatus
825 2317 891 2370 ab
914 2316 1069 2372 hoste
1098 2315 1419 2386 prazdicator
1441 2313 1685 2379 eﬂlcitur,
1714 2323 1769 2369 et

185 2401 243 2456 in
280 2404 495 2458 cunctis
541 2405 724 2460 mundi
758 2405 1000 2474 partibus
1048 2404 1424 2474 Redemptoris
1451 2402 1533 2459 sui
1570 2418 1767 2458 nomen

183 2493 451 2558 insinuat,
483 2493 742 2563 supplicia
771 2510 868 2565 pro
895 2495 1124 2550 veritate
1156 2493 1381 2559 tolerat;
1410 2492 1545 2548 alios
1565 2491 1770 2547 blandi-

182 2582 389 2637 mentis
430 2594 609 2649 vocat,
642 2584 775 2640 alios
820 2585 886 2639 ad
920 2585 1077 2641 [idem
1118 2584 1419 2640 terroribus
1448 2570 1686 2646 revocat,
1716 2589 1771 2636 et

183 2680 345 2726 tanto
378 2670 474 2727 Dei
506 2687 685 2727 aream
723 2682 1043 2746 congregat,
1076 2684 1279 2745 quanto
1308 2674 1455 2728 illum
1480 2672 1631 2743 prius
1659 2673 1771 2726 ela-

183 2760 337 2815 tione
377 2761 692 2816 ventilabat.
733 2761 839 2818 Sed
876 2779 1054 2835 neque
1093 2764 1193 2819 hoc
1230 2763 1520 2819 abhorreat
1548 2777 1578 2816 a
1604 2762 1770 2818 Paulo
1802 2766 1807 2772 ’

181 2849 335 2919 quod
389 2850 709 2908 rhinoceros
755 2853 915 2909 buxei
967 2853 1166 2910 coloris
1193 2854 1411 2910 dicitur.
1444 2854 1583 2921 Quid
1615 2854 1761 2909 enim

180 2956 284 3012 per
312 2942 549 2999 colorem
576 2944 843 3012 buxeum,
885 2946 986 3002 nisi
1025 2946 1367 3002 abstinentiae
1395 2945 1568 3017 pallor
1592 2946 1770 3015 expri-

183 3033 396 3089 mitur?
425 3035 508 3092 cui
542 3036 655 3106 ipse
694 3038 957 3093 tenaciter
985 3038 1260 3094 adhaerere
1298 3047 1526 3094 testatur
1550 3038 1767 3094 dicens:

184 3143 211 3176 ς
249 3124 471 3197 Castigo
496 3141 693 3198 corpus
727 3143 903 3183 meum
930 3137 984 3183 et
1010 3130 1063 3183 in
1099 3130 1416 3185 servitutem
1448 3127 1698 3200 su'hjicio,
1736 3147 1754 3182 ι

1867 1949 1921 2004 ni
1952 1948 2152 2005 favoris
2182 1952 2465 2020 premunt?
2493 1950 2902 2022 llypocritarum
2927 1967 3056 2007 vero
3082 1951 3461 2022 actio,quam‘

1864 2038 1997 2094 libet
2023 2049 2168 2096 recta
2194 2042 2456 2107 videatur,
2480 2043 2659 2098 volare
2681 2059 2783 2097 non
2799 2042 3022 2109 suﬂlcit;
3047 2044 3170 2112 quia
3198 2044 3455 2098 videlicet.

1865 2123 2021 2180 ﬂuxa:
2043 2128 2257 2183 virtutis
2278 2144 2508 2199 pennam
2525 2131 2772 2185 humanae
2788 2131 2960 2187 laudis
2977 2146 3106 2185 aura
3130 2133 3457 2202 pertransit-

1864 2214 2065 2271 Aliter:
2083 2216 2220 2284 Quid
2242 2220 2563 2274 struthionis
2588 2220 2824 2286 nomine,
2843 2221 2943 2275 uisi
2970 2221 3251 2292 Synagoga
3268 2221 3449 2293 signa-

1867 2305 1989 2358 tur?
2008 2320 2127 2374 qua:
2142 2306 2256 2362 alas
2271 2308 2473 2371 habuit,
2491 2308 2585 2363 sed
2607 2310 2767 2363 corde
2785 2310 2836 2363 in
2864 2309 3061 2366 intimis
3078 2326 3293 2381 repens,
3308 2328 3457 2366 nun-

1868 2409 2027 2464 quam
2050 2411 2109 2450 se
2127 2411 2155 2450 a
2171 2405 2312 2452 terra
2326 2398 2645 2454 sublevavit.
2678 2398 2815 2465 Quid
2840 2413 2963 2455 vero
2978 2414 3074 2469 per
3096 2400 3372 2456 heredium
3391 2409 3449 2455 et

1869 2485 2205 2554 accipitrem,
2238 2487 2341 2541 nisi
2369 2488 2574 2557 antiqui
2606 2487 2794 2542 Patres
2823 2489 3222 2558 exprimuntur,
3253 2490 3342 2557 qui
3373 2490 3443 2543 ad

1869 2589 1931 2629 ea
1950 2616 1964 2640 ,
1996 2592 2113 2647 quae
2137 2577 2411 2646 potuerint
2434 2577 2770 2647 intelligenda
2794 2579 3097 2649 perspicere
3119 2619 3132 2643 ,
3161 2579 3451 2635 valuerunt

1870 2667 2034 2723 etiam
2057 2667 2284 2725 vivendo
2312 2670 2641 2739 penetrare?
2672 2670 2853 2725 Penna
2899 2671 3064 2741 igitur
3096 2671 3437 2731 struthionis.

1871 2756 2077 2814 herodii
2103 2766 2159 2814 et
2201 2760 2478 2830 accipitris
2503 2770 2589 2816 est
2616 2760 2830 2824 similis,
2857 2761 2980 2831 qu'ia
3014 2759 3312 2832 Synagogte
3340 2776 3449 2816 vox

1871 2848 2119 2920 priorum
2162 2849 2462 2905 doctrinam
2509 2850 2777 2921 loquendo
2821 2850 3031 2915 tenuit,
3078 2852 3172 2905 sed
3220 2851 3472 2905 vivendo

1872 2940 2065 2995 nescit.
2130 2938 2285 2996 Unde
2336 2940 2576 3009 ejusdem
2624 2941 2923 3013 Synagogae
2977 2940 3191 3010 populis
3236 2940 3451 2995 Veritas

1873 3031 1987 3086 ait:
2026 3049 2044 3083 ι
2083 3030 2259 3102 Super
2293 3032 2611 3087 cathedram
2657 3031 2823 3103 Moysi
2856 3032 3114 3107 sederunt
3160 3030 3362 3086 Scriba:
3391 3041 3447 3084 et

1873 3121 2167 3190 Pharisaei,
2191 3124 2375 3179 omnia
2408 3139 2746 3194 quacunque
2784 3122 3023 3178 dixerint
3059 3121 3210 3178 vobis
3237 3129 3451 3177 servate

180 3215 377 3289 etc..(l
411 3216 533 3272 Cor.
564 3233 640 3283 ιιι,
669 3218 784 3291 27.)
828 3217 933 3287 Qui
967 3235 1090 3275 cum
1114 3218 1340 3274 aliorum
1369 3199 1658 3291 ingluviem
1688 3235 1769 3275 re—
1793 3199 1840 3263 C
1869 3222 1926 3270 et
1949 3212 2133 3277 facile,
2155 3232 2173 3266 ι
2202 3221 2308 3271 etc.
2337 3202 2553 3287 (Matth.
2589 3229 2747 3278 χχιιι,
2769 3213 2849 3283 2.)
2876 3212 3168 3282 Sequitur:

138 3308 427 3380 _darguit,
493 3325 660 3366 cornu
718 3312 1033 3383 elephantos
1090 3312 1144 3367 in
1206 3321 1450 3367 ventrem
1510 3311 1654 3368 ferit.
1700 3311 1771 3368 Ut

181 3399 353 3455 illud:
393 3420 412 3453 ‹
448 3401 598 3456 Multi
628 3403 772 3458 enim
795 3404 1093 3469 ambulant,
1126 3418 1265 3474 quos
1292 3418 1433 3475 saepe
1461 3404 1570 3459 dixi
1592 3405 1768 3471 vobis,

180 3507 334 3547 nunc
357 3500 539 3547 autem
574 3503 632 3549 et
677 3492 811 3550 tiens
857 3494 980 3550 dico
1033 3495 1280 3550 inimicos
1306 3494 1501 3560 crucis,
1542 3509 1771 3565 quorum

181 3581 318 3637 linis
397 3582 653 3639 interitus
678 3626 693 3651 ,
740 3599 969 3656 quorum
1044 3584 1187 3641 Deus
1225 3595 1417 3641 venter
1450 3594 1572 3652 est,
1611 3605 1629 3639 ι
1663 3595 1768 3641 etc.

182 3670 416 3744 (Philip.
452 3688 535 3740 ιιι,
569 3674 680 3746 t8.)
717 3675 785 3730 Et
817 3690 1068 3730 rursum:
1122 3695 1140 3728 ι
1172 3674 1492 3744 Huiusmodi
1551 3676 1772 3732 Christo

181 3764 425 3822 Domino
472 3782 580 3822 non
631 3768 899 3831 serviunt,
947 3768 1040 3823 sed
1072 3784 1170 3823 suo
1215 3769 1390 3823 ventri
1435 3766 1612 3839 (Rom.
1655 3783 1768 3833 tm,

180 3855 305 3925 18).
339 3873 358 3907 ι
390 3854 521 3925 Quae
548 3871 677 3928 ergo
702 3856 753 3911 in
783 3857 948 3912 Paulo
968 3858 1168 3928 scripta
1192 3858 1562 3927 cognovimus,
1586 3873 1772 3929 super-

178 3950 274 3995 est
298 3948 357 3995 ut
386 3941 526 3997 facta
551 3954 606 3997 et
633 3943 684 3997 in
715 3943 835 3998 aliis
857 3944 1163 4000 credamus.
1193 3943 1451 4014 Sequitur
1475 3961 1489 3995 :

1940 3306 2106 3363 Vnus.
2128 3307 2218 3363 14.
2243 3305 2375 3374 Qua:
2403 3308 2676 3378 dereliquit
2708 3307 2761 3361 in
2787 3316 2927 3361 terra
2964 3321 3059 3361 ova
3083 3320 3200 3359 sua.
3224 3334 3294 3346 —-
3313 3302 3456 3372 Quid

1869 3396 2019 3453 enim
2053 3411 2149 3467 per
2173 3411 2302 3462 ova,
2345 3397 2448 3453 nisi
2480 3407 2665 3453 tenera
2690 3396 2865 3453 adhuc
2887 3394 3062 3467 proles
3085 3395 3404 3466 exprimitur
3428 3394 3455 3448 ?
3480 3412 3483 3415 ·

1873 3501 1995 3558 qua:
2035 3486 2128 3542 diu
2176 3484 2404 3542 fovenda
2434 3494 2551 3552 est,
2589 3495 2649 3541 ut
2679 3486 2745 3541 ad
2773 3485 2954 3541 vivum
2997 3484 3212 3541 volatile
3254 3486 3455 3555 perdu-

1872 3584 2046 3631 catur.
2076 3574 2185 3632 Ova
2209 3577 2407 3646 quippe
2431 3576 2763 3633 iusensibilia
2782 3577 2835 3630 in
2859 3576 3162 3645 semetipsis
3186 3584 3333 3640 sunt,
3357 3575 3453 3631 sed

1873 3673 2052 3720 tamen
2099 3665 2358 3721 calefacta
2404 3667 2459 3721 in
2503 3666 2642 3722 vivis
2676 3664 2990 3721 volatilibus
3026 3674 3448 3728 corvertuntur;

1872 3755 1944 3809 ita
1966 3755 2220 3810 nimirum
2240 3755 2446 3824 parvuli
2467 3755 2741 3809 auditores
2764 3769 2829 3809 ac
2852 3753 2948 3808 ﬁlii
2974 3762 3183 3808 certum
3207 3754 3452 3822 estquod

1870 3842 2057 3915 frigidi
2098 3843 2549 3915 iuseusibilesque
2573 3850 2913 3907 remaneant,
2956 3843 3059 3897 nisi
3098 3842 3336 3899 doctoris
3366 3844 3463 3897 sui

1871 3933 2102 3990 sollicita
2148 3934 2524 3992 exhortatione
2571 3932 2865 3999 caleﬁant;
2904 3933 3119 3988 assidua
3166 3932 3485 3988 doctorum»

260 4031 431 4087 Vens.
473 4034 552 4089 l5.
584 4030 767 4089 Penna
805 4034 1110 4089 struthionis
1147 4034 1333 4090 similis
1357 4043 1433 4090 est
1472 4036 1650 4105 pennis
1682 4036 1773 4089 Ite-
1868 4040 2003 4081 V008
2027 4025 2240 4080 ίονθηάί
2280 4034 2425 4091 sum:
2460 4039 2741 4095 (ἰυοηείῐυε
2770 4024 2980 4080 νθιθεὶηί
3009 4039 3105 4094 Per
3135 4023 3451 4092 ἰηιειίῑεεη-

180 4125 328 4179 radii
373 4134 420 4179 et
448 4125 734 4195 accipitris.
758 4157 831 4166 —
860 4125 992 4193 Quis
1043 4127 1322 4182 lterodium
1360 4135 1413 4182 et
1461 4127 1770 4195 accipitrem
1872 4116 2004 4171 tiam
2030 4116 2240 4182 vivere.
2270 4124 2327 4170 et
2360 4114 2814 4186 contemplatione
2835 4115 3041 4170 volare-
3068 4115 3320 4168 Attamen
3352 4113 3451 4184 hy.-

179 4214 401 4269 nesciat
443 4229 573 4270 aves
613 4214 852 4285 reliquas
891 4224 1093 4286 quanta
1121 4216 1331 4274 volatus
1367 4216 1449 4272 sui
1491 4215 1772 4271 velocitate
1870 4208 2095 4277 pocrita:
2122 4208 2372 4278 quamvis
2398 4222 2657 4278 perversa
2700 4220 2914 4276 semper
2957 4214 3273 4275 operentur,
3303 4205 3476 4275 loquis‘

182 4309 615 4364 transcendant?
652 4311 899 4367 Summo
936 4326 1064 4368 vero
1125 4328 1310 4368 eorum
1350 4329 1541 4383 ρρηηω
1584 4302 1773 4367 timui-
1872 4306 2052 4354 tamen
2083 4308 2230 4356 recta
2268 4313 2373 4353 non
2401 4298 2677 4354 desinunt.
2705 4297 2850 4352 Bene
2886 4305 3064 4352 autem
3097 4297 3365 4381 loquendo
3396 4299 3448 4353 in

183 4400 435 4455 tudinem
494 4400 687 4463 habet,
757 4401 854 4457 sed
920 4402 1133 4458 volatus
1187 4418 1375 4458 eorum
1438 4403 1768 4459 celeritatem

1873 4388 1979 4444 ﬁde
2024 4388 2107 4444 vel
2135 4388 2548 4444 conversatione
2580 4387 2720 4442 tilios
2748 4386 3004 4458 pariunt,
3046 4386 3139 4441 sed
3168 4401 3263 4442 cos
3312 4387 3450 4442 bene

182 4502 300 4543 non
326 4488 510 4543 habet,
546 4488 590 4542 Α
631 4497 775 4545 terra
820 4504 949 4546 νει-ο
994 4492 1193 4547 elevari
1226 4507 1329 4546 non
1360 4491 1532 4556 ναιεςι,
1572 4500 1626 4547 ει
1657 4491 1771 4546 ams
1802 4539 1845 4556 ﬂ
1872 4481 2102 4535 vivendo
2129 4480 2337 4535 nutrire
2377 4495 2482 4533 non
2520 4487 2762 4549 possunt,
2795 4477 2919 4546 quia
2961 4492 3025 4531 ex
3050 4492 3235 4531 amore
3261 4477 3451 4531 intimo

184 4579 346 4648 quasi
411 4579 479 4634 ad
528 4580 768 4635 volatum
818 4581 998 4650 specie
1056 4590 1211 4637 genus
1261 4580 1442 4652 erigit,
1493 4580 1772 4652 Signiﬁcat
1799 4567 1848 4598 ν
1874 4568 2035 4624 rebus
2062 4583 2122 4623 se
2145 4568 2504 4645 exterioribus
2534 4567 2785 4632 subdunt,
2814 4567 2866 4621 in
2893 4568 3087 4637 quibus
3117 4577 3318 4636 quanto
3339 4582 3450 4639 ma.-

185 4668 551 4738 Omnipotens
630 4670 983 4741 ltypocritas,
1068 4670 1204 4741 qui,
1278 4670 1406 4726 dum
1502 4671 1768 4728 honorum

1872 4657 1955 4730 gis
1983 4673 2041 4713 se
2065 4657 2350 4722 extollunt,
2382 4665 2531 4712 tanto
2578 4658 2758 4712 minus
2802 4657 2870 4711 de
2901 4657 3068 4726 prolis
3103 4671 3213 4710 sum
3238 4656 3452 4711 defectu

182 4760 358 4813 vitam
452 4759 742 4825 simulant,
820 4760 1177 4815 imitationem
1266 4769 1469 4816 sanctae
1548 4762 1768 4819 visionis

1872 4750 2202 4806 cruciantur.
2258 4747 2371 4805 Ova
2422 4764 2552 4820 ergo
2612 4748 2667 4802 in
2725 4755 2868 4802 terra
2921 4745 3273 4816 dereliquisse
3330 4755 3449 4810 est,

186 4848 429 4915 habent,
488 4849 580 4904 sed
630 4849 918 4904 veritatem
980 4857 1178 4905 sancta
1234 4851 1466 4907 actionis
1513 4867 1619 4907 non
1670 4852 1772 4906 ha-
1873 4840 2078 4894 nullum
2138 4838 2375 4894 caelestis
2429 4839 2555 4893 νὶιω
2627 4837 2751 4891 [iliis
2812 4836 3118 4906 exemplum
3183 4833 3469 4904 praebere...

187 4943 353 5007 bent;
395 4942 486 5011 qui
527 4942 642 4996 alas
680 4956 778 5010 per
825 4940 1049 5011 ﬁguram
1097 4942 1405 4998 sanctitatis
1452 4943 1769 5008 extendunt,
1873 4931 2085 4987 Aliter:
2117 4931 2174 4986 In
2212 4932 2331 4986 ovis
2360 4930 2513 4985 aliud
2538 4938 2623 4984 est
2646 4929 2790 4996 quod
2831 4929 3093 4991 cernitur,
3122 4924 3263 4980 aliud
3302 4925 3451 4991 quod

190 5032 291 5085 sed
334 5044 586 5085 curarum
636 5027 978 5084 saecularium
1021 5030 1259 5097 pondere
1305 5032 1544 5099 gravati,
1594 5031 1770 5087 nulla-

191 5130 355 5175 tenus
403 5134 434 5173 a
483 5129 629 5177 terra
701 5117 1070 5172 sublevantur.
1122 5121 1198 5174 De
1237 5134 1347 5189 quo
1395 5123 1631 5190 pondere
1677 5137 1775 5191 per

192 5208 516 5279 Prophetarn
539 5206 777 5264 dicitur:
798 5204 944 5259 «Filii
974 5204 1249 5260 hominum
1261 5216 1554 5277 'usquequo
1581 5224 1774 5278 graves

195 5297 411 5352 corde?»
431 5294 601 5368 (Paul.
639 5307 720 5357 tv,
748 5292 829 5361 5.)
845 5293 920 5347 De
940 5293 1025 5347 his
1039 5293 1295 5350 Dominus
1315 5296 1387 5350 ait
1409 5314 1421 5349 :
1447 5313 1464 5347 ι
1489 5296 1580 5353 Vae
1601 5297 1772 5360 vobis,

1875 5030 2144 5090 speratur,
2167 5031 2224 5074 et
2248 5020 2413 5074 videri
2436 5035 2562 5092 spes
2608 5034 2715 5073 non
2740 5029 2915 5088 pctest
2942 5018 3109 5073 Paulo
3135 5022 3452 5077 attestante,

1874 5115 1965 5184 qui
1994 5114 2070 5167 ait
2096 5131 2109 5165 :
2144 5111 2323 5179 «Quod
2344 5114 2490 5167 enim
2516 5111 2659 5165 videt
2678 5110 2967 5179 quis,quid
2988 5104 3201 5177 sperat?
3223 5124 3238 5152 ι
3270 5101 3452 5170 (Rom.

1876 5218 1991 5264 vtu.
2025 5202 2142 5271 24.)
2174 5221 2191 5253 ι
2227 5201 2365 5268 Quid
2403 5217 2553 5276 ergo.
2572 5216 2668 5273 per
2696 5201 3016 5256 struthionis
3044 5210 3141 5251 ova
3169 5233 3183 5256 ,
3213 5191 3317 5246 nisi
3348 5192 3460 5262 Sy-

1877 5308 2096 5365 nagogae
2122 5307 2287 5347 carne
2315 5292 2449 5349 editi
2496 5288 2723 5364 apostoli
2772 5282 3165 5357 designantur?
3193 5280 3297 5344 Qui
3326 5280 3460 5336 dum
