3934 5400
2656 231 2690 246 1,

540 288 648 345 tor
1538 293 1596 350 s.
1624 293 1873 351 onoms
1911 293 2201 349 seems
2241 294 2738 359 CLUNlACENSlS
2763 304 2806 359 ιι
3097 379 3104 384 _
3639 320 3713 378 ωε

540 417 672 484 Qum
696 431 796 471 ονει
824 409 1060 466 struthio
1085 413 1137 466 in
1171 420 1315 466 terra
1337 410 1684 483 derelinquit,
1713 413 1836 480 quia
1868 428 1962 467 eos
1988 423 2122 477 quos
2149 409 2196 466 A
2224 405 2340 477 ejus
2369 409 2506 466 lilios
2531 417 2776 484 quamvis
2803 418 2856 472 in
2893 419 3123 475 terrenis
3150 419 3428 478 desideriis
3452 435 3644 486 mortuos
3673 447 3716 490 ac

539 534 707 574 carne
734 523 996 586 genuerat
1027 511 1311 581 Synagnga
1354 507 1628 576 apostolos
1668 505 1854 562 audire
1881 515 2117 562 contem-
2223 497 2447 570 frigidos
2490 505 2712 575 reperit,
2744 507 2923 564 calore
2967 520 3144 565 tamen
3174 513 3254 566 sui
3287 515 3476 570 amoris
3497 533 3521 570 a
3548 526 3716 581 mortuis

537 622 695 675 nens,
745 606 1002 662 vocandm
1039 602 1331 674 gentilitati
1373 599 1632 656 deseruit.
1669 598 1925 668 Sequitur
1970 616 1983 652 :
2039 596 2119 651 Tu
2221 593 2513 664 animavit;
2569 599 2663 654 sed
2726 601 2893 656 vitam
2941 618 3104 672 quam
3160 603 3287 659 ﬁliis
3340 604 3592 680 Synagoga
3641 631 3716 671 non

536 697 761 768 forsitan
801 699 853 750 in
901 696 1110 765 pulvere
1139 694 1384 762 calcfacis
1419 694 1522 746 ea?
1565 721 1634 731 —
1662 691 1740 745 Ac
1784 691 1828 744 si
1869 689 2032 754 dicat,
2060 696 2119 742 ut
2220 684 2382 751 dedit,
2423 689 2562 745 hanc
2588 693 2930 761 postmodum
2961 695 3187 761 invadit,
3214 696 3343 750 dum
3367 691 3613 755 moliretur
3631 719 3717 774 per-

537 805 658 860 ego,
686 789 776 859 qui
811 788 897 843 illa
935 790 986 841 in
1024 786 1244 856 pulvere
1275 785 1554 840 calefacio.
1584 784 1720 851 Quia
1757 783 1964 838 scilicet
1991 797 2119 850 par—
2218 781 2492 848 sequendo
2541 784 2908 855 exstinguere.
2939 802 3075 857 quos
3121 803 3179 844 se
3223 789 3291 844 ad
3318 789 3452 844 bona
3486 806 3622 862 Opera
3643 812 3719 853 non

534 880 780 934 vulorum
829 879 1062 942 animas,
1097 886 1152 932 et
1199 877 1252 931 in
1295 876 1472 931 medio
1510 877 1845 946 peccantium
1887 875 2112 943 positas,
2217 869 2535 925 meminerat
2564 871 2798 931 fovendo
2823 879 3098 949 genuisse.
3136 879 3437 951 Sequitur:

533 972 736 1027 amoris
777 971 882 1026 mei
915 971 1037 1040 igne
1079 970 1368 1024 succende.
1411 969 1549 1036 Quid
1598 969 1740 1022 enim
1770 967 1944 1037 pulvis
1967 1007 1982 1032 ,
2011 966 2112 1021 nisi
2287 959 2454 1018 VERs.
2484 964 2567 1019 16.
2592 965 2833 1022 Duratur
2866 974 2933 1025 ad
2953 971 3113 1040 ﬁlios,
3145 977 3298 1046 quasi
3326 993 3427 1030 non
3461 978 3552 1031 sint
3573 980 3721 1032 sai.—

527 1061 1120 1142 peccatorwaccipitur?
1145 1061 1281 1114 Hinc
1308 1060 1451 1114 enim
1481 1059 1738 1128 scriptum
1764 1067 1889 1112 est:
1929 1077 1947 1109 ι
1985 1056 2116 1112 Ser-
2213 1051 2519 1124 llypocrita:
2553 1059 2750 1129 quippe
2779 1061 3058 1120 obduratis
3108 1068 3359 1123 cordibus
3402 1069 3590 1134 vivunt,
3616 1071 3723 1141 ipsos

524 1156 677 1226 penti
715 1154 893 1224 pulvis
921 1153 1077 1222 panis
1121 1150 1235 1219 ejus
1263 1151 1416 1222 (Isa.
1451 1166 1586 1215 va,
1644 1147 1770 1218 25).
1808 1167 1827 1200 ι
1869 1147 2003 1202 Hinc
2027 1157 2113 1202 est
2211 1145 2375 1200 etiam
2403 1163 2536 1217 quos
2567 1165 2832 1221 generant
2858 1153 2997 1210 filios
3023 1157 3164 1212 nulla
3189 1159 3387 1229 pietate
3432 1160 3582 1215 debiti
3612 1158 3721 1216 amo-

528 1248 673 1301 enim
706 1244 850 1315 quod
881 1244 1169 1312 plerosque
1210 1243 1509 1308 cernimus,
1537 1249 1593 1296 et
1620 1241 1672 1294 in
1720 1239 1896 1293 medio
1933 1252 2106 1308 p0pu-

451 1335 483 1403 ἐς
525 1338 703 1392 lorum
765 1338 984 1402 vivere,
1034 1345 1088 1391 et
1132 1346 1312 1390 tamen
1377 1335 1546 1389 vitam
1607 1331 1875 1402 torpentis
1926 1328 2106 1400 populi

469 1419 482 1467 -’
522 1442 631 1482 non
663 1437 871 1494 tenere,
904 1438 979 1492 et,
1022 1436 1083 1481 ut
1129 1427 1203 1480 ita
1258 1426 1508 1489 dixerim,
1541 1425 1596 1478 in
1649 1424 1850 1494 frigore
1892 1422 2103 1487 calere,

522 1526 584 1573 nt
641 1534 984 1589 nequaquam
1029 1519 1268 1589 jacentia
1319 1518 1372 1572 in
1434 1516 1635 1571 infimis
1691 1523 1962 1584 torpeant,
2010 1513 2102 1569 sed

493 1607 578 1668 'i'n
628 1613 769 1668 vivis
814 1612 1126 1668 volatilibus
1174 1626 1354 1677 versa,
1404 1626 1523 1666 sese
1573 1609 1640 1664 ad
1680 1608 1922 1664 coelestia
1975 1622 2103 1661 con-

518 1704 871 1773 templando,
924 1704 976 1758 id
1035 1713 1120 1758 est
1168 1703 1417 1767 volando,
1470 1701 1848 1770 suspendant:
1902 1697 2095 1752 Aliter.

514 1794 650 1849 llira
696 1804 879 1850 autem
937 1795 1180 1863 potentia
1231 1793 1494 1847 Dominus
1521 1793 1638 1846 hate
1680 1790 1951 1846 eademin
1981 1789 2092 1858 pul-

513 1899 643 1938 vere
688 1899 788 1938 ova
835 1884 1126 1949 calefacit,
1154 1884 1282 1952 quia
1326 1882 1480 1936 vivos
1523 1881 1890 1952 apostolorum
1937 1879 2100 1935 fmtus

512 1976 570 2030 in
605 1976 695 2030 illa
738 1975 949 2045 abiecta
978 1977 1175 2031 dudum
1221 1975 1526 2046 gentilitate
1557 1975 1860 2040 suscitavit,
1886 1982 1942 2028 et
1960 1989 2098 2044 quos

511 2067 796 2139 Synagoga
828 2068 974 2122 velut
1005 2069 1307 2123 insensatos
1345 2068 1811 2136 invivilicatosque
1838 2067 2095 2137 despexe-

509 2167 617 2222 rat,
657 2157 756 2225 ipsi
787 2158 1007 2212 nuncin
1039 2159 1388 2212 veneratione
1419 2158 1660 2227 gentium
1697 2172 1794 2226 per
1837 2157 2097 2211 doctrina:

507 2247 884 2315 magisterium
909 2248 1148 2303 viventes
1177 2248 1379 2302 volant.
1408 2248 1518 2303 Ova
1543 2248 1776 2302 struthio
1798 2247 1849 2301 in
1874 2246 2095 2316 pulvere

509 2336 820 2407 dereliquit,
849 2338 973 2406 quia
1009 2347 1064 2391 et
1087 2352 1277 2392 omnes
1322 2353 1458 2406 quos
1499 2337 1875 2406 prtedicandos
1920 2335 2094 2407 Syna-

507 2443 642 2499 goga
671 2429 876 2500 genuit,
905 2444 935 2483 a
965 2429 1194 2484 terrenis
1219 2428 1503 2484 desideriis
1525 2428 1766 2500 .minime.
1791 2428 2088 2499 suspendit.

507 2522 766 2593 Sequitur
801 2542 814 2577 :

575 2614 740 2670 Vens.
769 2614 856 2669 15.
898 2613 1236 2668 Obliviscitur
1263 2615 1406 2683 quod
1427 2629 1514 2683 pes
1544 2612 1807 2667 conculcet
1856 2629 1952 2678 ea,
1998 2621 2088 2665 aut

505 2705 668 2758 bestia
711 2706 826 2775 agri
875 2713 1127 2758 conterat.
1170 2734 1242 2744 -—
1271 2703 1409 2770 Quid
1454 2705 1507 2757 in
1543 2718 1694 2773 agro,
1723 2703 1825 2758 nisi
1855 2702 2087 2758 mundus

503 2797 607 2850 iste
632 2795 911 2865 signatur?
941 2795 1015 2848 De
1043 2809 1149 2863 quo
1184 2794 1239 2847 in
1278 2793 1572 2864 Evangelio
1608 2792 1867 2846 Dominus
1895 2791 2020 2846 dicit
2067 2809 2082 2845 :

505 2905 529 2939 s
587 2888 730 2957 Ager
777 2896 956 2941 autem
1015 2895 1098 2942 est
1153 2887 1385 2942 mundus
1446 2884 1661 2956 (Matth.
1716 2899 1840 2948 xm,
1889 2881 2002 2954 58).
2059 2901 2080 2935 ι

498 2979 638 3046 Quid
668 2980 719 3033 in
743 2979 931 3043 bestia,
962 2980 1062 3033 nisi
1101 2980 1354 3048 antiquus
1400 2978 1570 3033 hostis
1615 2975 1958 3046 exprimitur,
1989 2976 2083 3046 qui

496 3071 658 3140 hujus
717 3071 903 3124 mundi
962 3070 1168 3140 rapinis
1220 3070 1506 3133 insidians,
1562 3069 1795 3123 humana
1844 3067 2156 3158 quotidiec

495 3171 670 3216 morte
699 3161 960 3217 satiatur?
1009 3161 1086 3216 De
1135 3175 1240 3231 qua
1289 3175 1386 3231 per
1414 3161 1730 3231 pr0phetam
1751 3201 1764 3225 ,
1791 3159 2080 3228 pollicente

493 3253 742 3319 Domino,
770 3255 971 3310 dicitur
997 3270 1014 3309 :
1050 3273 1072 3306 ι
1104 3255 1171 3310 Et
1194 3255 1335 3309 mala
1360 3256 1531 3311 bestia
1561 3271 1667 3310 non
1699 3256 1950 3310 transibit
1983 3270 2080 3324 per

492 3359 557 3400 ea
604 3345 741 3414 (Isa.
771 3361 938 3410 xxxv,
961 3345 1036 3414 9).
1082 3364 1101 3396 ι
1145 3344 1450 3416 Hypocrita:
1504 3345 1649 3400 enim
1698 3360 1794 3400 eos
1838 3360 1973 3416 quos
2022 3346 2075 3400 in

491 3435 902 3490 conversatione
934 3436 1071 3490 filios
1097 3444 1380 3505 generant,
1410 3452 1562 3491 more
1593 3437 1808 3491 struthii
1843 3435 2076 3492 derelin-

489 3531 684 3591 quunt,
713 3531 767 3578 et
793 3524 1015 3577 omnino
1041 3539 1145 3578 non
1176 3533 1388 3589 curant,
1425 3539 1494 3579 ne
1537 3533 1632 3579 aut
1679 3524 2072 3580 exhortationis

488 3612 873 3682 sollicitudine,
905 3624 1000 3670 aut
1026 3615 1321 3686 disciplina:
1351 3617 1598 3671 custodia
1634 3617 1918 3671 destitutos
1947 3631 2072 3686 pra-

485 3722 674 3762 vorum
700 3721 924 3779 operum
952 3709 1194 3778 exempla
1216 3718 1556 3778 pervertant;
1590 3710 1636 3764 si
1661 3711 1804 3765 enim
1831 3726 1930 3765 ova
1953 3725 2071 3780 qua:

487 3794 732 3867 gignunt,
762 3797 1069 3868 diligerent,
1103 3799 1356 3853 nimirum
1395 3809 1697 3854 metuerent
1726 3816 1793 3856 ne
1837 3801 1959 3870 quis
2003 3815 2065 3855 ea

481 3901 740 3955 perversa
768 3902 934 3959 Opera
958 3889 1378 3945 demonstrando
1407 3890 1661 3946 calcaret.
1691 3888 1829 3945 Hinc
1869 3889 2068 3945 Paulus

482 3978 782 4041 metuebat,
815 3993 936 4030 cum
961 3977 1165 4033 diceret
1196 3996 1209 4031 :
1239 3995 1258 4028 ‹
1325 3977 1516 4034 Videte
1568 3978 1740 4034 malos
1787 3979 2066 4049 Operarios

480 4062 708 4136 (Philip.
738 4083 820 4133 ιιι,
849 4067 937 4138 2);
977 4088 996 4120 ι
1036 4079 1093 4124 et
1140 4085 1354 4127 rursum
1403 4085 1417 4123 :
1473 4087 1492 4121 ι
1549 4069 1699 4125 Mulli
1749 4073 2063 4139 ambulant,

480 4172 617 4227 quos
643 4174 783 4228 saepe
824 4161 1069 4216 dicebam
1103 4163 1256 4218 vobis
1299 4179 1441 4217 nunc
1468 4170 1649 4217 autem
1676 4173 1730 4218 et
1758 4162 1895 4218 flens
1917 4165 2058 4230 dico,

479 4248 728 4306 inimicos
761 4253 937 4308 crucis
969 4253 1168 4310 Christi
1214 4254 1400 4326 (Ibid.,
1430 4255 1540 4325 18).
1575 4275 1594 4308 ι
1642 4253 1794 4311 Hanc
1821 4256 1936 4327 agri
1964 4257 2060 4312 be-

477 4337 638 4393 stiam
662 4339 824 4394 etiam
853 4341 970 4396 ovis
996 4358 1114 4412 qua:
1143 4353 1396 4412 posuerat
1441 4343 1764 4401 formidabat
1813 4346 1998 4401 dicens
2041 4364 2055 4401 :

2211 1235 2286 1290 ris
2311 1249 2628 1307 agnoscunt,
2654 1249 2708 1296 et
2733 1243 2860 1312 quia
2905 1259 3001 1298 sua
3054 1261 3264 1316 semper
3314 1257 3590 1318 appetunt,
3629 1266 3725 1318 erga

2207 1325 2459 1382 affectum
2484 1332 2712 1398 proximi
2742 1333 2882 1387 nulla
2909 1335 3192 1392 charitatis
3237 1339 3590 1408 compassione
3625 1340 3724 1394 mol-

2207 1418 2434 1474 lescunt.
2459 1420 2503 1476 Ο
2524 1427 2686 1492 quam
2713 1425 2896 1480 mollia
2925 1427 3134 1482 viscera
3165 1431 3414 1499 gestabat
3463 1429 3632 1484 Paulus
3664 1431 3725 1485 di-

2205 1523 2372 1570 cens:
2420 1529 2439 1562 ς
2486 1511 2640 1568 Nunc
2685 1515 2935 1583 vivimus,
2993 1523 3038 1572 si
3084 1534 3180 1574 vos
3238 1521 3395 1574 statis
3448 1519 3500 1575 in
3544 1519 3724 1574 Domino

2204 1600 2256 1672 (ι
2285 1600 2461 1657 Thess.
2498 1619 2579 1668 ιιι,
2608 1603 2688 1676 8);
2724 1623 2744 1658 ›
2789 1616 2842 1662 et
2874 1625 2888 1662 :
2924 1626 2942 1659 ι
2983 1608 3158 1664 Testis
3187 1610 3318 1665 mihi
3344 1620 3428 1666 est
3463 1612 3592 1666 Deus
3629 1625 3727 1679 quo-

2206 1692 2365 1748 modo
2387 1694 2600 1764 cupiam
2621 1711 2809 1753 omnes
2839 1713 2933 1754 vos
2971 1700 3026 1752 in
3056 1700 3355 1756 visceribus
3409 1700 3592 1756 Christi
3633 1700 3728 1756 lese

2207 1782 2427 1855 (Philip.
2463 1803 2503 1851 ι,
2528 1786 2603 1856 8).
2641 1806 2659 1839 ι
2693 1788 2939 1858 Ephesiis
2968 1806 3183 1861 quoque
3215 1793 3288 1848 ait
3316 1809 3330 1848 :
3363 1811 3382 1843 ι
3419 1793 3543 1848 Peto
3570 1808 3628 1848 ne
3655 1793 3726 1846 de-

2199 1875 2394 1945 ficiatis
2449 1877 2500 1932 in
2560 1879 2996 1938 tribulationibus
3040 1883 3175 1939 meis
3222 1899 3324 1953 pro
3377 1884 3525 1940 vobis
3549 1893 3732 1954 quteest

2196 1965 2366 2036 gloria
2388 1977 2568 2023 vestra
2617 1969 2832 2040 (Ep/tes.
2859 1988 2942 2037 ιιι,
2973 1972 3083 2043 15).
3137 1992 3157 2026 ι
3191 1974 3404 2029 Aliter:
3460 1974 3610 2041 Quasi
3649 1989 3728 2028 non

2196 2071 2320 2112 suos
2355 2057 2592 2128 respicit,
2622 2075 2760 2129 quos
2793 2060 2950 2116 aliter
2985 2063 3170 2118 vivere
3219 2079 3384 2133 quam
3437 2065 3606 2120 docuit
3645 2064 3731 2133 ipsa

2195 2149 2561 2218 reprehendit,
2578 2160 2633 2205 et
2659 2153 2979 2208 durescente
3008 2155 3210 2209 stevitia
3238 2166 3480 2210 terrores
3505 2155 3730 2215 admovet,

2192 2253 2357 2308 seque
2382 2239 2435 2293 in
2468 2255 2655 2296 eorum
2693 2244 3021 2300 cruciatibus
3049 2256 3297 2310 exercet;
3350 2255 3518 2316 atque
3561 2245 3730 2300 invidis

2191 2326 2399 2385 facibus
2427 2329 2781 2398 inflammata,
2812 2333 2865 2388 in
2893 2335 3089 2404 quibus
3114 2337 3224 2390 'non
3253 2334 3523 2390 laboravit
3547 2347 3600 2388 ut
3638 2346 3731 2403 pos-

2189 2419 2301 2474 sint
2335 2419 2539 2486 vivere,
2575 2421 2788 2478 laborat
2837 2433 2896 2478 ut
2957 2424 3186 2480 debeant
3240 2427 3489 2482 interire.
3543 2427 3733 2482 Etcum

2188 2509 2402 2565 Domini
2459 2514 2703 2569 membra
2753 2517 3099 2587 persequitur
3147 2517 3368 2587 placere
3420 2535 3480 2574 se
3535 2534 3621 2589 per
3655 2517 3734 2572 hoc

2190 2600 2417 2658 Domino
2445 2604 2766 2673 suspicatur.
2802 2607 2955 2664 Unde
2981 2616 3036 2662 et
3059 2609 3259 2663 eisdem
3289 2611 3610 2665 struthionis
3646 2608 3736 2663 ovis

2191 2690 2403 2747 Veritas
2439 2693 2569 2749 dicit
2599 2711 2613 2749 :
2649 2713 2669 2748 ι
2717 2696 2870 2752 Vertit
2899 2699 3034 2754 hora
3075 2711 3134 2755 ut
3163 2702 3340 2755 omnis
3384 2701 3478 2770 qui
3521 2696 3736 2754 interficit

2187 2797 2282 2836 vos
2315 2783 2608 2840 arbitretur
2639 2787 2957 2859 obsequium
3009 2807 3069 2846 se
3112 2787 3382 2863 praestare
3432 2794 3542 2847 Deo
3588 2789 3733 2851 (Joan.

2186 2887 2296 2937 xvr,
2327 2873 2404 2943 2).
2452 2894 2471 2928 ι
2502 2875 2757 2948 Sequitur
2788 2899 2799 2934 :
2832 2880 3062 2936 Frustra
3105 2883 3360 2938 laboravit
3418 2884 3561 2939 nullo
3592 2883 3736 2935 timore

2184 2974 2500 3033 cogente.—
2521 2966 2783 3039 Namque,
2812 2991 2832 3024 ‹
2867 2973 3271 3043 trepidaverunt
3297 2976 3523 3042 timore,
3551 2975 3632 3030 ubi
3653 2987 3734 3027 non

2185 3062 2304 3108 erat
2334 3055 2492 3112 timor
2515 3056 2688 3130 (Psal.
2717 3078 2837 3128 xm,
2860 3064 2938 3135 5).
2975 3084 2994 3117 ι
3035 3064 3176 3122 Ecce
3207 3068 3353 3121 enim
3411 3069 3593 3124 divina
3637 3077 3736 3119 voce

2181 3146 2494 3215 przecipitur
2525 3169 2538 3204 :
2576 3169 2595 3202 ‹
2631 3152 2686 3208 Si
2713 3155 2833 3223 quis
2861 3156 2953 3211 tibi
2987 3156 3174 3213 tulerit
3202 3159 3470 3226 tunicam,
3494 3168 3550 3215 et
3584 3155 3733 3212 volue-

2181 3244 2253 3297 rit
2284 3249 2458 3301 tecum
2491 3243 2698 3315 judicio
2718 3250 3066 3315 contendere,
3099 3249 3310 3305 dimitte
3342 3251 3420 3304 illi
3456 3259 3514 3304 et
3552 3249 3734 3321 pallium

2181 3335 2395 3406 (Matth.
2425 3353 2476 3402 v,
2504 3337 2620 3408 40).
2661 3356 2680 3389 ι
2711 3337 3003 3409 Apostolus
3029 3341 3106 3394 ait
3131 3357 3146 3394 :
3186 3359 3203 3392 (
3238 3342 3425 3409 Quare
3462 3357 3568 3398 nou
3598 3337 3738 3410 magis

2175 3427 2426 3497 injuriam
2455 3431 2724 3499 accipitis,
2747 3447 2916 3501 quare
2955 3448 3064 3488 non
3111 3434 3281 3506 magis
3332 3435 3582 3490 fraudem
3624 3431 3735 3504 pati-

2174 3522 2351 3576 mini?
2383 3543 2401 3576 ι
2430 3522 2483 3594 (I
2510 3513 2734 3586 Cor-Ivi,
2761 3525 2836 3595 7.)
2866 3525 2930 3579 Et
2957 3535 3132 3582 tamen
3154 3528 3449 3598 hypocrita
3491 3533 3738 3594 assumpto

2173 3619 2375 3667 sanctae
2427 3615 2858 3670 conversationis
2911 3616 3096 3670 habitu
3160 3617 3400 3671 filiorum
3465 3614 3734 3672 custodiam

2172 3702 2395 3765 deserit,
2422 3711 2476 3758 et
2507 3704 2820 3774 temporalia
2849 3721 3076 3776 quaeque
3106 3705 3406 3762 defendere
3449 3709 3612 3761 etiam
3645 3703 3737 3771 jur-

2167 3792 2273 3864 giis
2294 3793 2506 3863 quaerit,
2534 3793 2777 3864 exemplo
2816 3810 2914 3851 suo
2957 3811 3146 3851 eorum
3180 3797 3419 3865 perdere
3450 3798 3615 3852 corda
3649 3807 3738 3848 non

2169 3884 2424 3953 trepidat,
2456 3894 2511 3939 et
2535 3885 2688 3954 quasi
2728 3901 2824 3954 per
2859 3886 3243 3958 negligentiam
3281 3888 3548 3944 amittere
3591 3883 3737 3957 patri-

2159 3977 2348 4031 .mouia
2375 3986 2588 4032 terrena
2615 3977 2890 4033 formidat.
2915 3978 2971 4033 In
2995 3995 3180 4036 errore
3203 3981 3519 4050 discipulus
3544 3981 3739 4042 labitur,

2164 4079 2220 4124 et
2243 4078 2423 4123 tamen
2449 4085 2546 4125 cor
2573 4071 2869 4141 hypocrita:
2894 4072 3038 4125 nullo
3065 4072 3249 4128 dolore
3270 4075 3584 4137 sauciatur,
3603 4075 3673 4127 ire
3692 4071 3737 4124 in

2164 4161 2466 4231 iniquitatis
2496 4163 2806 4233 voraginem
2859 4165 3176 4220 commissos
3221 4164 3325 4220 sibi
3378 4165 3670 4236 conspicit,
3695 4172 3738 4215 et

2160 4253 2278 4308 haec
2338 4255 2492 4323 quasi
2549 4255 2788 4311 inaudita
2849 4258 3180 4327 pertransit;
3238 4266 3296 4312 at
3349 4259 3402 4313 si
3461 4259 3606 4328 quod
3651 4256 3734 4310 sibi

2153 4345 2351 4404 leviter
2380 4344 2564 4400 inferri
2599 4348 2892 4417 temporale
2924 4349 3178 4403 damnum
3209 4351 3474 4415 senserit,
3511 4352 3564 4405 in
3596 4348 3736 4404 ultio-

481 4449 502 4481 ι
540 4427 729 4485 Timeo
753 4446 821 4488 ne
843 4433 1230 4503 sicutserpens
1262 4436 1425 4491 Evam
1467 4440 1677 4494 seduxit
1705 4439 1902 4494 astutia
1939 4455 2059 4506 sua,
2087 4437 2252 4499 Dnis
2300 4437 2379 4490 ira
2429 4446 2649 4506 repente
2696 4438 2764 4492 ab
2814 4439 3020 4494 intimis
3073 4440 3406 4506 inardescit;
3484 4457 3608 4496 mox
3657 4452 3735 4508 pa-

381 4521 410 4528 “
473 4519 549 4573 ita
580 4533 999 4590 corrumpantur
1021 4539 1210 4580 sensus
1232 4529 1395 4581 vestri
1422 4543 1452 4582 a
1473 4530 1737 4584 charilate
1755 4544 1876 4600 quae
1895 4540 1978 4586 est
2002 4531 2056 4586 in

473 4609 693 4666 Christo
720 4611 848 4667 Jesu
899 4613 983 4684 (ll
1015 4611 1244 4681 Corax],
1279 4618 1356 4687 5).
1410 4638 1428 4671 ι
1485 4619 1622 4675 Hinc
1671 4621 1865 4677 Petrus
1910 4624 1986 4677 ait
2037 4640 2050 4676 :

478 4722 500 4754 α
534 4701 895 4760 Adversarius
943 4713 1126 4761 vester
1175 4707 1440 4773 diabolus,
1494 4712 1648 4780 quasi
1705 4713 1789 4767 leo
1833 4715 2054 4784 rugiens

470 4796 666 4852 circuit
699 4813 946 4866 quaerens
972 4815 1131 4868 quem
1167 4800 1412 4867 devoret,
1459 4803 1544 4856 cui
1596 4805 1835 4859 resistite
1883 4805 2051 4862 fortes

472 4886 525 4939 in
554 4886 660 4940 fide
689 4886 775 4958 (ΙΙ
797 4887 940 4942 Petr.
966 4905 1022 4953 v,
1049 4889 1158 4958 9).»
1192 4890 1364 4946 Aliter
1393 4911 1405 4944 :
1446 4893 1596 4949 Tunc
1610 4910 1707 4950 ova
1731 4911 1826 4966 pes
1854 4897 2048 4964 calcat,

469 4987 524 5031 et
548 4978 722 5034 bestia
748 4981 860 5051 agri
896 4983 1148 5046 conterit,
1173 4999 1294 5037 cum
1326 4984 1376 5037 in
1402 4993 1543 5039 terra
1569 4987 2052 5058 deseruntur,quia

469 5069 719 5112 vitlplinpl
746 5071 976 5112 Imman
1005 5074 1165 5112 ραι-[1η
1227 5073 1352 5112 dum
1387 5089 1602 5112 enmnm-
1647 5086 1856 5112 tam-mm
1909 5081 2050 5112 mm},

2163 4529 2348 4584 tieutia
2399 4529 2702 4599 rumpitur;
2772 4545 2895 4585 mox
2951 4529 3104 4587 dolor
3169 4531 3348 4587 cordis
3410 4533 3470 4587 in
3535 4532 3737 4586 vocibus

2158 4621 2469 4677 effrenatur.
2525 4622 2741 4678 Aliter:
2779 4621 2832 4676 In
2863 4622 3048 4680 labore
3086 4623 3283 4693 quippe
3308 4623 3468 4678 illam
3501 4637 3738 4694 persecu-

2160 4711 2323 4768 tionis
2353 4711 2606 4768 anhelare
2640 4729 2746 4768 uon
2775 4714 2954 4779 timor,
2985 4715 3080 4770 sed
3114 4715 3417 4771 crudelitas
3441 4718 3614 4788 cogit.
3646 4713 3735 4769 Sed

2153 4803 2281 4872 quia
2326 4802 2663 4873 plerumque,
2704 4803 2837 4858 vitia
2861 4805 3042 4860 colore
3075 4806 3333 4862 virtutum
3373 4808 3579 4876 tincta,
3609 4818 3736 4862 tanto

2156 4895 2416 4963 nequiora
2461 4903 2584 4949 sunt
2632 4906 2835 4965 quanto
2877 4905 2932 4952 et
2972 4913 3094 4954 esse
3128 4899 3255 4953 vitia
3280 4900 3526 4956 minime
3557 4913 3735 4972 cogno-

2155 4994 2398 5049 scuntur,
2447 5001 2512 5040 eo
2559 4987 2614 5041 in
2659 4989 3035 5056 persecutione
3077 4989 3364 5062 Synagoga
3417 4995 3615 5049 durior
3654 5008 3737 5046 ex-

2153 5076 2286 5112 αιῖιίι
2342 5091 2449 5112 mm
2505 5075 2887 5112 rolinincinrnn:
2935 5094 2992 5112 cn
3035 5079 3146 5112 non:
3182 5081 3426 5112 “Auli-un
3488 5083 3734 5112 mn-I:|\II£

3861 661 3863 768 ι

3861 791 3863 928 ι
