3934 5400
171 339 282 396 489

884 340 1186 397 EPITOME
1225 340 1587 398 ιιοιιΑιιυιι
1629 339 1684 396 S.
1729 342 1746 395 t

1852 340 1936 395 EG.
1979 340 2044 397 IN
2084 341 2222 397 JOB.
2262 373 2330 383 ——
2373 341 2500 398 LIB.
2543 343 2733 398 XXXI.

3326 347 3429 402 470

166 449 317 506 dedit
365 449 506 519 quod
559 451 839 519 prmniisit,
875 453 1136 523 privavit;
1165 469 1226 508 ac
1256 455 1300 508 si
1331 454 1534 509 diceret
1564 472 1576 506 :
1608 453 1750 524 quod
1778 454 1826 513 Α
1855 453 2210 508 circumdabis
2256 455 2389 509 collo
2439 457 2552 525 ejus
2595 457 2876 512 hinnitum.
2921 489 2991 499 -—
3027 458 3160 528 Equi
3217 462 3433 516 nomine

166 539 300 604 dixi,
348 540 589 609 privarit,
643 556 748 594 non
800 540 995 609 injuste
1030 543 1348 612 sapientiam
1378 543 1616 607 abstulit,
1655 543 1748 598 sed

160 633 310 702 juste
361 647 470 686 non
521 631 687 687 dedit.
742 632 895 688 Unde
942 643 997 688 et
1042 633 1338 690 Pharaonis
1366 651 1461 689 cor
1491 635 1750 690 Dominus

160 721 471 776 obdurasse
499 721 825 776 describitur
868 722 1072 791 (Exod.
1099 741 1171 788 iv,
1197 725 1308 795 2|).
1340 726 1541 780 Aliter:
1563 726 1750 780 Distri-

160 819 312 865 ctum
361 812 565 882 quippe
609 822 691 867 est
716 814 942 870 occulta:
991 817 1362 871 retributionis
1408 833 1659 882 examen,
1697 825 1751 872 et

158 903 289 974 quia
353 903 538 959 sciens
597 904 957 960 humilitatem
1021 908 1238 976 perdit,
1295 909 1456 962 etiam
1503 907 1751 963 veritatis

159 992 585 1064 intelligentiam
633 995 883 1050 nesciens
909 998 1108 1051 amisit.
1141 997 1344 1051 Minora
1373 1009 1500 1052 sunt
1528 997 1750 1052 vulnera

159 1099 284 1152 qua:
319 1084 373 1137 in
403 1084 784 1155 Redemptoris
816 1087 1047 1142 adventu
1079 1088 1328 1144 fidelibus
1356 1088 1554 1154 intulit,
1586 1106 1748 1160 quam

155 1189 221 1227 ea
247 1174 450 1242 quibus
503 1186 740 1230 sanctam
783 1177 1078 1232 Ecclesium
1125 1179 1302 1234 adhuc
1333 1196 1430 1250 per
1462 1181 1749 1235 adventum

155 1264 488 1319 Antichristi
527 1266 689 1321 ferire
718 1269 1014 1323 contendit.
1046 1269 1337 1339 Sequitur:

232 1356 383 1410 Vens
417 1355 502 1410 18.
547 1355 680 1411 Cum
722 1368 922 1428 tempus
954 1359 1128 1428 fuerit,
1163 1363 1216 1416 in
1248 1363 1413 1416 altum
1437 1364 1550 1418 alus
1577 1365 1745 1435 erigit.

159 1442 371 1498 Diridet
391 1447 615 1516 equitem
648 1447 759 1518 (ϐό)
785 1459 833 1502 et
855 1467 1180 1506 ascensorem
1203 1453 1339 1523 ejus.
1356 1454 1577 1521 —Quid
1606 1459 1749 1512 enim

163 1534 278 1589 alas
303 1536 468 1606 hujus
497 1539 821 1594 struthionis
860 1542 1177 1611 accipimus,
1205 1546 1304 1600 nisi
1334 1557 1618 1617 perceptas
1648 1551 1750 1606 hoc

169 1633 352 1679 tamen
388 1635 630 1696 tempore
654 1629 1010 1700 cogitationes
1055 1633 1351 1703 hypocrita:
1401 1639 1553 1706 quasi
1597 1655 1750 1694 com-

163 1713 436 1782 plicatas?
465 1716 565 1784 Qui
601 1721 1004 1788 opportunitate
1043 1734 1346 1794 comperta,
1386 1743 1481 1782 eas
1509 1731 1664 1797 quasi
1693 1731 1744 1784 in

1852 550 2072 595 sanctus
2101 541 2331 611 quisque
2375 544 2696 613 prmdicator
2741 545 3025 615 accipitur,
3063 547 3323 616 pr0phcta
3349 558 3432 600 at-

1855 641 2087 685 testante
2114 633 2203 700 qui
2233 634 2346 686 ait:
2385 652 2402 683 ι
2432 633 2620 689 Misisti
2657 637 2708 688 in
2737 652 2884 690 mare
2927 652 3094 705 equos
3147 647 3266 692 tuos
3314 648 3430 692 tur-

1855 722 2047 775 bantes
2099 737 2268 790 aquas
2314 722 2510 777 multas
2534 723 2760 793 (Hobac.
2791 741 2869 788 ιιι,
2905 725 3012 796 l5).
3046 744 3064 778 ι
3099 725 3201 780 Per
3254 727 3434 782 hinni-

1856 819 1967 864 tum
2021 813 2334 882 prmdicatio
2388 815 2733 884 exprimitur,
2795 832 2954 871 verus
2996 829 3175 871 autem
3203 819 3433 890 quisque

1853 901 2174 969 praedicator
2205 911 2333 956 ante
2370 901 2766 970 fortitudinem,
2801 914 2848 959 et
2884 915 3004 975 post
3044 907 3313 961 hinnitum
3337 923 3432 963 ac-

1850 991 2002 1062 cipit,
2026 993 2116 1061 qui
2141 1010 2260 1048 cum
2290 994 2342 1049 in
2372 1011 2430 1050 se
2459 996 2606 1064 prius
2637 997 2763 1050 vitia
2793 998 3132 1063 exstinxerit,
3185 1008 3308 1054 tunc
3331 1016 3434 1070 pro

1853 1081 2163 1136 erudiendis
2188 1083 2308 1138 aliis
2333 1085 2398 1138 ad
2429 1101 2613 1139 vocem
2644 1087 3043 1156 praedicationis
3082 1090 3246 1155 venit,
3281 1089 3434 1146 forti-

1854 1170 2096 1224 tudinem
2122 1171 2300 1235 habet,
2325 1173 2448 1241 quia
2475 1174 2702 1228 adversa
2727 1185 3043 1231 constanter
3069 1179 3278 1244 tolerat,
3315 1181 3436 1235 hin-

1849 1262 2018 1315 nitum
2057 1264 2182 1332 quia
2213 1265 2278 1317 ad
2309 1281 2538 1333 superna
2565 1267 2842 1322 blandiens
2872 1279 3044 1323 vocat.
3094 1270 3242 1340 Equo
3276 1272 3420 1325 enim

1854 1366 1954 1405 suo
1986 1352 2244 1408 Dominus
2274 1363 2328 1409 et
2355 1371 2477 1409 cum
2518 1357 2749 1411 actionis
2797 1357 3113 1415 fortitudine
3163 1360 3436 1416 hinnitum

1852 1443 2022 1506 vocis,
2045 1452 2098 1498 et
2119 1460 2242 1499 cum
2289 1445 2499 1499 hinnitu
2550 1448 2696 1502 vocis
2738 1448 3107 1506 fortitudinem
3162 1451 3436 1506 ministra:

1853 1537 2100 1591 actionis.
2163 1535 2313 1592 Collo
2359 1540 2504 1592 enim
2547 1540 2672 1610 equi
2712 1541 2951 1596 hinnitus
2986 1543 3436 1606 circumducitur,

1851 1629 1973 1698 quia
2024 1645 2092 1682 ne
2135 1629 2200 1682 ad
2251 1645 2504 1699 perversa
2554 1648 2715 1701 opera
2771 1633 2993 1702 prodoat
3055 1635 3167 1688 suis
3217 1635 3439 1688 vocibus

1851 1719 2013 1772 etiam
2047 1719 2154 1772 vita
2184 1719 2526 1788 prwdicantis
2552 1722 2764 1791 ligatur.
2813 1722 2949 1778 llinc
2989 1725 3132 1778 enim
3161 1741 3256 1794 per
3282 1723 3435 1778 Salo-

165 1803 339 1858 altum
387 1807 654 1863 elevando
694 1813 1014 1880 superbicns
1057 1817 1390 1871 manifestat.
1439 1819 1567 1875 Aius
1593 1822 1644 1875 in
1677 1822 1750 1876 at-
1781 1808 1826 1866 Β
1857 1825 2068 1864 monetn
2117 1811 2354 1864 dicitur:
2389 1831 2406 1862 ι
2432 1810 2696 1868 Coronam
2744 1815 3035 1885 gratiarum
3081 1815 3313 1884 accipies
3341 1830 3436 1867 ca-

164 1902 276 1947 tnm
307 1895 522 1964 erigere
546 1906 650 1964 est,
676 1914 772 1968 per
797 1903 1105 1971 superbiam
1137 1904 1495 1975 Cogitationes
1517 1912 1748 1980 aperire.

163 1984 326 2041 Nunc
376 1997 558 2044 autem
611 1991 736 2060 quia
785 2001 1031 2047 sanctum
1066 2010 1123 2049 se
1154 1997 1392 2062 simulat,
1428 1999 1553 2068 quia
1587 2001 1638 2054 in
1669 2017 1753 2056 se-

163 2079 405 2149 metipso
435 2082 654 2153 stringit
697 2099 817 2153 quae
857 2087 1081 2154 cogitat,
1122 2089 1274 2156 quasi
1301 2088 1414 2144 alas
1445 2090 1497 2142 in
1528 2105 1756 2160 corpore

160 2184 262 2238 per
304 2172 666 2228 humilitatem
713 2175 897 2244 plicat.
947 2176 1251 2233 Notandum
1305 2197 1433 2236 vero
1463 2184 1606 2251 quod
1643 2200 1750 2238 non

158 2260 261 2325 ait,
311 2260 524 2317 deridet
568 2279 770 2334 equum
797 2274 854 2321 et
879 2283 1246 2336 ascensorem,
1302 2273 1398 2326 sed
1444 2275 1663 2343 equitem
1703 2288 1751 2329 et

156 2367 512 2408 ascensorem.
551 2354 736 2424 Equus
759 2357 959 2428 quippe
988 2368 1074 2414 est
1103 2362 1530 2434 uniuscujusque
1557 2368 1755 2422 anima:

153 2455 363 2509 corpus
407 2458 583 2510 suum,
639 2449 781 2515 quod
825 2449 1075 2506 videlicet
1107 2453 1281 2521 novit,
1330 2465 1386 2509 et
1435 2457 1504 2511 ab
1552 2457 1754 2514 illicitis

154 2531 519 2602 restringere,
552 2542 608 2590 et
645 2536 697 2590 in
739 2536 898 2594 bonis
932 2541 1188 2610 operibus
1234 2544 1500 2600 relaxare.
1544 2547 1753 2618 Equitis

151 2635 294 2690 ergo
349 2623 570 2679 nomine
620 2626 857 2682 animam
911 2632 1088 2686 sancti
1137 2634 1241 2690 viri
1288 2638 1564 2706 exprimit.
1616 2639 1752 2696 llinc

153 2712 308 2765 enim
357 2714 620 2784 scriptum
667 2726 792 2772 est:
831 2738 848 2770 ι
883 2719 1170 2778 Exercitus
1217 2727 1308 2794 qtti
1362 2737 1488 2782 sunt
1517 2728 1572 2782 in
1614 2730 1753 2786 cmlo

151 2803 534 2871 sequebantur
579 2822 701 2862 eum
744 2809 796 2863 in
841 2813 995 2882 equis
1033 2813 1171 2870 albis
1221 2816 1405 2886 (Apoc.
1441 2835 1555 2885 xix,
1586 2821 1696 2890 M).
1726 2842 1748 2876 ι

149 2893 437 2950 Ascensor
483 2906 664 2953 autem
717 2903 919 2972 equitis
969 2905 1312 2976 omnipotens
1357 2918 1440 2963 est
1467 2911 1748 2978 Dominus,

157 2983 257 3050 qui
290 2985 722 3059 uniuscujusque
755 2992 855 3045 viri
881 2993 1118 3048 animam
1154 2997 1415 3064 possidet,
1448 3014 1545 3054 sua
1581 3016 1746 3056 mem-

153 3073 260 3126 bra
309 3077 700 3143 possidentem.
750 3079 965 3136 Deridet
1011 3099 1142 3155 ergo
1183 3085 1462 3155 hypocrita
1501 3091 1747 3160 equitem,

154 3164 288 3231 quia
317 3165 614 3222 electorum
643 3171 870 3240 despicit
905 3151 1271 3231 sanctitatem.
1303 3177 1520 3234 Deridet
1541 3151 1750 3238 'ascen;
1777 3151 1819 3212 Ο

149 3269 341 3308 sorem
373 3258 591 3325 equitis,
620 3261 746 3314 dum
769 3263 980 3332 prosilit
1007 3281 1176 3336 usque
1205 3267 1271 3321 ad
1302 3268 1552 3340 injuriam
1586 3273 1750 3329 Crea-

154 3347 304 3401 toris
337 3349 568 3404 :Aliter.
601 3351 658 3406 In
689 3353 855 3408 altum
902 3358 1140 3414 struthio
1170 3359 1284 3415 alas
1312 3361 1497 3432 erigit,
1533 3365 1750 3434 quando

151 3456 258 3495 suo
306 3441 583 3500 Conditori
637 3445 923 3521 Synagoga
969 3467 1076 3507 non
1109 3463 1168 3508 ut
1193 3464 1353 3511 antea
1383 3455 1748 3525 formidanda,

151 3535 254 3588 sed
278 3547 490 3604 aperta,
516 3537 629 3606 jam
660 3546 1010 3612 repugnando
1036 3550 1381 3606 contradicit.
1415 3552 1472 3607 ln
1503 3553 1748 3608 membra

152 3627 360 3696 quippe
411 3629 610 3686 diaboli
668 3635 976 3702 transiens,
1030 3647 1086 3692 et
1137 3643 1402 3698 mendacii
1456 3644 1732 3700 hominem

154 3718 331 3773 Deum
372 3723 619 3788 credens,
669 3735 860 3781 contra
905 3727 1091 3786 fideles
1119 3741 1324 3787 tantum
1350 3735 1401 3788 in
1432 3735 1599 3790 altum
1644 3753 1740 3792 ex-

154 3809 388 3876 tollitur,
435 3823 696 3882 quantum
741 3825 795 3870 et
841 3817 935 3873 Dei
979 3835 1176 3889 corpus
1208 3837 1268 3876 se
1300 3837 1420 3878 esse
1445 3824 1726 3893 gloriatur,

153 3916 282 3969 qua:
308 3903 430 3969 quia
457 3918 562 3958 non
590 3904 763 3960 solum
797 3907 1155 3964 humilitatem
1186 3911 1415 3975 Domini,
1449 3914 1541 3968 sed
1574 3913 1746 3984 ipsam

153 3992 324 4046 etiam
358 3993 716 4061 divinitatem,
756 4014 864 4053 non
915 4007 1120 4055 tantum
1155 4003 1410 4072 equitem,
1439 4004 1532 4058 sed
1560 4019 1748 4060 ascen-

155 4098 341 4138 sorem
371 4086 536 4141 etiam
564 4088 765 4157 equitis
794 4090 1003 4146 irridet.
1033 4090 1167 4146 Nam
1196 4095 1416 4148 verbum
1461 4095 1577 4158 Dei,
1623 4104 1747 4150 tunc

153 4175 399 4244 equitem
445 4177 712 4242 ascendit,
773 4181 991 4248 quando
1023 4180 1314 4236 humanam
1345 4182 1580 4236 animam
1617 4199 1746 4252 pro-

159 4265 304 4334 pria:
354 4267 507 4320 carni
552 4269 953 4337 prtesideutem,
988 4271 1171 4326 divino
1199 4273 1364 4328 cultui
1399 4275 1744 4345 semetipsum

154 4356 398 4411 creando
427 4356 773 4428 subjugavit;
817 4375 1037 4415 carnem
1069 4362 1264 4431 quippe
1285 4363 1538 4418 divinitas
1564 4363 1744 4417 anima

154 4443 454 4510 mediante,
479 4448 735 4517 suscepit,
766 4457 820 4504 et
846 4463 945 4518 per
976 4450 1078 4506 hoc
1114 4459 1284 4506 totum
1317 4452 1478 4508 simul
1507 4453 1742 4522 equitem
1772 4486 1824 4546 υ

152 4537 354 4600 tenuit,
383 4539 510 4608 quia
561 4540 616 4594 in
667 4543 1016 4612 semetipsum
1056 4559 1161 4599 non
1191 4544 1366 4602 solum
1389 4545 1480 4600 illa
1510 4545 1737 4616 regeba-

153 4637 271 4693 tur,
322 4631 416 4684 sed
465 4631 607 4686 hanc
652 4634 814 4688 etiam
844 4649 964 4703 qua:
989 4635 1208 4705 regebat
1242 4635 1515 4693 astrinxit.
1555 4635 1738 4690 Judtea

155 4722 327 4792 igitur
345 4733 440 4792 per
461 4726 752 4781 adventum
797 4728 1158 4797 superbientis
1197 4729 1517 4784 Antichristi
1548 4728 1740 4797 laqueo

154 4812 489 4872 seductionis
511 4825 670 4886 capta
695 4857 711 4882 ,
744 4819 869 4888 quia
889 4819 1316 4890 .Redemptorem
1343 4829 1589 4875 nostrum
1627 4819 1735 4873 hu-

155 4905 341 4961 milem
361 4903 531 4965 fuisse
559 4909 703 4965 inter
748 4910 992 4966 homines
1035 4911 1280 4982 despicit,
1325 4913 1533 4969 deridet
1586 4911 1741 4981 equi-

161 5006 297 5062 tem,
347 5001 472 5070 quia
502 4997 625 5068 ejtis
659 5001 712 5054 in
746 5003 997 5057 omnibus
1037 5003 1370 5058 divinitatem
1397 5004 1744 5068 contradicit,

153 5089 361 5146 deridet
386 5091 748 5146 nihilominus
777 5101 832 5146 et
873 5107 1236 5149 ascensorem.
1267 5092 1374 5148 Sed
1419 5096 1747 5162 Redemptor

155 5197 290 5240 unus
317 5186 579 5255 idemque
607 5192 664 5236 et
693 5197 882 5250 eques,
909 5194 963 5239 et
1001 5186 1201 5252 equitis
1231 5199 1506 5250 ascensor,
1537 5193 1591 5241 et
1623 5197 1746 5236 cum

151 5272 200 5329 in
220 5277 483 5332 mundum
517 5272 697 5336 venit,
721 5272 890 5328 fortes
917 5285 1104 5329 contra
1135 5273 1392 5328 mundum
1425 5273 1748 5343 praedicato-

153 5379 233 5400 ruc
261 5367 508 5400 ηνιιὲιιηῖι
576 5371 630 5400 οι
660 5377 784 5400 mum
812 5363 862 5400 in
892 5365 1073 5400 mundi
1105 5362 1392 5400 carmini-ni
1427 5359 1741 5400 Antinhrieli

1855 1898 1950 1966 piti
1983 1907 2095 1963 tuo,
2127 1909 2180 1953 et
2213 1908 2457 1968 torquem
2490 1917 2706 1955 auream
2739 1903 2876 1957 collo
2905 1914 2994 1958 tuo
3022 1904 3200 1974 (Prov.
3233 1920 3273 1967 ι,
3303 1903 3378 1972 9).
3411 1923 3430 1954 ι

1855 1985 2192 2044 Μυιιειωτειι.
2263 1991 2566 2062 Unicuique
2620 1996 2814 2049 anima:
2871 1996 2955 2050 cui
3011 1996 3433 2050 misericorditer

1855 2079 1997 2135 Deus
2021 2082 2431 2150 praesidet,ante
2456 2085 2635 2138 omnia
2663 2084 2782 2139 fidei
2810 2085 3177 2141 fortitudinem
3209 2087 3433 2156 praebet.

1857 2169 1930 2225 De
1973 2188 2081 2241 quo
2131 2172 2322 2227 Petrus
2368 2175 2443 2228 ait
2474 2191 2486 2228 :
2520 2193 2538 2226 ι
2569 2177 2928 2231 Adversarius
2972 2188 3152 2232 vester
3191 2176 3438 2232 diabolus

1857 2266 2111 2329 tanquam
2142 2261 2224 2314 lco
2254 2263 2472 2330 rugiens
2511 2264 2704 2318 circuit
2731 2281 2978 2334 quaerens
3003 2282 3162 2335 quem
3192 2259 3436 2330 devoret,

1852 2350 1937 2404 cui
1996 2352 2228 2406 resistite
2278 2354 2444 2408 fortes
2488 2353 2538 2407 in
2593 2354 2695 2408 fide
2741 2354 2805 2423 (1
2842 2353 2982 2409 Petr.
3011 2371 3060 2422 v,
3093 2356 3200 2426 '8).
3239 2376 3255 2408 ι
3303 2357 3438 2413 lluie

1852 2453 2031 2496 autem
2084 2443 2384 2498 fortitudini
2444 2445 2685 2501 hinnitus
2725 2447 2988 2516 jungitur,
3041 2463 3160 2503 cum
3199 2449 3258 2502 fit
3293 2451 3437 2518 quod

1851 2534 2112 2603 scriptum
2158 2544 2281 2589 est:
2339 2556 2357 2588 ‹
2397 2536 2570 2593 Corde
2615 2539 2852 2592 creditur
2904 2541 2970 2592 ad
3009 2539 3298 2607 justitiam,
3340 2558 3436 2597 ore

1853 2633 2030 2676 autem
2057 2623 2324 2680 confessio
2353 2626 2410 2680 fit
2440 2627 2506 2680 ad
2537 2627 2760 2681 salutem
2803 2627 2974 2700 (Rom.
3013 2646 3085 2701 .x,
3118 2631 3224 2702 10).
3259 2651 3277 2684 ι
3323 2633 3426 2688 Se-

1851 2717 2071 2786 Quitur:

1923 2806 2086 2860 Vens.
2123 2807 2214 2862 20.
2248 2807 2504 2880 Nunquid
2544 2809 2822 2864 suscitabis
2852 2827 2970 2866 eum
2997 2813 3149 2883 quasi
3177 2811 3431 2868 Iocustas.

1848 2928 1922 2938 —
1949 2897 2243 2965 Subaudis,
2292 2911 2352 2956 ut
2381 2917 2501 2972 ego,
2533 2903 2625 2973 qui
2652 2902 2798 2956 illum
2822 2905 2888 2958 ad
2919 2905 3109 2960 altiora
3149 2905 3434 2962 excitando

1851 2990 2094 3056 sublevo,
2143 2992 2233 3062 qui
2282 2993 2518 3063 graviori
2550 2994 2938 3063 persecutionis
2963 3007 3096 3050 aestu
3124 2997 3424 3052 excruciari

1852 3081 2129 3150 permitto.
2171 3080 2524 3137 Locustarum
2566 3083 2783 3139 nomine
2812 3085 3099 3155 aliquando
3127 3085 3433 3142 Judteorum

1851 3170 2077 3241 populus
2106 3171 2369 3243 signatur,
2411 3181 2467 3226 ut
2510 3173 2637 3227 illud
2669 3175 2735 3228 de
2761 3173 2968 3231 Joanne
2996 3195 3008 3229 :
3044 3175 3354 3232 «Locustas
3379 3189 3435 3233 et

1850 3261 1954 3316 mel
1998 3262 2245 3318 silvestre
2285 3264 2476 3318 edebat
2507 3264 2701 3336 (Marc.
2731 3282 2768 3330 ι,
2794 3266 2887 3337 6),
2914 3287 2933 3320 ›
2976 3267 3263 3338 aliquando
3297 3284 3433 3324 con—

1849 3368 2002 3409 versa
2060 3355 2366 3424 gentilitas,
2431 3366 2489 3410 ut
2543 3355 2673 3411 illud
2723 3375 2738 3412 ;
2791 3377 2809 3410 ι
2845 3358 3084 3414 Florebit
3135 3361 3435 3431 ainigdalus

1849 3445 2072 3518 (Eccles.
2099 3463 2200 3512 xu,
2230 3448 2308 3518 5),
2338 3467 2356 3499 ›
2394 3448 2445 3502 id
2472 3457 2556 3503 est
2581 3449 2821 3505 Ecclesia
2850 3451 3123 3520 priinitiva
3153 3451 3286 3509 ﬂore
3325 3453 3434 3507 vir-

1851 3547 2045 3594 tutum.
2079 3557 2097 3592 (
2126 3539 2553 3609 lmpinguabitur
2580 3541 2784 3596 locusta
2811 3542 3020 3614 (Ibid.),
3053 3563 3072 3597 ι
3110 3545 3160 3599 id
3188 3555 3270 3600 est
3291 3545 3436 3600 sicca

1848 3630 2120 3700 gentilitas
2144 3630 2465 3700 pinguedine
2501 3640 2678 3696 terrae,
2725 3650 2742 3683 ι
2771 3642 2826 3687 et
2857 3633 3206 3701 dissipabitur
3231 3649 3431 3704 cappa-

1849 3719 1926 3773 ris
1975 3718 2186 3790 (lbid.),
2216 3739 2235 3771 ι
2269 3720 2322 3773 id
2368 3730 2454 3773 est
2505 3720 2706 3774 Judma.
2757 3722 3059 3790 Aliquando
3096 3723 3435 3779 adulantium

1850 3807 2052 3879 lingua.
2093 3807 2164 3862 Ut
2205 3808 2334 3862 illud
2365 3827 2378 3863 :
2415 3827 2433 3860 ι
2467 3809 2672 3864 Ventus
2720 3826 2882 3865 urens
2929 3811 3127 3867 levavit
3175 3813 3457 3880 locustas,.,

1851 3912 1970 3967 qua:
1993 3895 2353 3952 ascenderunt
2402 3912 2564 3967 super
2609 3899 2916 3955 universam
2963 3909 3162 3956 terram
3211 3901 3434 3974 Egypti

1849 3985 2082 4055 (Exod.x
2095 4027 2108 4050 ,
2129 3987 2330 4057 15,14).
2358 3987 2685 4056 iAliquando
2701 4005 2828 4045 vero
2845 4005 2940 4060 per
2952 3994 3433 4062 comparationem,

1852 4077 2178 4132 resurrectio
2211 4077 2512 4144 Dominica,
2547 4079 2629 4132 vel
2667 4081 3079 4149 praedicatorum
3113 4081 3221 4134 vita
3248 4081 3432 4153 signa-

1853 4179 1954 4227 tur,
2005 4179 2065 4222 ut
2111 4168 2281 4223 illud:
2321 4189 2338 4221 ι
2371 4170 2645 4226 Excussus
2689 4187 2807 4226 sum
2845 4172 2987 4226 sicut
3015 4173 3225 4228 locusta
3257 4173 3432 4244 (Psal.

1849 4260 2136 4329 cvni,25).
2174 4281 2191 4312 ι
2245 4261 2410 4318 Recte
2455 4264 2641 4332 utique
2695 4265 2808 4333 ipsa
2859 4267 3273 4333 prmdicatorum
3312 4282 3436 4336 per-

1851 4345 2016 4402 fectio
2064 4348 2289 4404 locustis
2344 4352 2687 4422 exprimitur.
2738 4352 2886 4407 More
2931 4355 3073 4408 enim
3106 4355 3436 4414 locustarum

1849 4441 2060 4509 quoties
2088 4456 2147 4496 se
2179 4443 2422 4500 attollere
2467 4454 2714 4511 conatur,
2772 4462 2931 4502 crura
2981 4448 3168 4518 figunt,
3219 4459 3274 4504 et
3321 4451 3436 4506 alas

1846 4529 2081 4598 erigunt,
2106 4532 2231 4600 quia
2260 4541 2404 4588 recte
2446 4535 2654 4604 agendo
2699 4551 2757 4590 se
2806 4537 3109 4603 stabiliunt,
3155 4548 3211 4592 et
3235 4539 3300 4593 ad
3327 4539 3435 4594 alta

1849 4619 2079 4677 videndo
2099 4623 2471 4690 sublevantur,
2502 4641 2825 4698 rursumque
2848 4629 3071 4692 pedibus
3095 4645 3151 4686 se
3177 4631 3290 4686 suis
3314 4643 3436 4701 post

1848 4713 2045 4768 saltum
2093 4716 2390 4786 excipiunt,
2420 4717 2545 4771 dum
2568 4727 2691 4788 post
2717 4720 3227 4790 contemplationem
3259 4721 3430 4776 subli-

1849 4805 2038 4872 mium,
2071 4807 2138 4861 ad
2166 4808 2396 4861 activam
2424 4809 2587 4863 vitam
2612 4819 2984 4866 revertuntur.
3036 4810 3128 4866 Vel
3167 4813 3310 4866 sicut
3350 4811 3432 4864 lo-

1851 4905 2021 4953 custae
2051 4899 2331 4953 matutinis
2363 4899 2511 4955 horis
2550 4901 2636 4954 vix
2660 4916 2690 4953 a
2723 4908 2867 4955 terra
2892 4918 2952 4958 se
2979 4901 3282 4966 sublevant,
3310 4916 3440 4955 cum
3491 4968 3494 4974 1

1851 5003 1982 5044 vero
2018 4999 2184 5043 aastus
2223 4993 2514 5056 exarserit,
2569 4999 2720 5044 tanto
2773 4992 2937 5049 altius
2975 5000 3175 5064 quanto
3202 4990 3438 5046 alacrius

1851 5080 2051 5134 volant.
2107 5081 2182 5134 lta
2234 5081 2491 5136 nimirum
2536 5091 2760 5136 sanctus
2803 5086 3036 5155 quisque
3088 5080 3437 5150 ρτεεάίοειιοτ,

1853 5185 1976 5225 cum
2009 5171 2188 5240 quieta
2219 5168 2341 5224 ﬁdei
2373 5181 2613 5243 tempora
2651 5175 2943 5242 conspicit,
2991 5169 3211 5230 humilis
3247 5185 3312 5224 ac
3339 5171 3442 5228 de-

1849 5276 2064 5336 spectus
2117 5265 2400 5335 accipitur,
2455 5269 2500 5324 si
2543 5277 2724 5322 autem
2754 5263 3152 5336 persecutionis
3175 5262 3336 5315 ardor
3360 5263 3446 5320 in-

1849 5358 2096 5400 ruminat.
2149 5356 2313 5400 nni-ile.
2357 5359 2673 5400 nmlpctihtm
2714 5356 3009 5400 inlinit-mm-
3042 5367 3166 5400 mox
3226 5362 3446 5400 multum
