  <div class='ocr_page' id='page_1' title='image "/cluster/home/n/w/nwhite01/storage/ocr_20150623/133/hvd.32044010035673/239.png"; bbox 0 0 3934 5400; ppageno 0'>
   <div class='ocr_carea' id='block_1_1' title="bbox 544 385 642 440">
    <p class='ocr_par' dir='ltr' id='par_1_1' title="bbox 544 385 642 440">
     <span class='ocr_line' id='line_1_1' title="bbox 544 385 642 440; baseline 0 0"><span class='ocrx_word' id='word_1_1' title='bbox 544 385 642 440; x_wconf 73' lang='lat' dir='ltr'><strong>Ui</strong></span> 
     </span>
    </p>
   </div>
   <div class='ocr_carea' id='block_1_2' title="bbox 1492 336 3734 441">
    <p class='ocr_par' dir='ltr' id='par_1_2' title="bbox 1492 336 3734 441">
     <span class='ocr_line' id='line_1_2' title="bbox 1492 336 3734 441; baseline -0.005 -1"><span class='ocrx_word' id='word_1_2' title='bbox 1492 383 1549 441; x_wconf 92' lang='lat' dir='ltr'><strong>s.</strong></span> <span class='ocrx_word' id='word_1_3' title='bbox 1591 382 1838 440; x_wconf 78' lang='lat' dir='ltr'><strong>ODONIS</strong></span> <span class='ocrx_word' id='word_1_4' title='bbox 1877 383 2167 439; x_wconf 78' lang='lat' dir='ltr'><strong>ABBATIS</strong></span> <span class='ocrx_word' id='word_1_5' title='bbox 2205 378 2696 438; x_wconf 74' lang='lat' dir='ltr'><strong>CLLTNIACENSIS</strong></span> <span class='ocrx_word' id='word_1_6' title='bbox 2736 377 2777 434; x_wconf 93' lang='lat' dir='ltr'><strong>ll</strong></span> <span class='ocrx_word' id='word_1_7' title='bbox 3381 358 3394 366; x_wconf 75' lang='grc'><strong>“</strong></span> <span class='ocrx_word' id='word_1_8' title='bbox 3653 367 3734 429; x_wconf 63' lang='lat' dir='ltr'><strong>tu</strong></span> 
     </span>
    </p>
   </div>
   <div class='ocr_carea' id='block_1_3' title="bbox 544 479 3736 567">
    <p class='ocr_par' dir='ltr' id='par_1_3' title="bbox 544 479 3736 567">
     <span class='ocr_line' id='line_1_3' title="bbox 544 479 3736 567; baseline -0.008 -10"><span class='ocrx_word' id='word_1_9' title='bbox 544 515 694 556; x_wconf 77' lang='lat' dir='ltr'><strong>more</strong></span> <span class='ocrx_word' id='word_1_10' title='bbox 741 498 894 554; x_wconf 72' lang='lat' dir='ltr'><strong>[lexis</strong></span> <span class='ocrx_word' id='word_1_11' title='bbox 931 496 1223 567; x_wconf 76' lang='lat' dir='ltr'><strong>poplitibus</strong></span> <span class='ocrx_word' id='word_1_12' title='bbox 1253 501 1414 551; x_wconf 68' lang='lat' dir='ltr'><strong>terrae</strong></span> <span class='ocrx_word' id='word_1_13' title='bbox 1441 495 1687 560; x_wconf 86' lang='lat' dir='ltr'><strong>inhaeret,</strong></span> <span class='ocrx_word' id='word_1_14' title='bbox 1715 497 1768 551; x_wconf 92' lang='lat' dir='ltr'><strong>in</strong></span> <span class='ocrx_word' id='word_1_15' title='bbox 1797 495 2115 566; x_wconf 81' lang='lat' dir='ltr'><strong>quibusdam</strong></span> <span class='ocrx_word' id='word_1_16' title='bbox 2147 499 2193 556; x_wconf 84' lang='grc' dir='ltr'><strong>Α</strong></span> <span class='ocrx_word' id='word_1_17' title='bbox 2223 491 2525 547; x_wconf 90' lang='lat' dir='ltr'><strong>humilitate</strong></span> <span class='ocrx_word' id='word_1_18' title='bbox 2553 488 2746 543; x_wconf 89' lang='lat' dir='ltr'><strong>mentis</strong></span> <span class='ocrx_word' id='word_1_19' title='bbox 2775 486 2909 540; x_wconf 88' lang='lat' dir='ltr'><strong>cela.</strong></span> <span class='ocrx_word' id='word_1_20' title='bbox 2940 483 3279 538; x_wconf 59' lang='lat' dir='ltr'><strong>Mensurae.</strong></span> <span class='ocrx_word' id='word_1_21' title='bbox 3329 479 3528 550; x_wconf 81' lang='lat' dir='ltr'><strong>Ungula</strong></span> <span class='ocrx_word' id='word_1_22' title='bbox 3575 489 3736 536; x_wconf 83' lang='lat' dir='ltr'><strong>terram</strong></span> 
     </span>
    </p>
   </div>
   <div class='ocr_carea' id='block_1_4' title="bbox 545 587 2119 659">
    <p class='ocr_par' dir='ltr' id='par_1_4' title="bbox 545 587 2119 659">
     <span class='ocr_line' id='line_1_4' title="bbox 545 587 2119 659; baseline -0.003 -13"><span class='ocrx_word' id='word_1_23' title='bbox 545 605 724 648; x_wconf 87' lang='lat' dir='ltr'><strong>tamen</strong></span> <span class='ocrx_word' id='word_1_24' title='bbox 755 591 1006 659; x_wconf 77' lang='lat' dir='ltr'><strong>expansis</strong></span> <span class='ocrx_word' id='word_1_25' title='bbox 1036 589 1136 643; x_wconf 88' lang='lat' dir='ltr'><strong>alis</strong></span> <span class='ocrx_word' id='word_1_26' title='bbox 1167 603 1226 644; x_wconf 90' lang='lat' dir='ltr'><strong>se</strong></span> <span class='ocrx_word' id='word_1_27' title='bbox 1257 588 1308 642; x_wconf 92' lang='lat' dir='ltr'><strong>in</strong></span> <span class='ocrx_word' id='word_1_28' title='bbox 1342 604 1465 643; x_wconf 88' lang='lat' dir='ltr'><strong>aera</strong></span> <span class='ocrx_word' id='word_1_29' title='bbox 1495 589 1796 656; x_wconf 77' lang='lat' dir='ltr'><strong>suspendit.</strong></span> <span class='ocrx_word' id='word_1_30' title='bbox 1830 587 2119 643; x_wconf 82' lang='lat' dir='ltr'><strong>Conversis</strong></span> 
     </span>
    </p>
   </div>
   <div class='ocr_carea' id='block_1_5' title="bbox 542 677 2118 752">
    <p class='ocr_par' dir='ltr' id='par_1_5' title="bbox 542 677 2118 752">
     <span class='ocr_line' id='line_1_5' title="bbox 542 677 2118 752; baseline -0.004 -17"><span class='ocrx_word' id='word_1_31' title='bbox 542 683 740 752; x_wconf 84' lang='lat' dir='ltr'><strong>quippe</strong></span> <span class='ocrx_word' id='word_1_32' title='bbox 774 679 927 733; x_wconf 89' lang='lat' dir='ltr'><strong>initia</strong></span> <span class='ocrx_word' id='word_1_33' title='bbox 951 679 1107 732; x_wconf 85' lang='lat' dir='ltr'><strong>benis</strong></span> <span class='ocrx_word' id='word_1_34' title='bbox 1138 679 1382 732; x_wconf 90' lang='lat' dir='ltr'><strong>moribus</strong></span> <span class='ocrx_word' id='word_1_35' title='bbox 1415 677 1681 747; x_wconf 80' lang='lat' dir='ltr'><strong>malisque</strong></span> <span class='ocrx_word' id='word_1_36' title='bbox 1711 678 1944 732; x_wconf 91' lang='lat' dir='ltr'><strong>immista</strong></span> <span class='ocrx_word' id='word_1_37' title='bbox 1975 685 2118 742; x_wconf 91' lang='lat' dir='ltr'><strong>sunt,</strong></span> 
     </span>
    </p>
   </div>
   <div class='ocr_carea' id='block_1_6' title="bbox 543 768 2122 840">
    <p class='ocr_par' dir='ltr' id='par_1_6' title="bbox 543 768 2122 840">
     <span class='ocr_line' id='line_1_6' title="bbox 543 768 2122 840; baseline -0.004 -13"><span class='ocrx_word' id='word_1_38' title='bbox 543 778 668 828; x_wconf 82' lang='lat' dir='ltr'><strong>dum</strong></span> <span class='ocrx_word' id='word_1_39' title='bbox 692 787 829 825; x_wconf 88' lang='lat' dir='ltr'><strong>nova</strong></span> <span class='ocrx_word' id='word_1_40' title='bbox 848 770 960 839; x_wconf 88' lang='lat' dir='ltr'><strong>jam</strong></span> <span class='ocrx_word' id='word_1_41' title='bbox 985 786 1080 840; x_wconf 89' lang='lat' dir='ltr'><strong>per</strong></span> <span class='ocrx_word' id='word_1_42' title='bbox 1099 769 1453 824; x_wconf 87' lang='lat' dir='ltr'><strong>intentionem</strong></span> <span class='ocrx_word' id='word_1_43' title='bbox 1479 771 1676 839; x_wconf 82' lang='lat' dir='ltr'><strong>agitur,</strong></span> <span class='ocrx_word' id='word_1_44' title='bbox 1700 778 1754 823; x_wconf 87' lang='lat' dir='ltr'><strong>et</strong></span> <span class='ocrx_word' id='word_1_45' title='bbox 1776 779 1927 823; x_wconf 88' lang='lat' dir='ltr'><strong>vetus</strong></span> <span class='ocrx_word' id='word_1_46' title='bbox 1947 768 2122 821; x_wconf 88' lang='lat' dir='ltr'><strong>adhuc</strong></span> 
     </span>
    </p>
   </div>
   <div class='ocr_carea' id='block_1_7' title="bbox 544 859 2122 929">
    <p class='ocr_par' dir='ltr' id='par_1_7' title="bbox 544 859 2122 929">
     <span class='ocr_line' id='line_1_7' title="bbox 544 859 2122 929; baseline -0.001 -15"><span class='ocrx_word' id='word_1_47' title='bbox 544 863 654 916; x_wconf 73' lang='lat' dir='ltr'><strong>vita</strong></span> <span class='ocrx_word' id='word_1_48' title='bbox 691 878 757 914; x_wconf 84' lang='lat' dir='ltr'><strong>ex</strong></span> <span class='ocrx_word' id='word_1_49' title='bbox 786 877 884 916; x_wconf 90' lang='lat' dir='ltr'><strong>usu</strong></span> <span class='ocrx_word' id='word_1_50' title='bbox 915 860 1202 916; x_wconf 89' lang='lat' dir='ltr'><strong>retinetur.</strong></span> <span class='ocrx_word' id='word_1_51' title='bbox 1230 859 1488 929; x_wconf 86' lang='lat' dir='ltr'><strong>Sequitur</strong></span> <span class='ocrx_word' id='word_1_52' title='bbox 1515 878 1527 912; x_wconf 89' lang='lat'><strong>:</strong></span> <span class='ocrx_word' id='word_1_53' title='bbox 1559 859 1740 912; x_wconf 81' lang='lat' dir='ltr'><strong>Gloria</strong></span> <span class='ocrx_word' id='word_1_54' title='bbox 1772 863 1979 912; x_wconf 82' lang='lat' dir='ltr'><strong>narium</strong></span> <span class='ocrx_word' id='word_1_55' title='bbox 2008 859 2122 928; x_wconf 77' lang='lat' dir='ltr'><strong>ejus</strong></span> 
     </span>
    </p>
   </div>
   <div class='ocr_carea' id='block_1_8' title="bbox 545 947 2119 1018">
    <p class='ocr_par' dir='ltr' id='par_1_8' title="bbox 545 947 2119 1018">
     <span class='ocr_line' id='line_1_8' title="bbox 545 947 2119 1018; baseline -0.001 -15"><span class='ocrx_word' id='word_1_56' title='bbox 545 962 734 1004; x_wconf 87' lang='lat' dir='ltr'><strong>terror.</strong></span> <span class='ocrx_word' id='word_1_57' title='bbox 763 979 832 988; x_wconf 92' lang='lat'><strong>—-</strong></span> <span class='ocrx_word' id='word_1_58' title='bbox 856 947 914 1002; x_wconf 85' lang='lat' dir='ltr'><strong>In</strong></span> <span class='ocrx_word' id='word_1_59' title='bbox 941 948 1220 1018; x_wconf 82' lang='lat' dir='ltr'><strong>Scriptura</strong></span> <span class='ocrx_word' id='word_1_60' title='bbox 1251 963 1406 1002; x_wconf 90' lang='lat' dir='ltr'><strong>sacra</strong></span> <span class='ocrx_word' id='word_1_61' title='bbox 1432 947 1696 1003; x_wconf 88' lang='lat' dir='ltr'><strong>vocabulo</strong></span> <span class='ocrx_word' id='word_1_62' title='bbox 1740 948 1974 1011; x_wconf 84' lang='lat' dir='ltr'><strong>narium,</strong></span> <span class='ocrx_word' id='word_1_63' title='bbox 2019 947 2119 1001; x_wconf 83' lang='lat' dir='ltr'><strong>ali-</strong></span> 
     </span>
    </p>
   </div>
   <div class='ocr_carea' id='block_1_9' title="bbox 542 1038 2118 1113">
    <p class='ocr_par' dir='ltr' id='par_1_9' title="bbox 542 1038 2118 1113">
     <span class='ocr_line' id='line_1_9' title="bbox 542 1038 2118 1113; baseline -0.002 -18"><span class='ocrx_word' id='word_1_64' title='bbox 542 1040 762 1113; x_wconf 79' lang='lat' dir='ltr'><strong>quando</strong></span> <span class='ocrx_word' id='word_1_65' title='bbox 814 1038 1038 1094; x_wconf 87' lang='lat' dir='ltr'><strong>fatuitas</strong></span> <span class='ocrx_word' id='word_1_66' title='bbox 1095 1039 1308 1092; x_wconf 90' lang='lat' dir='ltr'><strong>narium</strong></span> <span class='ocrx_word' id='word_1_67' title='bbox 1366 1038 1502 1094; x_wconf 86' lang='lat' dir='ltr'><strong>solet</strong></span> <span class='ocrx_word' id='word_1_68' title='bbox 1557 1039 1804 1109; x_wconf 77' lang='lat' dir='ltr'><strong>intelligi,</strong></span> <span class='ocrx_word' id='word_1_69' title='bbox 1855 1048 1913 1092; x_wconf 92' lang='lat' dir='ltr'><strong>ut</strong></span> <span class='ocrx_word' id='word_1_70' title='bbox 1951 1038 2118 1092; x_wconf 89' lang='lat' dir='ltr'><strong>illud:</strong></span> 
     </span>
    </p>
   </div>
   <div class='ocr_carea' id='block_1_10' title="bbox 549 1130 2114 1203">
    <p class='ocr_par' dir='ltr' id='par_1_10' title="bbox 549 1130 2114 1203">
     <span class='ocr_line' id='line_1_10' title="bbox 549 1130 2114 1203; baseline -0.001 -19"><span class='ocrx_word' id='word_1_71' title='bbox 549 1154 566 1184; x_wconf 75' lang='grc' dir='ltr'>σ</span> <span class='ocrx_word' id='word_1_72' title='bbox 597 1133 843 1190; x_wconf 88' lang='lat' dir='ltr'><strong>Circulus</strong></span> <span class='ocrx_word' id='word_1_73' title='bbox 895 1148 1092 1187; x_wconf 91' lang='lat' dir='ltr'><strong>aureus</strong></span> <span class='ocrx_word' id='word_1_74' title='bbox 1130 1132 1183 1186; x_wconf 86' lang='lat' dir='ltr'><strong>in</strong></span> <span class='ocrx_word' id='word_1_75' title='bbox 1211 1132 1430 1186; x_wconf 90' lang='lat' dir='ltr'><strong>naribus</strong></span> <span class='ocrx_word' id='word_1_76' title='bbox 1465 1132 1579 1186; x_wconf 89' lang='lat' dir='ltr'><strong>suis</strong></span> <span class='ocrx_word' id='word_1_77' title='bbox 1625 1130 1806 1203; x_wconf 90' lang='lat' dir='ltr'><strong>(Prov.</strong></span> <span class='ocrx_word' id='word_1_78' title='bbox 1843 1147 1918 1196; x_wconf 84' lang='lat' dir='ltr'><strong>xl,</strong></span> <span class='ocrx_word' id='word_1_79' title='bbox 1945 1130 2059 1200; x_wconf 75' lang='lat'><strong>22).</strong></span> <span class='ocrx_word' id='word_1_80' title='bbox 2097 1149 2114 1182; x_wconf 74' lang='grc' dir='ltr'><strong><em>ι</em></strong></span> 
     </span>
    </p>
   </div>
   <div class='ocr_carea' id='block_1_11' title="bbox 545 1220 2124 1294">
    <p class='ocr_par' dir='ltr' id='par_1_11' title="bbox 545 1220 2124 1294">
     <span class='ocr_line' id='line_1_11' title="bbox 545 1220 2124 1294; baseline -0.001 -16"><span class='ocrx_word' id='word_1_81' title='bbox 545 1224 856 1294; x_wconf 80' lang='lat' dir='ltr'><strong>Aliquando</strong></span> <span class='ocrx_word' id='word_1_82' title='bbox 886 1224 1092 1293; x_wconf 86' lang='lat' dir='ltr'><strong>antiqui</strong></span> <span class='ocrx_word' id='word_1_83' title='bbox 1136 1224 1306 1278; x_wconf 90' lang='lat' dir='ltr'><strong>hostis</strong></span> <span class='ocrx_word' id='word_1_84' title='bbox 1353 1223 1649 1294; x_wconf 85' lang='lat' dir='ltr'><strong>instigatio,</strong></span> <span class='ocrx_word' id='word_1_85' title='bbox 1695 1230 1752 1277; x_wconf 90' lang='lat' dir='ltr'><strong>ut</strong></span> <span class='ocrx_word' id='word_1_86' title='bbox 1796 1222 1965 1277; x_wconf 89' lang='lat' dir='ltr'><strong>illud:</strong></span> <span class='ocrx_word' id='word_1_87' title='bbox 1999 1239 2018 1272; x_wconf 73' lang='grc' dir='ltr'><strong><em>ι</em></strong></span> <span class='ocrx_word' id='word_1_88' title='bbox 2047 1220 2124 1276; x_wconf 92' lang='lat' dir='ltr'><strong>De</strong></span> 
     </span>
    </p>
   </div>
   <div class='ocr_carea' id='block_1_12' title="bbox 545 1297 2122 1385">
    <p class='ocr_par' dir='ltr' id='par_1_12' title="bbox 545 1297 2122 1385">
     <span class='ocr_line' id='line_1_12' title="bbox 545 1297 2122 1385; baseline -0.003 -15"><span class='ocrx_word' id='word_1_89' title='bbox 545 1317 770 1370; x_wconf 91' lang='lat' dir='ltr'><strong>naribus</strong></span> <span class='ocrx_word' id='word_1_90' title='bbox 819 1313 936 1382; x_wconf 89' lang='lat' dir='ltr'><strong>ejus</strong></span> <span class='ocrx_word' id='word_1_91' title='bbox 974 1314 1221 1384; x_wconf 86' lang='lat' dir='ltr'><strong>procedit</strong></span> <span class='ocrx_word' id='word_1_92' title='bbox 1269 1313 1450 1368; x_wconf 83' lang='lat' dir='ltr'><strong>fumus</strong></span> <span class='ocrx_word' id='word_1_93' title='bbox 1495 1297 1647 1385; x_wconf 82' lang='lat' dir='ltr'><strong>(Tob.</strong></span> <span class='ocrx_word' id='word_1_94' title='bbox 1672 1328 1783 1378; x_wconf 87' lang='lat' dir='ltr'><strong>th,</strong></span> <span class='ocrx_word' id='word_1_95' title='bbox 1814 1313 1923 1382; x_wconf 80' lang='grc'><strong>11).</strong></span> <span class='ocrx_word' id='word_1_96' title='bbox 1955 1331 1974 1363; x_wconf 71' lang='grc' dir='ltr'>ι</span> <span class='ocrx_word' id='word_1_97' title='bbox 2006 1311 2122 1366; x_wconf 80' lang='lat' dir='ltr'><strong>Ali-</strong></span> 
     </span>
    </p>
   </div>
   <div class='ocr_carea' id='block_1_13' title="bbox 550 1403 2125 1476">
    <p class='ocr_par' dir='ltr' id='par_1_13' title="bbox 550 1403 2125 1476">
     <span class='ocr_line' id='line_1_13' title="bbox 550 1403 2125 1476; baseline -0.002 -17"><span class='ocrx_word' id='word_1_98' title='bbox 550 1407 767 1475; x_wconf 85' lang='lat' dir='ltr'><strong>quando</strong></span> <span class='ocrx_word' id='word_1_99' title='bbox 798 1422 927 1460; x_wconf 90' lang='lat' dir='ltr'><strong>vero</strong></span> <span class='ocrx_word' id='word_1_100' title='bbox 966 1406 1304 1475; x_wconf 73' lang='lat' dir='ltr'><strong>prteseientia</strong></span> <span class='ocrx_word' id='word_1_101' title='bbox 1353 1405 1689 1476; x_wconf 81' lang='lat' dir='ltr'><strong>designatur,</strong></span> <span class='ocrx_word' id='word_1_102' title='bbox 1747 1413 1803 1458; x_wconf 88' lang='lat' dir='ltr'><strong>ut</strong></span> <span class='ocrx_word' id='word_1_103' title='bbox 1848 1403 1976 1457; x_wconf 91' lang='lat' dir='ltr'><strong>illud</strong></span> <span class='ocrx_word' id='word_1_104' title='bbox 2000 1419 2125 1473; x_wconf 80' lang='lat' dir='ltr'><strong>pro-</strong></span> 
     </span>
    </p>
   </div>
   <div class='ocr_carea' id='block_1_14' title="bbox 544 1495 2124 1568">
    <p class='ocr_par' dir='ltr' id='par_1_14' title="bbox 544 1495 2124 1568">
     <span class='ocr_line' id='line_1_14' title="bbox 544 1495 2124 1568; baseline -0.003 -16"><span class='ocrx_word' id='word_1_105' title='bbox 544 1499 721 1567; x_wconf 72' lang='lat' dir='ltr'><strong>pheta:</strong></span> <span class='ocrx_word' id='word_1_106' title='bbox 746 1516 758 1551; x_wconf 95' lang='lat'><strong>:</strong></span> <span class='ocrx_word' id='word_1_107' title='bbox 790 1516 808 1551; x_wconf 74' lang='grc' dir='ltr'>ι</span> <span class='ocrx_word' id='word_1_108' title='bbox 837 1497 1108 1565; x_wconf 87' lang='lat' dir='ltr'><strong>Quiescite</strong></span> <span class='ocrx_word' id='word_1_109' title='bbox 1137 1498 1205 1552; x_wconf 90' lang='lat' dir='ltr'><strong>ab</strong></span> <span class='ocrx_word' id='word_1_110' title='bbox 1231 1497 1470 1563; x_wconf 88' lang='lat' dir='ltr'><strong>homine,</strong></span> <span class='ocrx_word' id='word_1_111' title='bbox 1519 1498 1670 1568; x_wconf 87' lang='lat' dir='ltr'><strong>cujus</strong></span> <span class='ocrx_word' id='word_1_112' title='bbox 1715 1495 1935 1565; x_wconf 89' lang='lat' dir='ltr'><strong>spiritus</strong></span> <span class='ocrx_word' id='word_1_113' title='bbox 1960 1503 2043 1550; x_wconf 91' lang='lat' dir='ltr'><strong>est</strong></span> <span class='ocrx_word' id='word_1_114' title='bbox 2071 1495 2124 1548; x_wconf 93' lang='lat' dir='ltr'><strong>in</strong></span> 
     </span>
    </p>
   </div>
   <div class='ocr_carea' id='block_1_15' title="bbox 547 1584 2123 1660">
    <p class='ocr_par' dir='ltr' id='par_1_15' title="bbox 547 1584 2123 1660">
     <span class='ocr_line' id='line_1_15' title="bbox 547 1584 2123 1660; baseline -0.003 -16"><span class='ocrx_word' id='word_1_115' title='bbox 547 1590 776 1646; x_wconf 86' lang='lat' dir='ltr'><strong>naribus</strong></span> <span class='ocrx_word' id='word_1_116' title='bbox 817 1589 953 1658; x_wconf 84' lang='lat' dir='ltr'><strong>ejus,</strong></span> <span class='ocrx_word' id='word_1_117' title='bbox 990 1591 1115 1660; x_wconf 91' lang='lat' dir='ltr'><strong>quia</strong></span> <span class='ocrx_word' id='word_1_118' title='bbox 1146 1590 1394 1645; x_wconf 75' lang='lat' dir='ltr'><strong>excelsus</strong></span> <span class='ocrx_word' id='word_1_119' title='bbox 1420 1597 1701 1660; x_wconf 88' lang='lat' dir='ltr'><strong>reputatus</strong></span> <span class='ocrx_word' id='word_1_120' title='bbox 1725 1597 1807 1642; x_wconf 88' lang='lat' dir='ltr'><strong>est</strong></span> <span class='ocrx_word' id='word_1_121' title='bbox 1838 1588 1951 1656; x_wconf 90' lang='lat' dir='ltr'><strong>ipse</strong></span> <span class='ocrx_word' id='word_1_122' title='bbox 1989 1584 2123 1656; x_wconf 87' lang='lat' dir='ltr'><strong>(Isa.</strong></span> 
     </span>
    </p>
   </div>
   <div class='ocr_carea' id='block_1_16' title="bbox 550 1675 2124 1752">
    <p class='ocr_par' dir='ltr' id='par_1_16' title="bbox 550 1675 2124 1752">
     <span class='ocr_line' id='line_1_16' title="bbox 550 1675 2124 1752; baseline -0.005 -16"><span class='ocrx_word' id='word_1_123' title='bbox 550 1697 615 1744; x_wconf 85' lang='lat' dir='ltr'><strong>ll,</strong></span> <span class='ocrx_word' id='word_1_124' title='bbox 643 1680 758 1752; x_wconf 69' lang='lat'><strong>22).</strong></span> <span class='ocrx_word' id='word_1_125' title='bbox 789 1700 808 1732; x_wconf 75' lang='grc' dir='ltr'><strong><em>ι</em></strong></span> <span class='ocrx_word' id='word_1_126' title='bbox 862 1680 974 1736; x_wconf 79' lang='lat' dir='ltr'><strong>Hoc</strong></span> <span class='ocrx_word' id='word_1_127' title='bbox 1011 1690 1189 1735; x_wconf 91' lang='lat' dir='ltr'><strong>autem</strong></span> <span class='ocrx_word' id='word_1_128' title='bbox 1224 1681 1342 1735; x_wconf 91' lang='lat' dir='ltr'><strong>loco</strong></span> <span class='ocrx_word' id='word_1_129' title='bbox 1373 1680 1585 1734; x_wconf 89' lang='lat' dir='ltr'><strong>narium</strong></span> <span class='ocrx_word' id='word_1_130' title='bbox 1617 1679 1835 1732; x_wconf 87' lang='lat' dir='ltr'><strong>nomine</strong></span> <span class='ocrx_word' id='word_1_131' title='bbox 1864 1675 2124 1746; x_wconf 75' lang='lat' dir='ltr'><strong>praedica-</strong></span> 
     </span>
    </p>
   </div>
   <div class='ocr_carea' id='block_1_17' title="bbox 547 1767 2124 1842">
    <p class='ocr_par' dir='ltr' id='par_1_17' title="bbox 547 1767 2124 1842">
     <span class='ocr_line' id='line_1_17' title="bbox 547 1767 2124 1842; baseline -0.004 -18"><span class='ocrx_word' id='word_1_132' title='bbox 547 1772 686 1827; x_wconf 82' lang='lat' dir='ltr'><strong>toris</strong></span> <span class='ocrx_word' id='word_1_133' title='bbox 732 1772 907 1826; x_wconf 86' lang='lat' dir='ltr'><strong>sancti</strong></span> <span class='ocrx_word' id='word_1_134' title='bbox 949 1771 1293 1842; x_wconf 72' lang='lat' dir='ltr'><strong>prmscientia</strong></span> <span class='ocrx_word' id='word_1_135' title='bbox 1325 1786 1388 1825; x_wconf 91' lang='lat' dir='ltr'><strong>ac</strong></span> <span class='ocrx_word' id='word_1_136' title='bbox 1421 1768 1749 1840; x_wconf 72' lang='lat' dir='ltr'><strong>prtestolatio</strong></span> <span class='ocrx_word' id='word_1_137' title='bbox 1794 1767 2124 1836; x_wconf 83' lang='lat' dir='ltr'><strong>designatur.</strong></span> 
     </span>
    </p>
   </div>
   <div class='ocr_carea' id='block_1_18' title="bbox 2223 570 3737 646">
    <p class='ocr_par' dir='ltr' id='par_1_18' title="bbox 2223 570 3737 646">
     <span class='ocr_line' id='line_1_18' title="bbox 2223 570 3737 646; baseline -0.006 -10"><span class='ocrx_word' id='word_1_138' title='bbox 2223 583 2407 638; x_wconf 89' lang='lat' dir='ltr'><strong>fodere</strong></span> <span class='ocrx_word' id='word_1_139' title='bbox 2453 590 2557 646; x_wconf 89' lang='lat' dir='ltr'><strong>est,</strong></span> <span class='ocrx_word' id='word_1_140' title='bbox 2607 579 2849 633; x_wconf 87' lang='lat' dir='ltr'><strong>districta</strong></span> <span class='ocrx_word' id='word_1_141' title='bbox 2901 574 3223 630; x_wconf 90' lang='lat' dir='ltr'><strong>abstinentia</strong></span> <span class='ocrx_word' id='word_1_142' title='bbox 3283 587 3494 627; x_wconf 89' lang='lat' dir='ltr'><strong>carnem</strong></span> <span class='ocrx_word' id='word_1_143' title='bbox 3540 570 3737 628; x_wconf 84' lang='lat' dir='ltr'><strong>domare.</strong></span> 
     </span>
    </p>
   </div>
   <div class='ocr_carea' id='block_1_19' title="bbox 2225 662 3739 744">
    <p class='ocr_par' dir='ltr' id='par_1_19' title="bbox 2225 662 3739 744">
     <span class='ocr_line' id='line_1_19' title="bbox 2225 662 3739 744; baseline -0.009 -14"><span class='ocrx_word' id='word_1_144' title='bbox 2225 673 2481 744; x_wconf 85' lang='lat' dir='ltr'><strong>Sequitur</strong></span> <span class='ocrx_word' id='word_1_145' title='bbox 2510 689 2522 724; x_wconf 92' lang='lat'><strong>:</strong></span> <span class='ocrx_word' id='word_1_146' title='bbox 2560 668 2807 723; x_wconf 73' lang='lat' dir='ltr'><strong>Exsultat</strong></span> <span class='ocrx_word' id='word_1_147' title='bbox 2839 666 3110 720; x_wconf 79' lang='lat' dir='ltr'><strong>audacter.</strong></span> <span class='ocrx_word' id='word_1_148' title='bbox 3132 693 3202 703; x_wconf 89' lang='lat'><strong>—</strong></span> <span class='ocrx_word' id='word_1_149' title='bbox 3239 662 3504 717; x_wconf 86' lang='lat' dir='ltr'><strong>Audacter</strong></span> <span class='ocrx_word' id='word_1_150' title='bbox 3529 662 3739 726; x_wconf 75' lang='lat' dir='ltr'><strong>exsultat,</strong></span> 
     </span>
    </p>
   </div>
   <div class='ocr_carea' id='block_1_20' title="bbox 2225 755 3744 838">
    <p class='ocr_par' dir='ltr' id='par_1_20' title="bbox 2225 755 3744 838">
     <span class='ocr_line' id='line_1_20' title="bbox 2225 755 3744 838; baseline -0.007 -17"><span class='ocrx_word' id='word_1_151' title='bbox 2225 769 2350 838; x_wconf 88' lang='lat' dir='ltr'><strong>quia</strong></span> <span class='ocrx_word' id='word_1_152' title='bbox 2380 768 2460 822; x_wconf 90' lang='lat' dir='ltr'><strong>sic</strong></span> <span class='ocrx_word' id='word_1_153' title='bbox 2484 763 2726 820; x_wconf 81' lang='lat' dir='ltr'><strong>adversis</strong></span> <span class='ocrx_word' id='word_1_154' title='bbox 2749 777 2853 816; x_wconf 90' lang='lat' dir='ltr'><strong>non</strong></span> <span class='ocrx_word' id='word_1_155' title='bbox 2885 759 3152 829; x_wconf 74' lang='lat' dir='ltr'><strong>frangitur</strong></span> <span class='ocrx_word' id='word_1_156' title='bbox 3171 797 3186 822; x_wconf 92' lang='lat'><strong>,</strong></span> <span class='ocrx_word' id='word_1_157' title='bbox 3215 757 3352 810; x_wconf 88' lang='lat' dir='ltr'><strong>sicut</strong></span> <span class='ocrx_word' id='word_1_158' title='bbox 3380 769 3478 809; x_wconf 89' lang='lat' dir='ltr'><strong>nec</strong></span> <span class='ocrx_word' id='word_1_159' title='bbox 3518 755 3744 824; x_wconf 81' lang='lat' dir='ltr'><strong>prosperis</strong></span> 
     </span>
    </p>
   </div>
   <div class='ocr_carea' id='block_1_21' title="bbox 2223 846 3742 920">
    <p class='ocr_par' dir='ltr' id='par_1_21' title="bbox 2223 846 3742 920">
     <span class='ocr_line' id='line_1_21' title="bbox 2223 846 3742 920; baseline -0.009 -7"><span class='ocrx_word' id='word_1_160' title='bbox 2223 858 2482 913; x_wconf 79' lang='lat' dir='ltr'><strong>elevatur.</strong></span> <span class='ocrx_word' id='word_1_161' title='bbox 2535 856 2774 909; x_wconf 84' lang='lat' dir='ltr'><strong>Adversa</strong></span> <span class='ocrx_word' id='word_1_162' title='bbox 2813 864 3042 920; x_wconf 87' lang='lat' dir='ltr'><strong>namque</strong></span> <span class='ocrx_word' id='word_1_163' title='bbox 3069 863 3173 903; x_wconf 92' lang='lat' dir='ltr'><strong>non</strong></span> <span class='ocrx_word' id='word_1_164' title='bbox 3202 846 3456 914; x_wconf 90' lang='lat' dir='ltr'><strong>dejiciunt</strong></span> <span class='ocrx_word' id='word_1_165' title='bbox 3479 859 3622 915; x_wconf 91' lang='lat' dir='ltr'><strong>quem</strong></span> <span class='ocrx_word' id='word_1_166' title='bbox 3644 861 3742 913; x_wconf 87' lang='lat' dir='ltr'><strong>pro-</strong></span> 
     </span>
    </p>
   </div>
   <div class='ocr_carea' id='block_1_22' title="bbox 2224 937 3744 1016">
    <p class='ocr_par' dir='ltr' id='par_1_22' title="bbox 2224 937 3744 1016">
     <span class='ocr_line' id='line_1_22' title="bbox 2224 937 3744 1016; baseline -0.007 -15"><span class='ocrx_word' id='word_1_167' title='bbox 2224 963 2380 1016; x_wconf 89' lang='lat' dir='ltr'><strong>spera</strong></span> <span class='ocrx_word' id='word_1_168' title='bbox 2411 945 2555 1000; x_wconf 88' lang='lat' dir='ltr'><strong>nulla</strong></span> <span class='ocrx_word' id='word_1_169' title='bbox 2583 950 2956 1012; x_wconf 88' lang='lat' dir='ltr'><strong>corrumpunt.</strong></span> <span class='ocrx_word' id='word_1_170' title='bbox 2980 938 3058 995; x_wconf 86' lang='lat' dir='ltr'><strong>Ne</strong></span> <span class='ocrx_word' id='word_1_171' title='bbox 3085 953 3213 1008; x_wconf 86' lang='lat' dir='ltr'><strong>ergo</strong></span> <span class='ocrx_word' id='word_1_172' title='bbox 3231 947 3505 1006; x_wconf 90' lang='lat' dir='ltr'><strong>prematur</strong></span> <span class='ocrx_word' id='word_1_173' title='bbox 3527 937 3744 1001; x_wconf 76' lang='lat' dir='ltr'><strong>adversis,</strong></span> 
     </span>
    </p>
   </div>
   <div class='ocr_carea' id='block_1_23' title="bbox 2223 1025 3748 1098">
    <p class='ocr_par' dir='ltr' id='par_1_23' title="bbox 2223 1025 3748 1098">
     <span class='ocr_line' id='line_1_23' title="bbox 2223 1025 3748 1098; baseline -0.01 -6"><span class='ocrx_word' id='word_1_174' title='bbox 2223 1038 2387 1092; x_wconf 89' lang='lat' dir='ltr'><strong>habet</strong></span> <span class='ocrx_word' id='word_1_175' title='bbox 2412 1036 2521 1090; x_wconf 92' lang='lat' dir='ltr'><strong>vim</strong></span> <span class='ocrx_word' id='word_1_176' title='bbox 2548 1031 2906 1098; x_wconf 81' lang='lat' dir='ltr'><strong>fortitudinis;</strong></span> <span class='ocrx_word' id='word_1_177' title='bbox 2948 1044 3017 1084; x_wconf 91' lang='lat' dir='ltr'><strong>ne</strong></span> <span class='ocrx_word' id='word_1_178' title='bbox 3049 1029 3292 1082; x_wconf 87' lang='lat' dir='ltr'><strong>elevetur</strong></span> <span class='ocrx_word' id='word_1_179' title='bbox 3315 1026 3601 1095; x_wconf 89' lang='lat' dir='ltr'><strong>prosperis,</strong></span> <span class='ocrx_word' id='word_1_180' title='bbox 3620 1025 3748 1080; x_wconf 86' lang='lat' dir='ltr'><strong>habet</strong></span> 
     </span>
    </p>
   </div>
   <div class='ocr_carea' id='block_1_24' title="bbox 2222 1118 3749 1199">
    <p class='ocr_par' dir='ltr' id='par_1_24' title="bbox 2222 1118 3749 1199">
     <span class='ocr_line' id='line_1_24' title="bbox 2222 1118 3749 1199; baseline -0.01 -14"><span class='ocrx_word' id='word_1_181' title='bbox 2222 1130 2431 1199; x_wconf 89' lang='lat' dir='ltr'><strong>pondus</strong></span> <span class='ocrx_word' id='word_1_182' title='bbox 2465 1131 2696 1196; x_wconf 90' lang='lat' dir='ltr'><strong>desuper</strong></span> <span class='ocrx_word' id='word_1_183' title='bbox 2717 1125 2972 1180; x_wconf 87' lang='lat' dir='ltr'><strong>sedentis.</strong></span> <span class='ocrx_word' id='word_1_184' title='bbox 2994 1122 3051 1177; x_wconf 86' lang='lat' dir='ltr'><strong>In</strong></span> <span class='ocrx_word' id='word_1_185' title='bbox 3088 1120 3330 1175; x_wconf 85' lang='lat' dir='ltr'><strong>adversis</strong></span> <span class='ocrx_word' id='word_1_186' title='bbox 3357 1118 3641 1180; x_wconf 88' lang='lat' dir='ltr'><strong>hilarcscit,</strong></span> <span class='ocrx_word' id='word_1_187' title='bbox 3654 1118 3749 1186; x_wconf 84' lang='lat' dir='ltr'><strong>quia</strong></span> 
     </span>
    </p>
   </div>
   <div class='ocr_carea' id='block_1_25' title="bbox 2226 1207 3750 1290">
    <p class='ocr_par' dir='ltr' id='par_1_25' title="bbox 2226 1207 3750 1290">
     <span class='ocr_line' id='line_1_25' title="bbox 2226 1207 3750 1290; baseline -0.01 -16"><span class='ocrx_word' id='word_1_188' title='bbox 2226 1219 2408 1290; x_wconf 87' lang='lat' dir='ltr'><strong>augeri</strong></span> <span class='ocrx_word' id='word_1_189' title='bbox 2436 1218 2535 1273; x_wconf 87' lang='lat' dir='ltr'><strong>sibi</strong></span> <span class='ocrx_word' id='word_1_190' title='bbox 2564 1216 2778 1271; x_wconf 89' lang='lat' dir='ltr'><strong>virtutis</strong></span> <span class='ocrx_word' id='word_1_191' title='bbox 2807 1214 3058 1268; x_wconf 85' lang='lat' dir='ltr'><strong>meritum</strong></span> <span class='ocrx_word' id='word_1_192' title='bbox 3108 1211 3338 1266; x_wconf 73' lang='lat' dir='ltr'><strong>lmtatur.</strong></span> <span class='ocrx_word' id='word_1_193' title='bbox 3387 1208 3524 1262; x_wconf 80' lang='lat' dir='ltr'><strong>Hinc</strong></span> <span class='ocrx_word' id='word_1_194' title='bbox 3565 1207 3623 1262; x_wconf 88' lang='lat' dir='ltr'><strong>de</strong></span> <span class='ocrx_word' id='word_1_195' title='bbox 3652 1222 3750 1277; x_wconf 84' lang='lat' dir='ltr'><strong>apo-</strong></span> 
     </span>
    </p>
   </div>
   <div class='ocr_carea' id='block_1_26' title="bbox 2226 1303 3752 1374">
    <p class='ocr_par' dir='ltr' id='par_1_26' title="bbox 2226 1303 3752 1374">
     <span class='ocr_line' id='line_1_26' title="bbox 2226 1303 3752 1374; baseline -0.01 -8"><span class='ocrx_word' id='word_1_196' title='bbox 2226 1311 2379 1366; x_wconf 89' lang='lat' dir='ltr'><strong>stolis</strong></span> <span class='ocrx_word' id='word_1_197' title='bbox 2399 1309 2639 1363; x_wconf 88' lang='lat' dir='ltr'><strong>dicitur:</strong></span> <span class='ocrx_word' id='word_1_198' title='bbox 2677 1323 2696 1358; x_wconf 79' lang='grc' dir='ltr'>ι</span> <span class='ocrx_word' id='word_1_199' title='bbox 2736 1305 2889 1360; x_wconf 78' lang='lat' dir='ltr'><strong>Ibant</strong></span> <span class='ocrx_word' id='word_1_200' title='bbox 2919 1303 3211 1374; x_wconf 88' lang='lat' dir='ltr'><strong>gaudentes</strong></span> <span class='ocrx_word' id='word_1_201' title='bbox 3257 1316 3286 1354; x_wconf 92' lang='lat' dir='ltr'><strong>a</strong></span> <span class='ocrx_word' id='word_1_202' title='bbox 3333 1309 3616 1368; x_wconf 88' lang='lat' dir='ltr'><strong>conspectu</strong></span> <span class='ocrx_word' id='word_1_203' title='bbox 3650 1313 3752 1352; x_wconf 86' lang='lat' dir='ltr'><strong>coa-</strong></span> 
     </span>
    </p>
   </div>
   <div class='ocr_carea' id='block_1_27' title="bbox 2224 1388 3756 1470">
    <p class='ocr_par' dir='ltr' id='par_1_27' title="bbox 2224 1388 3756 1470">
     <span class='ocr_line' id='line_1_27' title="bbox 2224 1388 3756 1470; baseline -0.01 -14"><span class='ocrx_word' id='word_1_204' title='bbox 2224 1400 2355 1465; x_wconf 88' lang='lat' dir='ltr'><strong>cilii,</strong></span> <span class='ocrx_word' id='word_1_205' title='bbox 2379 1418 2397 1452; x_wconf 75' lang='grc' dir='ltr'><strong>ι</strong></span> <span class='ocrx_word' id='word_1_206' title='bbox 2438 1409 2541 1454; x_wconf 90' lang='lat' dir='ltr'><strong>etc.</strong></span> <span class='ocrx_word' id='word_1_207' title='bbox 2575 1396 2711 1470; x_wconf 81' lang='lat' dir='ltr'><strong>(Act.</strong></span> <span class='ocrx_word' id='word_1_208' title='bbox 2741 1411 2795 1463; x_wconf 84' lang='lat' dir='ltr'><strong>v,</strong></span> <span class='ocrx_word' id='word_1_209' title='bbox 2821 1395 2939 1465; x_wconf 71' lang='grc'><strong>41.)</strong></span> <span class='ocrx_word' id='word_1_210' title='bbox 2964 1393 3151 1448; x_wconf 89' lang='lat' dir='ltr'><strong>Solent</strong></span> <span class='ocrx_word' id='word_1_211' title='bbox 3181 1405 3416 1459; x_wconf 89' lang='lat' dir='ltr'><strong>namque</strong></span> <span class='ocrx_word' id='word_1_212' title='bbox 3440 1388 3661 1444; x_wconf 62' lang='lat' dir='ltr'><strong>haeretici</strong></span> <span class='ocrx_word' id='word_1_213' title='bbox 3685 1402 3756 1456; x_wconf 90' lang='lat' dir='ltr'><strong>po-</strong></span> 
     </span>
    </p>
   </div>
   <div class='ocr_carea' id='block_1_28' title="bbox 2227 1478 3754 1548">
    <p class='ocr_par' dir='ltr' id='par_1_28' title="bbox 2227 1478 3754 1548">
     <span class='ocr_line' id='line_1_28' title="bbox 2227 1478 3754 1548; baseline -0.009 -2"><span class='ocrx_word' id='word_1_214' title='bbox 2227 1500 2482 1548; x_wconf 88' lang='lat' dir='ltr'><strong>testatum</strong></span> <span class='ocrx_word' id='word_1_215' title='bbox 2510 1489 2698 1544; x_wconf 91' lang='lat' dir='ltr'><strong>mundi</strong></span> <span class='ocrx_word' id='word_1_216' title='bbox 2729 1484 3130 1542; x_wconf 78' lang='lat' dir='ltr'><strong>defensionibus</strong></span> <span class='ocrx_word' id='word_1_217' title='bbox 3156 1491 3344 1538; x_wconf 89' lang='lat' dir='ltr'><strong>contra</strong></span> <span class='ocrx_word' id='word_1_218' title='bbox 3376 1480 3499 1536; x_wconf 84' lang='lat' dir='ltr'><strong>ﬁdei</strong></span> <span class='ocrx_word' id='word_1_219' title='bbox 3539 1478 3754 1548; x_wconf 66' lang='lat' dir='ltr'><strong>praedica-</strong></span> 
     </span>
    </p>
   </div>
   <div class='ocr_carea' id='block_1_29' title="bbox 2227 1571 3758 1651">
    <p class='ocr_par' dir='ltr' id='par_1_29' title="bbox 2227 1571 3758 1651">
     <span class='ocr_line' id='line_1_29' title="bbox 2227 1571 3758 1651; baseline -0.01 -12"><span class='ocrx_word' id='word_1_220' title='bbox 2227 1584 2426 1639; x_wconf 88' lang='lat' dir='ltr'><strong>tionem</strong></span> <span class='ocrx_word' id='word_1_221' title='bbox 2453 1580 2607 1651; x_wconf 90' lang='lat' dir='ltr'><strong>quasi</strong></span> <span class='ocrx_word' id='word_1_222' title='bbox 2651 1577 2972 1649; x_wconf 89' lang='lat' dir='ltr'><strong>quibusdam</strong></span> <span class='ocrx_word' id='word_1_223' title='bbox 3010 1575 3176 1630; x_wconf 91' lang='lat' dir='ltr'><strong>armis</strong></span> <span class='ocrx_word' id='word_1_224' title='bbox 3201 1589 3260 1629; x_wconf 91' lang='lat' dir='ltr'><strong>se</strong></span> <span class='ocrx_word' id='word_1_225' title='bbox 3288 1584 3492 1644; x_wconf 85' lang='lat' dir='ltr'><strong>tegere,</strong></span> <span class='ocrx_word' id='word_1_226' title='bbox 3519 1571 3604 1626; x_wconf 89' lang='lat' dir='ltr'><strong>sed</strong></span> <span class='ocrx_word' id='word_1_227' title='bbox 3625 1584 3758 1640; x_wconf 85' lang='lat' dir='ltr'><strong>equus</strong></span> 
     </span>
    </p>
   </div>
   <div class='ocr_carea' id='block_1_30' title="bbox 2227 1660 3757 1742">
    <p class='ocr_par' dir='ltr' id='par_1_30' title="bbox 2227 1660 3757 1742">
     <span class='ocr_line' id='line_1_30' title="bbox 2227 1660 3757 1742; baseline -0.01 -14"><span class='ocrx_word' id='word_1_228' title='bbox 2227 1674 2330 1728; x_wconf 91' lang='lat' dir='ltr'><strong>iste</strong></span> <span class='ocrx_word' id='word_1_229' title='bbox 2379 1679 2705 1742; x_wconf 87' lang='lat' dir='ltr'><strong>potestatum</strong></span> <span class='ocrx_word' id='word_1_230' title='bbox 2763 1667 2946 1724; x_wconf 81' lang='lat' dir='ltr'><strong>mundi</strong></span> <span class='ocrx_word' id='word_1_231' title='bbox 2994 1665 3326 1722; x_wconf 84' lang='lat' dir='ltr'><strong>iracundiam</strong></span> <span class='ocrx_word' id='word_1_232' title='bbox 3379 1679 3488 1719; x_wconf 90' lang='lat' dir='ltr'><strong>non</strong></span> <span class='ocrx_word' id='word_1_233' title='bbox 3531 1660 3757 1722; x_wconf 83' lang='lat' dir='ltr'><strong>formidat,</strong></span> 
     </span>
    </p>
   </div>
   <div class='ocr_carea' id='block_1_31' title="bbox 2228 1753 3760 1834">
    <p class='ocr_par' dir='ltr' id='par_1_31' title="bbox 2228 1753 3760 1834">
     <span class='ocr_line' id='line_1_31' title="bbox 2228 1753 3760 1834; baseline -0.01 -17"><span class='ocrx_word' id='word_1_234' title='bbox 2228 1764 2351 1834; x_wconf 90' lang='lat' dir='ltr'><strong>quia</strong></span> <span class='ocrx_word' id='word_1_235' title='bbox 2377 1763 2543 1831; x_wconf 89' lang='lat' dir='ltr'><strong>ipsius</strong></span> <span class='ocrx_word' id='word_1_236' title='bbox 2579 1775 2793 1830; x_wconf 89' lang='lat' dir='ltr'><strong>quoque</strong></span> <span class='ocrx_word' id='word_1_237' title='bbox 2836 1759 2962 1814; x_wconf 77' lang='lat' dir='ltr'><strong>vita:</strong></span> <span class='ocrx_word' id='word_1_238' title='bbox 3009 1757 3295 1826; x_wconf 62' lang='lat' dir='ltr'><strong>praesentis</strong></span> <span class='ocrx_word' id='word_1_239' title='bbox 3339 1753 3654 1810; x_wconf 88' lang='lat' dir='ltr'><strong>desiderium</strong></span> <span class='ocrx_word' id='word_1_240' title='bbox 3687 1765 3760 1818; x_wconf 77' lang='lat' dir='ltr'><strong>per</strong></span> 
     </span>
    </p>
   </div>
   <div class='ocr_carea' id='block_1_32' title="bbox 546 1842 3760 1930">
    <p class='ocr_par' dir='ltr' id='par_1_32' title="bbox 546 1842 3760 1930">
     <span class='ocr_line' id='line_1_32' title="bbox 546 1842 3760 1930; baseline -0.007 -12"><span class='ocrx_word' id='word_1_241' title='bbox 546 1864 686 1918; x_wconf 91' lang='lat' dir='ltr'><strong>Dum</strong></span> <span class='ocrx_word' id='word_1_242' title='bbox 728 1864 870 1920; x_wconf 91' lang='lat' dir='ltr'><strong>enim</strong></span> <span class='ocrx_word' id='word_1_243' title='bbox 917 1864 1104 1919; x_wconf 89' lang='lat' dir='ltr'><strong>venire</strong></span> <span class='ocrx_word' id='word_1_244' title='bbox 1143 1871 1446 1918; x_wconf 76' lang='lat' dir='ltr'><strong>extremum</strong></span> <span class='ocrx_word' id='word_1_245' title='bbox 1489 1861 1751 1930; x_wconf 90' lang='lat' dir='ltr'><strong>judicium</strong></span> <span class='ocrx_word' id='word_1_246' title='bbox 1775 1859 1985 1914; x_wconf 90' lang='lat' dir='ltr'><strong>ostendi</strong></span> <span class='ocrx_word' id='word_1_247' title='bbox 2017 1873 2126 1912; x_wconf 67' lang='lat' dir='ltr'><strong>caa-</strong></span> <span class='ocrx_word' id='word_1_248' title='bbox 2154 1857 2200 1916; x_wconf 91' lang='lat' dir='ltr'><strong>B</strong></span> <span class='ocrx_word' id='word_1_249' title='bbox 2229 1856 2424 1911; x_wconf 90' lang='lat' dir='ltr'><strong>mentis</strong></span> <span class='ocrx_word' id='word_1_250' title='bbox 2459 1867 2740 1909; x_wconf 83' lang='lat' dir='ltr'><strong>excessum</strong></span> <span class='ocrx_word' id='word_1_251' title='bbox 2767 1851 2963 1906; x_wconf 89' lang='lat' dir='ltr'><strong>calcat.</strong></span> <span class='ocrx_word' id='word_1_252' title='bbox 2991 1849 3129 1904; x_wconf 82' lang='lat' dir='ltr'><strong>Hinc</strong></span> <span class='ocrx_word' id='word_1_253' title='bbox 3155 1864 3252 1919; x_wconf 87' lang='lat' dir='ltr'><strong>per</strong></span> <span class='ocrx_word' id='word_1_254' title='bbox 3281 1846 3621 1902; x_wconf 90' lang='lat' dir='ltr'><strong>Salomonem</strong></span> <span class='ocrx_word' id='word_1_255' title='bbox 3660 1842 3760 1896; x_wconf 85' lang='lat' dir='ltr'><strong>dici-</strong></span> 
     </span>
    </p>
   </div>
   <div class='ocr_carea' id='block_1_33' title="bbox 547 1949 2125 2023">
    <p class='ocr_par' dir='ltr' id='par_1_33' title="bbox 547 1949 2125 2023">
     <span class='ocr_line' id='line_1_33' title="bbox 547 1949 2125 2023; baseline -0.004 -16"><span class='ocrx_word' id='word_1_256' title='bbox 547 1953 743 2008; x_wconf 87' lang='lat' dir='ltr'><strong>lestem</strong></span> <span class='ocrx_word' id='word_1_257' title='bbox 793 1953 1050 2023; x_wconf 90' lang='lat' dir='ltr'><strong>patriam,</strong></span> <span class='ocrx_word' id='word_1_258' title='bbox 1107 1953 1349 2023; x_wconf 88' lang='lat' dir='ltr'><strong>persolvi</strong></span> <span class='ocrx_word' id='word_1_259' title='bbox 1390 1951 1574 2019; x_wconf 87' lang='lat' dir='ltr'><strong>justis,</strong></span> <span class='ocrx_word' id='word_1_260' title='bbox 1623 1950 1845 2019; x_wconf 68' lang='lat' dir='ltr'><strong>prtemia</strong></span> <span class='ocrx_word' id='word_1_261' title='bbox 1900 1949 2125 2017; x_wconf 85' lang='lat' dir='ltr'><strong>appetit,</strong></span> 
     </span>
    </p>
   </div>
   <div class='ocr_carea' id='block_1_34' title="bbox 549 2039 2129 2115">
    <p class='ocr_par' dir='ltr' id='par_1_34' title="bbox 549 2039 2129 2115">
     <span class='ocr_line' id='line_1_34' title="bbox 549 2039 2129 2115; baseline -0.003 -17"><span class='ocrx_word' id='word_1_262' title='bbox 549 2045 706 2115; x_wconf 90' lang='lat' dir='ltr'><strong>quasi</strong></span> <span class='ocrx_word' id='word_1_263' title='bbox 746 2059 842 2113; x_wconf 90' lang='lat' dir='ltr'><strong>per</strong></span> <span class='ocrx_word' id='word_1_264' title='bbox 878 2059 1038 2098; x_wconf 90' lang='lat' dir='ltr'><strong>nares</strong></span> <span class='ocrx_word' id='word_1_265' title='bbox 1065 2045 1314 2114; x_wconf 89' lang='lat' dir='ltr'><strong>spiritum</strong></span> <span class='ocrx_word' id='word_1_266' title='bbox 1345 2045 1411 2098; x_wconf 91' lang='lat' dir='ltr'><strong>de</strong></span> <span class='ocrx_word' id='word_1_267' title='bbox 1440 2042 1637 2096; x_wconf 88' lang='lat' dir='ltr'><strong>futuris</strong></span> <span class='ocrx_word' id='word_1_268' title='bbox 1661 2041 1848 2095; x_wconf 86' lang='lat' dir='ltr'><strong>trahit.</strong></span> <span class='ocrx_word' id='word_1_269' title='bbox 1884 2039 1991 2094; x_wconf 87' lang='lat' dir='ltr'><strong>Sed</strong></span> <span class='ocrx_word' id='word_1_270' title='bbox 2016 2039 2129 2110; x_wconf 85' lang='lat' dir='ltr'><strong>glo-</strong></span> 
     </span>
    </p>
   </div>
   <div class='ocr_carea' id='block_1_35' title="bbox 552 2131 2126 2207">
    <p class='ocr_par' dir='ltr' id='par_1_35' title="bbox 552 2131 2126 2207">
     <span class='ocr_line' id='line_1_35' title="bbox 552 2131 2126 2207; baseline -0.004 -16"><span class='ocrx_word' id='word_1_271' title='bbox 552 2139 635 2192; x_wconf 88' lang='lat' dir='ltr'><strong>ria</strong></span> <span class='ocrx_word' id='word_1_272' title='bbox 667 2138 880 2191; x_wconf 88' lang='lat' dir='ltr'><strong>narium</strong></span> <span class='ocrx_word' id='word_1_273' title='bbox 915 2137 1030 2207; x_wconf 90' lang='lat' dir='ltr'><strong>ejus</strong></span> <span class='ocrx_word' id='word_1_274' title='bbox 1059 2145 1234 2191; x_wconf 90' lang='lat' dir='ltr'><strong>terror</strong></span> <span class='ocrx_word' id='word_1_275' title='bbox 1268 2147 1370 2201; x_wconf 90' lang='lat' dir='ltr'><strong>est,</strong></span> <span class='ocrx_word' id='word_1_276' title='bbox 1407 2135 1533 2204; x_wconf 90' lang='lat' dir='ltr'><strong>quia</strong></span> <span class='ocrx_word' id='word_1_277' title='bbox 1557 2134 1842 2203; x_wconf 49' lang='lat' dir='ltr'><strong>jvisionem</strong></span> <span class='ocrx_word' id='word_1_278' title='bbox 1896 2131 2126 2186; x_wconf 89' lang='lat' dir='ltr'><strong>districti</strong></span> 
     </span>
    </p>
   </div>
   <div class='ocr_carea' id='block_1_36' title="bbox 549 2227 2130 2304">
    <p class='ocr_par' dir='ltr' id='par_1_36' title="bbox 549 2227 2130 2304">
     <span class='ocr_line' id='line_1_36' title="bbox 549 2227 2130 2304; baseline -0.004 -16"><span class='ocrx_word' id='word_1_279' title='bbox 549 2233 751 2304; x_wconf 88' lang='lat' dir='ltr'><strong>judicis</strong></span> <span class='ocrx_word' id='word_1_280' title='bbox 781 2249 942 2303; x_wconf 81' lang='lat' dir='ltr'><strong>quam</strong></span> <span class='ocrx_word' id='word_1_281' title='bbox 964 2232 1142 2301; x_wconf 90' lang='lat' dir='ltr'><strong>justus</strong></span> <span class='ocrx_word' id='word_1_282' title='bbox 1178 2235 1528 2288; x_wconf 87' lang='lat' dir='ltr'><strong>vehementer</strong></span> <span class='ocrx_word' id='word_1_283' title='bbox 1569 2238 1866 2301; x_wconf 78' lang='lat' dir='ltr'><strong>exspectat,</strong></span> <span class='ocrx_word' id='word_1_284' title='bbox 1896 2227 2130 2296; x_wconf 85' lang='lat' dir='ltr'><strong>injustas</strong></span> 
     </span>
    </p>
   </div>
   <div class='ocr_carea' id='block_1_37' title="bbox 555 2317 2131 2391">
    <p class='ocr_par' dir='ltr' id='par_1_37' title="bbox 555 2317 2131 2391">
     <span class='ocr_line' id='line_1_37' title="bbox 555 2317 2131 2391; baseline -0.004 -14"><span class='ocrx_word' id='word_1_285' title='bbox 555 2326 747 2382; x_wconf 86' lang='lat' dir='ltr'><strong>venire</strong></span> <span class='ocrx_word' id='word_1_286' title='bbox 772 2324 1046 2380; x_wconf 79' lang='lat' dir='ltr'><strong>formidat.</strong></span> <span class='ocrx_word' id='word_1_287' title='bbox 1108 2324 1244 2378; x_wconf 87' lang='lat' dir='ltr'><strong>l-linc</strong></span> <span class='ocrx_word' id='word_1_288' title='bbox 1277 2324 1474 2378; x_wconf 87' lang='lat' dir='ltr'><strong>Paulus</strong></span> <span class='ocrx_word' id='word_1_289' title='bbox 1517 2322 1633 2376; x_wconf 88' lang='lat' dir='ltr'><strong>ait:</strong></span> <span class='ocrx_word' id='word_1_290' title='bbox 1671 2339 1689 2371; x_wconf 76' lang='grc' dir='ltr'>ι</span> <span class='ocrx_word' id='word_1_291' title='bbox 1723 2321 1836 2391; x_wconf 89' lang='lat' dir='ltr'><strong>Ego</strong></span> <span class='ocrx_word' id='word_1_292' title='bbox 1860 2319 1972 2388; x_wconf 90' lang='lat' dir='ltr'><strong>jam</strong></span> <span class='ocrx_word' id='word_1_293' title='bbox 1998 2317 2131 2372; x_wconf 89' lang='lat' dir='ltr'><strong>deli-</strong></span> 
     </span>
    </p>
   </div>
   <div class='ocr_carea' id='block_1_38' title="bbox 550 2413 2133 2486">
    <p class='ocr_par' dir='ltr' id='par_1_38' title="bbox 550 2413 2133 2486">
     <span class='ocr_line' id='line_1_38' title="bbox 550 2413 2133 2486; baseline -0.006 -13"><span class='ocrx_word' id='word_1_294' title='bbox 550 2417 675 2484; x_wconf 84' lang='lat' dir='ltr'><strong>bor,</strong></span> <span class='ocrx_word' id='word_1_295' title='bbox 705 2426 760 2472; x_wconf 88' lang='lat' dir='ltr'><strong>et</strong></span> <span class='ocrx_word' id='word_1_296' title='bbox 783 2426 994 2486; x_wconf 90' lang='lat' dir='ltr'><strong>tempus</strong></span> <span class='ocrx_word' id='word_1_297' title='bbox 1017 2432 1148 2472; x_wconf 83' lang='lat' dir='ltr'><strong>meae</strong></span> <span class='ocrx_word' id='word_1_298' title='bbox 1175 2415 1522 2471; x_wconf 89' lang='lat' dir='ltr'><strong>resolutionis</strong></span> <span class='ocrx_word' id='word_1_299' title='bbox 1555 2416 1738 2468; x_wconf 87' lang='lat' dir='ltr'><strong>instat.</strong></span> <span class='ocrx_word' id='word_1_300' title='bbox 1771 2413 1978 2466; x_wconf 79' lang='lat' dir='ltr'><strong>Bonum</strong></span> <span class='ocrx_word' id='word_1_301' title='bbox 2015 2427 2133 2466; x_wconf 87' lang='lat' dir='ltr'><strong>cer-</strong></span> 
     </span>
    </p>
   </div>
   <div class='ocr_carea' id='block_1_39' title="bbox 555 2502 2129 2575">
    <p class='ocr_par' dir='ltr' id='par_1_39' title="bbox 555 2502 2129 2575">
     <span class='ocr_line' id='line_1_39' title="bbox 555 2502 2129 2575; baseline -0.005 -12"><span class='ocrx_word' id='word_1_302' title='bbox 555 2519 738 2564; x_wconf 83' lang='lat' dir='ltr'><strong>tamen</strong></span> <span class='ocrx_word' id='word_1_303' title='bbox 777 2510 1004 2575; x_wconf 83' lang='lat' dir='ltr'><strong>certavi,</strong></span> <span class='ocrx_word' id='word_1_304' title='bbox 1040 2524 1256 2564; x_wconf 90' lang='lat' dir='ltr'><strong>cursum</strong></span> <span class='ocrx_word' id='word_1_305' title='bbox 1301 2505 1690 2571; x_wconf 88' lang='lat' dir='ltr'><strong>consummavi,</strong></span> <span class='ocrx_word' id='word_1_306' title='bbox 1717 2504 1872 2559; x_wconf 85' lang='lat' dir='ltr'><strong>fidem</strong></span> <span class='ocrx_word' id='word_1_307' title='bbox 1896 2502 2129 2557; x_wconf 86' lang='lat' dir='ltr'><strong>servavi.</strong></span> 
     </span>
    </p>
   </div>
   <div class='ocr_carea' id='block_1_40' title="bbox 560 2597 2130 2672">
    <p class='ocr_par' dir='ltr' id='par_1_40' title="bbox 560 2597 2130 2672">
     <span class='ocr_line' id='line_1_40' title="bbox 560 2597 2130 2672; baseline -0.006 -16"><span class='ocrx_word' id='word_1_308' title='bbox 560 2602 636 2656; x_wconf 92' lang='lat' dir='ltr'><strong>De</strong></span> <span class='ocrx_word' id='word_1_309' title='bbox 660 2601 868 2672; x_wconf 91' lang='lat' dir='ltr'><strong>reliquo</strong></span> <span class='ocrx_word' id='word_1_310' title='bbox 907 2600 1145 2669; x_wconf 86' lang='lat' dir='ltr'><strong>reposita</strong></span> <span class='ocrx_word' id='word_1_311' title='bbox 1187 2607 1274 2655; x_wconf 89' lang='lat' dir='ltr'><strong>est</strong></span> <span class='ocrx_word' id='word_1_312' title='bbox 1314 2598 1444 2654; x_wconf 89' lang='lat' dir='ltr'><strong>mihi</strong></span> <span class='ocrx_word' id='word_1_313' title='bbox 1474 2597 1934 2668; x_wconf 71' lang='lat' dir='ltr'><strong>coronajustitim,</strong></span> <span class='ocrx_word' id='word_1_314' title='bbox 1973 2610 2130 2664; x_wconf 85' lang='lat' dir='ltr'><strong>quam</strong></span> 
     </span>
    </p>
   </div>
   <div class='ocr_carea' id='block_1_41' title="bbox 561 2687 2133 2758">
    <p class='ocr_par' dir='ltr' id='par_1_41' title="bbox 561 2687 2133 2758">
     <span class='ocr_line' id='line_1_41' title="bbox 561 2687 2133 2758; baseline -0.006 -10"><span class='ocrx_word' id='word_1_315' title='bbox 561 2695 753 2750; x_wconf 84' lang='lat' dir='ltr'><strong>reddet</strong></span> <span class='ocrx_word' id='word_1_316' title='bbox 796 2694 927 2748; x_wconf 90' lang='lat' dir='ltr'><strong>mihi</strong></span> <span class='ocrx_word' id='word_1_317' title='bbox 977 2694 1238 2748; x_wconf 87' lang='lat' dir='ltr'><strong>Dominus</strong></span> <span class='ocrx_word' id='word_1_318' title='bbox 1270 2693 1324 2747; x_wconf 89' lang='lat' dir='ltr'><strong>in</strong></span> <span class='ocrx_word' id='word_1_319' title='bbox 1365 2691 1452 2745; x_wconf 91' lang='lat' dir='ltr'><strong>illa</strong></span> <span class='ocrx_word' id='word_1_320' title='bbox 1484 2689 1768 2758; x_wconf 90' lang='lat' dir='ltr'><strong>diejustus</strong></span> <span class='ocrx_word' id='word_1_321' title='bbox 1798 2687 1988 2758; x_wconf 78' lang='lat' dir='ltr'><strong>jutlex,</strong></span> <span class='ocrx_word' id='word_1_322' title='bbox 2028 2701 2133 2739; x_wconf 89' lang='lat' dir='ltr'><strong>non</strong></span> 
     </span>
    </p>
   </div>
   <div class='ocr_carea' id='block_1_42' title="bbox 555 2777 2134 2851">
    <p class='ocr_par' dir='ltr' id='par_1_42' title="bbox 555 2777 2134 2851">
     <span class='ocr_line' id='line_1_42' title="bbox 555 2777 2134 2851; baseline -0.008 -10"><span class='ocrx_word' id='word_1_323' title='bbox 555 2784 729 2841; x_wconf 82' lang='lat' dir='ltr'><strong>solum</strong></span> <span class='ocrx_word' id='word_1_324' title='bbox 760 2793 940 2838; x_wconf 88' lang='lat' dir='ltr'><strong>autem</strong></span> <span class='ocrx_word' id='word_1_325' title='bbox 973 2783 1128 2849; x_wconf 90' lang='lat' dir='ltr'><strong>mihi,</strong></span> <span class='ocrx_word' id='word_1_326' title='bbox 1156 2784 1249 2838; x_wconf 88' lang='lat' dir='ltr'><strong>sed</strong></span> <span class='ocrx_word' id='word_1_327' title='bbox 1276 2791 1331 2837; x_wconf 90' lang='lat' dir='ltr'><strong>et</strong></span> <span class='ocrx_word' id='word_1_328' title='bbox 1352 2782 1437 2836; x_wconf 91' lang='lat' dir='ltr'><strong>his</strong></span> <span class='ocrx_word' id='word_1_329' title='bbox 1459 2781 1548 2851; x_wconf 88' lang='lat' dir='ltr'><strong>qui</strong></span> <span class='ocrx_word' id='word_1_330' title='bbox 1582 2780 1810 2850; x_wconf 87' lang='lat' dir='ltr'><strong>diligunt</strong></span> <span class='ocrx_word' id='word_1_331' title='bbox 1845 2777 2134 2831; x_wconf 86' lang='lat' dir='ltr'><strong>adventum</strong></span> 
     </span>
    </p>
   </div>
   <div class='ocr_carea' id='block_1_43' title="bbox 555 2865 2137 2947">
    <p class='ocr_par' dir='ltr' id='par_1_43' title="bbox 555 2865 2137 2947">
     <span class='ocr_line' id='line_1_43' title="bbox 555 2865 2137 2947; baseline -0.008 -16"><span class='ocrx_word' id='word_1_332' title='bbox 555 2875 678 2947; x_wconf 86' lang='lat' dir='ltr'><strong>ejus</strong></span> <span class='ocrx_word' id='word_1_333' title='bbox 724 2874 810 2946; x_wconf 84' lang='lat' dir='ltr'><strong>(II</strong></span> <span class='ocrx_word' id='word_1_334' title='bbox 843 2873 978 2930; x_wconf 85' lang='lat' dir='ltr'><strong>Tim.</strong></span> <span class='ocrx_word' id='word_1_335' title='bbox 1011 2889 1085 2940; x_wconf 88' lang='lat' dir='ltr'><strong>tv,</strong></span> <span class='ocrx_word' id='word_1_336' title='bbox 1118 2873 1254 2943; x_wconf 84' lang='lat'><strong>6-8).</strong></span> <span class='ocrx_word' id='word_1_337' title='bbox 1281 2893 1300 2925; x_wconf 74' lang='grc' dir='ltr'><strong><em>ι</em></strong></span> <span class='ocrx_word' id='word_1_338' title='bbox 1352 2871 1691 2926; x_wconf 72' lang='lat' dir='ltr'><strong>Momm-rea.</strong></span> <span class='ocrx_word' id='word_1_339' title='bbox 1735 2871 1839 2924; x_wconf 79' lang='lat' dir='ltr'><strong>Pro</strong></span> <span class='ocrx_word' id='word_1_340' title='bbox 1877 2883 1942 2924; x_wconf 88' lang='lat' dir='ltr'><strong>eo</strong></span> <span class='ocrx_word' id='word_1_341' title='bbox 1993 2865 2137 2936; x_wconf 89' lang='lat' dir='ltr'><strong>quod</strong></span> 
     </span>
    </p>
   </div>
   <div class='ocr_carea' id='block_1_44' title="bbox 560 2957 2138 3033">
    <p class='ocr_par' dir='ltr' id='par_1_44' title="bbox 560 2957 2138 3033">
     <span class='ocr_line' id='line_1_44' title="bbox 560 2957 2138 3033; baseline -0.007 -10"><span class='ocrx_word' id='word_1_342' title='bbox 560 2983 674 3024; x_wconf 87' lang='lat' dir='ltr'><strong>non</strong></span> <span class='ocrx_word' id='word_1_343' title='bbox 718 2967 835 3022; x_wconf 87' lang='lat' dir='ltr'><strong>visa</strong></span> <span class='ocrx_word' id='word_1_344' title='bbox 884 2981 972 3022; x_wconf 91' lang='lat' dir='ltr'><strong>res</strong></span> <span class='ocrx_word' id='word_1_345' title='bbox 1005 2966 1171 3020; x_wconf 86' lang='lat' dir='ltr'><strong>odore</strong></span> <span class='ocrx_word' id='word_1_346' title='bbox 1219 2962 1664 3033; x_wconf 78' lang='lat' dir='ltr'><strong>deprehenditur,</strong></span> <span class='ocrx_word' id='word_1_347' title='bbox 1711 2974 1818 3014; x_wconf 90' lang='lat' dir='ltr'><strong>non</strong></span> <span class='ocrx_word' id='word_1_348' title='bbox 1863 2957 2138 3012; x_wconf 88' lang='lat' dir='ltr'><strong>immerito</strong></span> 
     </span>
    </p>
   </div>
   <div class='ocr_carea' id='block_1_45' title="bbox 559 3050 2136 3128">
    <p class='ocr_par' dir='ltr' id='par_1_45' title="bbox 559 3050 2136 3128">
     <span class='ocr_line' id='line_1_45' title="bbox 559 3050 2136 3128; baseline -0.008 -13"><span class='ocrx_word' id='word_1_349' title='bbox 559 3058 776 3117; x_wconf 87' lang='lat' dir='ltr'><strong>narium</strong></span> <span class='ocrx_word' id='word_1_350' title='bbox 817 3058 1037 3114; x_wconf 87' lang='lat' dir='ltr'><strong>nomine</strong></span> <span class='ocrx_word' id='word_1_351' title='bbox 1074 3056 1186 3128; x_wconf 85' lang='lat' dir='ltr'><strong>spei</strong></span> <span class='ocrx_word' id='word_1_352' title='bbox 1207 3063 1409 3111; x_wconf 71' lang='lat' dir='ltr'><strong>nostrm</strong></span> <span class='ocrx_word' id='word_1_353' title='bbox 1440 3053 1798 3125; x_wconf 82' lang='lat' dir='ltr'><strong>cogitationes</strong></span> <span class='ocrx_word' id='word_1_354' title='bbox 1823 3050 2136 3120; x_wconf 83' lang='lat' dir='ltr'><strong>exprimun-</strong></span> 
     </span>
    </p>
   </div>
   <div class='ocr_carea' id='block_1_46' title="bbox 561 3139 2135 3220">
    <p class='ocr_par' dir='ltr' id='par_1_46' title="bbox 561 3139 2135 3220">
     <span class='ocr_line' id='line_1_46' title="bbox 561 3139 2135 3220; baseline -0.009 -14"><span class='ocrx_word' id='word_1_355' title='bbox 561 3159 676 3217; x_wconf 87' lang='lat' dir='ltr'><strong>tur,</strong></span> <span class='ocrx_word' id='word_1_356' title='bbox 727 3150 923 3220; x_wconf 90' lang='lat' dir='ltr'><strong>quibus</strong></span> <span class='ocrx_word' id='word_1_357' title='bbox 957 3157 1246 3204; x_wconf 86' lang='lat' dir='ltr'><strong>venturum</strong></span> <span class='ocrx_word' id='word_1_358' title='bbox 1288 3145 1551 3217; x_wconf 88' lang='lat' dir='ltr'><strong>judicium</strong></span> <span class='ocrx_word' id='word_1_359' title='bbox 1595 3145 1736 3214; x_wconf 91' lang='lat' dir='ltr'><strong>quod</strong></span> <span class='ocrx_word' id='word_1_360' title='bbox 1780 3151 1837 3196; x_wconf 87' lang='lat' dir='ltr'><strong>et</strong></span> <span class='ocrx_word' id='word_1_361' title='bbox 1878 3141 1923 3196; x_wconf 97' lang='lat' dir='ltr'><strong>si</strong></span> <span class='ocrx_word' id='word_1_362' title='bbox 1961 3139 2135 3194; x_wconf 90' lang='lat' dir='ltr'><strong>oculis</strong></span> 
     </span>
    </p>
   </div>
   <div class='ocr_carea' id='block_1_47' title="bbox 2232 1938 3761 2013">
    <p class='ocr_par' dir='ltr' id='par_1_47' title="bbox 2232 1938 3761 2013">
     <span class='ocr_line' id='line_1_47' title="bbox 2232 1938 3761 2013; baseline -0.011 -12"><span class='ocrx_word' id='word_1_363' title='bbox 2232 1956 2319 2001; x_wconf 88' lang='lat' dir='ltr'><strong>tur</strong></span> <span class='ocrx_word' id='word_1_364' title='bbox 2351 1961 2366 2000; x_wconf 90' lang='lat'><strong>:</strong></span> <span class='ocrx_word' id='word_1_365' title='bbox 2404 1964 2422 1997; x_wconf 74' lang='grc' dir='ltr'>ι</span> <span class='ocrx_word' id='word_1_366' title='bbox 2451 1944 2638 2000; x_wconf 86' lang='lat' dir='ltr'><strong>Justus</strong></span> <span class='ocrx_word' id='word_1_367' title='bbox 2685 1943 2840 2013; x_wconf 91' lang='lat' dir='ltr'><strong>quasi</strong></span> <span class='ocrx_word' id='word_1_368' title='bbox 2893 1941 2977 1996; x_wconf 94' lang='lat' dir='ltr'><strong>leo</strong></span> <span class='ocrx_word' id='word_1_369' title='bbox 3023 1939 3322 2002; x_wconf 85' lang='lat' dir='ltr'><strong>conlidens,</strong></span> <span class='ocrx_word' id='word_1_370' title='bbox 3352 1938 3559 2006; x_wconf 84' lang='lat' dir='ltr'><strong>absque</strong></span> <span class='ocrx_word' id='word_1_371' title='bbox 3601 1943 3761 1988; x_wconf 86' lang='lat' dir='ltr'><strong>terrore</strong></span> 
     </span>
    </p>
   </div>
   <div class='ocr_carea' id='block_1_48' title="bbox 2231 2027 3762 2110">
    <p class='ocr_par' dir='ltr' id='par_1_48' title="bbox 2231 2027 3762 2110">
     <span class='ocr_line' id='line_1_48' title="bbox 2231 2027 3762 2110; baseline -0.011 -16"><span class='ocrx_word' id='word_1_372' title='bbox 2231 2039 2334 2094; x_wconf 87' lang='lat' dir='ltr'><strong>erit</strong></span> <span class='ocrx_word' id='word_1_373' title='bbox 2363 2036 2546 2110; x_wconf 88' lang='lat' dir='ltr'><strong>(Prov.</strong></span> <span class='ocrx_word' id='word_1_374' title='bbox 2575 2053 2650 2101; x_wconf 74' lang='lat' dir='ltr'><strong>vr,</strong></span> <span class='ocrx_word' id='word_1_375' title='bbox 2681 2035 2796 2106; x_wconf 78' lang='lat'><strong>28).</strong></span> <span class='ocrx_word' id='word_1_376' title='bbox 2827 2053 2847 2087; x_wconf 71' lang='grc' dir='ltr'><strong><em>ι</em></strong></span> <span class='ocrx_word' id='word_1_377' title='bbox 2876 2034 3219 2089; x_wconf 74' lang='lat' dir='ltr'><strong>Moamrea.</strong></span> <span class='ocrx_word' id='word_1_378' title='bbox 3265 2031 3366 2096; x_wconf 88' lang='lat' dir='ltr'><strong>Qui</strong></span> <span class='ocrx_word' id='word_1_379' title='bbox 3392 2029 3538 2084; x_wconf 90' lang='lat' dir='ltr'><strong>enim</strong></span> <span class='ocrx_word' id='word_1_380' title='bbox 3571 2027 3762 2079; x_wconf 84' lang='lat' dir='ltr'><strong>valenter</strong></span> 
     </span>
    </p>
   </div>
   <div class='ocr_carea' id='block_1_49' title="bbox 2231 2117 3765 2202">
    <p class='ocr_par' dir='ltr' id='par_1_49' title="bbox 2231 2117 3765 2202">
     <span class='ocr_line' id='line_1_49' title="bbox 2231 2117 3765 2202; baseline -0.012 -16"><span class='ocrx_word' id='word_1_381' title='bbox 2231 2132 2477 2202; x_wconf 88' lang='lat' dir='ltr'><strong>reprimit</strong></span> <span class='ocrx_word' id='word_1_382' title='bbox 2523 2130 2666 2200; x_wconf 90' lang='lat' dir='ltr'><strong>quod</strong></span> <span class='ocrx_word' id='word_1_383' title='bbox 2709 2128 3017 2198; x_wconf 82' lang='lat' dir='ltr'><strong>impugnat,</strong></span> <span class='ocrx_word' id='word_1_384' title='bbox 3070 2124 3328 2180; x_wconf 88' lang='lat' dir='ltr'><strong>audacter</strong></span> <span class='ocrx_word' id='word_1_385' title='bbox 3368 2119 3601 2176; x_wconf 75' lang='lat' dir='ltr'><strong>exsultat</strong></span> <span class='ocrx_word' id='word_1_386' title='bbox 3629 2117 3765 2171; x_wconf 84' lang='lat' dir='ltr'><strong>dehis</strong></span> 
     </span>
    </p>
   </div>
   <div class='ocr_carea' id='block_1_50' title="bbox 2232 2210 3764 2293">
    <p class='ocr_par' dir='ltr' id='par_1_50' title="bbox 2232 2210 3764 2293">
     <span class='ocr_line' id='line_1_50' title="bbox 2232 2210 3764 2293; baseline -0.01 -19"><span class='ocrx_word' id='word_1_387' title='bbox 2232 2239 2353 2293; x_wconf 62' lang='lat' dir='ltr'><strong>qua:</strong></span> <span class='ocrx_word' id='word_1_388' title='bbox 2379 2222 2429 2275; x_wconf 93' lang='lat' dir='ltr'><strong>in</strong></span> <span class='ocrx_word' id='word_1_389' title='bbox 2457 2230 2658 2276; x_wconf 75' lang='lat' dir='ltr'><strong>teterna</strong></span> <span class='ocrx_word' id='word_1_390' title='bbox 2691 2234 2820 2290; x_wconf 90' lang='lat' dir='ltr'><strong>pace</strong></span> <span class='ocrx_word' id='word_1_391' title='bbox 2847 2219 3137 2273; x_wconf 90' lang='lat' dir='ltr'><strong>desiderat.</strong></span> <span class='ocrx_word' id='word_1_392' title='bbox 3175 2214 3315 2270; x_wconf 85' lang='lat' dir='ltr'><strong>Ilinc</strong></span> <span class='ocrx_word' id='word_1_393' title='bbox 3345 2228 3446 2282; x_wconf 88' lang='lat' dir='ltr'><strong>per</strong></span> <span class='ocrx_word' id='word_1_394' title='bbox 3477 2210 3764 2266; x_wconf 83' lang='lat' dir='ltr'><strong>Salomonem</strong></span> 
     </span>
    </p>
   </div>
   <div class='ocr_carea' id='block_1_51' title="bbox 2234 2307 3765 2381">
    <p class='ocr_par' dir='ltr' id='par_1_51' title="bbox 2234 2307 3765 2381">
     <span class='ocr_line' id='line_1_51' title="bbox 2234 2307 3765 2381; baseline -0.013 -12"><span class='ocrx_word' id='word_1_395' title='bbox 2234 2313 2466 2369; x_wconf 88' lang='lat' dir='ltr'><strong>dicitur:</strong></span> <span class='ocrx_word' id='word_1_396' title='bbox 2497 2331 2516 2364; x_wconf 69' lang='grc' dir='ltr'><strong><em>ι</em></strong></span> <span class='ocrx_word' id='word_1_397' title='bbox 2555 2311 2847 2381; x_wconf 84' lang='lat' dir='ltr'><strong>Diligenter</strong></span> <span class='ocrx_word' id='word_1_398' title='bbox 2882 2324 3076 2364; x_wconf 84' lang='lat' dir='ltr'><strong>exerce</strong></span> <span class='ocrx_word' id='word_1_399' title='bbox 3108 2321 3294 2375; x_wconf 84' lang='lat' dir='ltr'><strong>agrum</strong></span> <span class='ocrx_word' id='word_1_400' title='bbox 3331 2313 3507 2367; x_wconf 89' lang='lat' dir='ltr'><strong>tuum,</strong></span> <span class='ocrx_word' id='word_1_401' title='bbox 3536 2311 3590 2354; x_wconf 91' lang='lat' dir='ltr'><strong>ut</strong></span> <span class='ocrx_word' id='word_1_402' title='bbox 3623 2307 3765 2369; x_wconf 73' lang='lat' dir='ltr'><strong>postea</strong></span> 
     </span>
    </p>
   </div>
   <div class='ocr_carea' id='block_1_52' title="bbox 2234 2389 3766 2468">
    <p class='ocr_par' dir='ltr' id='par_1_52' title="bbox 2234 2389 3766 2468">
     <span class='ocr_line' id='line_1_52' title="bbox 2234 2389 3766 2468; baseline -0.015 -9"><span class='ocrx_word' id='word_1_403' title='bbox 2234 2402 2469 2460; x_wconf 69' lang='lat' dir='ltr'><strong>tediticcs</strong></span> <span class='ocrx_word' id='word_1_404' title='bbox 2494 2400 2709 2454; x_wconf 88' lang='lat' dir='ltr'><strong>domum</strong></span> <span class='ocrx_word' id='word_1_405' title='bbox 2736 2409 2880 2453; x_wconf 88' lang='lat' dir='ltr'><strong>tuam</strong></span> <span class='ocrx_word' id='word_1_406' title='bbox 2916 2398 3272 2468; x_wconf 36' lang='lat' dir='ltr'><strong>(Provﬁxxtv,</strong></span> <span class='ocrx_word' id='word_1_407' title='bbox 3299 2393 3418 2464; x_wconf 70' lang='grc'><strong>27).</strong></span> <span class='ocrx_word' id='word_1_408' title='bbox 3467 2412 3486 2444; x_wconf 71' lang='grc' dir='ltr'><strong><em>ι</em></strong></span> <span class='ocrx_word' id='word_1_409' title='bbox 3519 2389 3766 2458; x_wconf 81' lang='lat' dir='ltr'><strong>Sequitur:</strong></span> 
     </span>
    </p>
   </div>
   <div class='ocr_carea' id='block_1_53' title="bbox 2236 2479 3767 2562">
    <p class='ocr_par' dir='ltr' id='par_1_53' title="bbox 2236 2479 3767 2562">
     <span class='ocr_line' id='line_1_53' title="bbox 2236 2479 3767 2562; baseline -0.014 -12"><span class='ocrx_word' id='word_1_410' title='bbox 2236 2495 2303 2550; x_wconf 86' lang='lat' dir='ltr'><strong>In</strong></span> <span class='ocrx_word' id='word_1_411' title='bbox 2345 2509 2618 2549; x_wconf 76' lang='lat' dir='ltr'><strong>occursum</strong></span> <span class='ocrx_word' id='word_1_412' title='bbox 2669 2493 2831 2562; x_wconf 81' lang='lat' dir='ltr'><strong>pergit</strong></span> <span class='ocrx_word' id='word_1_413' title='bbox 2883 2490 3121 2544; x_wconf 81' lang='lat' dir='ltr'><strong>armatis.</strong></span> <span class='ocrx_word' id='word_1_414' title='bbox 3175 2520 3246 2529; x_wconf 91' lang='lat'><strong>-——</strong></span> <span class='ocrx_word' id='word_1_415' title='bbox 3295 2487 3617 2553; x_wconf 88' lang='lat' dir='ltr'><strong>Plerumque</strong></span> <span class='ocrx_word' id='word_1_416' title='bbox 3661 2479 3767 2534; x_wconf 84' lang='lat' dir='ltr'><strong>enim</strong></span> 
     </span>
    </p>
   </div>
   <div class='ocr_carea' id='block_1_54' title="bbox 2235 2571 3770 2656">
    <p class='ocr_par' dir='ltr' id='par_1_54' title="bbox 2235 2571 3770 2656">
     <span class='ocr_line' id='line_1_54' title="bbox 2235 2571 3770 2656; baseline -0.008 -18"><span class='ocrx_word' id='word_1_417' title='bbox 2235 2584 2402 2656; x_wconf 90' lang='lat' dir='ltr'><strong>quieti</strong></span> <span class='ocrx_word' id='word_1_418' title='bbox 2429 2593 2592 2652; x_wconf 90' lang='lat' dir='ltr'><strong>atque</strong></span> <span class='ocrx_word' id='word_1_419' title='bbox 2619 2581 2868 2636; x_wconf 87' lang='lat' dir='ltr'><strong>concussi</strong></span> <span class='ocrx_word' id='word_1_420' title='bbox 2898 2580 3280 2649; x_wconf 86' lang='lat' dir='ltr'><strong>relinquimur,</strong></span> <span class='ocrx_word' id='word_1_421' title='bbox 3310 2579 3354 2633; x_wconf 91' lang='lat' dir='ltr'><strong>si</strong></span> <span class='ocrx_word' id='word_1_422' title='bbox 3385 2577 3603 2634; x_wconf 87' lang='lat' dir='ltr'><strong>obviare</strong></span> <span class='ocrx_word' id='word_1_423' title='bbox 3632 2571 3770 2644; x_wconf 70' lang='lat' dir='ltr'><strong>pravis</strong></span> 
     </span>
    </p>
   </div>
   <div class='ocr_carea' id='block_1_55' title="bbox 2236 2663 3769 2746">
    <p class='ocr_par' dir='ltr' id='par_1_55' title="bbox 2236 2663 3769 2746">
     <span class='ocr_line' id='line_1_55' title="bbox 2236 2663 3769 2746; baseline -0.01 -17"><span class='ocrx_word' id='word_1_424' title='bbox 2236 2673 2570 2746; x_wconf 88' lang='lat' dir='ltr'><strong>projustitia</strong></span> <span class='ocrx_word' id='word_1_425' title='bbox 2597 2687 2701 2725; x_wconf 93' lang='lat' dir='ltr'><strong>non</strong></span> <span class='ocrx_word' id='word_1_426' title='bbox 2745 2686 3018 2725; x_wconf 87' lang='lat' dir='ltr'><strong>curamus.</strong></span> <span class='ocrx_word' id='word_1_427' title='bbox 3067 2670 3172 2724; x_wconf 88' lang='lat' dir='ltr'><strong>Sed</strong></span> <span class='ocrx_word' id='word_1_428' title='bbox 3221 2670 3266 2724; x_wconf 92' lang='lat' dir='ltr'><strong>si</strong></span> <span class='ocrx_word' id='word_1_429' title='bbox 3312 2669 3378 2722; x_wconf 90' lang='lat' dir='ltr'><strong>ad</strong></span> <span class='ocrx_word' id='word_1_430' title='bbox 3434 2676 3640 2723; x_wconf 79' lang='lat' dir='ltr'><strong>:cterna:</strong></span> <span class='ocrx_word' id='word_1_431' title='bbox 3679 2663 3769 2716; x_wconf 69' lang='lat' dir='ltr'><strong>vita</strong></span> 
     </span>
    </p>
   </div>
   <div class='ocr_carea' id='block_1_56' title="bbox 2237 2753 3770 2830">
    <p class='ocr_par' dir='ltr' id='par_1_56' title="bbox 2237 2753 3770 2830">
     <span class='ocr_line' id='line_1_56' title="bbox 2237 2753 3770 2830; baseline -0.009 -11"><span class='ocrx_word' id='word_1_432' title='bbox 2237 2763 2566 2819; x_wconf 89' lang='lat' dir='ltr'><strong>desiderium</strong></span> <span class='ocrx_word' id='word_1_433' title='bbox 2601 2762 2816 2816; x_wconf 89' lang='lat' dir='ltr'><strong>animus</strong></span> <span class='ocrx_word' id='word_1_434' title='bbox 2869 2761 3095 2825; x_wconf 83' lang='lat' dir='ltr'><strong>exarsit,</strong></span> <span class='ocrx_word' id='word_1_435' title='bbox 3146 2762 3198 2814; x_wconf 90' lang='lat' dir='ltr'><strong>in</strong></span> <span class='ocrx_word' id='word_1_436' title='bbox 3234 2770 3502 2830; x_wconf 87' lang='lat' dir='ltr'><strong>quantum</strong></span> <span class='ocrx_word' id='word_1_437' title='bbox 3529 2759 3664 2812; x_wconf 91' lang='lat' dir='ltr'><strong>locus</strong></span> <span class='ocrx_word' id='word_1_438' title='bbox 3700 2753 3770 2806; x_wconf 77' lang='lat' dir='ltr'><strong>ati-</strong></span> 
     </span>
    </p>
   </div>
   <div class='ocr_carea' id='block_1_57' title="bbox 2237 2850 3768 2924">
    <p class='ocr_par' dir='ltr' id='par_1_57' title="bbox 2237 2850 3768 2924">
     <span class='ocr_line' id='line_1_57' title="bbox 2237 2850 3768 2924; baseline -0.007 -13"><span class='ocrx_word' id='word_1_439' title='bbox 2237 2855 2425 2922; x_wconf 89' lang='lat' dir='ltr'><strong>mittit,</strong></span> <span class='ocrx_word' id='word_1_440' title='bbox 2449 2855 2707 2911; x_wconf 91' lang='lat' dir='ltr'><strong>debemus</strong></span> <span class='ocrx_word' id='word_1_441' title='bbox 2735 2868 2832 2924; x_wconf 89' lang='lat' dir='ltr'><strong>pro</strong></span> <span class='ocrx_word' id='word_1_442' title='bbox 2861 2853 3171 2909; x_wconf 82' lang='lat' dir='ltr'><strong>defensione</strong></span> <span class='ocrx_word' id='word_1_443' title='bbox 3194 2853 3427 2923; x_wconf 75' lang='lat' dir='ltr'><strong>justitizn</strong></span> <span class='ocrx_word' id='word_1_444' title='bbox 3462 2850 3768 2916; x_wconf 81' lang='lat' dir='ltr'><strong>nosmetipsos</strong></span> 
     </span>
    </p>
   </div>
   <div class='ocr_carea' id='block_1_58' title="bbox 2239 2936 3769 3014">
    <p class='ocr_par' dir='ltr' id='par_1_58' title="bbox 2239 2936 3769 3014">
     <span class='ocr_line' id='line_1_58' title="bbox 2239 2936 3769 3014; baseline -0.009 -14"><span class='ocrx_word' id='word_1_445' title='bbox 2239 2949 2381 3002; x_wconf 91' lang='lat' dir='ltr'><strong>ultro</strong></span> <span class='ocrx_word' id='word_1_446' title='bbox 2408 2936 2664 3014; x_wconf 80' lang='lat' dir='ltr'><strong>objieere,</strong></span> <span class='ocrx_word' id='word_1_447' title='bbox 2687 2944 2828 2999; x_wconf 89' lang='lat' dir='ltr'><strong>sicut</strong></span> <span class='ocrx_word' id='word_1_448' title='bbox 2858 2945 2923 2998; x_wconf 92' lang='lat' dir='ltr'><strong>de</strong></span> <span class='ocrx_word' id='word_1_449' title='bbox 2961 2942 3131 2998; x_wconf 81' lang='lat' dir='ltr'><strong>Paulo</strong></span> <span class='ocrx_word' id='word_1_450' title='bbox 3160 2943 3426 3012; x_wconf 90' lang='lat' dir='ltr'><strong>scriptum</strong></span> <span class='ocrx_word' id='word_1_451' title='bbox 3459 2951 3545 2996; x_wconf 88' lang='lat' dir='ltr'><strong>est.</strong></span> <span class='ocrx_word' id='word_1_452' title='bbox 3583 2958 3596 2994; x_wconf 91' lang='lat'><strong>:</strong></span> <span class='ocrx_word' id='word_1_453' title='bbox 3637 2957 3653 2988; x_wconf 86' lang='grc'><strong><em>‹</em></strong></span> <span class='ocrx_word' id='word_1_454' title='bbox 3693 2937 3769 2989; x_wconf 76' lang='grc' dir='ltr'><strong>Βε-</strong></span> 
     </span>
    </p>
   </div>
   <div class='ocr_carea' id='block_1_59' title="bbox 2237 3026 3772 3105">
    <p class='ocr_par' dir='ltr' id='par_1_59' title="bbox 2237 3026 3772 3105">
     <span class='ocr_line' id='line_1_59' title="bbox 2237 3026 3772 3105; baseline -0.008 -16"><span class='ocrx_word' id='word_1_455' title='bbox 2237 3035 2365 3105; x_wconf 91' lang='lat' dir='ltr'><strong>pleti</strong></span> <span class='ocrx_word' id='word_1_456' title='bbox 2393 3043 2518 3090; x_wconf 90' lang='lat' dir='ltr'><strong>sunt</strong></span> <span class='ocrx_word' id='word_1_457' title='bbox 2542 3035 2657 3101; x_wconf 67' lang='lat' dir='ltr'><strong>irate,</strong></span> <span class='ocrx_word' id='word_1_458' title='bbox 2683 3042 2739 3088; x_wconf 90' lang='lat' dir='ltr'><strong>et</strong></span> <span class='ocrx_word' id='word_1_459' title='bbox 2783 3032 3226 3088; x_wconf 73' lang='lat' dir='ltr'><strong>exclamaverunt</strong></span> <span class='ocrx_word' id='word_1_460' title='bbox 3271 3031 3524 3086; x_wconf 78' lang='lat' dir='ltr'><strong>dicentes</strong></span> <span class='ocrx_word' id='word_1_461' title='bbox 3570 3044 3585 3083; x_wconf 88' lang='lat'><strong>:</strong></span> <span class='ocrx_word' id='word_1_462' title='bbox 3630 3026 3772 3095; x_wconf 76' lang='lat' dir='ltr'><strong>Magna</strong></span> 
     </span>
    </p>
   </div>
   <div class='ocr_carea' id='block_1_60' title="bbox 2245 3120 3772 3197">
    <p class='ocr_par' dir='ltr' id='par_1_60' title="bbox 2245 3120 3772 3197">
     <span class='ocr_line' id='line_1_60' title="bbox 2245 3120 3772 3197; baseline -0.006 -16"><span class='ocrx_word' id='word_1_463' title='bbox 2245 3127 2413 3181; x_wconf 83' lang='lat' dir='ltr'><strong>Dia’na</strong></span> <span class='ocrx_word' id='word_1_464' title='bbox 2448 3127 2802 3197; x_wconf 88' lang='lat' dir='ltr'><strong>Ephesiorum</strong></span> <span class='ocrx_word' id='word_1_465' title='bbox 2843 3125 2980 3196; x_wconf 81' lang='lat' dir='ltr'><strong>(Act.</strong></span> <span class='ocrx_word' id='word_1_466' title='bbox 3006 3139 3122 3188; x_wconf 85' lang='lat' dir='ltr'><strong>xtx,</strong></span> <span class='ocrx_word' id='word_1_467' title='bbox 3144 3122 3236 3192; x_wconf 73' lang='lat'><strong>28)</strong></span> <span class='ocrx_word' id='word_1_468' title='bbox 3264 3139 3278 3190; x_wconf 92' lang='lat'><strong>;</strong></span> <span class='ocrx_word' id='word_1_469' title='bbox 3319 3141 3339 3174; x_wconf 67' lang='grc' dir='ltr'><strong><em>ι</em></strong></span> <span class='ocrx_word' id='word_1_470' title='bbox 3383 3131 3443 3177; x_wconf 89' lang='lat' dir='ltr'><strong>et</strong></span> <span class='ocrx_word' id='word_1_471' title='bbox 3473 3120 3626 3191; x_wconf 84' lang='lat' dir='ltr'><strong>paulo</strong></span> <span class='ocrx_word' id='word_1_472' title='bbox 3649 3125 3772 3187; x_wconf 82' lang='lat' dir='ltr'><strong>post:</strong></span> 
     </span>
    </p>
   </div>
   <div class='ocr_carea' id='block_1_61' title="bbox 565 3204 2135 3311">
    <p class='ocr_par' dir='ltr' id='par_1_61' title="bbox 565 3233 2134 3311">
     <span class='ocr_line' id='line_1_61' title="bbox 565 3233 2134 3311; baseline -0.006 -13"><span class='ocrx_word' id='word_1_473' title='bbox 565 3243 746 3300; x_wconf 85' lang='lat' dir='ltr'><strong>adhuc</strong></span> <span class='ocrx_word' id='word_1_474' title='bbox 775 3259 882 3298; x_wconf 91' lang='lat' dir='ltr'><strong>non</strong></span> <span class='ocrx_word' id='word_1_475' title='bbox 914 3242 1208 3309; x_wconf 88' lang='lat' dir='ltr'><strong>cernimus,</strong></span> <span class='ocrx_word' id='word_1_476' title='bbox 1232 3239 1342 3311; x_wconf 87' lang='lat' dir='ltr'><strong>jam</strong></span> <span class='ocrx_word' id='word_1_477' title='bbox 1371 3247 1552 3294; x_wconf 91' lang='lat' dir='ltr'><strong>tamen</strong></span> <span class='ocrx_word' id='word_1_478' title='bbox 1583 3235 1847 3307; x_wconf 82' lang='lat' dir='ltr'><strong>sperando</strong></span> <span class='ocrx_word' id='word_1_479' title='bbox 1873 3233 2134 3305; x_wconf 71' lang='lat' dir='ltr'><strong>prtevide-</strong></span> 
     </span>
    </p>
   </div>
   <div class='ocr_carea' id='block_1_62' title="bbox 2239 3204 3775 3311">
    <p class='ocr_par' dir='ltr' id='par_1_62' title="bbox 2247 3213 3775 3284">
     <span class='ocr_line' id='line_1_62' title="bbox 2247 3213 3775 3284; baseline -0.007 -11"><span class='ocrx_word' id='word_1_480' title='bbox 2247 3239 2265 3273; x_wconf 74' lang='grc' dir='ltr'>ι</span> <span class='ocrx_word' id='word_1_481' title='bbox 2303 3219 2467 3275; x_wconf 87' lang='lat' dir='ltr'><strong>Paulo</strong></span> <span class='ocrx_word' id='word_1_482' title='bbox 2498 3228 2676 3275; x_wconf 88' lang='lat' dir='ltr'><strong>autem</strong></span> <span class='ocrx_word' id='word_1_483' title='bbox 2707 3217 2919 3272; x_wconf 88' lang='lat' dir='ltr'><strong>volente</strong></span> <span class='ocrx_word' id='word_1_484' title='bbox 2956 3217 3162 3271; x_wconf 88' lang='lat' dir='ltr'><strong>intrare</strong></span> <span class='ocrx_word' id='word_1_485' title='bbox 3193 3217 3246 3269; x_wconf 93' lang='lat' dir='ltr'><strong>in</strong></span> <span class='ocrx_word' id='word_1_486' title='bbox 3271 3213 3549 3284; x_wconf 87' lang='lat' dir='ltr'><strong>populum,</strong></span> <span class='ocrx_word' id='word_1_487' title='bbox 3576 3227 3668 3265; x_wconf 92' lang='lat' dir='ltr'><strong>non</strong></span> <span class='ocrx_word' id='word_1_488' title='bbox 3688 3222 3775 3277; x_wconf 82' lang='lat' dir='ltr'><strong>per-</strong></span> 
     </span>
    </p>
   </div>
   <div class='ocr_carea' id='block_1_63' title="bbox 567 3324 2144 3402">
    <p class='ocr_par' dir='ltr' id='par_1_63' title="bbox 567 3324 2144 3402">
     <span class='ocr_line' id='line_1_63' title="bbox 567 3324 2144 3402; baseline -0.01 -11"><span class='ocrx_word' id='word_1_489' title='bbox 567 3351 710 3391; x_wconf 87' lang='lat' dir='ltr'><strong>mus.</strong></span> <span class='ocrx_word' id='word_1_490' title='bbox 735 3333 925 3390; x_wconf 90' lang='lat' dir='ltr'><strong>Omnis</strong></span> <span class='ocrx_word' id='word_1_491' title='bbox 956 3342 1134 3388; x_wconf 89' lang='lat' dir='ltr'><strong>autem</strong></span> <span class='ocrx_word' id='word_1_492' title='bbox 1166 3331 1256 3402; x_wconf 91' lang='lat' dir='ltr'><strong>qui</strong></span> <span class='ocrx_word' id='word_1_493' title='bbox 1297 3332 1436 3386; x_wconf 89' lang='lat' dir='ltr'><strong>bene</strong></span> <span class='ocrx_word' id='word_1_494' title='bbox 1463 3330 1643 3384; x_wconf 88' lang='lat' dir='ltr'><strong>vivere</strong></span> <span class='ocrx_word' id='word_1_495' title='bbox 1681 3327 1892 3396; x_wconf 87' lang='lat' dir='ltr'><strong>incipit,</strong></span> <span class='ocrx_word' id='word_1_496' title='bbox 1917 3324 2144 3379; x_wconf 88' lang='lat' dir='ltr'><strong>audiens</strong></span> 
     </span>
    </p>
   </div>
   <div class='ocr_carea' id='block_1_64' title="bbox 566 3422 2143 3499">
    <p class='ocr_par' dir='ltr' id='par_1_64' title="bbox 566 3422 2143 3499">
     <span class='ocr_line' id='line_1_64' title="bbox 566 3422 2143 3499; baseline -0.008 -14"><span class='ocrx_word' id='word_1_497' title='bbox 566 3429 708 3499; x_wconf 89' lang='lat' dir='ltr'><strong>quod</strong></span> <span class='ocrx_word' id='word_1_498' title='bbox 749 3443 846 3499; x_wconf 91' lang='lat' dir='ltr'><strong>per</strong></span> <span class='ocrx_word' id='word_1_499' title='bbox 895 3436 1196 3482; x_wconf 89' lang='lat' dir='ltr'><strong>extremum</strong></span> <span class='ocrx_word' id='word_1_500' title='bbox 1232 3427 1494 3497; x_wconf 87' lang='lat' dir='ltr'><strong>judicium</strong></span> <span class='ocrx_word' id='word_1_501' title='bbox 1532 3423 1662 3492; x_wconf 82' lang='lat' dir='ltr'><strong>justi</strong></span> <span class='ocrx_word' id='word_1_502' title='bbox 1689 3422 1756 3477; x_wconf 90' lang='lat' dir='ltr'><strong>ad</strong></span> <span class='ocrx_word' id='word_1_503' title='bbox 1797 3435 2018 3490; x_wconf 85' lang='lat' dir='ltr'><strong>regnum</strong></span> <span class='ocrx_word' id='word_1_504' title='bbox 2047 3435 2143 3474; x_wconf 86' lang='lat' dir='ltr'><strong>vo-</strong></span> 
     </span>
    </p>
   </div>
   <div class='ocr_carea' id='block_1_65' title="bbox 570 3511 2142 3587">
    <p class='ocr_par' dir='ltr' id='par_1_65' title="bbox 570 3511 2142 3587">
     <span class='ocr_line' id='line_1_65' title="bbox 570 3511 2142 3587; baseline -0.008 -11"><span class='ocrx_word' id='word_1_505' title='bbox 570 3530 786 3587; x_wconf 89' lang='lat' dir='ltr'><strong>centur,</strong></span> <span class='ocrx_word' id='word_1_506' title='bbox 833 3520 1132 3574; x_wconf 85' lang='lat' dir='ltr'><strong>hilarescit.</strong></span> <span class='ocrx_word' id='word_1_507' title='bbox 1177 3518 1281 3572; x_wconf 84' lang='lat' dir='ltr'><strong>Sed</strong></span> <span class='ocrx_word' id='word_1_508' title='bbox 1333 3518 1460 3587; x_wconf 90' lang='lat' dir='ltr'><strong>quia</strong></span> <span class='ocrx_word' id='word_1_509' title='bbox 1498 3515 1742 3586; x_wconf 59' lang='lat' dir='ltr'><strong>quaedam</strong></span> <span class='ocrx_word' id='word_1_510' title='bbox 1790 3511 1927 3566; x_wconf 84' lang='lat' dir='ltr'><strong>mala</strong></span> <span class='ocrx_word' id='word_1_511' title='bbox 1967 3512 2142 3565; x_wconf 90' lang='lat' dir='ltr'><strong>adhuc</strong></span> 
     </span>
    </p>
   </div>
   <div class='ocr_carea' id='block_1_66' title="bbox 573 3601 2144 3681">
    <p class='ocr_par' dir='ltr' id='par_1_66' title="bbox 573 3601 2144 3681">
     <span class='ocr_line' id='line_1_66' title="bbox 573 3601 2144 3681; baseline -0.008 -14"><span class='ocrx_word' id='word_1_512' title='bbox 573 3627 640 3667; x_wconf 82' lang='lat' dir='ltr'><strong>ex</strong></span> <span class='ocrx_word' id='word_1_513' title='bbox 689 3612 897 3681; x_wconf 86' lang='lat' dir='ltr'><strong>reliquo</strong></span> <span class='ocrx_word' id='word_1_514' title='bbox 957 3611 1058 3665; x_wconf 91' lang='lat' dir='ltr'><strong>sibi</strong></span> <span class='ocrx_word' id='word_1_515' title='bbox 1101 3609 1276 3664; x_wconf 90' lang='lat' dir='ltr'><strong>inesse</strong></span> <span class='ocrx_word' id='word_1_516' title='bbox 1313 3608 1639 3672; x_wconf 89' lang='lat' dir='ltr'><strong>considerat,</strong></span> <span class='ocrx_word' id='word_1_517' title='bbox 1679 3605 1782 3658; x_wconf 91' lang='lat' dir='ltr'><strong>hoc</strong></span> <span class='ocrx_word' id='word_1_518' title='bbox 1811 3603 1983 3672; x_wconf 74' lang='lat' dir='ltr'><strong>ipsum</strong></span> <span class='ocrx_word' id='word_1_519' title='bbox 2003 3601 2144 3670; x_wconf 85' lang='lat' dir='ltr'><strong>judi-</strong></span> 
     </span>
    </p>
   </div>
   <div class='ocr_carea' id='block_1_67' title="bbox 569 3689 2145 3767">
    <p class='ocr_par' dir='ltr' id='par_1_67' title="bbox 569 3689 2145 3767">
     <span class='ocr_line' id='line_1_67' title="bbox 569 3689 2145 3767; baseline -0.008 -13"><span class='ocrx_word' id='word_1_520' title='bbox 569 3701 712 3754; x_wconf 87' lang='lat' dir='ltr'><strong>cium</strong></span> <span class='ocrx_word' id='word_1_521' title='bbox 747 3698 813 3754; x_wconf 90' lang='lat' dir='ltr'><strong>de</strong></span> <span class='ocrx_word' id='word_1_522' title='bbox 848 3713 956 3767; x_wconf 89' lang='lat' dir='ltr'><strong>quo</strong></span> <span class='ocrx_word' id='word_1_523' title='bbox 1000 3697 1273 3752; x_wconf 88' lang='lat' dir='ltr'><strong>exsultare</strong></span> <span class='ocrx_word' id='word_1_524' title='bbox 1301 3696 1540 3760; x_wconf 88' lang='lat' dir='ltr'><strong>inchoat,</strong></span> <span class='ocrx_word' id='word_1_525' title='bbox 1571 3691 2004 3764; x_wconf 83' lang='lat' dir='ltr'><strong>apprOpinquare</strong></span> <span class='ocrx_word' id='word_1_526' title='bbox 2035 3689 2145 3742; x_wconf 81' lang='lat' dir='ltr'><strong>for-</strong></span> 
     </span>
    </p>
   </div>
   <div class='ocr_carea' id='block_1_68' title="bbox 567 3780 2143 3857">
    <p class='ocr_par' dir='ltr' id='par_1_68' title="bbox 567 3780 2143 3857">
     <span class='ocr_line' id='line_1_68' title="bbox 567 3780 2143 3857; baseline -0.007 -14"><span class='ocrx_word' id='word_1_527' title='bbox 567 3788 762 3853; x_wconf 82' lang='lat' dir='ltr'><strong>mittat,</strong></span> <span class='ocrx_word' id='word_1_528' title='bbox 783 3788 949 3841; x_wconf 88' lang='lat' dir='ltr'><strong>vitam</strong></span> <span class='ocrx_word' id='word_1_529' title='bbox 973 3787 1168 3857; x_wconf 89' lang='lat' dir='ltr'><strong>quippe</strong></span> <span class='ocrx_word' id='word_1_530' title='bbox 1191 3799 1340 3839; x_wconf 90' lang='lat' dir='ltr'><strong>suam</strong></span> <span class='ocrx_word' id='word_1_531' title='bbox 1364 3785 1519 3839; x_wconf 91' lang='lat' dir='ltr'><strong>bonis</strong></span> <span class='ocrx_word' id='word_1_532' title='bbox 1544 3783 1808 3852; x_wconf 89' lang='lat' dir='ltr'><strong>malisque</strong></span> <span class='ocrx_word' id='word_1_533' title='bbox 1828 3780 2143 3851; x_wconf 86' lang='lat' dir='ltr'><strong>permistam</strong></span> 
     </span>
    </p>
   </div>
   <div class='ocr_carea' id='block_1_69' title="bbox 567 3868 2146 3949">
    <p class='ocr_par' dir='ltr' id='par_1_69' title="bbox 567 3868 2146 3949">
     <span class='ocr_line' id='line_1_69' title="bbox 567 3868 2146 3949; baseline -0.008 -14"><span class='ocrx_word' id='word_1_534' title='bbox 567 3879 858 3949; x_wconf 88' lang='lat' dir='ltr'><strong>conspicit,</strong></span> <span class='ocrx_word' id='word_1_535' title='bbox 890 3887 946 3932; x_wconf 88' lang='lat' dir='ltr'><strong>et</strong></span> <span class='ocrx_word' id='word_1_536' title='bbox 967 3878 1324 3946; x_wconf 85' lang='lat' dir='ltr'><strong>cogitationes</strong></span> <span class='ocrx_word' id='word_1_537' title='bbox 1364 3890 1491 3929; x_wconf 89' lang='lat' dir='ltr'><strong>suas</strong></span> <span class='ocrx_word' id='word_1_538' title='bbox 1531 3872 1822 3944; x_wconf 86' lang='lat' dir='ltr'><strong>aliquando</strong></span> <span class='ocrx_word' id='word_1_539' title='bbox 1863 3886 1956 3942; x_wconf 92' lang='lat' dir='ltr'><strong>spe</strong></span> <span class='ocrx_word' id='word_1_540' title='bbox 1984 3877 2039 3924; x_wconf 91' lang='lat' dir='ltr'><strong>ct</strong></span> <span class='ocrx_word' id='word_1_541' title='bbox 2075 3868 2146 3923; x_wconf 84' lang='lat' dir='ltr'><strong>ti-</strong></span> 
     </span>
    </p>
   </div>
   <div class='ocr_carea' id='block_1_70' title="bbox 569 3968 1378 4038">
    <p class='ocr_par' dir='ltr' id='par_1_70' title="bbox 569 3968 1378 4038">
     <span class='ocr_line' id='line_1_70' title="bbox 569 3968 1378 4038; baseline -0.012 -9"><span class='ocrx_word' id='word_1_542' title='bbox 569 3988 724 4029; x_wconf 88' lang='lat' dir='ltr'><strong>more</strong></span> <span class='ocrx_word' id='word_1_543' title='bbox 745 3969 1046 4028; x_wconf 83' lang='lat' dir='ltr'><strong>confundit.</strong></span> <span class='ocrx_word' id='word_1_544' title='bbox 1082 3968 1339 4038; x_wconf 90' lang='lat' dir='ltr'><strong>Sequitur</strong></span> <span class='ocrx_word' id='word_1_545' title='bbox 1366 3985 1378 4019; x_wconf 93' lang='lat'>:</span> 
     </span>
    </p>
   </div>
   <div class='ocr_carea' id='block_1_71' title="bbox 639 4055 2149 4130">
    <p class='ocr_par' dir='ltr' id='par_1_71' title="bbox 639 4055 2149 4130">
     <span class='ocr_line' id='line_1_71' title="bbox 639 4055 2149 4130; baseline -0.01 -10"><span class='ocrx_word' id='word_1_546' title='bbox 639 4066 806 4120; x_wconf 74' lang='lat' dir='ltr'><strong>Vsus.</strong></span> <span class='ocrx_word' id='word_1_547' title='bbox 835 4064 925 4117; x_wconf 72' lang='grc'><strong>21.</strong></span> <span class='ocrx_word' id='word_1_548' title='bbox 954 4061 1168 4117; x_wconf 86' lang='lat' dir='ltr'><strong>Terram</strong></span> <span class='ocrx_word' id='word_1_549' title='bbox 1194 4058 1390 4130; x_wconf 86' lang='lat' dir='ltr'><strong>ungula</strong></span> <span class='ocrx_word' id='word_1_550' title='bbox 1420 4057 1657 4127; x_wconf 79' lang='lat' dir='ltr'><strong>fodit.—</strong></span> <span class='ocrx_word' id='word_1_551' title='bbox 1685 4055 1822 4123; x_wconf 85' lang='lat' dir='ltr'><strong>Quid</strong></span> <span class='ocrx_word' id='word_1_552' title='bbox 1843 4069 1940 4125; x_wconf 87' lang='lat' dir='ltr'><strong>per</strong></span> <span class='ocrx_word' id='word_1_553' title='bbox 1972 4067 2149 4124; x_wconf 82' lang='lat' dir='ltr'><strong>ungu-</strong></span> 
     </span>
    </p>
   </div>
   <div class='ocr_carea' id='block_1_72' title="bbox 569 4145 2148 4226">
    <p class='ocr_par' dir='ltr' id='par_1_72' title="bbox 569 4145 2148 4226">
     <span class='ocr_line' id='line_1_72' title="bbox 569 4145 2148 4226; baseline -0.008 -16"><span class='ocrx_word' id='word_1_554' title='bbox 569 4155 678 4210; x_wconf 88' lang='lat' dir='ltr'><strong>lam</strong></span> <span class='ocrx_word' id='word_1_555' title='bbox 706 4155 810 4209; x_wconf 88' lang='lat' dir='ltr'><strong>nisi</strong></span> <span class='ocrx_word' id='word_1_556' title='bbox 843 4152 1214 4226; x_wconf 69' lang='lat' dir='ltr'><strong>prtedicatoris</strong></span> <span class='ocrx_word' id='word_1_557' title='bbox 1260 4150 1434 4205; x_wconf 89' lang='lat' dir='ltr'><strong>sancti</strong></span> <span class='ocrx_word' id='word_1_558' title='bbox 1467 4150 1728 4204; x_wconf 86' lang='lat' dir='ltr'><strong>virtutum</strong></span> <span class='ocrx_word' id='word_1_559' title='bbox 1766 4145 2026 4218; x_wconf 86' lang='lat' dir='ltr'><strong>perfectio</strong></span> <span class='ocrx_word' id='word_1_560' title='bbox 2055 4145 2148 4198; x_wconf 82' lang='lat' dir='ltr'><strong>de-</strong></span> 
     </span>
    </p>
   </div>
   <div class='ocr_carea' id='block_1_73' title="bbox 569 4235 2145 4309">
    <p class='ocr_par' dir='ltr' id='par_1_73' title="bbox 569 4235 2145 4309">
     <span class='ocr_line' id='line_1_73' title="bbox 569 4235 2145 4309; baseline -0.01 -7"><span class='ocrx_word' id='word_1_561' title='bbox 569 4244 944 4302; x_wconf 83' lang='lat' dir='ltr'><strong>monstratur?</strong></span> <span class='ocrx_word' id='word_1_562' title='bbox 976 4242 1113 4309; x_wconf 83' lang='lat' dir='ltr'><strong>Quia</strong></span> <span class='ocrx_word' id='word_1_563' title='bbox 1135 4240 1384 4296; x_wconf 87' lang='lat' dir='ltr'><strong>videlicet</strong></span> <span class='ocrx_word' id='word_1_564' title='bbox 1406 4239 1603 4309; x_wconf 64' lang='lat' dir='ltr'><strong>ungula</strong></span> <span class='ocrx_word' id='word_1_565' title='bbox 1626 4252 1818 4293; x_wconf 85' lang='lat' dir='ltr'><strong>terram</strong></span> <span class='ocrx_word' id='word_1_566' title='bbox 1839 4236 1989 4306; x_wconf 79' lang='lat' dir='ltr'><strong>fodit,</strong></span> <span class='ocrx_word' id='word_1_567' title='bbox 2021 4235 2145 4289; x_wconf 92' lang='lat' dir='ltr'><strong>dum</strong></span> 
     </span>
    </p>
   </div>
   <div class='ocr_carea' id='block_1_74' title="bbox 573 4331 2148 4405">
    <p class='ocr_par' dir='ltr' id='par_1_74' title="bbox 573 4331 2148 4405">
     <span class='ocr_line' id='line_1_74' title="bbox 573 4331 2148 4405; baseline -0.008 -12"><span class='ocrx_word' id='word_1_568' title='bbox 573 4339 644 4393; x_wconf 87' lang='lat' dir='ltr'><strong>de</strong></span> <span class='ocrx_word' id='word_1_569' title='bbox 709 4335 873 4392; x_wconf 91' lang='lat' dir='ltr'><strong>corde</strong></span> <span class='ocrx_word' id='word_1_570' title='bbox 936 4333 1276 4389; x_wconf 86' lang='lat' dir='ltr'><strong>audientium</strong></span> <span class='ocrx_word' id='word_1_571' title='bbox 1331 4331 1578 4405; x_wconf 81' lang='lat' dir='ltr'><strong>exemplo</strong></span> <span class='ocrx_word' id='word_1_572' title='bbox 1641 4345 1864 4385; x_wconf 90' lang='lat' dir='ltr'><strong>suorum</strong></span> <span class='ocrx_word' id='word_1_573' title='bbox 1931 4341 2148 4391; x_wconf 87' lang='lat' dir='ltr'><strong>operum</strong></span> 
     </span>
    </p>
   </div>
   <div class='ocr_carea' id='block_1_75' title="bbox 571 4417 2152 4492">
    <p class='ocr_par' dir='ltr' id='par_1_75' title="bbox 571 4417 2152 4492">
     <span class='ocr_line' id='line_1_75' title="bbox 571 4417 2152 4492; baseline -0.008 -12"><span class='ocrx_word' id='word_1_574' title='bbox 571 4435 821 4480; x_wconf 80' lang='lat' dir='ltr'><strong>terrenas</strong></span> <span class='ocrx_word' id='word_1_575' title='bbox 867 4424 1240 4492; x_wconf 87' lang='lat' dir='ltr'><strong>cogitationes.</strong></span> <span class='ocrx_word' id='word_1_576' title='bbox 1264 4421 1434 4486; x_wconf 90' lang='lat' dir='ltr'><strong>elicit,</strong></span> <span class='ocrx_word' id='word_1_577' title='bbox 1457 4429 1514 4476; x_wconf 88' lang='lat' dir='ltr'><strong>et</strong></span> <span class='ocrx_word' id='word_1_578' title='bbox 1556 4419 1859 4474; x_wconf 91' lang='lat' dir='ltr'><strong>auditorum</strong></span> <span class='ocrx_word' id='word_1_579' title='bbox 1906 4417 2068 4472; x_wconf 92' lang='lat' dir='ltr'><strong>corda</strong></span> <span class='ocrx_word' id='word_1_580' title='bbox 2122 4429 2152 4468; x_wconf 90' lang='lat' dir='ltr'><strong>a</strong></span> 
     </span>
    </p>
   </div>
   <div class='ocr_carea' id='block_1_76' title="bbox 569 4506 2149 4581">
    <p class='ocr_par' dir='ltr' id='par_1_76' title="bbox 569 4506 2149 4581">
     <span class='ocr_line' id='line_1_76' title="bbox 569 4506 2149 4581; baseline -0.009 -7"><span class='ocrx_word' id='word_1_581' title='bbox 569 4515 924 4573; x_wconf 65' lang='lat' dir='ltr'><strong>saecularibus</strong></span> <span class='ocrx_word' id='word_1_582' title='bbox 953 4513 1101 4568; x_wconf 89' lang='lat' dir='ltr'><strong>curis</strong></span> <span class='ocrx_word' id='word_1_583' title='bbox 1131 4520 1376 4577; x_wconf 85' lang='lat' dir='ltr'><strong>evacuat,</strong></span> <span class='ocrx_word' id='word_1_584' title='bbox 1403 4526 1523 4565; x_wconf 91' lang='lat' dir='ltr'><strong>cum</strong></span> <span class='ocrx_word' id='word_1_585' title='bbox 1556 4512 1670 4581; x_wconf 90' lang='lat' dir='ltr'><strong>ipse</strong></span> <span class='ocrx_word' id='word_1_586' title='bbox 1689 4509 1958 4565; x_wconf 90' lang='lat' dir='ltr'><strong>contemni</strong></span> <span class='ocrx_word' id='word_1_587' title='bbox 1994 4506 2149 4578; x_wconf 84' lang='lat' dir='ltr'><strong>[con-</strong></span> 
     </span>
    </p>
   </div>
   <div class='ocr_carea' id='block_1_77' title="bbox 570 4597 2152 4677">
    <p class='ocr_par' dir='ltr' id='par_1_77' title="bbox 570 4597 2152 4677">
     <span class='ocr_line' id='line_1_77' title="bbox 570 4597 2152 4677; baseline -0.008 -14"><span class='ocrx_word' id='word_1_588' title='bbox 570 4605 836 4677; x_wconf 81' lang='lat' dir='ltr'><strong>temnere]</strong></span> <span class='ocrx_word' id='word_1_589' title='bbox 867 4604 1120 4660; x_wconf 66' lang='lat' dir='ltr'><strong>smculum</strong></span> <span class='ocrx_word' id='word_1_590' title='bbox 1143 4617 1304 4672; x_wconf 80' lang='lat' dir='ltr'><strong>Opere</strong></span> <span class='ocrx_word' id='word_1_591' title='bbox 1325 4602 1591 4656; x_wconf 81' lang='lat' dir='ltr'><strong>ostendit?</strong></span> <span class='ocrx_word' id='word_1_592' title='bbox 1619 4601 1753 4655; x_wconf 89' lang='lat' dir='ltr'><strong>llinc</strong></span> <span class='ocrx_word' id='word_1_593' title='bbox 1777 4600 1971 4653; x_wconf 85' lang='lat' dir='ltr'><strong>Paulus</strong></span> <span class='ocrx_word' id='word_1_594' title='bbox 1991 4597 2152 4650; x_wconf 83' lang='lat' dir='ltr'><strong>disci-</strong></span> 
     </span>
    </p>
   </div>
   <div class='ocr_carea' id='block_1_78' title="bbox 567 4689 2153 4768">
    <p class='ocr_par' dir='ltr' id='par_1_78' title="bbox 567 4689 2153 4768">
     <span class='ocr_line' id='line_1_78' title="bbox 567 4689 2153 4768; baseline -0.006 -18"><span class='ocrx_word' id='word_1_595' title='bbox 567 4697 712 4768; x_wconf 89' lang='lat' dir='ltr'><strong>pulis</strong></span> <span class='ocrx_word' id='word_1_596' title='bbox 739 4697 815 4750; x_wconf 87' lang='lat' dir='ltr'><strong>ait</strong></span> <span class='ocrx_word' id='word_1_597' title='bbox 847 4713 860 4749; x_wconf 88' lang='lat'>:</span> <span class='ocrx_word' id='word_1_598' title='bbox 903 4715 922 4748; x_wconf 70' lang='grc' dir='ltr'>ς</span> <span class='ocrx_word' id='word_1_599' title='bbox 961 4695 1086 4750; x_wconf 82' lang='lat' dir='ltr'><strong>Haec</strong></span> <span class='ocrx_word' id='word_1_600' title='bbox 1114 4694 1347 4764; x_wconf 87' lang='lat' dir='ltr'><strong>cogitate</strong></span> <span class='ocrx_word' id='word_1_601' title='bbox 1376 4707 1499 4761; x_wconf 65' lang='lat' dir='ltr'><strong>quae.</strong></span> <span class='ocrx_word' id='word_1_602' title='bbox 1521 4700 1576 4745; x_wconf 83' lang='lat' dir='ltr'><strong>et</strong></span> <span class='ocrx_word' id='word_1_603' title='bbox 1606 4689 1892 4752; x_wconf 88' lang='lat' dir='ltr'><strong>didicistis,</strong></span> <span class='ocrx_word' id='word_1_604' title='bbox 1916 4697 1969 4740; x_wconf 91' lang='lat' dir='ltr'><strong>et</strong></span> <span class='ocrx_word' id='word_1_605' title='bbox 2000 4701 2153 4741; x_wconf 88' lang='lat' dir='ltr'><strong>acce-</strong></span> 
     </span>
    </p>
   </div>
   <div class='ocr_carea' id='block_1_79' title="bbox 568 4775 2152 4858">
    <p class='ocr_par' dir='ltr' id='par_1_79' title="bbox 568 4775 2152 4858">
     <span class='ocr_line' id='line_1_79' title="bbox 568 4775 2152 4858; baseline -0.008 -18"><span class='ocrx_word' id='word_1_606' title='bbox 568 4786 748 4858; x_wconf 88' lang='lat' dir='ltr'><strong>pistis,</strong></span> <span class='ocrx_word' id='word_1_607' title='bbox 775 4795 829 4840; x_wconf 90' lang='lat' dir='ltr'><strong>et</strong></span> <span class='ocrx_word' id='word_1_608' title='bbox 855 4784 1082 4840; x_wconf 91' lang='lat' dir='ltr'><strong>audistis</strong></span> <span class='ocrx_word' id='word_1_609' title='bbox 1108 4784 1160 4837; x_wconf 92' lang='lat' dir='ltr'><strong>in</strong></span> <span class='ocrx_word' id='word_1_610' title='bbox 1191 4798 1312 4848; x_wconf 91' lang='lat' dir='ltr'><strong>me,</strong></span> <span class='ocrx_word' id='word_1_611' title='bbox 1341 4789 1394 4835; x_wconf 91' lang='lat' dir='ltr'><strong>et</strong></span> <span class='ocrx_word' id='word_1_612' title='bbox 1446 4781 1586 4836; x_wconf 90' lang='lat' dir='ltr'><strong>Deus</strong></span> <span class='ocrx_word' id='word_1_613' title='bbox 1628 4779 1777 4849; x_wconf 90' lang='lat' dir='ltr'><strong>pacis</strong></span> <span class='ocrx_word' id='word_1_614' title='bbox 1817 4778 1923 4832; x_wconf 88' lang='lat' dir='ltr'><strong>crit</strong></span> <span class='ocrx_word' id='word_1_615' title='bbox 1975 4775 2152 4829; x_wconf 90' lang='lat' dir='ltr'><strong>vobis-</strong></span> 
     </span>
    </p>
   </div>
   <div class='ocr_carea' id='block_1_80' title="bbox 573 4869 2152 4948">
    <p class='ocr_par' dir='ltr' id='par_1_80' title="bbox 573 4869 2152 4948">
     <span class='ocr_line' id='line_1_80' title="bbox 573 4869 2152 4948; baseline -0.006 -16"><span class='ocrx_word' id='word_1_616' title='bbox 573 4877 696 4932; x_wconf 88' lang='lat' dir='ltr'><strong>cuni</strong></span> <span class='ocrx_word' id='word_1_617' title='bbox 730 4876 950 4948; x_wconf 84' lang='lat' dir='ltr'><strong>(Philip.</strong></span> <span class='ocrx_word' id='word_1_618' title='bbox 981 4893 1056 4940; x_wconf 82' lang='lat' dir='ltr'><strong>tv,</strong></span> <span class='ocrx_word' id='word_1_619' title='bbox 1097 4875 1150 4942; x_wconf 90' lang='lat'><strong>8,</strong></span> <span class='ocrx_word' id='word_1_620' title='bbox 1184 4876 1269 4944; x_wconf 74' lang='lat'><strong>9);</strong></span> <span class='ocrx_word' id='word_1_621' title='bbox 1306 4894 1324 4926; x_wconf 70' lang='grc' dir='ltr'><strong>ι</strong></span> <span class='ocrx_word' id='word_1_622' title='bbox 1367 4884 1422 4928; x_wconf 87' lang='lat' dir='ltr'><strong>et</strong></span> <span class='ocrx_word' id='word_1_623' title='bbox 1450 4888 1662 4928; x_wconf 90' lang='lat' dir='ltr'><strong>rursum</strong></span> <span class='ocrx_word' id='word_1_624' title='bbox 1707 4889 1721 4924; x_wconf 88' lang='lat'>:</span> <span class='ocrx_word' id='word_1_625' title='bbox 1777 4889 1794 4921; x_wconf 71' lang='grc' dir='ltr'><strong>ε</strong></span> <span class='ocrx_word' id='word_1_626' title='bbox 1849 4869 2152 4923; x_wconf 90' lang='lat' dir='ltr'><strong>Imitatores</strong></span> 
     </span>
    </p>
   </div>
   <div class='ocr_carea' id='block_1_81' title="bbox 572 4959 2145 5034">
    <p class='ocr_par' dir='ltr' id='par_1_81' title="bbox 572 4959 2145 5034">
     <span class='ocr_line' id='line_1_81' title="bbox 572 4959 2145 5034; baseline -0.009 -11"><span class='ocrx_word' id='word_1_627' title='bbox 572 4969 682 5024; x_wconf 87' lang='lat' dir='ltr'><strong>mei</strong></span> <span class='ocrx_word' id='word_1_628' title='bbox 729 4977 922 5032; x_wconf 89' lang='lat' dir='ltr'><strong>estote,</strong></span> <span class='ocrx_word' id='word_1_629' title='bbox 974 4968 1113 5022; x_wconf 90' lang='lat' dir='ltr'><strong>sicut</strong></span> <span class='ocrx_word' id='word_1_630' title='bbox 1167 4974 1221 5021; x_wconf 92' lang='lat' dir='ltr'><strong>et</strong></span> <span class='ocrx_word' id='word_1_631' title='bbox 1267 4981 1367 5034; x_wconf 84' lang='lat' dir='ltr'><strong>ego</strong></span> <span class='ocrx_word' id='word_1_632' title='bbox 1416 4963 1615 5018; x_wconf 84' lang='lat' dir='ltr'><strong>Christi</strong></span> <span class='ocrx_word' id='word_1_633' title='bbox 1667 4959 1941 5032; x_wconf 77' lang='lat' dir='ltr'><strong>(Pltil.m,</strong></span> <span class='ocrx_word' id='word_1_634' title='bbox 1971 4959 2080 5027; x_wconf 77' lang='lat' dir='ltr'><strong>t7).</strong></span> <span class='ocrx_word' id='word_1_635' title='bbox 2127 4977 2145 5009; x_wconf 75' lang='grc' dir='ltr'><strong><em>ι</em></strong></span> 
     </span>
    </p>
   </div>
   <div class='ocr_carea' id='block_1_82' title="bbox 573 5048 2148 5130">
    <p class='ocr_par' dir='ltr' id='par_1_82' title="bbox 573 5048 2148 5130">
     <span class='ocr_line' id='line_1_82' title="bbox 573 5048 2148 5130; baseline -0.01 -14"><span class='ocrx_word' id='word_1_636' title='bbox 573 5061 785 5117; x_wconf 80' lang='lat' dir='ltr'><strong>Aliter:</strong></span> <span class='ocrx_word' id='word_1_637' title='bbox 817 5062 998 5130; x_wconf 87' lang='lat' dir='ltr'><strong>Equus</strong></span> <span class='ocrx_word' id='word_1_638' title='bbox 1023 5060 1123 5112; x_wconf 90' lang='lat' dir='ltr'><strong>iste</strong></span> <span class='ocrx_word' id='word_1_639' title='bbox 1160 5057 1356 5127; x_wconf 84' lang='lat' dir='ltr'><strong>ungula</strong></span> <span class='ocrx_word' id='word_1_640' title='bbox 1388 5064 1586 5109; x_wconf 87' lang='lat' dir='ltr'><strong>terram</strong></span> <span class='ocrx_word' id='word_1_641' title='bbox 1614 5053 1779 5116; x_wconf 90' lang='lat' dir='ltr'><strong>fodit,</strong></span> <span class='ocrx_word' id='word_1_642' title='bbox 1807 5065 1927 5104; x_wconf 88' lang='lat' dir='ltr'><strong>cum</strong></span> <span class='ocrx_word' id='word_1_643' title='bbox 1959 5048 2148 5117; x_wconf 73' lang='lat' dir='ltr'><strong>prmdi-</strong></span> 
     </span>
    </p>
   </div>
   <div class='ocr_carea' id='block_1_83' title="bbox 575 5138 2154 5217">
    <p class='ocr_par' dir='ltr' id='par_1_83' title="bbox 575 5138 2154 5217">
     <span class='ocr_line' id='line_1_83' title="bbox 575 5138 2154 5217; baseline -0.008 -13"><span class='ocrx_word' id='word_1_644' title='bbox 575 5159 729 5204; x_wconf 81' lang='lat' dir='ltr'><strong>calor</strong></span> <span class='ocrx_word' id='word_1_645' title='bbox 755 5149 981 5217; x_wconf 90' lang='lat' dir='ltr'><strong>quisque</strong></span> <span class='ocrx_word' id='word_1_646' title='bbox 1004 5147 1350 5216; x_wconf 89' lang='lat' dir='ltr'><strong>inquisitione</strong></span> <span class='ocrx_word' id='word_1_647' title='bbox 1373 5143 1497 5198; x_wconf 89' lang='lat' dir='ltr'><strong>forti</strong></span> <span class='ocrx_word' id='word_1_648' title='bbox 1522 5151 1766 5196; x_wconf 90' lang='lat' dir='ltr'><strong>terrenas</strong></span> <span class='ocrx_word' id='word_1_649' title='bbox 1787 5141 1840 5194; x_wconf 91' lang='lat' dir='ltr'><strong>in</strong></span> <span class='ocrx_word' id='word_1_650' title='bbox 1865 5155 1924 5195; x_wconf 91' lang='lat' dir='ltr'><strong>se</strong></span> <span class='ocrx_word' id='word_1_651' title='bbox 1953 5138 2154 5208; x_wconf 84' lang='lat' dir='ltr'><strong>cogita-</strong></span> 
     </span>
    </p>
   </div>
   <div class='ocr_carea' id='block_1_84' title="bbox 604 5232 2153 5272">
    <p class='ocr_par' dir='ltr' id='par_1_84' title="bbox 604 5232 2153 5272">
     <span class='ocr_line' id='line_1_84' title="bbox 604 5232 2153 5272; baseline 0 0"><span class='ocrx_word' id='word_1_652' title='bbox 604 5240 747 5272; x_wconf 61' lang='lat' dir='ltr'><strong>tan..-</strong></span> <span class='ocrx_word' id='word_1_653' title='bbox 803 5237 1018 5272; x_wconf 71' lang='grc' dir='ltr'><strong>Αἰεηηιῖι</strong></span> <span class='ocrx_word' id='word_1_654' title='bbox 1091 5249 1292 5272; x_wconf 69' lang='grc' dir='ltr'><strong>οοεηιιο</strong></span> <span class='ocrx_word' id='word_1_655' title='bbox 1339 5232 1514 5272; x_wconf 75' lang='grc' dir='ltr'><strong>Πρηιιη</strong></span> <span class='ocrx_word' id='word_1_656' title='bbox 1557 5247 1584 5272; x_wconf 68' lang='grc' dir='ltr'><strong>ει</strong></span> <span class='ocrx_word' id='word_1_657' title='bbox 1629 5246 1686 5272; x_wconf 75' lang='lat' dir='ltr'><strong>cn</strong></span> <span class='ocrx_word' id='word_1_658' title='bbox 1735 5245 2001 5272; x_wconf 73' lang='lat' dir='ltr'><strong>mrammrp.</strong></span> <span class='ocrx_word' id='word_1_659' title='bbox 2047 5243 2153 5272; x_wconf 87' lang='lat' dir='ltr'><strong>nnn</strong></span> 
     </span>
    </p>
   </div>
   <div class='ocr_carea' id='block_1_85' title="bbox 576 5249 747 5272">
    <p class='ocr_par' dir='ltr' id='par_1_85' title="bbox 576 5249 747 5272">
     <span class='ocr_line' id='line_1_85' title="bbox 576 5249 747 5272; baseline 0 0"><span class='ocrx_word' id='word_1_660' title='bbox 576 5249 593 5272; x_wconf 75' lang='grc'><strong>1</strong></span> <span class='ocrx_word' id='word_1_661' title='bbox 606 5249 747 5272; x_wconf 62' lang='lat' dir='ltr'><strong>inn..-</strong></span> 
     </span>
    </p>
   </div>
   <div class='ocr_carea' id='block_1_86' title="bbox 2241 3296 3775 3380">
    <p class='ocr_par' dir='ltr' id='par_1_86' title="bbox 2241 3296 3775 3380">
     <span class='ocr_line' id='line_1_86' title="bbox 2241 3296 3775 3380; baseline -0.014 -13"><span class='ocrx_word' id='word_1_662' title='bbox 2241 3313 2507 3368; x_wconf 74' lang='lat' dir='ltr'><strong>miserunt</strong></span> <span class='ocrx_word' id='word_1_663' title='bbox 2541 3309 2786 3380; x_wconf 77' lang='lat' dir='ltr'><strong>discipuli</strong></span> <span class='ocrx_word' id='word_1_664' title='bbox 2836 3309 3023 3379; x_wconf 82' lang='lat' dir='ltr'><strong>(Ibid.,</strong></span> <span class='ocrx_word' id='word_1_665' title='bbox 3059 3307 3172 3376; x_wconf 78' lang='grc'><strong>50).</strong></span> <span class='ocrx_word' id='word_1_666' title='bbox 3210 3324 3228 3357; x_wconf 73' lang='grc' dir='ltr'><strong>ι</strong></span> <span class='ocrx_word' id='word_1_667' title='bbox 3284 3303 3424 3358; x_wconf 88' lang='lat' dir='ltr'><strong>Nam</strong></span> <span class='ocrx_word' id='word_1_668' title='bbox 3458 3319 3578 3359; x_wconf 90' lang='lat' dir='ltr'><strong>cum</strong></span> <span class='ocrx_word' id='word_1_669' title='bbox 3615 3296 3775 3370; x_wconf 70' lang='lat' dir='ltr'><strong>justiti:</strong></span> 
     </span>
    </p>
   </div>
   <div class='ocr_carea' id='block_1_87' title="bbox 2240 3389 3776 3473">
    <p class='ocr_par' dir='ltr' id='par_1_87' title="bbox 2240 3389 3776 3473">
     <span class='ocr_line' id='line_1_87' title="bbox 2240 3389 3776 3473; baseline -0.011 -18"><span class='ocrx_word' id='word_1_670' title='bbox 2240 3417 2403 3473; x_wconf 71' lang='lat' dir='ltr'><strong>quam</strong></span> <span class='ocrx_word' id='word_1_671' title='bbox 2435 3415 2533 3455; x_wconf 91' lang='lat' dir='ltr'><strong>nos</strong></span> <span class='ocrx_word' id='word_1_672' title='bbox 2560 3414 2805 3453; x_wconf 90' lang='lat' dir='ltr'><strong>amamus</strong></span> <span class='ocrx_word' id='word_1_673' title='bbox 2830 3399 2882 3452; x_wconf 94' lang='lat' dir='ltr'><strong>in</strong></span> <span class='ocrx_word' id='word_1_674' title='bbox 2917 3397 3036 3452; x_wconf 89' lang='lat' dir='ltr'><strong>aliis</strong></span> <span class='ocrx_word' id='word_1_675' title='bbox 3074 3397 3308 3460; x_wconf 90' lang='lat' dir='ltr'><strong>feriunt,</strong></span> <span class='ocrx_word' id='word_1_676' title='bbox 3338 3410 3443 3449; x_wconf 89' lang='lat' dir='ltr'><strong>nos</strong></span> <span class='ocrx_word' id='word_1_677' title='bbox 3484 3389 3776 3447; x_wconf 83' lang='lat' dir='ltr'><strong>nihilominus</strong></span> 
     </span>
    </p>
   </div>
   <div class='ocr_carea' id='block_1_88' title="bbox 2243 3479 3778 3562">
    <p class='ocr_par' dir='ltr' id='par_1_88' title="bbox 2243 3479 3778 3562">
     <span class='ocr_line' id='line_1_88' title="bbox 2243 3479 3778 3562; baseline -0.014 -15"><span class='ocrx_word' id='word_1_678' title='bbox 2243 3509 2337 3548; x_wconf 89' lang='lat' dir='ltr'><strong>sua</strong></span> <span class='ocrx_word' id='word_1_679' title='bbox 2370 3491 2720 3562; x_wconf 90' lang='lat' dir='ltr'><strong>percussione</strong></span> <span class='ocrx_word' id='word_1_680' title='bbox 2743 3485 3308 3550; x_wconf 84' lang='lat' dir='ltr'><strong>confodiunt,etiamsi</strong></span> <span class='ocrx_word' id='word_1_681' title='bbox 3337 3483 3589 3539; x_wconf 86' lang='lat' dir='ltr'><strong>venerari</strong></span> <span class='ocrx_word' id='word_1_682' title='bbox 3614 3479 3778 3532; x_wconf 80' lang='lat' dir='ltr'><strong>videan-</strong></span> 
     </span>
    </p>
   </div>
   <div class='ocr_carea' id='block_1_89' title="bbox 2244 3568 3776 3644">
    <p class='ocr_par' dir='ltr' id='par_1_89' title="bbox 2244 3568 3776 3644">
     <span class='ocr_line' id='line_1_89' title="bbox 2244 3568 3776 3644; baseline -0.011 -5"><span class='ocrx_word' id='word_1_683' title='bbox 2244 3594 2352 3640; x_wconf 88' lang='lat' dir='ltr'><strong>tur.</strong></span> <span class='ocrx_word' id='word_1_684' title='bbox 2385 3584 2727 3639; x_wconf 77' lang='lat' dir='ltr'><strong>MORALITBB.</strong></span> <span class='ocrx_word' id='word_1_685' title='bbox 2767 3581 2962 3636; x_wconf 83' lang='lat' dir='ltr'><strong>Ilostes</strong></span> <span class='ocrx_word' id='word_1_686' title='bbox 2985 3580 3205 3644; x_wconf 90' lang='lat' dir='ltr'><strong>armati,</strong></span> <span class='ocrx_word' id='word_1_687' title='bbox 3232 3587 3356 3633; x_wconf 88' lang='lat' dir='ltr'><strong>sunt</strong></span> <span class='ocrx_word' id='word_1_688' title='bbox 3385 3574 3644 3631; x_wconf 88' lang='lat' dir='ltr'><strong>immundi</strong></span> <span class='ocrx_word' id='word_1_689' title='bbox 3663 3568 3776 3638; x_wconf 85' lang='lat' dir='ltr'><strong>spiri-</strong></span> 
     </span>
    </p>
   </div>
   <div class='ocr_carea' id='block_1_90' title="bbox 2245 3656 3779 3731">
    <p class='ocr_par' dir='ltr' id='par_1_90' title="bbox 2245 3656 3779 3731">
     <span class='ocr_line' id='line_1_90' title="bbox 2245 3656 3779 3731; baseline -0.01 0"><span class='ocrx_word' id='word_1_690' title='bbox 2245 3686 2330 3731; x_wconf 90' lang='lat' dir='ltr'><strong>tus</strong></span> <span class='ocrx_word' id='word_1_691' title='bbox 2377 3673 2674 3730; x_wconf 89' lang='lat' dir='ltr'><strong>innumeris</strong></span> <span class='ocrx_word' id='word_1_692' title='bbox 2714 3679 2902 3726; x_wconf 90' lang='lat' dir='ltr'><strong>contra</strong></span> <span class='ocrx_word' id='word_1_693' title='bbox 2950 3686 3049 3726; x_wconf 92' lang='lat' dir='ltr'><strong>nos</strong></span> <span class='ocrx_word' id='word_1_694' title='bbox 3094 3669 3374 3724; x_wconf 88' lang='lat' dir='ltr'><strong>fraudibus</strong></span> <span class='ocrx_word' id='word_1_695' title='bbox 3438 3663 3676 3726; x_wconf 87' lang='lat' dir='ltr'><strong>accincti,</strong></span> <span class='ocrx_word' id='word_1_696' title='bbox 3715 3656 3779 3727; x_wconf 78' lang='lat' dir='ltr'><strong>qui</strong></span> 
     </span>
    </p>
   </div>
   <div class='ocr_carea' id='block_1_91' title="bbox 2243 3755 3778 3831">
    <p class='ocr_par' dir='ltr' id='par_1_91' title="bbox 2243 3755 3778 3831">
     <span class='ocr_line' id='line_1_91' title="bbox 2243 3755 3778 3831; baseline -0.013 -10"><span class='ocrx_word' id='word_1_697' title='bbox 2243 3781 2368 3822; x_wconf 91' lang='lat' dir='ltr'><strong>cum</strong></span> <span class='ocrx_word' id='word_1_698' title='bbox 2397 3765 2624 3821; x_wconf 91' lang='lat' dir='ltr'><strong>suadere</strong></span> <span class='ocrx_word' id='word_1_699' title='bbox 2654 3763 2810 3817; x_wconf 91' lang='lat' dir='ltr'><strong>nobis</strong></span> <span class='ocrx_word' id='word_1_700' title='bbox 2834 3763 3017 3831; x_wconf 88' lang='lat' dir='ltr'><strong>iniqua</strong></span> <span class='ocrx_word' id='word_1_701' title='bbox 3039 3767 3336 3830; x_wconf 89' lang='lat' dir='ltr'><strong>nequeunt,</strong></span> <span class='ocrx_word' id='word_1_702' title='bbox 3357 3773 3424 3813; x_wconf 89' lang='lat' dir='ltr'><strong>ea</strong></span> <span class='ocrx_word' id='word_1_703' title='bbox 3453 3758 3552 3812; x_wconf 90' lang='lat' dir='ltr'><strong>sub</strong></span> <span class='ocrx_word' id='word_1_704' title='bbox 3575 3755 3778 3808; x_wconf 68' lang='lat' dir='ltr'><strong>virtutum</strong></span> 
     </span>
    </p>
   </div>
   <div class='ocr_carea' id='block_1_92' title="bbox 2247 3841 3781 3927">
    <p class='ocr_par' dir='ltr' id='par_1_92' title="bbox 2247 3841 3781 3927">
     <span class='ocr_line' id='line_1_92' title="bbox 2247 3841 3781 3927; baseline -0.017 -13"><span class='ocrx_word' id='word_1_705' title='bbox 2247 3857 2426 3927; x_wconf 83' lang='lat' dir='ltr'><strong>specie</strong></span> <span class='ocrx_word' id='word_1_706' title='bbox 2473 3855 2672 3910; x_wconf 91' lang='lat' dir='ltr'><strong>nostris</strong></span> <span class='ocrx_word' id='word_1_707' title='bbox 2723 3853 3000 3910; x_wconf 90' lang='lat' dir='ltr'><strong>obtutibus</strong></span> <span class='ocrx_word' id='word_1_708' title='bbox 3051 3859 3348 3922; x_wconf 81' lang='lat' dir='ltr'><strong>Opponunt.</strong></span> <span class='ocrx_word' id='word_1_709' title='bbox 3409 3848 3616 3904; x_wconf 82' lang='lat' dir='ltr'><strong>Etl‘ossa</strong></span> <span class='ocrx_word' id='word_1_710' title='bbox 3662 3841 3781 3912; x_wconf 78' lang='lat' dir='ltr'><strong>igitur</strong></span> 
     </span>
    </p>
   </div>
   <div class='ocr_carea' id='block_1_93' title="bbox 2247 3939 3776 4008">
    <p class='ocr_par' dir='ltr' id='par_1_93' title="bbox 2247 3939 3776 4008">
     <span class='ocr_line' id='line_1_93' title="bbox 2247 3939 3776 4008; baseline -0.009 -7"><span class='ocrx_word' id='word_1_711' title='bbox 2247 3956 2391 4001; x_wconf 89' lang='lat' dir='ltr'><strong>terra</strong></span> <span class='ocrx_word' id='word_1_712' title='bbox 2423 3945 2645 3998; x_wconf 85' lang='lat' dir='ltr'><strong>armatis</strong></span> <span class='ocrx_word' id='word_1_713' title='bbox 2681 3941 2928 3998; x_wconf 90' lang='lat' dir='ltr'><strong>hostibus</strong></span> <span class='ocrx_word' id='word_1_714' title='bbox 2983 3941 3039 3996; x_wconf 89' lang='lat' dir='ltr'><strong>in</strong></span> <span class='ocrx_word' id='word_1_715' title='bbox 3093 3955 3377 3995; x_wconf 89' lang='lat' dir='ltr'><strong>occursum</strong></span> <span class='ocrx_word' id='word_1_716' title='bbox 3437 3949 3655 4008; x_wconf 84' lang='lat' dir='ltr'><strong>pergere</strong></span> <span class='ocrx_word' id='word_1_717' title='bbox 3689 3939 3776 3987; x_wconf 77' lang='lat' dir='ltr'><strong>est.</strong></span> 
     </span>
    </p>
   </div>
   <div class='ocr_carea' id='block_1_94' title="bbox 2248 4026 3782 4102">
    <p class='ocr_par' dir='ltr' id='par_1_94' title="bbox 2248 4026 3782 4102">
     <span class='ocr_line' id='line_1_94' title="bbox 2248 4026 3782 4102; baseline -0.014 -8"><span class='ocrx_word' id='word_1_718' title='bbox 2248 4035 2455 4093; x_wconf 84' lang='lat' dir='ltr'><strong>devicta</strong></span> <span class='ocrx_word' id='word_1_719' title='bbox 2484 4033 2687 4089; x_wconf 91' lang='lat' dir='ltr'><strong>carnali</strong></span> <span class='ocrx_word' id='word_1_720' title='bbox 2720 4033 2959 4102; x_wconf 90' lang='lat' dir='ltr'><strong>nequitia</strong></span> <span class='ocrx_word' id='word_1_721' title='bbox 2987 4039 3175 4086; x_wconf 89' lang='lat' dir='ltr'><strong>contra</strong></span> <span class='ocrx_word' id='word_1_722' title='bbox 3203 4029 3512 4101; x_wconf 87' lang='lat' dir='ltr'><strong>spiritualia</strong></span> <span class='ocrx_word' id='word_1_723' title='bbox 3540 4026 3659 4079; x_wconf 83' lang='lat' dir='ltr'><strong>vitia</strong></span> <span class='ocrx_word' id='word_1_724' title='bbox 3696 4035 3782 4074; x_wconf 82' lang='lat' dir='ltr'><strong>cer-</strong></span> 
     </span>
    </p>
   </div>
   <div class='ocr_carea' id='block_1_95' title="bbox 2249 4118 3783 4192">
    <p class='ocr_par' dir='ltr' id='par_1_95' title="bbox 2249 4118 3783 4192">
     <span class='ocr_line' id='line_1_95' title="bbox 2249 4118 3783 4192; baseline -0.01 -10"><span class='ocrx_word' id='word_1_725' title='bbox 2249 4138 2427 4183; x_wconf 91' lang='lat' dir='ltr'><strong>tamen</strong></span> <span class='ocrx_word' id='word_1_726' title='bbox 2465 4124 2670 4179; x_wconf 91' lang='lat' dir='ltr'><strong>subire.</strong></span> <span class='ocrx_word' id='word_1_727' title='bbox 2697 4123 2831 4177; x_wconf 85' lang='lat' dir='ltr'><strong>Nam</strong></span> <span class='ocrx_word' id='word_1_728' title='bbox 2854 4123 2946 4192; x_wconf 93' lang='lat' dir='ltr'><strong>qui</strong></span> <span class='ocrx_word' id='word_1_729' title='bbox 2976 4122 3154 4176; x_wconf 88' lang='lat' dir='ltr'><strong>adhuc</strong></span> <span class='ocrx_word' id='word_1_730' title='bbox 3182 4135 3367 4175; x_wconf 88' lang='lat' dir='ltr'><strong>secum</strong></span> <span class='ocrx_word' id='word_1_731' title='bbox 3418 4118 3680 4174; x_wconf 85' lang='lat' dir='ltr'><strong>enerviter</strong></span> <span class='ocrx_word' id='word_1_732' title='bbox 3713 4123 3783 4180; x_wconf 83' lang='lat' dir='ltr'><strong>pu-</strong></span> 
     </span>
    </p>
   </div>
   <div class='ocr_carea' id='block_1_96' title="bbox 2250 4206 3780 4289">
    <p class='ocr_par' dir='ltr' id='par_1_96' title="bbox 2250 4206 3780 4289">
     <span class='ocr_line' id='line_1_96' title="bbox 2250 4206 3780 4289; baseline -0.011 -17"><span class='ocrx_word' id='word_1_733' title='bbox 2250 4228 2399 4289; x_wconf 86' lang='lat' dir='ltr'><strong>gnat,</strong></span> <span class='ocrx_word' id='word_1_734' title='bbox 2427 4215 2626 4270; x_wconf 89' lang='lat' dir='ltr'><strong>frustra</strong></span> <span class='ocrx_word' id='word_1_735' title='bbox 2651 4223 2838 4268; x_wconf 91' lang='lat' dir='ltr'><strong>contra</strong></span> <span class='ocrx_word' id='word_1_736' title='bbox 2863 4229 2922 4269; x_wconf 93' lang='lat' dir='ltr'><strong>se</strong></span> <span class='ocrx_word' id='word_1_737' title='bbox 2953 4213 3094 4267; x_wconf 88' lang='lat' dir='ltr'><strong>bella</strong></span> <span class='ocrx_word' id='word_1_738' title='bbox 3115 4221 3267 4267; x_wconf 89' lang='lat' dir='ltr'><strong>extra</strong></span> <span class='ocrx_word' id='word_1_739' title='bbox 3295 4227 3355 4266; x_wconf 86' lang='lat' dir='ltr'><strong>se</strong></span> <span class='ocrx_word' id='word_1_740' title='bbox 3384 4211 3562 4280; x_wconf 86' lang='lat' dir='ltr'><strong>posita</strong></span> <span class='ocrx_word' id='word_1_741' title='bbox 3587 4206 3780 4262; x_wconf 75' lang='lat' dir='ltr'><strong>suscitat.</strong></span> 
     </span>
    </p>
   </div>
   <div class='ocr_carea' id='block_1_97' title="bbox 2257 4299 3780 4369">
    <p class='ocr_par' dir='ltr' id='par_1_97' title="bbox 2257 4299 3780 4369">
     <span class='ocr_line' id='line_1_97' title="bbox 2257 4299 3780 4369; baseline -0.011 -5"><span class='ocrx_word' id='word_1_742' title='bbox 2257 4309 2347 4364; x_wconf 79' lang='lat' dir='ltr'><strong>Vel</strong></span> <span class='ocrx_word' id='word_1_743' title='bbox 2371 4315 2522 4363; x_wconf 90' lang='lat' dir='ltr'><strong>certe</strong></span> <span class='ocrx_word' id='word_1_744' title='bbox 2546 4305 2770 4360; x_wconf 88' lang='lat' dir='ltr'><strong>armatis</strong></span> <span class='ocrx_word' id='word_1_745' title='bbox 2811 4305 3058 4359; x_wconf 91' lang='lat' dir='ltr'><strong>hostibus</strong></span> <span class='ocrx_word' id='word_1_746' title='bbox 3108 4304 3160 4357; x_wconf 92' lang='lat' dir='ltr'><strong>in</strong></span> <span class='ocrx_word' id='word_1_747' title='bbox 3209 4316 3498 4356; x_wconf 86' lang='lat' dir='ltr'><strong>occursum</strong></span> <span class='ocrx_word' id='word_1_748' title='bbox 3539 4299 3780 4369; x_wconf 75' lang='lat' dir='ltr'><strong>pergimus.</strong></span> 
     </span>
    </p>
   </div>
   <div class='ocr_carea' id='block_1_98' title="bbox 2250 4383 3782 4470">
    <p class='ocr_par' dir='ltr' id='par_1_98' title="bbox 2250 4383 3782 4470">
     <span class='ocr_line' id='line_1_98' title="bbox 2250 4383 3782 4470; baseline -0.016 -15"><span class='ocrx_word' id='word_1_749' title='bbox 2250 4401 2466 4470; x_wconf 88' lang='lat' dir='ltr'><strong>quando</strong></span> <span class='ocrx_word' id='word_1_750' title='bbox 2495 4413 2593 4468; x_wconf 89' lang='lat' dir='ltr'><strong>per</strong></span> <span class='ocrx_word' id='word_1_751' title='bbox 2621 4395 3014 4450; x_wconf 80' lang='lat' dir='ltr'><strong>exhortationis</strong></span> <span class='ocrx_word' id='word_1_752' title='bbox 3065 4393 3327 4457; x_wconf 90' lang='lat' dir='ltr'><strong>studium,</strong></span> <span class='ocrx_word' id='word_1_753' title='bbox 3371 4406 3562 4446; x_wconf 88' lang='lat' dir='ltr'><strong>eorum</strong></span> <span class='ocrx_word' id='word_1_754' title='bbox 3608 4383 3782 4440; x_wconf 79' lang='lat' dir='ltr'><strong>insidias</strong></span> 
     </span>
    </p>
   </div>
   <div class='ocr_carea' id='block_1_99' title="bbox 2255 4485 3784 4558">
    <p class='ocr_par' dir='ltr' id='par_1_99' title="bbox 2255 4485 3784 4558">
     <span class='ocr_line' id='line_1_99' title="bbox 2255 4485 3784 4558; baseline -0.014 -9"><span class='ocrx_word' id='word_1_755' title='bbox 2255 4503 2310 4549; x_wconf 89' lang='lat' dir='ltr'><strong>et</strong></span> <span class='ocrx_word' id='word_1_756' title='bbox 2350 4495 2403 4549; x_wconf 90' lang='lat' dir='ltr'><strong>in</strong></span> <span class='ocrx_word' id='word_1_757' title='bbox 2435 4494 2610 4547; x_wconf 87' lang='lat' dir='ltr'><strong>alieno</strong></span> <span class='ocrx_word' id='word_1_758' title='bbox 2640 4490 2803 4546; x_wconf 90' lang='lat' dir='ltr'><strong>corde</strong></span> <span class='ocrx_word' id='word_1_759' title='bbox 2831 4488 3210 4558; x_wconf 71' lang='lat' dir='ltr'><strong>praevenimus,</strong></span> <span class='ocrx_word' id='word_1_760' title='bbox 3246 4485 3464 4556; x_wconf 89' lang='lat' dir='ltr'><strong>quando</strong></span> <span class='ocrx_word' id='word_1_761' title='bbox 3495 4489 3668 4537; x_wconf 88' lang='lat' dir='ltr'><strong>nostra</strong></span> <span class='ocrx_word' id='word_1_762' title='bbox 3690 4485 3784 4530; x_wconf 80' lang='lat' dir='ltr'><strong>cun</strong></span> 
     </span>
    </p>
   </div>
   <div class='ocr_carea' id='block_1_100' title="bbox 2257 4561 3785 4652">
    <p class='ocr_par' dir='ltr' id='par_1_100' title="bbox 2257 4561 3785 4652">
     <span class='ocr_line' id='line_1_100' title="bbox 2257 4561 3785 4652; baseline -0.018 -13"><span class='ocrx_word' id='word_1_763' title='bbox 2257 4585 2508 4639; x_wconf 76' lang='lat' dir='ltr'><strong>ordinate</strong></span> <span class='ocrx_word' id='word_1_764' title='bbox 2543 4580 2844 4652; x_wconf 91' lang='lat' dir='ltr'><strong>postposita</strong></span> <span class='ocrx_word' id='word_1_765' title='bbox 2893 4592 3172 4634; x_wconf 87' lang='lat' dir='ltr'><strong>accessum</strong></span> <span class='ocrx_word' id='word_1_766' title='bbox 3225 4574 3621 4630; x_wconf 91' lang='lat' dir='ltr'><strong>immundorum</strong></span> <span class='ocrx_word' id='word_1_767' title='bbox 3669 4561 3785 4635; x_wconf 81' lang='lat' dir='ltr'><strong>spiri-</strong></span> 
     </span>
    </p>
   </div>
   <div class='ocr_carea' id='block_1_101' title="bbox 2261 4667 3652 4744">
    <p class='ocr_par' dir='ltr' id='par_1_101' title="bbox 2261 4667 3652 4744">
     <span class='ocr_line' id='line_1_101' title="bbox 2261 4667 3652 4744; baseline -0.009 -15"><span class='ocrx_word' id='word_1_768' title='bbox 2261 4685 2408 4730; x_wconf 89' lang='lat' dir='ltr'><strong>tuum</strong></span> <span class='ocrx_word' id='word_1_769' title='bbox 2435 4691 2463 4728; x_wconf 90' lang='lat' dir='ltr'><strong>a</strong></span> <span class='ocrx_word' id='word_1_770' title='bbox 2491 4673 2722 4744; x_wconf 83' lang='lat' dir='ltr'><strong>proximi</strong></span> <span class='ocrx_word' id='word_1_771' title='bbox 2759 4681 2938 4724; x_wconf 90' lang='lat' dir='ltr'><strong>mente</strong></span> <span class='ocrx_word' id='word_1_772' title='bbox 2960 4669 3324 4741; x_wconf 88' lang='lat' dir='ltr'><strong>prohibemus.</strong></span> <span class='ocrx_word' id='word_1_773' title='bbox 3358 4667 3614 4736; x_wconf 87' lang='lat' dir='ltr'><strong>Sequitur</strong></span> <span class='ocrx_word' id='word_1_774' title='bbox 3639 4677 3652 4714; x_wconf 91' lang='lat'>:</span> 
     </span>
    </p>
   </div>
   <div class='ocr_carea' id='block_1_102' title="bbox 2329 4751 3784 4830">
    <p class='ocr_par' dir='ltr' id='par_1_102' title="bbox 2329 4751 3784 4830">
     <span class='ocr_line' id='line_1_102' title="bbox 2329 4751 3784 4830; baseline -0.014 -10"><span class='ocrx_word' id='word_1_775' title='bbox 2329 4767 2491 4821; x_wconf 75' lang='lat' dir='ltr'><strong>Vens.</strong></span> <span class='ocrx_word' id='word_1_776' title='bbox 2523 4765 2612 4818; x_wconf 73' lang='lat'><strong>22.</strong></span> <span class='ocrx_word' id='word_1_777' title='bbox 2645 4762 2938 4818; x_wconf 85' lang='lat' dir='ltr'><strong>Contemnit</strong></span> <span class='ocrx_word' id='word_1_778' title='bbox 2962 4775 3202 4830; x_wconf 67' lang='lat' dir='ltr'><strong>pavorem</strong></span> <span class='ocrx_word' id='word_1_779' title='bbox 3221 4800 3235 4824; x_wconf 93' lang='lat'><strong>,</strong></span> <span class='ocrx_word' id='word_1_780' title='bbox 3260 4773 3353 4811; x_wconf 80' lang='lat' dir='ltr'><strong>nec</strong></span> <span class='ocrx_word' id='word_1_781' title='bbox 3379 4758 3514 4810; x_wconf 79' lang='lat' dir='ltr'><strong>cedit</strong></span> <span class='ocrx_word' id='word_1_782' title='bbox 3545 4751 3784 4825; x_wconf 65' lang='lat' dir='ltr'><strong>gladia—-</strong></span> 
     </span>
    </p>
   </div>
   <div class='ocr_carea' id='block_1_103' title="bbox 2258 4838 3781 4925">
    <p class='ocr_par' dir='ltr' id='par_1_103' title="bbox 2258 4838 3781 4925">
     <span class='ocr_line' id='line_1_103' title="bbox 2258 4838 3781 4925; baseline -0.016 -13"><span class='ocrx_word' id='word_1_783' title='bbox 2258 4858 2551 4912; x_wconf 81' lang='lat' dir='ltr'><strong>Videamus</strong></span> <span class='ocrx_word' id='word_1_784' title='bbox 2595 4854 2865 4925; x_wconf 89' lang='lat' dir='ltr'><strong>quomodo</strong></span> <span class='ocrx_word' id='word_1_785' title='bbox 2917 4866 3170 4922; x_wconf 85' lang='lat' dir='ltr'><strong>pavorem</strong></span> <span class='ocrx_word' id='word_1_786' title='bbox 3222 4848 3505 4918; x_wconf 89' lang='lat' dir='ltr'><strong>despiciat,</strong></span> <span class='ocrx_word' id='word_1_787' title='bbox 3551 4843 3637 4912; x_wconf 87' lang='lat' dir='ltr'><strong>qui</strong></span> <span class='ocrx_word' id='word_1_788' title='bbox 3681 4838 3781 4891; x_wconf 86' lang='lat' dir='ltr'><strong>ait:</strong></span> 
     </span>
    </p>
   </div>
   <div class='ocr_carea' id='block_1_104' title="bbox 2265 4930 3782 5016">
    <p class='ocr_par' dir='ltr' id='par_1_104' title="bbox 2265 4930 3782 5016">
     <span class='ocr_line' id='line_1_104' title="bbox 2265 4930 3782 5016; baseline -0.011 -14"><span class='ocrx_word' id='word_1_789' title='bbox 2265 4969 2284 5002; x_wconf 73' lang='lat' dir='ltr'><strong>c</strong></span> <span class='ocrx_word' id='word_1_790' title='bbox 2321 4950 2453 5016; x_wconf 89' lang='lat' dir='ltr'><strong>Quis</strong></span> <span class='ocrx_word' id='word_1_791' title='bbox 2476 4963 2572 5001; x_wconf 90' lang='lat' dir='ltr'><strong>nos</strong></span> <span class='ocrx_word' id='word_1_792' title='bbox 2597 4946 2871 5016; x_wconf 89' lang='lat' dir='ltr'><strong>separabit</strong></span> <span class='ocrx_word' id='word_1_793' title='bbox 2901 4960 2929 4998; x_wconf 93' lang='lat' dir='ltr'><strong>a</strong></span> <span class='ocrx_word' id='word_1_794' title='bbox 2962 4944 3225 4999; x_wconf 89' lang='lat' dir='ltr'><strong>charitate</strong></span> <span class='ocrx_word' id='word_1_795' title='bbox 3249 4940 3490 4996; x_wconf 81' lang='lat' dir='ltr'><strong>Christi?</strong></span> <span class='ocrx_word' id='word_1_796' title='bbox 3516 4930 3782 4991; x_wconf 75' lang='lat' dir='ltr'><strong>Tribulatio.</strong></span> 
     </span>
    </p>
   </div>
   <div class='ocr_carea' id='block_1_105' title="bbox 2264 5028 3781 5108">
    <p class='ocr_par' dir='ltr' id='par_1_105' title="bbox 2264 5028 3781 5108">
     <span class='ocr_line' id='line_1_105' title="bbox 2264 5028 3781 5108; baseline -0.013 -12"><span class='ocrx_word' id='word_1_797' title='bbox 2264 5058 2330 5096; x_wconf 91' lang='lat' dir='ltr'><strong>an</strong></span> <span class='ocrx_word' id='word_1_798' title='bbox 2358 5039 2625 5108; x_wconf 85' lang='lat' dir='ltr'><strong>angustia,</strong></span> <span class='ocrx_word' id='word_1_799' title='bbox 2649 5053 2715 5092; x_wconf 91' lang='lat' dir='ltr'><strong>an</strong></span> <span class='ocrx_word' id='word_1_800' title='bbox 2745 5036 2933 5100; x_wconf 86' lang='lat' dir='ltr'><strong>fames,</strong></span> <span class='ocrx_word' id='word_1_801' title='bbox 2970 5051 3035 5090; x_wconf 89' lang='lat' dir='ltr'><strong>an</strong></span> <span class='ocrx_word' id='word_1_802' title='bbox 3067 5031 3443 5105; x_wconf 65' lang='lat' dir='ltr'><strong>persecutio?»</strong></span> <span class='ocrx_word' id='word_1_803' title='bbox 3482 5028 3660 5097; x_wconf 81' lang='lat' dir='ltr'><strong>(Rom.</strong></span> <span class='ocrx_word' id='word_1_804' title='bbox 3698 5032 3781 5108; x_wconf 36' lang='lat' dir='ltr'><strong>vni?</strong></span> 
     </span>
    </p>
   </div>
   <div class='ocr_carea' id='block_1_106' title="bbox 2263 5104 3782 5200">
    <p class='ocr_par' dir='ltr' id='par_1_106' title="bbox 2263 5104 3782 5200">
     <span class='ocr_line' id='line_1_106' title="bbox 2263 5104 3782 5200; baseline -0.011 -14"><span class='ocrx_word' id='word_1_805' title='bbox 2263 5133 2379 5200; x_wconf 76' lang='grc'><strong>55.)</strong></span> <span class='ocrx_word' id='word_1_806' title='bbox 2433 5104 2651 5185; x_wconf 42' lang='lat' dir='ltr'><strong>‘Contra</strong></span> <span class='ocrx_word' id='word_1_807' title='bbox 2695 5129 2837 5182; x_wconf 89' lang='lat' dir='ltr'><strong>hunc</strong></span> <span class='ocrx_word' id='word_1_808' title='bbox 2905 5104 3086 5195; x_wconf 83' lang='lat' dir='ltr'><strong>itaque</strong></span> <span class='ocrx_word' id='word_1_809' title='bbox 3128 5138 3324 5192; x_wconf 88' lang='lat' dir='ltr'><strong>equum</strong></span> <span class='ocrx_word' id='word_1_810' title='bbox 3383 5129 3460 5174; x_wconf 90' lang='lat' dir='ltr'><strong>tot</strong></span> <span class='ocrx_word' id='word_1_811' title='bbox 3503 5127 3624 5172; x_wconf 89' lang='lat' dir='ltr'><strong>sunt</strong></span> <span class='ocrx_word' id='word_1_812' title='bbox 3665 5104 3782 5183; x_wconf 30' lang='lat' dir='ltr'><strong>gladi.|</strong></span> 
     </span>
    </p>
   </div>
   <div class='ocr_carea' id='block_1_107' title="bbox 2267 5207 3785 5272">
    <p class='ocr_par' dir='ltr' id='par_1_107' title="bbox 2267 5207 3785 5272">
     <span class='ocr_line' id='line_1_107' title="bbox 2267 5207 3785 5272; baseline -0.011 0"><span class='ocrx_word' id='word_1_813' title='bbox 2267 5225 2528 5272; x_wconf 83' lang='lat' dir='ltr'><strong>hostium.</strong></span> <span class='ocrx_word' id='word_1_814' title='bbox 2558 5229 2689 5272; x_wconf 87' lang='lat' dir='ltr'><strong>auot</strong></span> <span class='ocrx_word' id='word_1_815' title='bbox 2715 5233 2915 5272; x_wconf 63' lang='lat' dir='ltr'><strong>genera</strong></span> <span class='ocrx_word' id='word_1_816' title='bbox 2947 5215 3401 5272; x_wconf 80' lang='lat' dir='ltr'><strong>persecutionum.</strong></span> <span class='ocrx_word' id='word_1_817' title='bbox 3442 5209 3550 5264; x_wconf 86' lang='lat' dir='ltr'><strong>Sed</strong></span> <span class='ocrx_word' id='word_1_818' title='bbox 3589 5207 3665 5260; x_wconf 87' lang='lat' dir='ltr'><strong>vir</strong></span> <span class='ocrx_word' id='word_1_819' title='bbox 3699 5211 3785 5253; x_wconf 71' lang='lat' dir='ltr'><strong>san&#39;</strong></span> 
     </span>
    </p>
   </div>
  </div>
