3934 5400
139 344 246 402 473

887 347 1187 405 EPlTOiilE
1223 347 1581 403 MORALIUM
1624 346 1683 402 S.
1721 345 1928 404 GREG.
1969 350 2036 405 1N
2073 352 2212 408 10B.
2249 384 2319 395 --
2353 356 2481 413 LIB.
2524 358 2713 414 XXXI.

3291 356 3396 414 ιτι

144 472 327 517 tamen
354 461 585 531 proximi
615 477 720 516 non
766 462 998 531 repellit.
1046 463 1178 516 Nam
1226 462 1427 517 Paulus
1471 477 1607 531 quos
1652 460 1720 513 ab
1747 462 1796 519 A
1824 471 1908 517 est
1940 483 1952 519 :
1989 485 2007 516 ι
2028 467 2193 523 Caesis
2218 469 2689 538 denuntiaverunt,
2731 486 2798 526 ne
2840 471 3193 542 loquerentur
3220 473 3272 528 in
3303 490 3383 528 no-

142 553 303 607 boste
330 553 542 622 gladios
567 554 848 622 suscipiat,
892 553 1046 620 dicit,
1098 562 1154 608 et
1209 555 1476 623 quomodo
1520 553 1721 608 eisdem

144 641 337 712 gladiis
369 657 475 698 non
501 644 658 698 cedat
680 645 922 699 ostendit
971 663 984 698 :
1038 664 1056 697 ‹
1120 645 1285 701 Video
1332 655 1513 700 autem
1563 644 1725 697 aliam

142 730 317 799 legem
342 741 729 802 repugnantem
754 733 854 805 legi
878 735 1071 789 mentis
1088 749 1272 800 metm:
1300 743 1407 789 etc.
1431 731 1608 802 (Rom.
1627 747 1721 797 vn,

140 818 258 890 25.)
320 819 546 877 (laeteris
597 831 778 878 autem
824 824 958 879 dicit
1000 842 1013 878 :
1057 841 1077 875 ι
1106 822 1430 878 Mortiﬁcate
1483 820 1724 876 membra

141 919 326 965 Vestra
362 928 484 981 qua:
511 922 638 968 sunt
665 928 828 985 super
862 923 1100 982 terram,
1145 915 1578 980 fornicationem,
1627 912 1725 966 im-

143 1003 517 1071 munditiam,
575 1006 895 1075 libidinem,
964 1007 1463 1079 concupiscentiam
1527 1002 1723 1059 malam

141 1095 283 1167 (Col.
322 1113 408 1165 ιιι,
433 1098 540 1169 5).»
577 1098 835 1169 Sequitur
863 1119 877 1154 :

213 1189 385 1246 Vens.
411 1191 501 1246 25.
527 1191 700 1263 Super
722 1194 893 1263 ipsum
913 1195 1116 1250 sonabit
1139 1195 1402 1261 pharetra.
1419 1190 1558 1245 -—In
1581 1187 1727 1244 Scri-

136 1290 303 1350 ptura
332 1296 488 1338 sacra
513 1284 783 1353 pharetra:
821 1285 1038 1340 nomine
1079 1284 1369 1355 aliquando
1387 1281 1595 1349 justum
1630 1275 1725 1330 Dei

136 1373 530 1443 occultumque
570 1376 857 1432 consilium
906 1378 1192 1448 accipitur,
1225 1386 1285 1432 ut
1326 1374 1497 1432 illud:
1536 1391 1555 1424 ι
1588 1371 1729 1425 Pha-

137 1476 347 1522 retram
362 1485 519 1525 suam
535 1470 749 1538 aperuit
763 1479 821 1525 et
836 1470 1124 1526 atllixitme
1138 1470 1259 1541 (Job
1292 1486 1422 1535 xxx,
1439 1469 1548 1536 ll).
1580 1486 1599 1519 ι
1618 1462 1728 1519 Ali-

135 1558 360 1626 quando
383 1559 717 1615 clandestina
732 1574 1022 1629 pravorum
1060 1559 1392 1615 machinatio
1412 1559 1729 1630 designatur

133 1655 195 1700 ut
220 1646 355 1702 illud
387 1662 404 1701 :
430 1666 448 1700 ι
473 1647 807 1705 Paraverunt
827 1650 1049 1720 sagittas
1064 1649 1259 1718 suasﬁn
1281 1649 1534 1719 pharetra
1552 1646 1725 1716 (Psal.

134 1753 190 1802 x,
203 1737 288 1807 3).
302 1738 499 1811 ilgitur
517 1739 643 1809 quia
655 1754 827 1810 equus
842 1739 935 1795 Dei
951 1739 1095 1794 nulla
1111 1740 1440 1796 adversitate
1466 1748 1720 1804 terretur,

1824 558 1969 613 mine
2013 557 2137 615 Jesu
2186 561 2323 631 (Act.
2353 578 2405 627 v,
2451 562 2598 632 40).»
2647 564 2753 618 Sed
2801 564 3080 619 videamus
3123 566 3399 638 quomodo

1823 663 2019 718 equum
2063 649 2156 703 Dei
2205 650 2424 722 clangor
2469 652 2609 706 tubte
2654 667 2759 707 non
2811 660 3011 708 terreat
3040 654 3117 708 ait
3159 653 3394 710 Petrus:

1828 755 1847 789 ι
1876 738 2109 794 Obedire
2131 750 2345 809 oportet
2370 740 2482 795 Deo
2509 741 2679 811 magis
2722 758 2884 811 quam
2910 743 3222 798 hominibus
3254 742 3395 815 (Act.

1823 846 1879 895 v,
1904 830 2016 902 29).
2040 852 2058 884 ι
2090 832 2157 886 Ει
2192 848 2404 887 rursum
2436 850 2452 888 :
2486 851 2504 884 ι
2532 832 2646 887 Νοιι
2677 835 2820 889 enim
2841 850 3127 905 possumus
3161 852 3283 905 qua:
3309 836 3391 888 vi-

1824 920 2002 977 dimus
2024 931 2080 976 et
2107 923 2409 978 audivimus
2445 938 2549 978 non
2576 924 2720 993 loqui
2752 926 2891 995 (Act.
2922 940 2996 990 tv,
3026 926 3173 997 20).»
3208 926 3397 981 Mona-

1825 1027 2007 1067 ιιτειι.
2044 1012 2242 1068 Contra
2263 1030 2460 1085 equum
2494 1015 2715 1087 clangor
2744 1018 2883 1072 tuba:
2919 1017 3152 1082 insonat,
3185 1018 3402 1087 quando

1824 1101 1981 1157 electi
2014 1113 2195 1159 mente
2227 1105 2279 1159 in
2310 1119 2374 1160 eo
2415 1107 2557 1175 quod
2603 1107 2714 1177 agit
2748 1107 2963 1164 fortiter
2987 1125 3019 1165 e
3046 1109 3223 1165 vicino
3250 1124 3401 1180 quae-

1826 1192 1948 1247 dam
1978 1194 2153 1261 posita
2180 1194 2335 1262 culpa
2381 1195 2699 1251 terribiliter
2730 1205 2922 1252 tentat.
2974 1197 3079 1254 Sed
3117 1200 3320 1269 {errem
3351 1207 3401 1252 et

1826 1282 2054 1353 {remeas
2082 1284 2251 1340 sorbet
2272 1297 2484 1349 terram,
2508 1288 2634 1357 quia
2655 1290 2822 1345 nimio
2840 1291 3033 1348 ardore
3054 1292 3404 1363 semetipsum

1826 1374 2070 1441 discutit,
2117 1385 2173 1431 et
2204 1377 2466 1448 quidquid
2503 1379 2555 1433 in
2609 1395 2669 1436 se
2717 1387 2991 1437 terrenum
3042 1383 3264 1452 reperit,
3294 1397 3404 1452 quo

1830 1466 2156 1535 proﬁciendo
2184 1469 2469 1531 consumit,
2494 1478 2545 1523 et
2571 1469 2878 1538 clangorem
2903 1472 3045 1527 tubae
3070 1488 3266 1528 sonare
3296 1488 3403 1527 non

1829 1566 2065 1628 reputat,
2117 1558 2243 1627 quia
2297 1559 2775 1615 considerationem
2833 1559 3048 1615 fortium
3095 1577 3164 1616 ne
3212 1563 3403 1616 vitium

1829 1646 1970 1717 quod
2006 1647 2073 1701 de
2101 1648 2312 1701 virtutis
2340 1647 2510 1718 gloria
2542 1656 2799 1703 nascatur
2840 1649 3103 1705 sollicitus
3139 1649 3398 1707 declinat.

1832 1736 2090 1808 Sequitur
2112 1755 2127 1791 :

132 1829 180 1883 ei
218 1802 440 1899 quoqvue
467 1802 640 1901 magis
683 1802 953 1896 obviatur,
986 1838 1044 1885 ut
1082 1846 1204 1885 eum
1246 1845 1311 1886 ex
1358 1831 1580 1886 obsessa
1607 1802 1724 1885 ma;
1756 1802 1801 1862 Β
1898 1802 2063 1887 tiens.
2092 1830 2187 1886 25.
2216 1829 2318 1885 Ubi
2351 1831 2578 1885 audierit
2638 1832 2930 1896 buccinam,
2960 1833 3088 1887 dicit
3117 1874 3129 1888 .
3162 1832 3278 1888 Vah
3295 1834 3405 1887 1-

133 1921 456 1978 chinatione
486 1922 644 1992 longe
670 1914 892 1987 feriant,
909 1924 995 1978 cui
1017 1923 1222 1992 apertis
1247 1922 1724 1992 congressionibus

132 2012 385 2068 inaniter
422 2014 874 2084 appmpinquant.
903 2013 1030 2069 llaec
1059 2022 1187 2069 tunc
1215 2028 1377 2083 super
1409 2028 1607 2083 equum
1631 2014 1726 2069 Dei

130 2102 400 2171 pharetra
447 2110 725 2167 sonuerat,
770 2117 892 2174 cum
930 2102 1285 2172 quadraginta
1329 2102 1429 2156 viri
1472 2102 1525 2157 in
1577 2100 1725 2156 Pauli

131 2201 323 2247 morte
364 2193 812 2262 conspiraverant
861 2194 1000 2264 (Act.
1046 2210 1206 2260 χχιιι,
1268 2194 1380 2264 i5).
1462 2193 1726 2249 Pbaretra

131 2295 271 2351 ergo
301 2282 507 2348 sonuit,
534 2283 660 2353 quia
688 2283 915 2355 occulta;
961 2283 1375 2339 machinationis
1399 2284 1465 2339 ad
1504 2283 1727 2338 Paulum

133 2388 308 2428 causa
333 2374 602 2443 pervenit.
634 2373 929 2444 Sequitur:
963 2375 1196 2430 Vibrauit
1217 2377 1373 2430 hasta
1405 2386 1452 2431 et
1491 2376 1724 2447 διείρεαι.

130 2492 207 2503 —
230 2461 438 2517 Contra
462 2477 662 2533 equum
684 2464 881 2535 quippe
906 2465 1022 2529 Dei,
1039 2466 1163 2534 quia
1189 2480 1476 2534 pravorum
1505 2466 1729 2521 consilia

132 2553 413 2623 minaeque
447 2562 812 2625 perstrepunt,
854 2557 1109 2625 pharetra
1156 2565 1346 2622 sonat;
1392 2557 1518 2627 quia
1542 2567 1730 2627 aperta

132 2659 303 2715 paena
329 2653 390 2699 ut
423 2645 780 2701 interficiatur
803 2647 1066 2716 exquirit,
1098 2648 1254 2703 hasta
1300 2648 1574 2715 vibratur;
1603 2649 1732 2719 quia

130 2753 274 2794 vero
316 2740 367 2793 ei
400 2739 764 2810 disputatione
804 2742 1100 2809 resistitur,
1144 2743 1366 2815 clypeus
1401 2742 1727 2798 antefertur.

132 2828 357 2885 Habent
406 2831 551 2885 enim
601 2831 777 2888 sancti
824 2832 1211 2901 praedicatores
1252 2832 1480 2902 sagittas
1534 2832 1732 2902 quibus

130 2935 237 2976 cor
262 2918 598 2974 audientium
632 2919 856 2976 feriunt.
902 2921 979 2976 De
1020 2921 1216 2992 quibus
1242 2920 1440 2976 Paulus
1466 2921 1682 2976 dicebat
1711 2939 1725 2974 :

139 3030 159 3077 ι
190 3009 414 3066 Laboro
438 3025 610 3082 usque
635 3011 705 3068 ad
727 3011 942 3066 vincula
986 3012 1143 3081 quasi
1183 3010 1326 3066 male
1349 3024 1606 3081 operans,
1637 3010 1734 3066 sed

131 3117 326 3159 sermo
349 3102 445 3158 Dei
470 3117 576 3158 non
607 3112 693 3157 est
727 3101 973 3171 alligatus
999 3100 1083 3173 (II
1120 3099 1256 3154 Tim.
1294 3100 1489 3172 11.9).»
1525 3100 1727 3156 Contra

130 3210 281 3266 quas
309 3201 686 3265 persecutores
711 3193 897 3265 clypeo
917 3209 1030 3249 sua:
1049 3193 1426 3263 disputationis
1446 3192 1608 3249 corda
1636 3207 1733 3246 au-

132 3289 411 3344 dientium
438 3289 710 3343 muniunt.
742 3286 1085 3343 Monam“.
1114 3287 1267 3356 Equo
1289 3286 1385 3340 Dei
1419 3286 1590 3342 hostis
1614 3283 1727 3340 cal-

134 3379 291 3434 lidus
335 3378 566 3450 sagittas
595 3392 693 3449 per
739 3377 964 3433 insidias
993 3377 1224 3447 impetit,
1272 3376 1489 3446 quando
1531 3375 1579 3430 ei
1629 3374 1732 3430 sub

136 3472 351 3526 virtute
378 3471 572 3526 vitium
600 3469 904 3534 abscondit,
934 3470 1089 3523 basta
1129 3477 1309 3523 autem
1340 3467 1588 3523 cominus
1616 3463 1735 3521 vul-

134 3574 324 3627 nerat,
348 3577 470 3618 cum
492 3562 781 3617 manifesta
803 3561 1042 3632 nequitia
1064 3560 1229 3616 etiam
1255 3561 1516 3615 scientem
1540 3565 1731 3614 tentat.

136 3655 309 3726 Saepe
340 3654 583 3712 nonnulli
618 3655 743 3710 vitae.
788 3669 900 3709 sua:
944 3653 1247 3709 custodiam
1298 3650 1633 3723 negligentes
1677 3650 1734 3704 in

134 3744 552 3802 immunditiam
596 3742 839 3798 libidinis
865 3741 1282 3810 demerguntur;
1326 3738 1568 3794 nonnulli
1608 3752 1735 3793 vero

136 3834 279 3889 dum
321 3832 565 3887 libidinis
596 3831 992 3888 immunditiam
1040 3829 1274 3901 fugiunt,
1323 3844 1422 3899 per
1470 3828 1736 3884 castitatis

135 3926 365 3981 culmen
411 3926 466 3980 in
490 3926 805 3995 voraginem
850 3924 1101 3980 elationis
1142 3932 1324 3979 ruunt.
1358 3921 1524 3978 Hasta
1554 3931 1736 3977 autem

135 4023 236 4072 est
257 4014 416 4083 culpa
446 4016 515 4070 de
559 4014 714 4078 vitio,
763 4014 960 4085 sagitta
1002 4020 1183 4068 autem
1221 4013 1289 4068 de
1317 4013 1518 4068 virtute
1556 4012 1733 4082 culpa,

136 4106 245 4162 sed
276 4104 553 4175 peiiectus
595 4106 825 4175 quisque
867 4105 936 4160 ab
971 4112 1205 4174 utroque
1246 4106 1568 4175 protegitur.
1600 4104 1737 4160 Hinc

138 4194 410 4250 Salomon
438 4195 544 4248 ait:
567 4212 586 4245 ‹
606 4193 867 4249 Dominus
908 4193 1013 4248 erit
1044 4194 1097 4248 in
1124 4193 1295 4250 latere
1326 4204 1442 4259 tuo,
1468 4203 1523 4249 et
1556 4203 1737 4250 custo-

136 4286 262 4341 diet
302 4285 496 4355 pedem
532 4293 681 4340 tuum
708 4301 777 4340 ne
820 4285 1055 4355 capiaris
1105 4282 1287 4355 (Prov.
1319 4301 1403 4350 tu,
1433 4286 1547 4356 26).
1587 4305 1607 4339 ι
1638 4285 1734 4341 Cui

138 4377 317 4431 etiam
362 4375 610 4446 clypeum
662 4374 1033 4430 fraudulentus
1085 4376 1258 4430 hostis
1301 4377 1542 4446 Opponit,
1593 4386 1652 4430 ut
1689 4377 1735 4431 si

1828 1922 2012 1991 Equus
2054 1936 2206 1992 ergo,
2260 1923 2442 1977 audita
2490 1924 2741 1988 buccina,
2771 1924 2876 1977 vah
2912 1923 3063 1988 dicit,
3094 1926 3221 1995 quia
3248 1923 3405 1981 fortis

1828 2014 2057 2084 quisque
2111 2014 2456 2083 praedicator,
2486 2029 2611 2069 eum
2666 2022 2942 2070 certamen
2987 2014 3087 2068 sibi
3137 2014 3407 2083 passionis

1828 2105 2192 2174 propinquare
2245 2104 2539 2170 desiderat,
2591 2103 2658 2160 de
2691 2106 2953 2160 exercitio
2977 2105 3198 2160 virtutis
3232 2104 3410 2160 exsul-

1831 2203 1926 2259 tat,
1960 2211 2061 2250 nec
2086 2202 2322 2250 terretur
2344 2210 2537 2266 pugna:
2580 2196 2842 2266 periculo,
2871 2197 2998 2267 quia
3035 2196 3272 2251 victoria:
3311 2196 3408 2252 la:-

1831 2297 1977 2342 tatur
2007 2287 2299 2357 triumpho.
2346 2286 2638 2343 Videamus
2681 2288 2926 2352 Paulum,
2958 2292 3229 2358 quomodo
3258 2297 3403 2347 amet

1830 2379 1972 2449 quod
2027 2377 2244 2447 refugit,
2302 2376 2574 2447 quomodo
2624 2377 2856 2447 refugiat
2911 2381 3052 2448 quod
3100 2388 3265 2434 amat.
3320 2379 3411 2434 Ait

1830 2468 1974 2524 enim
2001 2484 2015 2521 :
2046 2486 2064 2518 ι
2088 2466 2424 2522 Desiderium
2449 2467 2656 2523 habens
2682 2468 2920 2533 dissolvi,
2958 2478 3158 2525 etcum
3184 2469 3406 2524 Christo

1830 2574 1949 2614 esse
1979 2556 2199 2628 (Philip.
2228 2573 2265 2619 ι,
2292 2556 2406 2627 23).
2427 2576 2446 2609 ι
2466 2557 2534 2612 Ει
2555 2566 2731 2614 tamen
2761 2559 2893 2614 dicit
2922 2576 2943 2625 :
2975 2578 2993 2611 ι
3015 2560 3115 2627 Qui
3141 2576 3325 2615 sumus
3356 2562 3409 2616 in

1830 2650 1935 2705 hoc
1961 2649 2269 2705 habitacqu
2301 2649 2705 2720 ingemiscimus
2730 2651 2959 2720 gravati,
2984 2666 3050 2706 eo
3073 2653 3215 2720 quod
3256 2652 3410 2707 nolu-

1831 2755 1953 2796 mus
2001 2740 2316 2810 exspoliari,
2366 2741 2459 2796 sed
2517 2742 2890 2811 supervestiri,
2940 2750 3001 2796 ut
3051 2744 3411 2799 absorbeatur

1831 2828 1971 2899 quod
1999 2830 2225 2885 mortale
2266 2839 2350 2885 est
2371 2845 2400 2884 a
2428 2829 2536 2884 vita
2569 2828 2649 2903 (ll
2679 2829 2803 2884 Cor.
2835 2846 2883 2894 ν,
2916 2830 2993 2901 ι).
3017 2852 3036 2884 ι
3067 2831 3407 2889 Μοιιιιιτειι.

1832 2919 2027 2976 Multos
2062 2921 2206 2976 enim
2258 2935 2355 2976 sua
2401 2921 2634 2977 felicitas
2678 2922 2891 2989 stravit,
2934 2921 3133 2978 multos
3158 2924 3413 2979 diuturna

1832 3029 1936 3084 pax
1970 3014 2174 3069 inertes
2212 3010 2467 3069 reddidit.
2521 3012 2890 3083 Equusergo,
2937 3012 3121 3068 audita
3160 3013 3410 3078 buccina,

1835 3104 1968 3161 dicit
2001 3104 2129 3169 vah,
2151 3103 2278 3172 quia
2305 3102 2559 3159 videlicet
2585 3102 2857 3173 prazliator
2884 3104 2979 3159 Dei
3006 3119 3130 3159 cum
3152 3105 3260 3158 vim
3288 3112 3412 3160 ten-

1836 3194 2057 3251 tationis
2112 3194 2426 3250 incumbere
2482 3194 2783 3265 conspicit,
2833 3193 3117 3249 utilitatem
3168 3208 3417 3264 superna:

1838 3285 2257 3357 dispensationis
2300 3284 2671 3350 considerans,
2702 3298 2770 3339 ex
2802 3284 2917 3354 ipsa
2952 3283 3181 3339 validius
3214 3284 3409 3338 adver-

1837 3376 1998 3431 sitate
2045 3373 2287 3431 conﬁdit.
2340 3375 2637 3444 Sequitur:
2669 3372 2868 3427 Procul
2901 3373 3155 3427 odoratur
3200 3372 3411 3426 bellum.

1835 3497 1905 3508 —
1932 3466 2136 3522 Bellum
2181 3466 2379 3537 quippe
2406 3465 2592 3536 procul
2630 3449 2860 3521 odorare
2905 3473 3010 3531 est,
3044 3466 3267 3520 adversa
3294 3479 3415 3534 quat

1837 3556 1996 3626 longe
2029 3555 2205 3611 adhuc
2252 3556 2426 3625 posita
2477 3556 2765 3626 cogitando
2799 3568 3162 3625 praenoscere,
3197 3569 3265 3608 ne
3311 3553 3417 3608 fur-

1838 3657 1983 3704 tasse
2034 3647 2251 3703 valeant
2302 3646 2593 3717 improvisa
2666 3660 2946 3715 superare.
3005 3645 3213 3700 Idcirco
3268 3645 3413 3698 enim

1838 3739 2115 3810 quodlibet
2144 3747 2419 3792 certamen
2446 3745 2757 3804 exsuperat,
2774 3735 2898 3804 quia
2927 3742 3106 3789 mente
3130 3734 3416 3788 certamini

1838 3838 1965 3884 ante
2010 3837 2282 3883 certamen
2314 3833 2491 3897 parat.
2543 3823 2683 3879 liinc
2719 3823 2918 3879 Paulus
2964 3822 3246 3892 discipulis
3290 3822 3411 3876 ait:

1843 3939 1863 3973 ι
1892 3917 2256 3986 Vosmetipsos
2286 3923 2507 3982 tentate,
2525 3915 2570 3970 si
2593 3915 2729 3970 estis
2755 3914 2807 3969 in
2836 3913 2960 3978 ﬁde,
2983 3912 3083 3983 ipsi
3103 3927 3197 3967 vos
3220 3911 3412 3982 proba-

1838 4018 1892 4065 te
1909 4008 1990 4081 (ΙΙ
2008 4009 2131 4064 Cor.
2155 4023 2250 4073 ιιι,
2270 4005 2347 4079 5).
2383 4025 2403 4060 ι
2443 4005 2783 4061 Μοωιτειι.
2807 4003 3011 4058 Bellum
3042 4017 3272 4072 namque
3293 4018 3416 4072 pro-

1837 4102 1923 4159 cul
1941 4101 2157 4159 odorari
2177 4108 2280 4164 est,
2295 4115 2362 4156 ex
2387 4099 2567 4155 causis
2587 4098 3011 4170 praecedentibus
3022 4112 3140 4167 qum
3160 4097 3417 4152 vitiorum

1835 4212 2027 4268 pugna:
2057 4194 2455 4263 subsequantur
2469 4206 2780 4262 agnoscere,
2798 4198 2852 4246 et
2879 4191 3021 4245 sicut
3038 4187 3164 4243 llatu
3183 4189 3414 4254 narium,

1838 4288 1919 4343 sic
1941 4287 2183 4357 provisas
2207 4284 2595 4356 cogitationum
2622 4282 2891 4352 nequitias
2904 4278 3406 4335 latenterintlicare.

1836 4377 1914 4433 De
1940 4392 2048 4447 quo
2096 4377 2324 4432 odoratu
2354 4382 2503 4429 recte
2533 4373 2587 4427 in
2616 4372 2869 4428 Ecclesia:
2910 4386 3022 4426 suto
3064 4369 3310 4424 laudibus
3337 4368 3418 4423 di-

140 4466 461 4523 resistentis
480 4474 673 4537 pectus
698 4465 941 4522 feriendo
968 4480 1075 4520 non
1101 4466 1361 4535 perforat,
1393 4467 1583 4521 saltem
1612 4468 1734 4535 qui-
1761 4481 1812 4540 ι)
1838 4472 1912 4526 cit
1942 4489 1956 4525 :
1996 4489 2016 4522 ι
2052 4469 2227 4524 Nasus
2252 4478 2376 4523 tuus
2405 4468 2545 4523 sicut
2587 4467 2753 4522 turris
2789 4474 2873 4522 est
2903 4467 2957 4520 in
2983 4465 3189 4520 Libano
3236 4463 3414 4533 (Cant.

139 4560 381 4615 busdam
430 4557 825 4627 objectionibus
862 4557 1200 4627 proﬁcientis
1247 4556 1595 4614 intercludat.
1639 4556 1737 4614 Se-

141 4650 372 4720 quitur:

220 4740 391 4795 Vens.
431 4739 522 4794 2i.
552 4738 782 4794 Ferreus
831 4747 880 4794 et
929 4740 1154 4809 fremens
1186 4739 1358 4794 sorbet
1395 4749 1614 4804 terram,
1645 4756 1736 4794 nec

144 4842 361 4902 reputat
405 4833 545 4887 tuba:
588 4831 909 4900 clangorem.
931 4862 1002 4872 —-—
1024 4831 1209 4886 Primo
1240 4830 1447 4887 homini
1490 4831 1737 4901 peccanti

146 4925 359 4979 dictum
370 4933 452 4979 est
477 4942 490 4980 :
514 4942 533 4976 ι
556 4923 724 4978 Terra
740 4937 820 4987 es,
836 4932 893 4978 et
910 4923 961 4977 in
985 4930 1180 4977 terram
1200 4923 1299 4977 ibis
1315 4921 1466 4994 (Gen.
1482 4940 1569 4988 ur,
1587 4922 1695 4993 l9).
1710 4942 1730 4975 ι

149 5016 291 5083 Quia
319 5033 448 5088 ergo
472 5016 650 5073 sancti
675 5014 909 5085 Spiritus
929 5016 1046 5071 zelo
1074 5015 1455 5082 inﬂammatus,
1487 5017 1571 5073 vel
1599 5017 1741 5072 inter

148 5107 419 5177 supplicia
450 5107 661 5178 positus
691 5105 962 5174 quoslibet
986 5115 1302 5175 peccatores
1341 5107 1409 5162 ad
1433 5123 1492 5162 se
1517 5107 1738 5162 trahere

146 5209 261 5250 non
311 5195 542 5262 desistit,
594 5195 813 5249 fervens
840 5195 1024 5265 procul
1056 5195 1218 5250 dubio
1266 5201 1473 5251 terram
1531 5197 1736 5252 sorbet.

151 5287 322 5344 Tuba:
353 5298 531 5343 autem
575 5286 858 5355 clangunt,
890 5301 1012 5341 cum
1045 5284 1204 5357 hujus
1234 5286 1416 5340 saecnb
1443 5295 1739 5357 potestates

576 5388 589 5400 ι
606 5373 900 5400 ---ειιζιξιιη
930 5374 1214 5400 -ι-ΛιιξιιΑ-ι.
1261 5373 1393 5400 n..:-

1840 4578 1936 4628 vn,
1963 4562 2072 4633 4).»
2101 4562 2394 4631 Sequitur:
2423 4560 2855 4615 Exhortationem
2877 4559 3068 4613 ducum
3088 4567 3134 4612 et
3160 4556 3418 4611 ululatum

1839 4657 2117 4710 exercitus.
2154 4684 2226 4694 —-
2259 4652 2434 4710 Duces
2458 4652 2696 4707 adversae
2735 4651 2906 4722 partis
2941 4659 3068 4706 sunt
3090 4650 3294 4706 erroris
3323 4666 3419 4704 an-

1841 4755 2037 4803 ctores.
2068 4747 2143 4801 De
2167 4746 2364 4815 quibus
2405 4760 2503 4815 per
2534 4743 2876 4799 Psalmistam
2909 4743 3106 4797 dicitur
3135 4757 3149 4796 :
3184 4760 3201 4793 ι
3232 4739 3419 4794 'Etlusa

1841 4845 1924 4890 est
1953 4835 2282 4903 contemptio
2311 4849 2475 4904 super
2512 4832 2803 4903 principes,
2852 4840 2907 4887 et
2948 4844 3135 4887 errare
3169 4828 3297 4883 fecit
3323 4841 3420 4882 eos

1843 4927 1896 4978 in
1944 4924 2090 4980 invio
2130 4932 2186 4979 et
2226 4938 2331 4978 non
2396 4923 2484 4977 via
2519 4918 2694 4992 (Psal.
2741 4933 2849 4986 cvi,
2878 4918 2990 4987 40).
3031 4936 3050 4970 ι
3104 4918 3178 4971 De
3227 4913 3422 4983 quibus

1840 5029 1938 5085 per
1963 5015 2303 5083 semetipsam
2334 5013 2553 5069 Veritas
2575 5010 2707 5067 dicit
2739 5025 2754 5063 :
2790 5029 2809 5063 ι
2843 5009 3028 5065 Caecus
3064 5008 3110 5062 si
3152 5020 3293 5059 caeco
3321 5004 3422 5058 du-

1842 5115 2022 5159 catum
2062 5109 2303 5173 praestet,
2334 5104 2501 5159 ambo
2540 5103 2593 5157 in
2632 5098 2843 5153 foveam
2870 5100 3065 5155 cadunt
3094 5093 3304 5165 (Matth.
3332 5107 3423 5159 xv,

1843 5193 1955 5264 14).
1991 5211 2011 5245 ι
2050 5191 2160 5246 llos
2194 5199 2377 5244 autem
2406 5193 2575 5249 duces
2623 5189 2898 5243 exercitus
2935 5183 3200 5254 sequitur,
3234 5194 3430 5249 pravo-

1844 5297 1964 5336 rum
1991 5280 2199 5336 scilicct
2228 5277 2403 5344 turba,
2447 5296 2569 5354 qua:
2601 5276 2804 5344 iniquis
2835 5288 3019 5330 eorum
3055 5268 3431 5341 pneceptionio

1845 5372 1943 5400 1...-
1986 5370 2276 5400 ϐ’...ηηηιηιιηι
2339 5368 2520 5400 nm.--
2567 5378 2747 5400 aulam
2789 5367 3145 5400 nvltan-tnlln‘
3210 5359 3333 5400 nnia
3374 5360 3431 5400 ιὶί
