3934 5400
567 334 674 395 475

568 546 697 594 ante
716 540 1022 597 considerat
1044 546 1186 613 quod
1219 548 1299 604 vel
1322 559 1571 609 auctores
1595 571 1782 613 eorum
1810 571 2002 618 contra
2027 540 2141 621 ele-

566 636 684 684 ctos
711 630 925 687 valeant
951 637 1247 706 prwcipere
1271 680 1286 706 ,
1317 642 1399 697 vel
1430 646 1585 701 turba
1620 649 1700 705 eis
1737 653 1949 708 subdita
1979 671 2141 726 quam

564 720 739 788 possit
783 722 1093 782 immaniter
1138 730 1397 789 insanire.
1442 737 1517 793 De
1561 739 1647 795 his
1678 741 1904 801 ducibus
1943 720 2142 805 Paulus

562 812 642 866 ait
673 831 688 867 :
722 814 880 871 rPer
903 818 1084 876 dulces
1126 837 1405 881 sermones
1442 838 1502 884 et
1541 831 1943 894 benedictiones
1980 840 2143 895 sedu-

560 910 692 956 cunt
718 905 882 960 corda
923 907 1292 967 innocentium
1321 914 1502 987 (Rom.
1523 918 1642 985 ,xvr,
1677 922 1790 993 18),
1841 944 1860 977 ι
1891 926 1990 981 hos
2017 926 2137 982 ulu-

559 988 706 1046 latus
729 993 1062 1052 odorabatur
1076 999 1264 1057 dicens
1297 1020 1310 1059 :
1343 1023 1361 1057 ι
1395 1006 1678 1065 Intrabunt
1707 988 1827 1083 post
1852 1015 2138 1072 discessio-

558 1095 684 1136 nem
710 1097 886 1138 meam
915 1086 1024 1157 lupi
1055 1104 1246 1160 graves
1268 1093 1321 1148 in
1350 1111 1445 1150 vos
1466 1097 1603 1169 (Act.
1628 1117 1720 1168 xx,
1745 1102 1858 1174 29).
1897 1124 1917 1157 ι
1944 1106 2135 1163 Mons-

541 1186 741 1225 ursa.
773 1173 1061 1233 Tentantia
1087 1181 1284 1251 quippe
1314 1184 1472 1252 vitia,
1506 1204 1627 1258 quze
1654 1173 1921 1249 invisibile
1947 1208 2134 1251 contra

556 1276 655 1318 nos
682 1265 926 1333 praelium
967 1280 1224 1341 regnante
1261 1288 1423 1344 super
1469 1292 1528 1333 se
1580 1282 1830 1351 superbia
1882 1286 2132 1355 militant,

555 1351 660 1407 alia
703 1370 855 1411 more
891 1360 1089 1416 ducum
1117 1375 1380 1433 praeeunt,
1412 1368 1515 1423 alia
1540 1386 1690 1427 more
1713 1377 1983 1433 exercitus
2007 1378 2135 1434 sub—

552 1455 874 1514 sequuntur.
930 1450 1046 1522 Ipsa
1094 1470 1329 1526 namque
1359 1458 1609 1516 vitiorum
1651 1465 1833 1535 regina
1858 1470 2129 1538 superbia,

548 1550 672 1591 cum
708 1530 976 1598 devictum
1004 1560 1099 1601 cor
1123 1551 1369 1619 coeperit,
1403 1569 1528 1608 niox
1561 1555 1691 1611 illud
1713 1530 1929 1629 septem
1974 1564 2132 1632 prin-

544 1626 810 1696 cipalibus
834 1634 999 1702 vitiis,
1031 1641 1187 1708 quasi
1217 1642 1540 1710 quibusdam
1563 1649 1675 1703 suis
1703 1626 1932 1708 ducibus
1960 1626 2126 1711 deva-

545 1718 799 1775 standum
837 1726 1035 1793 tradit;
1075 1748 1094 1783 ι
1139 1730 1378 1799 initium,
1413 1754 1432 1787 ι
1462 1739 1658 1808 quippe
1681 1781 1695 1805 ,
1730 1759 1749 1793 ‹
1780 1746 1956 1801 omnis
2002 1763 2130 1818 pec-

542 1810 649 1863 cati
696 1817 950 1883 superbia
998 1818 1280 1890 (Eccli.x,
1334 1825 1458 1894 15);
1528 1852 1546 1880 ο

536 1902 784 1957 ηιιειεοίιιιι·
813 1905 990 1963 inanis
1022 1910 1218 1979 gloria,
1260 1915 1483 1984 invidia,
1516 1920 1617 1985 ira,
1650 1924 1889 1993 tristitia,
1937 1931 2123 1987 avari-

528 1988 636 2056 ,tia,
685 1997 893 2052 ventris
930 1999 1218 2070 ingluvies,
1266 2006 1509 2076 luxuria;
1557 2015 1653 2069 sed
1690 2017 1889 2074 habent
1933 2033 2122 2080 contra

536 2094 637 2135 nos
662 2084 778 2140 haec
806 2087 1018 2159 singula
1056 2088 1362 2152 exercitum
1391 2115 1571 2157 suum.
1620 2105 1698 2162 De
1743 2108 1888 2165 inani
1929 2112 2118 2183 gloria,

537 2172 927 2245 inobedientia,
977 2183 1271 2253 jactantia,
1334 2191 1666 2262 hypocrisis,
1725 2172 2116 2272 contentiones,

532 2268 865 2334 pertinacire,
909 2274 1192 2334 discordiae
1229 2289 1285 2336 et
1330 2285 1635 2342 novitatum.
1671 2268 2120 2367 praesumptiones

531 2357 802 2416 oriuntur.
839 2363 916 2420 De
944 2364 1168 2435 invidia,
1217 2372 1422 2442 odium,
1471 2357 1796 2447 susurratio,
1832 2385 2118 2459 detractio,

530 2456 825 2515 exsultatio
880 2460 933 2516 in
987 2465 1233 2525 adversis
1285 2474 1539 2542 proximi,
1572 2478 1792 2538 atllictio
1833 2494 2014 2543 autem
2062 2489 2117 2544 in

527 2549 804 2615 prosperis
827 2555 1087 2611 nascitur.
1124 2559 1201 2615 De
1228 2560 1330 2628 ira,
1358 2565 1490 2621 rixae
1522 2576 1702 2625 tumor
1730 2576 1950 2643 mentis,
1981 2594 2113 2634 con-

528 2638 787 2707 tumeliae,
812 2643 1038 2713 clamor,
1080 2650 1398 2723 indignatio,
1432 2658 1786 2731 blasphemiae
1826 2638 2116 2737 prol'erun-

526 2735 634 2782 tur.
661 2730 739 2787 De
776 2735 1023 2803 tristitia,
1054 2742 1281 2811 malitia,
1307 2762 1523 2816 rancor,
1553 2730 1992 2827 pusillanimitas,
2020 2762 2115 2818 de-

521 2822 782 2887 speratio,
815 2832 1001 2895 torpor
1023 2830 1169 2886 circa
1202 2846 1492 2907 praecepta,
1515 2843 1729 2898 vacatio
1761 2849 1953 2903 mentis
1983 2866 2112 2920 erga

523 2907 712 2964 illicita
743 2914 1005 2971 nascitur.
1050 2919 1126 2975 De
1159 2924 1404 2990 avaritia,
1447 2930 1700 2998 proditio,
1742 2932 1907 3002 fraus,
1952 2907 2110 2994 nu;-

517 3000 630 3065 cia,
673 3004 934 3074 perjuria,
967 3008 1303 3081 inquietudo,
1346 3016 1618 3076 violentia:
1641 3030 1696 3077 et
1722 3000 1911 3082 contra
1945 3029 2110 3086 mise-

512 3093 816 3152 ricordiam
848 3100 1235 3161 obdurationes
1277 3110 1457 3166 cerdis
1495 3114 1763 3170 oriuntur.
1798 3118 1876 3173 De
1902 3124 2108 3179 ventris

512 3183 776 3252 ingluvie,
846 3189 1026 3261 inepta
1079 3193 1298 3264 hetitia,
1355 3203 1688 3269 scurrilitas,
1741 3207 2103 3281 immunditia,

512 3277 941 3351 multiloquium,
987 3284 1256 3344 hebetudo
1279 3304 1474 3347 sensus
1502 3295 1647 3350 circa
1691 3277 2105 3371 intelligentiam

512 3381 869 3442 pmpagatur.
903 3375 979 3430 De
1016 3375 1246 3446 luxuria,
1296 3383 1514 3438 caecitas
1555 3387 1770 3453 mentis,
1802 3386 2105 3448 inconside-i

519 3460 684 3527 ratio,
715 3461 1101 3532 inconstantia,
1142 3471 1515 3541 praecipitatio,
1563 3488 1718 3530 amor
1770 3478 1877 3545 sui,
1918 3481 2099 3538 odium

516 3551 635 3617 Dei,
663 3553 887 3613 allectus
909 3562 1192 3628 praesentis
1215 3565 1396 3620 saeculi
1421 3606 1436 3631 ,
1465 3566 1660 3624 horror
1690 3578 1871 3625 autem
1903 3573 2098 3643 despe-

515 3643 654 3698 ratio
699 3644 863 3702 futuri
893 3660 1205 3719 generatur.
1245 3648 1395 3711 Bene
1421 3666 1600 3713 autem
1630 3660 1794 3717 duces
1819 3664 2099 3721 exhortari

511 3736 645 3793 dicti
668 3748 813 3805 sunt,
845 3744 1119 3800 exercitus
1144 3746 1351 3803 ululare
1370 3790 1386 3815 ,
1416 3751 1545 3820 quia
1575 3752 1747 3822 prima
1772 3754 1906 3810 vitia
1937 3756 2099 3813 dece-

509 3836 620 3897 ptae
661 3832 827 3886 menti
861 3834 1015 3902 quasi
1052 3837 1152 3891 sub
1182 3840 1414 3907 quadam
1448 3842 1658 3898 ratione
1710 3858 1773 3899 se
1810 3847 2096 3917 miserunt,

502 3921 607 3975 sed
633 3913 923 3978 innumera
947 3940 1068 3995 quae
1097 3940 1423 3998 sequuntur,
1460 3933 1585 3987 dum
1618 3935 1760 3990 hanc
1793 3937 1859 3991 ad
1880 3955 2096 3996 omnem

510 4010 779 4067 insaniam
806 4017 1148 4083 pertrahunt,
1173 4022 1329 4089 quasi
1365 4023 1580 4081 bestiali
1606 4025 1843 4082 clamore
1865 4030 2095 4086 confun-

500 4100 660 4155 dunt.
686 4101 868 4158 Inanis
897 4121 1130 4177 namque
1157 4109 1327 4177 gloria
1351 4111 1481 4167 dicit
1519 4130 1533 4167 ε
1572 4114 1744 4171 Debes
1771 4116 1973 4186 majora
1995 4136 2093 4191 ap-

505 4202 712 4262 petere,
751 4205 838 4263 ut,
868 4214 977 4269 quo
1005 4205 1531 4271 potestate-valueris
1555 4248 1569 4272 ,
1601 4216 1798 4266 multos
1826 4214 2094 4271 excedere

506 4296 574 4338 eo
602 4285 766 4339 etiam
793 4288 994 4356 valeas,
1036 4299 1092 4347 et
1126 4284 1379 4363 pluribus
1403 4298 1680 4366 prodesse.
1717 4300 1921 4357 Invidia
1958 4320 2093 4375 quo-

492 4389 612 4443 que
655 4375 935 4447 loquitur:
970 4381 1024 4435 ln
1048 4399 1156 4452 quo
1194 4385 1284 4440 illo
1311 4427 1324 4452 ,
1372 4387 1456 4443 Vel
1506 4388 1597 4445 illo
1642 4391 1820 4447 minor
1844 4395 1946 4450 es?
1972 4396 2088 4451 Non

500 4478 637 4535 ergo
666 4467 761 4522 tibi
791 4479 886 4525 aut
910 4473 1218 4541 superiores
1242 4491 1387 4543 esse,
1415 4488 1509 4533 aut
1541 4482 1703 4536 etiam
1739 4484 1972 4553 aequales
1998 4487 2089 4542 de-

504 4554 656 4611 bent.
689 4555 772 4612 Ira
793 4561 956 4615 etiam
993 4563 1136 4617 fatur
1164 4582 1176 4618 :
1216 4565 1347 4633 Quae
1374 4583 1500 4639 erga
1530 4579 1580 4625 te
1616 4585 1869 4643 aguntur,
1903 4592 2085 4648 aequa-

507 4648 729 4706 nimiter
774 4651 916 4709 ferre
969 4671 1075 4710 non
1103 4668 1346 4727 possunt,
1399 4662 1523 4731 quia
1551 4674 1607 4719 et
1645 4666 1689 4720 si
1722 4683 1828 4722 non
1855 4668 1935 4724 eis
1960 4682 2084 4724 cum

505 4756 702 4813 magna
734 4749 1147 4816 exasperatione
1177 4752 1465 4821 resistitur,
1483 4766 1673 4814 contra
1706 4768 1755 4814 te
1785 4761 1901 4817 sine
1928 4778 2080 4818 men-

501 4847 629 4887 sura
653 4836 1016 4893 cumulantur.
1036 4838 1276 4897 Tristitia
1297 4859 1427 4901 vero
1449 4849 1527 4902 ait
1552 4865 1567 4902 :
1593 4851 1731 4916 Quid
1754 4852 1920 4908 habes
1943 4856 2085 4912 unde

498 4924 758 4994 gaudeas,
785 4942 906 4982 cum
934 4938 1080 4985 tanta
1107 4933 1245 4989 mala
1273 4935 1339 4990 de
1360 4940 1623 5007 proximis
1645 4943 1866 5010 portas?
1893 4944 2082 4999 Avari-

499 5014 570 5068 tia
602 5028 832 5088 namque
854 5019 986 5075 dicit
1018 5038 1031 5075 :
1071 5022 1219 5079 Unde
1245 5027 1398 5088 culpa
1434 5038 1517 5083 est
1542 5031 1684 5088 quod
1715 5034 1959 5088 nuzedam
1987 5036 2082 5088 ha-

1528 355 1607 442 .S.
1648 358 1898 418 000le
1935 364 2223 423 ABBATIS
2263 372 2756 439 CLU'NIACENSIS
2789 385 2833 440 ll

568 459 668 515 per
691 445 951 503 ululatum
985 449 1235 510 clamant.
1266 454 1371 513 Sed
1393 460 1620 532 quisque
1642 467 1962 533 pnedicator
1986 471 2141 544 longe
2169 478 2221 535 Α
2246 478 2360 547 Dei,

3718 407 3805 464 176

2399 486 2525 553 quia
2555 477 2782 547 solerter
2802 497 3099 563 prmvidere
3128 501 3376 563 vitiorum
3416 513 3713 569 certamina
3739 518 3807 572 ni-

2242 664 2368 731 quid
2409 670 2574 724 menti
2617 676 2942 740 persuadere
2972 682 3201 749 valeant,
3234 689 3570 757 cogitatione
3596 695 3807 753 sollicita

2241 756 2478 824 respicit.
2512 761 2953 823 Exhortationem
2985 771 3178 827 ducum
3217 756 3366 834 naris
3395 784 3701 850 sagacitate
3734 789 3812 843 de.

2238 848 2543 917 prehendit,
2569 861 2623 909 et
2651 856 2776 925 quia
2818 857 2974 930 longe
3013 868 3341 932 prtesciendo
3371 848 3806 944 snbsequentium

2239 935 2578 1007 iniquitatum
2624 946 2992 1006 confusionem
3036 959 3314 1026 conspicit,
3358 965 3520 1031 quasi
3562 935 3807 1023 ululatum

2238 1030 2507 1088 exercitus
2528 1035 2804 1096 odorando
2831 1046 3125 1114 cognoscit.
3157 1030 3413 1120 Sequitur
3441 1073 3456 1111 :
3520 1052 3525 1053 ν

2311 1118 2468 1175 Vens.
2508 1125 2599 1179 26.
2644 1126 2898 1201 Nunquid
2924 1152 3016 1204 per
3039 1118 3350 1208 sapientiam
3376 1156 3527 1200 luam
3552 1148 3806 1217 plumescit

2235 1209 2498 1278 accipiter,
2521 1223 2570 1267 et
2591 1220 2837 1284 expandit
2874 1222 2990 1277 alas
3022 1242 3147 1281 suas
3182 1230 3250 1283 ad
3276 1209 3571 1290 austrum?
3603 1269 3678 1279 —
3708 1239 3810 1295 Non

2235 1308 2415 1396 autem
2452 1304 2540 1359 hic
2578 1305 2706 1396 illud
2734 1309 2928 1378 pluma:
2955 1323 3166 1387 tempus
3195 1321 3417 1390 dicitur,
3466 1342 3581 1396 quo
3612 1330 3667 1383 in
3698 1332 3808 1387 nido

2233 1389 2482 1458 vestitur,
2513 1394 2604 1449 sed
2635 1396 2725 1450 illa
2769 1413 2945 1456 annua
2985 1404 3161 1474 pluma
3210 1389 3560 1481 describitur,
3594 1434 3716 1488 qua:
3746 1421 3810 1475 la-

2234 1486 2357 1532 xata
2386 1490 2566 1537 vetere
2607 1499 2780 1554 penna
2822 1502 3129 1549 renovatur.
3172 1496 3239 1551 Et
3266 1501 3485 1569 quidem
3507 1486 3810 1565 domesticis

2232 1569 2436 1623 munita
2460 1585 2524 1627 ac
2554 1577 2791 1644 tepentia
2821 1578 2931 1636 loca
2956 1585 3319 1652 requiruntur.
3343 1590 3672 1661 Agrestibus
3695 1612 3808 1654 vero

2214 1659 2401 1714 .moris
2428 1670 2531 1728 est,
2564 1673 2622 1717 ut
2642 1664 2808 1723 ﬂante
2843 1680 3029 1727 austro
3049 1674 3161 1729 alas
3188 1659 3522 1748 expandant,
3548 1694 3808 1753 quatenus

2232 1764 2420 1807 eorum
2446 1757 2686 1812 membra
2713 1761 2778 1814 ad
2804 1762 3089 1819 laxandam
3116 1782 3347 1837 pennam
3392 1783 3637 1831 veterem
3672 1780 3807 1834 venti

1600 1844 1668 1885 ex
1715 1849 1820 1901 qua
1872 1836 2125 1894 nimirum
2161 1834 2202 1891 Β
2233 1850 2415 1912 tepore
2452 1849 2846 1907 concalescant.
2895 1853 3026 1908 Cum
3055 1872 3185 1912 vero
3230 1871 3425 1916 ventus
3473 1854 3649 1931 deest,
3695 1868 3807 1923 aliis

2225 1943 2415 1990 contra
2443 1940 2652 1994 radium
2683 1943 2814 1998 solis
2840 1950 3095 2015 expansis
3121 1960 3282 2023 atque
3305 1958 3605 2024 percussis,
3633 1970 3808 2031 tepere

2224 2033 2330 2080 tem
2369 2029 2472 2084 sibi
2509 2046 2694 2087 auram
2745 2034 2966 2092 faciunt.
3017 2040 3155 2107 Quid
3193 2059 3322 2115 ergo
3350 2060 3450 2116 per
3498 2029 3807 2121 accipitrem

2221 2118 2484 2190 signatur,
2522 2124 2624 2179 nisi
2668 2126 2813 2195 quod
2859 2133 3227 2203 unusquisque
3271 2148 3586 2195 sanctorum
3621 2118 3806 2199 tactus

2220 2211 2347 2267 tlatu
2387 2213 2621 2284 Spiritus
2669 2220 2840 2274 sancti
2885 2222 3225 2292 concalescit,
3273 2236 3327 2283 et
3369 2244 3528 2285 usum
3586 2243 3805 2290 vetusta

2219 2308 2647 2364 conversationis
2669 2309 2945 2379 abjiciens,
2962 2316 3084 2370 novi
3099 2316 3332 2374 hominis
3356 2320 3590 2377 formam
3612 2327 3804 2381 sumit?

2206 2394 2369 2462 Quod
2387 2396 2581 2454 Paulus
2596 2400 2856 2458 admonet
2887 2404 3105 2463 dicens:
3141 2426 3159 2459 ι
3192 2410 3582 2481 Exspoliantes
3606 2432 3699 2472 vos
3723 2433 3805 2474 ve-

2219 2494 2388 2544 terem
2419 2490 2693 2547 hominem
2723 2511 2845 2550 cum
2884 2497 3099 2555 actibus
3127 2502 3261 2567 suis,
3297 2512 3355 2559 et
3389 2505 3679 2564 induentes
3709 2527 3801 2566 no-

2218 2592 2341 2632 vum
2370 2580 2460 2648 qui
2493 2583 2784 2638 secundum
2814 2587 2980 2642 Deum
3005 2600 3222 2647 creatus
3261 2603 3345 2649 est
3371 2595 3513 2665 (Col.
3539 2614 3633 2664 ιιι,
3660 2600 3742 2671 9);
3780 2621 3797 2653 ι

2215 2681 2270 2727 et
2293 2689 2504 2729 rursum
2537 2690 2552 2729 :
2585 2696 2603 2728 ι
2634 2677 2783 2734 Licet
2812 2680 2856 2735 is
2879 2682 2970 2752 qui
2999 2681 3129 2738 foris
3154 2693 3259 2750 est,
3294 2697 3498 2742 noster
3519 2688 3682 2744 homo
3710 2706 3798 2746 oo-

2215 2774 2513 2833 rumpatur,
2559 2774 2735 2823 tamen
2766 2771 2859 2839 qui
2897 2773 3042 2827 intus
3072 2783 3155 2829 est
3196 2786 3495 2833 renovatur
3522 2780 3590 2835 de
3626 2782 3715 2837 die
3754 2783 3798 2837 in

2195 2854 2354 2910 diem
2386 2855 2473 2928 (Η
2506 2859 2628 2913 Car.
2657 2876 2729 2925 ιν,
2764 2861 2876 2930 16).
2910 2883 2928 2916 ι
2962 2865 3092 2921 Alas
3125 2869 3325 2939 quippe
3364 2880 3586 2928 nostras
3614 2874 3681 2927 ad
3709 2891 3798 2929 an-

2212 2942 2393 3001 strum'
2429 2950 2732 3019 expandere
2760 2961 2843 3008 est
2863 2994 2878 3019 ,
2908 2946 3006 3023 per
3029 2957 3318 3012 adventum
3353 2962 3531 3017 sancti
3568 2962 3797 3033 Spiritus

2211 3044 2428 3091 nostras
2457 3036 2764 3095 conﬁtendo
2793 3043 3143 3111 cogitationes
3164 3046 3400 3115 aperire,
3443 3058 3506 3104 ut
3541 3051 3656 3120 jam
3691 3069 3793 3109 non

2211 3126 2376 3183 libeat
2417 3129 2752 3189 defendendo
2785 3150 2883 3191 nos
2920 3147 3124 3208 tegere,
3155 3140 3248 3195 sed
3275 3145 3589 3200 accusando
3627 3147 3793 3215 publi-

2210 3234 2355 3275 care.
2373 3220 2523 3278 Tunc
2550 3239 2680 3295 ergo
2708 3227 2970 3296 accipiter
2993 3228 3293 3299 plumescit,
3317 3247 3444 3287 cum
3464 3233 3534 3288 ad
3556 3246 3792 3292 austrum

2207 3317 2262 3365 et
2288 3310 2401 3366 alas
2426 3314 2743 3381 expanderit
2765 3356 2779 3379 ,
2812 3317 2935 3387 quia
2978 3326 3102 3375 tunc
3130 3335 3187 3375 se
3219 3323 3599 3394 unusquisque
3628 3328 3791 3381 virtu-

2208 3407 2317 3453 tum
2356 3403 2548 3471 pcnnis
2573 3403 2750 3459 induit
2792 3419 2913 3461 cum
2956 3416 3141 3463 sancto
3171 3409 3397 3480 Spiritui
3437 3416 3792 3483 cogitationes

2204 3505 2331 3547 suas
2362 3492 2668 3549 confitendo
2708 3496 3025 3553 substernit.
3059 3499 3160 3566 Qui
3188 3503 3335 3556 enim
3363 3512 3553 3559 vetera
3582 3506 3788 3561 fatendo

2188 3600 2306 3638 -ιιοιι
2333 3586 2549 3656 detegit,
2583 3602 2734 3642 novae
2766 3589 2888 3644 vitae
2913 3605 3073 3660 opera
3115 3591 3337 3648 minime
3372 3596 3672 3664 producit;
3704 3599 3787 3668 qni

2201 3677 2373 3731 nescit
2400 3677 2581 3749 lugere
2626 3682 2769 3750 quod
2797 3693 3006 3753 gravat,
3050 3700 3158 3740 non
3185 3685 3327 3741 valet
3356 3687 3610 3757 proferre
3654 3690 3786 3761 quod

2200 3767 2462 3823 Sublevat.
2505 3769 2762 3841 Sequitur
2784 3789 2799 3827 :

2272 3860 2437 3915 Vens.
2473 3861 2565 3915 27.
2609 3860 2865 3934 Nunquid
2892 3865 2962 3919 ad
2989 3877 3302 3936 prwceptum
3324 3880 3477 3923 tuum
3505 3871 3783 3926 elei-abitu

2198 3949 2399 4015 aquila,
2431 3961 2479 4005 et
2512 3952 2566 4004 in
2602 3952 2784 4007 arduis
2815 3965 2966 4024 ponet
3003 3958 3182 4011 nidum
3210 3960 3408 4013 suum!
3441 3992 3520 4004 —
3556 3961 3615 4015 In
3644 3962 3783 4017 Scri-

2195 4049 2356 4111 ptura
2393 4057 2545 4097 sacra
2583 4045 2846 4101 vocabulo
2894 4048 3105 4117 aquilae,
3164 4050 3456 4119 aliquando
3502 4054 3785 4122 przesentis

2192 4131 2377 4187 saeculi
2427 4142 2719 4203 potestates
2763 4137 3130 4209 designantur,
3174 4148 3234 4195 ut
3278 4151 3360 4196 est
3388 4143 3443 4196 in
3486 4143 3778 4198 Ezechiel:

2199 4224 2218 4274 ι
2264 4222 2459 4293 Aquila
2489 4226 2712 4296 grandis
2733 4243 3047 4304 magnarum
3073 4230 3301 4296 alarum,
3327 4231 3491 4303 longo
3506 4235 3781 4288 membro-

2193 4329 2313 4368 rum
2344 4314 2529 4382 ductu,
2558 4317 2713 4387 plena
2744 4334 2940 4389 ptumus
2964 4332 3019 4375 et
3046 4320 3324 4387 varietate,
3357 4324 3507 4379 venit
3528 4324 3598 4379 ad
3621 4325 3778 4380 Liba-

2193 4420 2344 4472 num,
2371 4414 2425 4460 et
2454 4407 2575 4462 tulit
2627 4409 2909 4464 medullam
2936 4410 3082 4466 cedri
3108 4455 3122 4479 ,
3151 4420 3205 4466 et
3233 4413 3606 4468 summitatem
3632 4414 3778 4471 fron-

2121 4527 2166 4586 D
2193 4496 2337 4550 dium
2358 4497 2474 4568 ejus
2494 4499 2691 4555 avulsit
2719 4501 2933 4572 (Επειδὴ.
2963 4517 3095 4569 xvn,
3117 4504 3173 4568 3,
3202 4503 3280 4573 4).
3317 4523 3337 4557 ι
3370 4505 3570 4575 Aquila
3597 4516 3775 4561 autem

2189 4585 2688 4655 Nabuchodonosor
2716 4592 3049 4663 intelligitur,
3084 4594 3175 4663 qui
3223 4594 3597 4651 immensitate
3619 4612 3776 4651 eser-

2187 4682 2327 4738 citus
2349 4698 2667 4759 magnarum
2699 4684 2924 4749 alarum,
2950 4700 3053 4760 pro
3084 4685 3441 4741 diuturnitate
3469 4695 3773 4757 temporum

2184 4772 2344 4845 longa
2382 4776 2743 4830 membrorum
2766 4815 2781 4839 ,
2806 4791 2904 4845 pro
2933 4774 3114 4831 multis
3135 4774 3339 4832 divitiis
3371 4778 3528 4848 plena
3554 4777 3770 4848 plumis,

2184 4879 2285 4934 pro
2324 4865 2602 4920 innumera
2638 4874 2864 4921 terrente
2906 4866 3088 4937 gloria:
3132 4868 3290 4937 plena
3316 4870 3602 4924 varietate.
3629 4871 3769 4936 Qui:

2184 4966 2313 5007 vero
2341 4953 2536 5008 Judmze
2571 4954 2940 5010 celsitudinem
2983 4966 3189 5024 petens,
3237 4957 3576 5013 nobilitatem
3616 4958 3766 5028 regni

2186 5043 2319 5088 (sine-
2359 5044 2513 5088 (magi
2546 5044 2831 5088 mmlnllnm
2862 5046 3008 5088 potiri
3050 5046 3262 5088 nlietnlit
3324 5048 3615 5088 nlimmmln
3637 5064 3766 5088 nam
