3934 5400
110 324 210 378 677

778 329 1075 387 ΕΡΙΤΟΜΕ
1112 332 1472 391 MORALIUM
1512 333 1570 390 S.
1613 335 1823 390 GREG.
1865 337 1932 391 IN
1969 338 2109 395 JOB.
2147 373 2216 383 —
2256 343 2382 398 LIB.
2427 345 2617 402 XXXI.

3265 358 3371 413 478

107 447 215 493 tur.
245 438 328 493 Ad
369 451 693 510 praeceptum
741 460 870 516 ergo
901 446 994 502 Dei
1025 450 1269 505 elevatur
1316 453 1515 521 aquila,
1557 453 1682 506 dum
1713 459 1758 514 Α
1790 455 1842 510 in
1879 456 1980 512 hac
2012 457 2119 512 vita
2169 459 2376 529 positus
2417 463 2646 532 quisque
2700 464 3007 534 profecerit,
3050 484 3149 526 nec
3195 469 3369 526 Deum

99 529 434 599 jussionibus
467 535 662 589 divinis
686 537 1067 609 obtemperans
1105 545 1156 598 in
1185 546 1431 614 supernis
1459 560 1684 616 suspen-

103 626 248 681 ditur
277 626 514 682 ﬁdelium
541 629 683 694 vita;
715 646 837 701 quae
859 634 913 688 in
937 637 1123 692 arduis
1149 639 1331 693 nidum
1363 639 1534 708 ponit,
1556 654 1682 694 cum

101 717 366 773 desideria
399 727 612 775 terrena
641 721 966 792 despiciens,
995 743 1088 798 spe
1102 729 1212 798 jam
1243 728 1549 784 cmlestibus
1578 747 1681 784 nu-

100 808 280 871 tritur,
316 818 372 863 et
409 810 798 869 habitationem
832 818 1028 872 mentis
1062 833 1174 872 suae
1200 817 1252 872 in
1284 820 1489 888 abjecta
1516 830 1572 876 et
1601 821 1684 875 in-

98 899 224 954 lima
247 904 663 958 conversatione
693 921 798 961 non
829 909 1116 962 construit.
1163 907 1300 964 Hinc
1334 909 1532 965 Paulus
1558 910 1629 965 ait
1662 927 1678 964 :

101 1011 120 1044 σ
149 991 348 1056 Nostra
379 997 717 1050 conversatio
747 999 799 1052 in
836 999 985 1054 caelis
1019 1008 1100 1054 est
1139 999 1358 1069 (Philip.
1388 1017 1485 1065 111,
1507 1001 1620 1067 20);
1654 1021 1674 1055 ι

95 1095 147 1139 et
172 1101 395 1141 rursum
423 1102 438 1140 :
486 1105 505 1138 ‹
539 1087 637 1154 Qui
670 1091 1120 1145 conresuscitavit
1150 1101 1206 1147 et
1232 1094 1522 1148 consedere
1555 1092 1682 1148 fecit

93 1173 143 1228 in
173 1174 493 1232 caelestibus
529 1175 745 1248 (Ep/tes.
784 1196 845 1246 11,
884 1179 960 1250 6).
994 1201 1012 1233 ι
1057 1180 1194 1236 Hinc
1227 1181 1462 1250 perfecta
1488 1183 1682 1238 animae

92 1269 340 1334 sequenti
369 1282 429 1322 se
456 1267 714 1324 Dominus
737 1285 836 1340 per
854 1273 1170 1342 prophetam
1199 1273 1329 1328 dicit
1358 1292 1370 1328 :
1408 1293 1426 1325 ι
1468 1273 1681 1330 Sustul-

90 1355 194 1410 lam
248 1368 305 1413 te
360 1374 524 1431 super
572 1360 883 1418 altitudines
929 1372 1088 1418 teme
1132 1363 1268 1435 (lsa.
1301 1379 1452 1428 Lvm,
1506 1363 1616 1435 H).
1654 1383 1675 1418 ι

90 1447 351 1520 Sequitur
374 1467 388 1504 :

153 1588 326 1645 Vsus.
368 1590 461 1647 28.
501 1591 571 1646 In
616 1592 778 1662 petris
835 1603 1028 1649 manet.
1067 1625 1140 1636 —
1174 1596 1230 1651 In
1269 1611 1425 1652 sacro
1463 1597 1678 1666 eloquio

87 1693 209 1734 cum
241 1680 503 1752 singulari
547 1699 773 1739 numero
813 1693 964 1752 petra
1011 1687 1346 1750 nominatur,
1377 1687 1498 1756 quis
1541 1688 1678 1742 alius

84 1787 249 1840 quam
272 1771 527 1829 Christus
543 1777 842 1844 accipitur?
865 1785 923 1830 ut
943 1786 1026 1832 est
1045 1778 1173 1832 illud
1209 1797 1221 1831 :
1256 1797 1275 1828 ‹
1304 1777 1462 1833 Petra
1491 1789 1672 1832 autem
1703 1805 1749 1864 Β

84 1874 204 1917 erat
229 1863 483 1919 Christus
514 1865 566 1934 (I
600 1865 723 1920 Cor.
758 1884 791 1921 κ
815 1908 828 1930 ,
857 1868 934 1935 4).
968 1887 987 1920 ι
1016 1868 1150 1924 Cum
1179 1879 1357 1923 autem
1389 1868 1674 1938 pluraliter

81 1955 430 2023 appellantur
449 1957 622 2011 sancti
654 1959 1050 2027 exprimuntur,
1082 1960 1170 2030 qui
1197 1961 1340 2016 illius
1361 1963 1558 2017 robore
1582 1976 1674 2016 so-

80 2043 232 2100 lidati
271 2055 420 2102 sunt.
469 2047 606 2103 Hinc
635 2047 828 2104 Petrus
859 2051 979 2106 ait:
1028 2069 1048 2102 ¢
1087 2052 1153 2105 Et
1180 2067 1276 2107 vos
1316 2062 1570 2122 tanquam
1601 2053 1672 2107 la-

77 2137 234 2204 pides
250 2138 358 2192 vivi
381 2140 788 2194 comdiﬁcamini
815 2141 1004 2197 domos
1026 2143 1328 2211 spirituales
1356 2144 1408 2211 (I
1438 2142 1581 2198 Petr.
1610 2161 1669 2210 11,

78 2226 150 2294 5).
208 2247 228 2279 ι
264 2227 373 2283 Ista
431 2238 615 2284 autem
664 2232 840 2301 aquila
879 2234 935 2288 in
976 2238 1136 2302 petris
1186 2251 1404 2290 manere
1454 2237 1669 2302 dicitur,

77 2320 199 2388 quia
231 2321 287 2374 in
321 2321 479 2377 dictis
509 2324 852 2393 antiquorum
884 2336 938 2381 et
969 2326 1189 2382 fortium
1221 2327 1439 2384 Patrum
1477 2329 1673 2386 mentis

74 2413 314 2468 statione
344 2415 682 2482 collocatur;
721 2427 776 2472 et
799 2420 922 2474 dum
949 2435 1044 2475 eos
1074 2421 1140 2475 ad
1169 2422 1483 2478 memoriam
1519 2423 1673 2478 redu-

74 2505 162 2568 cit,
211 2505 266 2560 in
319 2507 645 2563 celsitudine
694 2509 910 2565 illorum
958 2511 1288 2568 fortitudinis
1336 2514 1518 2568 nidum
1566 2515 1668 2571 sibi

72 2599 348 2653 construit
376 2602 998 2658 sancttenteditationis.
1043 2603 1274 2660 Possunt
1300 2605 1464 2659 etiam
1500 2616 1671 2674 petra:

73 2691 300 2745 nomine
328 2689 592 2747 sublimes
619 2692 881 2748 virtutum
917 2695 1218 2750 caelestium
1252 2706 1546 2764 potestates
1583 2698 1668 2752 in-

71 2781 262 2850 telligi,
295 2796 418 2850 quae
444 2783 590 2838 velut
611 2792 784 2854 petrae
811 2786 864 2839 in
899 2787 1106 2851 arduis,
1134 2788 1205 2840 ita
1255 2789 1322 2842 ab
1345 2789 1491 2842 omni
1519 2799 1667 2844 motu

70 2871 459 2928 mutabilitatis
489 2873 678 2930 aliena:
706 2883 854 2940 sunt,
885 2885 940 2931 et
965 2876 1029 2929 ad
1061 2877 1387 2932 soliditatem
1418 2879 1539 2933 ﬁxze
1560 2879 1670 2934 cel-

67 2965 334 3019 situdinis
369 2966 511 3036 ipsa,
567 2968 652 3022 cui
694 2968 964 3023 inhaerent
1000 2971 1299 3024 aeternitate
1346 2971 1660 3026 duruerunt.

65 3057 161 3111 Vir
200 3057 393 3128 itaque
442 3068 664 3114 sanctus
708 3075 832 3115 cum
865 3069 1085 3114 terrena
1130 3061 1381 3131 despicit,
1420 3079 1570 3116 more
1607 3079 1666 3118 se

65 3149 264 3216 aquilae
308 3148 378 3202 ad
419 3148 609 3203 altiora
637 3151 937 3220 suspendit,
977 3159 1032 3204 et
1071 3165 1167 3218 per
1192 3153 1664 3220 contemplationis
1693 3163 1736 3222 ρ

62 3239 323 3308 Spiritum
360 3239 687 3306 sublevatus,
725 3257 1022 3309 perennem
1087 3243 1395 3312 argelorum
1441 3245 1664 3316 gloriam

63 3329 458 3397 prtestolatur,
509 3340 671 3400 atque
716 3332 842 3387 huic
877 3333 1077 3388 mundo
1122 3335 1317 3404 hospes
1352 3336 1440 3390 illa
1498 3353 1665 3407 appe-

63 3423 228 3477 tendo
298 3438 422 3492 quae
473 3424 708 3494 aspicit,
777 3425 889 3496 jam
955 3428 1008 3481 in
1071 3427 1389 3486 sublimibus
1457 3429 1658 3500 ﬁgitur.

63 3511 334 3582 δερ-’ξων
375 3531 389 3565 :
436 3512 504 3567 Et
539 3515 594 3568 in
623 3517 903 3586 prwruptis
936 3516 1167 3570 silicibus
1204 3530 1558 3573 commoratur
1579 3530 1662 3574 al-

57 3620 155 3673 que
186 3605 482 3658 inaccessis
516 3606 749 3674 rupibus.
789 3637 860 3649 —
896 3607 1161 3677 Prmrupti
1195 3609 1402 3665 scilicet
1438 3620 1564 3666 sunt
1589 3612 1662 3666 illi

61 3695 351 3751 fortissimi
385 3697 698 3766 angelorum
727 3699 905 3763 chori,
925 3699 1048 3768 quia
1073 3716 1198 3770 pars
1222 3717 1410 3756 eorum
1442 3703 1658 3769 cecidit,

56 3802 186 3856 pars
239 3803 376 3842 vero
426 3789 705 3844 remansit.
737 3790 840 3856 Qui
885 3790 1080 3860 integri
1111 3791 1328 3860 quidem
1377 3799 1524 3846 stant
1565 3807 1665 3862 per

57 3879 389 3949 qualitatem
444 3881 647 3944 meriti,
697 3883 790 3936 sed
846 3882 1064 3952 superni
1104 3883 1314 3937 numeri
1363 3884 1664 3952 quantitate

53 3971 362 4039 przerupti;
394 3979 614 4040 propter
641 3971 782 4026 hanc
809 3973 1232 4041 prmruptionem
1275 3974 1540 4028 mediator
1572 3990 1664 4029 ve-

53 4058 156 4122 nit,
187 4067 256 4113 ιιι
285 4075 596 4114 mensuram
618 4061 860 4117 caelestis
879 4062 1068 4131 patria:
1089 4062 1410 4132 locupletius
1433 4064 1662 4121 fortasse

50 4149 396 4204 cumularet.
429 4150 567 4206 Hinc
599 4152 667 4205 de
692 4151 856 4206 Patre
894 4153 1126 4208 dicitur:
1155 4172 1174 4204 σ
1195 4153 1479 4224 Proposuit
1511 4157 1563 4211 in
1597 4171 1662 4212 eo

51 4237 108 4292 in
140 4239 559 4308 dispensatione
587 4240 941 4310 plenitudinis
1000 4251 1304 4313 temporum
1353 4245 1660 4303 instaurare

49 4330 248 4383 omnia
281 4329 334 4383 in
364 4329 604 4395 Christo,
635 4347 753 4402 qum
777 4333 833 4386 in
859 4333 1012 4388 caelis
1041 4342 1095 4389 et
1129 4350 1251 4404 qua:
1275 4336 1326 4390 in
1356 4346 1500 4391 terra
1533 4347 1660 4392 sunt

49 4417 106 4474 in
139 4421 514 4499 ipsolEphes.
545 4440 585 4486 1,
609 4423 662 4488 9,
701 4425 808 4494 10).
834 4444 853 4478 ι
893 4425 998 4494 ipsi
1025 4426 1188 4480 etiam
1221 4436 1344 4482 sunt
1372 4429 1660 4486 inaccessa:

48 4523 249 4576 rupes.
275 4509 440 4566 Cordi
466 4512 609 4566 enim
638 4522 987 4582 peccatorum
1015 4515 1294 4573 hominum
1325 4517 1480 4572 valde
1507 4519 1654 4574 inac—
1681 4507 1736 4568 D

46 4614 216 4654 cessa
253 4608 339 4654 est
396 4601 616 4658 claritas
662 4603 996 4675 angelorum,
1029 4605 1155 4674 quia
1203 4607 1379 4676 quoad
1430 4608 1653 4676 pulchra

47 4691 374 4758 corporalia
403 4693 618 4759 cecidit,
648 4709 714 4751 eo
744 4711 773 4750 a
801 4695 1065 4767 spirituali
1095 4697 1274 4767 specie
1298 4699 1484 4755 oculos
1508 4699 1656 4755 clau-

43 4791 137 4834 sn.
175 4782 448 4854 Sequitur
471 4803 486 4840 :

123 4916 306 4970 Vens.
345 4917 431 4972 29.
464 4917 598 4972 Inde
638 4920 1020 4991 contemplatur
1050 4939 1242 4988 escam,
1267 4955 1337 4963 —
1359 4924 1410 4980 id
1444 4935 1546 4991 est,
1584 4942 1653 4983 ex

44 5005 159 5062 illis
185 5007 378 5061 choris
419 5009 680 5078 angelicis
723 5011 891 5066 tendit
919 5011 1133 5067 oculum
1187 5015 1384 5070 mentis
1425 5017 1491 5069 ad
1522 5032 1650 5072 c011-

45 5095 430 5165 templandam
483 5098 714 5169 gloriam
747 5116 992 5170 superna:
1038 5102 1354 5170 maiestatis,
1393 5107 1517 5175 quia
1543 5123 1648 5163 non

1104 5195 1178 5226 :00
1222 5196 1451 5226 Ohl:n‘nln

40 5205 167 5226 vaca
223 5189 398 5226 ηδιὶηη
439 5194 608 5226 θεηνῖο
666 5207 767 5226 nun
809 5195 1022 5226 [arulam
1065 5195 1178 5226 υἷι-η
1222 5196 1451 5226 οηιῖηιιιιη

1783 558 1880 612 per
1908 547 2163 613 speciem,
2183 550 2273 602 sed
2295 567 2392 620 per
2413 553 2696 624 renigmata
2712 566 2763 610 et
2787 573 2882 626 per
2908 562 3183 628 speculum
3221 563 3369 620 videt

1784 631 1837 698 (1
1860 631 1983 688 Cor.
2001 637 2246 707 1111,12).
2265 640 2341 695 Ac
2373 641 2416 696 si
2453 657 2581 713 ergo
2602 645 2834 701 diceret:
2854 648 3172 707 lntentionis
3192 653 3364 709 aciem

1784 721 1997 779 fortiter
2013 729 2498 793 tendunt,necdum
2528 736 2882 807 pr0pinq11um
2909 742 3194 807 aspiciunt,
3213 741 3364 816 cujus

1783 817 2044 874 claritatis
2066 822 2488 891 magnitudinem
2510 837 2796 895 penetrare
2815 829 3132 887 laudabilem
3158 850 3362 904 nequa-

1784 925 1944 980 quam
1972 922 2216 982 possunt.
2248 914 2405 970 Libet
2439 916 2505 970 ad
2535 917 2770 972 medium
2821 921 2972 974 lsaize
2999 922 3161 976 verba
3189 922 3352 976 dedu-

1783 1016 1907 1056 cere
1937 1021 1948 1056 :
1988 1023 2006 1054 ι
2031 1003 2132 1070 Qui
2165 1006 2405 1060 ambulat
2441 1007 2494 1061 in
2535 1007 2786 1076 justitiis,
2816 1019 2870 1064 et
2898 1009 3136 1080 loquitur
3157 1014 3360 1068 verita-

1784 1102 1914 1157 tem,
1936 1096 2026 1164 qui
2061 1095 2275 1164 projicit
2305 1099 2588 1152 avaritiam
2626 1115 2690 1154 ex
2722 1100 3010 1166 calumnia,
3059 1112 3114 1157 et
3157 1106 3364 1160 excutit

1782 1199 1974 1240 manus
2003 1201 2130 1241 suas
2158 1188 2225 1242 ab
2255 1189 2400 1242 omni
2427 1203 2672 1244 munere.
2698 1189 2797 1256 Qui
2820 1191 3037 1245 obturat
3059 1208 3216 1248 aures
3236 1209 3364 1248 suas

1782 1288 1852 1328 ne
1897 1276 2082 1330 audiat
2119 1279 2458 1347 sanguinem,
2491 1291 2548 1334 et
2572 1280 2774 1335 claudit
2797 1282 2984 1337 oculos
3023 1298 3150 1338 suos
3177 1299 3248 1338 ne
3276 1285 3362 1338 vi-

1782 1363 1906 1419 deat
1951 1365 2154 1421 1nalum
2191 1366 2324 1438 (lsa.
2381 1384 2572 1433 χχχιιι,
2615 1370 2724 1439 15).
2749 1389 2766 1422 ι
2814 1372 2878 1426 Et
2923 1373 3050 1428 item
3081 1391 3093 1426 :
3127 1391 3145 1424 ς
3175 1373 3281 1428 [ste
3308 1374 3363 1428 in

1781 1457 2010 1512 excelsis
2029 1457 2255 1522 habitat,
2274 1460 2608 1514 munimenta
2628 1477 2881 1517 saxorum
2899 1463 3200 1518 sublimitas
3223 1462 3360 1534 ejus,

1780 1546 1936 1616 panis
1971 1548 2018 1602 ei
2046 1549 2202 1604 datus
2226 1560 2338 1614 est;
2370 1566 2522 1620 aquae
2551 1551 2669 1620 ejus
2697 1553 2880 1609 ﬁdeles
2905 1563 3048 1610 sunt.
3082 1557 3282 1627 [legem
3305 1557 3360 1612 in

1781 1639 1976 1696 decore
2005 1658 2102 1697 suo
2149 1644 2376 1710 videbit,
2412 1647 2554 1701 oculi
2603 1647 2720 1716 ejus
2766 1660 2992 1705 cernent
3039 1661 3242 1706 terram
3295 1653 3363 1707 de

1779 1730 1935 1800 longe
1979 1733 2113 1804 (lsa.
2145 1752 2256 1801 xv1,
2303 1738 2410 1808 17).
2445 1759 2464 1793 ι
2490 1739 2548 1795 In
2577 1742 2805 1800 excelsis
2835 1758 3070 1814 namque
3114 1745 3362 1803 habitare

1776 1831 1859 1878 est
1903 1841 2000 1880 cor
2047 1827 2098 1881 in
2137 1828 2449 1886 coelestibus
2499 1849 2731 1903 ponere:
2765 1843 2822 1892 et
2848 1838 3177 1893 munimenta
3207 1854 3362 1894 saxo-

1776 1930 1896 1970 rum
1957 1918 2263 1974 sublimitas
2310 1932 2496 1977 nostra
2550 1933 2650 1986 est,
2701 1941 2823 1981 cum
2869 1925 3089 1983 fortium
3135 1928 3361 1984 Patrum

1773 2008 2020 2077 exempla
2045 2012 2384 2080 respicimus,
2402 2015 2706 2084 castrisque
2727 2017 3358 2096 cmlestibusjungimur;

1774 2113 1928 2169 aquae
1957 2101 2142 2157 ﬁdeles
2176 2114 2327 2168 sunt,
2378 2107 2502 2176 quia
2530 2109 2693 2163 verba
2726 2109 2853 2164 vita;
2882 2111 3026 2179 quod
3056 2120 3180 2164 ante
3215 2126 3362 2164 mor-

1775 2199 1882 2244 tem
1917 2191 2211 2258 insinuant,
2248 2196 2348 2252 hoc
2376 2198 2540 2253 etiam
2566 2210 2688 2269 post
2726 2211 2957 2257 mortem
2987 2201 3362 2256 demonstrant

1771 2284 1928 2352 panis
1949 2285 1997 2338 ei
2023 2285 2201 2352 datur,
2217 2302 2346 2370 cum
2377 2292 2834 2362 contemplatione
2865 2294 3138 2361 reﬁcitur;
3179 2310 3361 2364 regem

1774 2376 1827 2430 in
1861 2376 2056 2432 decore
2086 2393 2185 2433 suo
2226 2380 2433 2444 vident,
2471 2382 2599 2451 quia
2639 2383 2780 2437 ultra
2829 2378 3152 2454 semetipsos
3194 2388 3358 2456 rapti,

1772 2467 1826 2522 in
1881 2469 1998 2538 ipso
2045 2470 2264 2528 deitatis
2314 2471 2524 2544 fulgore
2574 2475 2761 2530 oculos
2797 2477 2979 2532 cordis
3019 2477 3211 2545 ﬁgunt.
3263 2478 3361 2534 Se-

1772 2559 1955 2627 quitur
1982 2577 1994 2613 :

1841 2649 2004 2704 Vsus.
2036 2651 2126 2706 '50.
2159 2650 2304 2706 Pulli
2333 2655 2448 2724 ejus
2483 2655 2713 2711 lambent
2758 2658 3090 2728 sanguinem.
3113 2689 3186 2699 —
3206 2658 3286 2716 Ac
3307 2660 3358 2716 si

1769 2751 1956 2811 aperte
1979 2743 2250 2800 diceretur
2279 2764 2291 2800 :
2323 2747 2438 2817 Ipsa
2484 2749 2702 2818 quidem
2732 2752 3192 2820 contemplatione
3221 2752 3358 2807 divi-

1768 2834 1954 2889 nitatis
1982 2837 2240 2905 pascitur,
2267 2838 2360 2892 sed
2385 2839 2509 2907 quia
2540 2840 2818 2896 auditores
2845 2839 2962 2908 ejus
2984 2841 3199 2898 deitatis
3226 2857 3354 2912 per-

1767 2923 1949 2993 cipere
1976 2941 2176 2981 arcana
2211 2943 2552 2997 nequaquam
2592 2938 2840 3000 possunt,
2878 2930 3081 3000 cogniti
3108 2928 3354 2986 cruciﬁxi

1767 3015 1977 3070 Domini
2029 3033 2223 3072 cruore
2269 3019 2562 3073 satiantur.
2606 3019 2935 3092 Sanguinem
2964 3021 3224 3088 lambere,
3271 3030 3357 3078 est

1766 3107 2036 3176 passionis
2060 3107 2354 3163 Dominicaa
2401 3111 2615 3165 inﬁrma
2662 3113 2933 3168 venerari.
2968 3113 3103 3169 Hinc
3153 3113 3356 3168 Paulus

1768 3195 2047 3266 discipulis
2075 3197 2181 3252 ait:
2213 3218 2230 3250 ‹
2255 3198 2372 3254 Νοιι
2415 3200 2558 3254 enim
2601 3200 2838 3270 judicavi
2869 3217 2955 3258 me
2985 3203 3124 3258 scire
3150 3203 3356 3271 aliquid

1766 3284 1908 3340 inter
1932 3302 2050 3353 vos,
2080 3288 2180 3342 nisi
2211 3287 2393 3344 Jesum
2435 3289 2735 3358 Christum,
2781 3301 2838 3350 et
2864 3293 3009 3348 hunc
3035 3293 3356 3348 cruciﬁxum

1766 3374 1820 3446 (Ι
1843 3375 1965 3430 Cor.
1995 3393 2056 3441 ll,
2079 3377 2192 3446 2).)
2223 3376 2600 3447 SequiturzEt
2616 3381 2910 3452 ubicunque
2927 3382 3150 3436 cadaver
3169 3381 3351 3450 fuerit,

1764 3469 1941 3521 statim
1993 3468 2160 3522 adest.
2189 3499 2256 3508 —
2284 3469 2530 3525 Cadaver
2561 3473 2760 3541 quippe
2811 3487 2840 3525 a
2873 3488 3001 3527 casu
3036 3473 3252 3528 dicitur.
3284 3471 3356 3529 Ει

1765 3575 1870 3614 non
1895 3560 2170 3616 immerito
2197 3577 2393 3630 corpus
2420 3563 2632 3618 Domini
2662 3571 2887 3634 propter
2916 3580 3101 3620 casum
3133 3564 3352 3630 mortis,

1764 3651 1998 3706 cadaver
2019 3661 2262 3706 vocatur.
2293 3653 2434 3709 Hinc
2463 3653 2577 3724 ipsa
2604 3653 2819 3709 Veritas
2844 3655 2920 3709 ait
2945 3674 2958 3709 :
2993 3675 3010 3707 ι
3037 3656 3358 3724 Ubicunque

1763 3739 1924 3794 fuerit
1947 3755 2162 3810 corpus,
2203 3741 2330 3797 illuc
2357 3744 2831 3815 congregabantur
2852 3755 2906 3799 et
2925 3745 3351 3816 aquilaealattlt.

1764 3847 1920 3896 xx1v,
1952 3831 2059 3901 l8).
2085 3852 2103 3884 ι
2135 3833 2552 3890 Aliter:0mnis
2584 3837 2728 3890 enim
2755 3838 2847 3907 qui
2883 3838 2936 3892 in
2961 3840 3169 3908 peccati
3202 3853 3348 3894 mor-

1766 3929 1873 3974 tem
1922 3921 2203 3988 ceciderit,
2259 3939 2366 3978 non
2394 3925 2839 3983 inconvenienter
2883 3928 3082 3998 poterit
3109 3927 3343 3983 cadaver

1763 4012 1968 4067 vocari.
2001 4012 2169 4080 Quasi
2218 4015 2489 4071 exanimis
2538 4032 2777 4086 namque
2801 4018 2967 4089 jacet,
3000 4019 3092 4089 qui
3123 4019 3358 4088 iustitiae

1762 4099 2128 4156 viviﬁcantem
2179 4103 2430 4172 spiritum
2482 4120 2593 4160 non
2645 4105 2842 4172 habet;
2897 4116 3122 4165 sanctus
3163 4118 3357 4164 autem.

1762 4192 1991 4272 quisque
2021 4194 2362 4263 pr:edicator,
2397 4195 2523 4251 illuc
2545 4196 2946 4266 praedicationis
2967 4199 3198 4256 utilitate
3229 4206 3358 4255 ten-

1762 4283 1862 4348 dit,
1895 4284 1986 4340 ubi
2017 4285 2274 4353 prodesse
2297 4287 2575 4356 prospicit,
2602 4296 2662 4342 ut
2687 4303 2751 4344 ex
2773 4304 2840 4344 eo
2868 4291 3011 4361 quod
3041 4289 3153 4358 jam
3181 4291 3353 4362 spiri-

1764 4375 1944 4430 taliter
1969 4377 2120 4444 vivit,
2155 4377 2275 4433 aliis
2318 4379 2373 4433 in
2413 4388 2589 4435 morte
2619 4395 2718 4435 sua
2788 4380 3094 4449 iacentibus
3133 4373 3348 4455 prosit.

1761 4467 1900 4523 Esca
1922 4468 2408 4538 quippejustorum
2437 4479 2540 4538 est,
2568 4473 2851 4528 conversio
2874 4482 3248 4543 peccatorum,
3277 4475 3353 4529 de

1761 4574 1866 4629 qua
1892 4559 2128 4614 dicitur:
2160 4580 2178 4612 ‹
2203 4559 2513 4630 Operamini
2545 4577 2654 4616 non
2704 4563 2885 4619 cibum
2937 4563 3028 4635 qui
3059 4564 3219 4632 perit,
3248 4565 3351 4620 sed

1761 4651 1851 4720 qui
1878 4661 2162 4722 permanet
2189 4652 2242 4706 in
2258 4653 2424 4707 vitam
2439 4661 2696 4708 aeternam
2717 4653 2899 4725 (Joan.
2929 4655 3170 4725 v1,27-).»
3200 4655 3343 4710 San-

1759 4752 1880 4799 ctus
1929 4745 2112 4814 itaque
2161 4744 2262 4800 Job
2314 4752 2464 4801 tanta
2512 4745 2616 4801 bac
2643 4746 2984 4802 districtione
3012 4747 3205 4815 ﬂagelli
3233 4761 3341 4801 non

1759 4837 2049 4893 aestimavit
2079 4839 2263 4909 augeri
2293 4837 2398 4894 sibi
2425 4839 2750 4904 merita,sed
2779 4840 2910 4895 vitia
2938 4839 3192 4896 resecari.
3213 4837 3354 4904 Qua

1758 4930 1882 4999 quia
1912 4932 1964 4986 in
1996 4947 2054 4986 se
2080 4931 2224 4985 nulla
2256 4933 2530 5002 cognovit,
2555 4946 2874 5002 percussum
2905 4933 3102 5002 injuste
3132 4945 3190 4986 se
3218 4944 3344 4984 crc-

1759 5020 1915 5085 didit,
1944 5033 1998 5078 et
2025 5021 2419 5092 percutientcm
2449 5037 2673 5092 prorsus
2716 5037 2946 5093 arguere
2975 5032 3059 5079 est
3101 5020 3168 5074 de
3220 5035 3346 5088 per-

1759 5113 2012 5169 cussione
2047 5127 2413 5168 murmurare.
2452 5112 2821 5169 Considerans
2857 5123 3035 5169 autem
3083 5111 3356 5167 Dominus

1761 5203 1898 5226 -οαιιιει
1933 5218 1986 5226 Α..
2025 5218 2136 5226 -..ιυ-
2167 5202 2393 5226 -..κακία-’ξι
2448 5219 2550 5226 ---ρ
2591 5217 2651 5226 Α-
2703 5211 2912 5226 1.-..ιιει-..ι
2942 5197 3206 5226 -..κιιιιιιῖσι
3255 5200 3355 5226 οη..
