3934 5400
610 318 719 375 479

1596 332 1653 389 S.
1693 332 1941 392 ODONIS
1975 338 2265 394 ABBATlS
2305 339 2803 399 CLUNIACENSIS
2839 342 2884 398 ll
3718 360 3791 416 tso

613 431 681 487 de
706 439 796 486 tua
849 433 1062 491 actione
1090 436 1303 495 locutus
1328 456 1410 508 es,
1459 459 1558 501 cur
1605 449 1847 504 auditam
1876 461 2188 507 sanctorum
2220 460 2263 517 Α
2294 453 2527 508 aliorum
2561 454 2938 512 celsitudinem
2987 458 3286 516 nesciebas.
3316 460 3519 519 Auditis
3539 464 3678 535 igitur
3694 471 3790 529 alio.

609 523 776 578 vitam
832 525 1210 598 siluisti?lpse
1241 533 1440 605 quippe
1484 538 1869 598 considerabas
1899 551 2065 599 tuam.
2097 545 2192 600 sed

2296 561 2415 601 rum
2444 547 2756 613 virtutibus,
2786 548 2831 604 si
2871 547 3002 619 quid
3036 551 3206 621 vales,
3236 556 3498 624 responde
3524 558 3637 613 tuis.

638 719 3784 782 Μ

801 872 807 878 ’
1447 880 1749 961 LIBER
1806 882 2431 966 TRICESIMUS
2487 878 3047 968 SECUNDUS.

2001 1109 2325 1124 ﬂ

678 1220 841 1278 Vsus.
875 1221 1072 1288 33,34.
1099 1221 1623 1296 Respondendautem
1648 1228 1748 1284 Job
1766 1228 1993 1285 Domino
2014 1231 2147 1287 dixit
2169 1248 2190 1288 :

609 1309 718 1378 Qui
741 1312 929 1369 leuiter
951 1314 1155 1369 locutus
1186 1330 1322 1382 sum,
1353 1319 1664 1387 respondere
1690 1321 1816 1391 quid
1844 1338 2052 1390 possum
2073 1325 2098 1379 ?
2120 1354 2194 1367 -—

608 1405 687 1461 Ac
707 1406 750 1461 si
785 1407 969 1462 dicat:
1010 1406 1328 1465 Sermonem
1357 1424 1538 1465 meum
1576 1411 1944 1481 defenderem,
1968 1416 2012 1471 si
2048 1417 2192 1474 hunc

607 1511 730 1552 cum
776 1498 1002 1555 rationis
1026 1501 1265 1571 pondere
1290 1502 1666 1573 protulissem;
1694 1515 1750 1560 at
1775 1516 2058 1579 postquam
2085 1508 2192 1564 lin-

605 1602 711 1659 gua
735 1588 954 1646 levitate
979 1607 1075 1647 usa
1103 1593 1463 1661 convincitur,
1488 1597 1617 1666 quid
1646 1605 1815 1653 restat
1841 1598 2033 1656 nisiut
2056 1617 2193 1657 con-

610 1678 827 1737 tit-endo
883 1683 1228 1740 refrenetur?
1265 1686 1569 1756 Sequitur:
1602 1688 1820 1745 Manum
1870 1710 2036 1748 meam
2091 1711 2190 1765 po-

607 1784 730 1824 nam
757 1788 912 1843 super
935 1790 992 1829 os
1020 1792 1213 1830 nicum.
1254 1807 1327 1817 —
1356 1777 1467 1834 Usu
1499 1781 1640 1835 sacri
1671 1782 1891 1853 eloquii,
1940 1784 1994 1838 in
2027 1800 2190 1840 manu

606 1865 872 1932 operatio,
901 1866 952 1920 in
984 1883 1081 1923 ore
1108 1868 1308 1925 locutio
1351 1870 1490 1927 solet
1518 1872 1763 1945 intelligi.
1813 1875 2027 1929 Manum
2063 1891 2192 1946 ergo

606 1968 773 2022 super
810 1971 873 2010 os
904 1971 1105 2027 ponere
1128 1966 1233 2025 est,
1273 1958 1476 2015 virtute
1504 1961 1630 2016 boni
1661 1964 1841 2033 operis
1870 1964 2054 2034 culpas
2085 1975 2189 2021 ter-

614 2059 743 2114 gere
784 2045 1016 2102 incauta:
1053 2048 1359 2105 locutionis.
1391 2049 1525 2118 Quis
1566 2053 1710 2108 enim
1759 2063 1841 2109 est
1878 2063 1987 2109 tam
2015 2055 2193 2126 pcrl‘e-

611 2137 863 2205 ctus,~qui
896 2136 1087 2193 saltem
1117 2140 1170 2194 in
1200 2142 1374 2197 otioso
1400 2159 1650 2199 sermone
1673 2162 1778 2201 non
1803 2158 2004 2216 peccet,
2024 2147 2191 2204 δωροῦ

563 2270 574 2282 .
608 2230 925 2293 attestante,
976 2229 1069 2299 qui
1122 2231 1199 2285 ait
1231 2249 1246 2286 :
1277 2249 1298 2283 ι
1337 2231 1395 2286 ln
1454 2235 1638 2291 multis
1686 2238 1829 2292 enim
1870 2237 2191 2295 offendimus

605 2331 799 2378 omnes
847 2318 990 2390 (Jac.
1027 2338 1111 2377 ιιι.
1158 2321 1234 2393 2).
1273 2342 1291 2376 ι
1337 2323 1494 2381 Unde
1535 2337 1720 2383 sancta
1768 2329 2029 2396 Ecclesia,
2078 2346 2191 2387 ma-

604 2422 733 2462 num
782 2424 945 2481 super
988 2426 1052 2468 os
1093 2414 1263 2482 ponit,
1306 2415 1430 2472 dum
1470 2419 1522 2472 in
1566 2419 1751 2476 electis
1799 2420 1915 2490 ejus
1950 2424 2189 2492 quotidie

2295 1233 2479 1305 itaque
2504 1236 2603 1295 Job
2629 1241 2757 1311 quia
2784 1242 2996 1315 culpam
3038 1261 3192 1303 suam
3244 1248 3386 1305 inter
3420 1250 3616 1323 ﬂagella
3641 1269 3725 1309 non
3745 1258 3799 1310 in.

2292 1328 2461 1392 venit,
2515 1344 2617 1385 nec
2647 1339 2824 1388 tamen
2855 1332 3063 1407 ﬂagella
3095 1338 3337 1394 eamdem
3366 1356 3581 1397 causam
3616 1346 3698 1400 sibi
3720 1362 3797 1402 esse

2292 1418 2524 1488 augendi
2556 1423 2737 1479 meriti
2785 1424 3215 1496 deprehendens,
3256 1431 3454 1501 injuste
3483 1435 3620 1490 feriri
3642 1452 3689 1492 se
3719 1454 3797 1492 σε.

2292 1511 2448 1578 didit,
2470 1529 2593 1571 cum
2621 1519 2749 1587 quid
2792 1519 2845 1575 in
2887 1536 2945 1577 se
2998 1523 3276 1582 debuisset
3313 1525 3510 1598 corrigi
3539 1526 3608 1582 nil
3634 1529 3797 1582 invenit.

2291 1598 2408 1657 Non
2438 1603 2580 1659 enim
2628 1605 2833 1665 idcirco
2869 1625 2993 1666 eum
3050 1611 3258 1683 ﬂagella
3297 1616 3540 1671 coelestia
3587 1631 3801 1686 percusse-

2292 1700 2442 1758 runt,
2469 1702 2529 1750 ut
2558 1695 2612 1751 in
2654 1712 2722 1754 eo
2770 1700 2962 1769 culpas
3000 1703 3433 1775 exstinguerent,
3484 1706 3576 1762 sed
3602 1708 3744 1776 potius
3761 1716 3799 1760 ut

2293 1783 2487 1839 merita
2515 1800 2796 1858 augerent.
2824 1791 2951 1859 Sed,
2978 1810 3047 1850 ne
3068 1810 3191 1850 eum
3220 1797 3335 1866 ipsa
3366 1799 3659 1853 innocentia
3679 1800 3720 1852 in
3742 1810 3798 1852 tu-

2295 1889 2499 1931 morem
2524 1877 2774 1936 elationis
2814 1880 3133 1952 inﬂccteret,
3173 1887 3353 1942 divina
3399 1902 3533 1943 voce
3560 1888 3798 1958 corripitur,

2292 1973 2352 2019 ut
2380 1981 2610 2036 superna
2643 1973 2910 2027 sententia
2954 1984 3009 2029 et
3047 1977 3090 2031 si
3123 1992 3229 2032 non
3258 1988 3343 2032 est
3369 1980 3605 2050 cognita,
3639 1994 3723 2033 non
3748 1989 3799 2031 Is-

2294 2072 2416 2112 meu
2449 2058 2705 2116 credatur
2732 2061 2950 2131 injusta.
2990 2065 3248 2135 Sequitur
3277 2085 3292 2121 :

2367 2148 2531 2204 Vsus.
2563 2149 2618 2204 4.
2655 2148 2715 2205 Si
2743 2153 2901 2207 habes
2946 2155 3216 2209 brachium
3253 2157 3389 2213 sicut
3426 2157 3581 2223 Deus,
3604 2167 3647 2213 ct
3669 2158 3706 2211 si
3726 2172 3801 2210 rect

2291 2239 2455 2294 simili
2484 2249 2655 2295 tonas.
2690 2270 2766 2284 -—
2785 2242 2919 2298 Cum
2949 2245 3092 2300 enim
3125 2245 3235 2301 Deo
3266 2262 3368 2301 vox
3391 2255 3453 2301 et
3492 2247 3733 2302 brachium
3751 2246 3801 2299 di-

2292 2328 2458 2395 citur,
2483 2331 2780 2386 cavendum
2809 2347 3151 2404 summepere
3191 2344 3275 2389 est
3299 2349 3366 2390 ne
3403 2336 3534 2406 quid
3557 2336 3605 2390 in
3632 2350 3802 2391 eomas

2293 2436 2615 2491 corporeum
2693 2425 3021 2495 suspicetur.
3112 2427 3171 2481 ln
3236 2427 3802 2500 Antropomorpbitarum

601 2499 789 2554 otiosa:
826 2500 1116 2573 locutionis
1145 2504 1313 2560 vitam
1349 2507 1551 2563 virtute
1578 2510 1734 2566 bona:
1760 2513 1990 2568 actionis
2012 2514 2191 2583 operi-
2219 2510 2265 2570 Β
2294 2528 2527 2584 namque
2569 2513 2845 2569 haeresim"
2860 2515 3053 2573 cadere
3112 2524 3197 2573 est
3232 2532 3378 2584 eum,
3442 2520 3535 2589 qui
3587 2519 3803 2574 incircumc

603 2598 713 2646 tur.
746 2590 1017 2664 Scriptum
1040 2611 1272 2667 namque
1295 2609 1376 2654 est
1409 2617 1422 2654 :
1453 2620 1471 2653 ι
1504 2599 1654 2656 Beati
1678 2618 1906 2672 quorum
1949 2607 2187 2661 remissae

602 2689 730 2735 sunt
755 2681 1093 2754 iniquitates,
1127 2706 1147 2739 ι
1178 2699 1284 2743 etc.
1322 2688 1494 2760 (Psal.
1526 2708 1682 2757 xxxi,
1716 2694 1792 2767 l.)
1826 2694 2120 2766 Sequitur:

675 2770 841 2828 Vens.
877 2773 966 2829 55.
989 2774 1161 2830 Unum
1186 2778 1391 2833 locutus
1420 2798 1535 2836 sum
1569 2784 1710 2853 quod
1733 2785 1934 2839 utinam
1980 2803 2082 2841 non
2107 2787 2188 2842 di-

601 2862 817 2930 xissem,
845 2873 895 2918 ct
920 2864 1183 2935 alterum;
1221 2870 1410 2940 quibus
1434 2872 1574 2927 ul:ra
1623 2891 1728 2930 non
1767 2876 1982 2931 addam.
2024 2909 2094 2919 —
2128 2878 2187 2935 Si

605 2959 881 3010 transacta
914 2958 1081 3014 verba
1130 2959 1273 3015 beati
1313 2961 1415 3017 Job
1444 2964 1789 3032 discutimus,
1817 2968 1896 3023 nil
1933 2983 2055 3025 eum
2084 2986 2187 3027 nc-

605 3043 788 3112 quiter
813 3045 1017 3105 dixisse
1063 3051 1390 3122 reperimus;
1424 3055 1467 3109 si
1500 3071 1632 3112 vero
1663 3072 1726 3113 ea
1760 3073 1880 3127 quae
1922 3076 2046 3115 cum
2098 3076 2189 3117 ve-

604 3132 771 3190 ritate
816 3150 881 3191 ac
910 3137 1162 3195 libertate
1206 3142 1413 3211 prolata
1443 3154 1589 3211 sunt,
1616 3146 1670 3202 in
1713 3147 1896 3219 aliquo
1922 3151 2187 3220 superbia:

603 3223 736 3279 vitio
757 3224 1049 3295 ﬂectimus,
1075 3230 1183 3287 duo
1207 3231 1544 3291 solummodo
1562 3235 1674 3306 jam
1705 3254 1811 3295 non
1851 3250 2032 3310 erunt,
2060 3242 2187 3313 quia

606 3315 777 3371 multa
797 3328 943 3374 sunt.
969 3318 1074 3377 Sed
1097 3323 1223 3392 quia
1256 3335 1501 3381 nostrum
1524 3338 1611 3384 est
1637 3331 1946 3388 hominibus
1967 3350 2187 3401 sensum

606 3407 787 3464 verbis
810 3412 1045 3480 aperire,
1076 3413 1219 3485 loqui
1263 3432 1394 3473 vero
1432 3431 1675 3476 nostrum
1703 3423 1768 3478 ad
1796 3424 2004 3482 divinas
2027 3442 2188 3484 aures

604 3504 691 3551 est
738 3511 944 3556 motum
980 3505 1178 3560 mentis
1215 3509 1567 3577 expressione
1598 3512 1829 3569 actionis
1869 3517 2180 3574 ostendere.

609 3587 784 3645 Unum
831 3606 961 3663 ergo
1006 3594 1151 3666 loqui
1207 3597 1394 3655 illicite
1444 3610 1549 3668 est,
1601 3619 1690 3659 res
1741 3603 1951 3678 ﬂagello
1999 3609 2188 3679 dignas

607 3695 790 3754 agere,
817 3684 962 3741 aliud
1001 3686 1149 3759 loqui
1181 3698 1265 3745 est
1293 3692 1460 3747 etiam
1495 3695 1560 3749 de
1584 3694 1794 3767 ﬂagello
1823 3714 2183 3757 murmurare.

604 3775 686 3829 Ac
711 3776 756 3831 si
797 3791 927 3848 ergo
957 3780 1102 3835 dicat
1133 3800 1146 3837 :
1180 3783 1409 3840 Rectum
1440 3787 1658 3856 quidem
1696 3803 1784 3843 me
1827 3791 1971 3848 inter
2011 3792 2190 3848 homi-

2288 2603 2691 2675 scripteimplct
2718 2614 2774 2659 et
2795 2606 3171 2676 complectitur
3204 2610 3416 2675 omnia,
3449 2610 3588 2671 inter
3611 2623 3800 2679 corpore:

2288 2693 2614 2750 lineamenta
2663 2695 3023 2762 concludere;
3074 2697 3170 2753 sed
3216 2699 3562 2769 omnipotens
3597 2700 3729 2762 Deus,
3759 2697 3802 2750 ad

2289 2801 2387 2842 sua
2415 2800 2515 2842 nos
2544 2786 2788 2853 trahens,
2815 2802 2987 2857 usque
3012 2788 3078 2842 ad
3103 2798 3284 2845 nostra
3308 2805 3368 2846 se
3400 2790 3660 2857 humiliat,
3677 2799 3800 2859 atque.

2288 2882 2348 2931 ut
2368 2875 2476 2932 alta
2517 2876 2771 2942 insinuet,
2796 2877 3055 2934 humilius
3096 2880 3507 2937 condescendit.
3536 2881 3674 2937 Unde
3694 2880 3747 2933 sit
3767 2886 3803 2932 ut

2286 2982 2385 3037 per
2407 2966 2740 3036 Scripturam
2767 2983 2921 3023 suam
2937 2968 3227 3040 aliquando
3245 2984 3278 3024 a
3298 2970 3615 3041 corporibus
3632 2968 3802 3026 omnium

2288 3059 2697 3115 similitudinem
2747 3061 2944 3128 trahat,
3003 3071 3063 3118 ut
3098 3062 3227 3118 illud
3259 3078 3276 3118 :
3317 3081 3336 3116 ι
3369 3063 3478 3131 Qui
3506 3064 3802 3135 tetigerim.

2290 3152 2462 3222 tangit
2505 3152 2764 3223 pupillam
2812 3153 2954 3210 oculi
3000 3154 3108 3211 mei
3140 3154 3326 3224 (Zach.
3355 3171 3417 3221 ιι,
3453 3157 3533 3228 8),
3569 3176 3587 3209 ι
3626 3164 3670 3210 et
3693 3172 3704 3208 :
3731 3152 3805 3207 «In

2288 3241 2523 3312 scapulis
2552 3243 2665 3299 suis
2713 3244 3060 3300 obumbrabit
3094 3245 3189 3300 tibi
3233 3244 3409 3316 (Psat.
3468 3263 3557 3313 xc,
3602 3244 3804 3317 4).ιΑΙῑο

2288 3333 2503 3403 quando
2532 3347 2561 3387 a
2587 3333 2883 3398 mentibus,
2905 3343 2966 3389 ut
2988 3334 3125 3390 illud
3158 3352 3172 3389 :
3211 3352 3229 3387 ι
3262 3334 3604 3392 Rccordatus
3622 3350 3717 3391 sum
3739 3333 3801 3391 tui.

2288 3424 2554 3480 miserans
2575 3422 2997 3480 adolescentiam
3024 3433 3170 3480 tuam
3199 3425 3334 3495 (Jer.
3363 3442 3427 3492 ιι,
3458 3426 3538 3497 2).
3573 3444 3590 3478 ι
3620 3425 3803 3491 Aliquan-

2287 3515 2355 3572 do
2383 3516 2453 3571 ab
2486 3515 2698 3592 avibus,
2726 3524 2787 3571 ut
2825 3514 2956 3571 illud
2988 3531 3002 3568 :
3036 3535 3056 3568 ι
3103 3517 3375 3588 Expandit
3430 3518 3548 3573 alas
3572 3525 3625 3573 et
3655 3511 3805 3579 accqiil

2287 3604 2575 3677 eos(Deut.
2593 3621 2766 3673 xxxu,
2801 3606 2911 3678 Η).
2935 3628 2954 3660 ι
2984 3606 3288 3676 Aliquando
3309 3608 3478 3663 etiam
3507 3600 3803 3663 abinscasnlis

2288 3697 2470 3765 rebus,
2497 3704 2560 3753 ut
2584 3696 2714 3753 illud
2742 3714 2755 3751 :
2793 3716 2812 3750 ι
2848 3698 2987 3754 Ecce
3016 3712 3115 3770 ego
3143 3698 3385 3755 stridebo
3413 3713 3578 3769 super
3597 3711 3694 3759 vos,
3712 3692 3804 3746 sicut

2291 3789 2483 3845 stridet
2537 3788 2839 3858 plaustrum
2885 3798 3141 3846 onustum
3190 3789 3317 3846 feno
3356 3790 3542 3859 (Amas
3588 3804 3653 3853 ιι,
3688 3785 3800 3851 13).ι

604 3880 704 3923 nes
730 3868 959 3936 credidi,
989 3872 1083 3928 sed
1121 3882 1173 3929 te
1222 3873 1475 3945 loquente
1517 3887 1645 3934 ante
1693 3879 1902 3953 ﬂagella
1934 3898 2183 3953 pravum,
2214 3859 2261 3922 (δ
2291 3877 2427 3934 Cum
2464 3885 2644 3933 amem
2679 3878 2734 3933 in
2765 3879 2876 3936 D60
2921 3878 3084 3947 "culi,
3110 3879 3341 3951 εωιιιιιω
3367 3889 3536 3949 atque
3576 3878 3665 3932 ala:
3685 3870 3803 3928 uomi-

604 3967 816 4029 etpost
864 3961 1071 4034 ﬂagella
1119 3982 1215 4022 me
1248 3968 1477 4039 rigidum
1528 3970 1730 4027 inveni.
1795 3973 2003 4041 Quibus
2047 3976 2189 4032 ultra

607 4068 772 4108 unum
804 4071 912 4112 non
962 4060 1120 4127 addo,
1158 4061 1382 4132 quijam
1416 4079 1559 4119 nunc
1597 4074 1799 4134 quanto
1845 4075 1895 4122 te
1936 4067 2190 4137 loquente

602 4145 851 4205 subtilius
901 4150 1159 4223 intelligo,
1209 4161 1360 4210 tanto
1407 4157 1780 4228 memetipsum
1829 4160 2193 4219 humiliusin-

605 4240 830 4311 vestigo.
870 4242 1035 4300 Electi
1066 4256 1244 4301 autem
1271 4248 1322 4302 in
1340 4247 1577 4305 Ecclesia
1614 4251 1666 4305 in
1683 4266 1790 4306 uno
1809 4261 1863 4307 et
1882 4254 1950 4307 ab
1967 4254 2072 4309 alio
2087 4254 2188 4311 de-

604 4329 825 4399 liquisse
852 4350 909 4389 se
938 4337 1198 4403 sentiunt,
1227 4339 1350 4407 quia
1398 4355 1458 4394 se
1501 4340 1807 4412 intelligunt
1831 4342 1913 4398 vel
1954 4346 2006 4399 in
2042 4346 2189 4417 cogi-

606 4420 810 4477 tatione
849 4431 904 4478 et
940 4439 1126 4495 Opere,
1150 4428 1235 4481 vel
1267 4429 1320 4483 in
1354 4428 1449 4484 Dei
1487 4445 1550 4485 ac
1578 4433 1808 4501 proximi
1841 4434 2084 4506 neglecta
2109 4437 2189 4491 di-

603 4513 838 4571 lectione
889 4532 1164 4587 peccasse,
1213 4523 1410 4590 quibus
1455 4539 1514 4579 se
1572 4528 1893 4595 promittunt
1944 4530 2081 4585 ultra
2114 4531 2188 4587 nil

605 4605 825 4669 addere,
849 4608 973 4678 quia
1003 4625 1100 4679 per
1127 4614 1498 4670 conversionis
1529 4617 1757 4687 gratiam
1790 4629 1985 4675 curant
2016 4626 2188 4691 poeni-

604 4695 766 4751 tendo
801 4699 1038 4768 quotidie
1061 4702 1223 4757 etiam
1272 4712 1544 4761 transacta
1585 4724 1836 4777 purgare.
1865 4711 2053 4767 Omnis
2088 4729 2184 4767 au-

603 4795 711 4843 tem
740 4797 992 4859 peccator
1014 4791 1065 4845 in
1090 4792 1409 4862 paenitentia
1433 4796 1697 4866 duplicem
1714 4800 1910 4855 habere
1930 4803 2187 4873 gemitum

601 4876 784 4944 debet,
810 4879 1087 4946 nimirum,
1111 4884 1237 4952 quia
1270 4893 1327 4938 et
1372 4885 1591 4951 bonum,
1615 4888 1756 4956 quod
1777 4891 2035 4957 oportuit,
2079 4908 2186 4947 non

602 4967 761 5037 fecit;
803 4982 859 5027 et
906 4973 1104 5028 malum
1146 4976 1289 5044 quod
1337 4992 1444 5031 non
1485 4979 1745 5048 oportuit,
1798 4979 1944 5036 fecit.
1990 4980 2186 5039 Sequi-

605 5066 726 5113 tur:

1132 5184 1133 5187 η
1200 5154 1431 5212 CAPUT
1470 5157 1581 5212 XL.

679 5239 838 5297 Vsus.
877 5242 1011 5308 1,2.
1046 5242 1382 5314 Respondeas
1445 5258 1621 5302 autem
1668 5248 1925 5305 Dominus
1978 5251 2079 5306 Job
2123 5252 2187 5307 de

606 5333 810 5388 turbine
834 5335 969 5390 dixit
997 5350 1015 5388 :
1046 5336 1269 5400 Accinge
1297 5339 1432 5392 sicut
1462 5341 1544 5393 vir
1601 5340 1802 5397 lumbos
1853 5353 1990 5400 tuos.
2028 5346 2189 5400 inter-

2211 5205 2268 5270 ι)

2292 3978 2509 4036 nantur,
2580 3968 2804 4026 eﬂ'ectus
2849 3970 3069 4040 quidam
3151 3970 3485 4040 operationis
3539 3966 3802 4026 ostenditur;

2291 4076 2416 4117 cum
2439 4076 2569 4116 vero
2615 4076 2809 4117 manus
2850 4068 2905 4117 et
2938 4061 3243 4129 brachium,
3274 4060 3502 4117 dextera
3554 4059 3634 4116 vel
3674 4051 3802 4109 min

2290 4151 2404 4207 Deo
2436 4150 2637 4207 dicitur
2668 4168 2681 4204 :
2707 4166 2805 4221 per
2828 4152 2946 4207 haec
2972 4152 3233 4207 vocabula
3260 4142 3804 4209 consubstantialisejus

2289 4240 2459 4297 Filius
2489 4242 2914 4298 demonstratur.
2949 4242 3068 4314 Ipse
3096 4244 3293 4315 quippe
3332 4250 3418 4299 est
3447 4256 3635 4298 manus
3651 4236 3802 4294 etde!-

2291 4344 2430 4402 tera,
2480 4345 2540 4393 ut
2583 4335 2713 4392 illud
2763 4354 2776 4390 :
2812 4354 2832 4388 ι
2878 4334 3085 4391 Tollam
3124 4336 3177 4390 in
3205 4335 3402 4390 cretum
3432 4347 3641 4389 manum
3678 4337 3801 4383 meam

2290 4429 2471 4499 (Deut.
2520 4446 2695 4495 xxxn,
2738 4428 2854 4498 40),
2895 4447 2913 4482 ι
2968 4438 3070 4484 et:
3118 4447 3138 4481 ι
3191 4428 3393 4485 Jurabo
3441 4442 3543 4497 per
3590 4425 3801 4479 dexteram

2291 4536 2467 4577 meam
2518 4520 2655 4592 (lsa.
2694 4536 2828 4586 LXII,
2875 4520 2953 4590 8).
3010 4538 3030 4571 ι
3062 4519 3182 4589 Ipse
3223 4518 3506 4574 brachium
3539 4533 3554 4570 :
3589 4532 3607 4565 ι
3644 4513 3700 4566 Ει
3724 4511 3801 4561 ιιηο

2290 4614 2472 4669 cbium
2501 4612 2736 4677 Domini,
2768 4613 2855 4668 cui
2897 4612 3194 4667 revelatum
3220 4620 3304 4667 est
3341 4610 3478 4681 (Isa.
3501 4622 3680 4670 χχχιιι,
3715 4600 3797 4669 Ι)οθ

2288 4701 2407 4773 Ipsa
2431 4718 2533 4757 vox
2568 4722 2581 4757 :
2618 4722 2635 4756 ι
2688 4702 2808 4771 Ipse
2838 4702 2992 4767 dixit,
3047 4711 3103 4757 et
3140 4701 3278 4757 facta
3313 4709 3437 4756 sunt
3469 4698 3634 4773 (Psal.
3678 4704 3799 4793 mil.

2290 4794 2367 4865 9).
2421 4813 2440 4847 ι
2489 4794 2598 4849 Deo
2625 4808 2758 4863 ergo
2788 4794 3069 4849 brachium
3101 4792 3300 4848 habere
3326 4804 3409 4849 est
3431 4797 3719 4880 operantem

2289 4882 2419 4936 lium
2448 4882 2699 4953 gignere;
2726 4897 2859 4938 voce
2880 4890 3065 4939 tonare
3090 4892 3194 4949 est,
3218 4879 3708 4939 consubstantialem
3731 4870 3797 4924 sibi

2291 4972 2458 5028 ﬁlium
2486 4973 2803 5030 terribiliter
2848 4975 3244 5030 demonstrare.
3287 4974 3393 5030 Sed
3425 4988 3547 5028 cum
3577 4959 3797 5026 beatam

2289 5067 2394 5122 ista
2420 5063 2694 5131 dicuntur,
2723 5066 2858 5120 mira
2892 5066 3292 5137 dispensatione
3323 5064 3537 5134 pietatis
3564 5056 3796 5124 eum,-dum

2291 5158 2558 5228 increpat,
2580 5156 2807 5212 exaltat.
2834 5155 3091 5227 Sequitur
3116 5174 3130 5209 :
3628 5241 3633 5242 γ
3769 5231 3778 5242 ⁸

2364 5252 2528 5307 Vsus.
2558 5250 2613 5305 5.
2654 5246 2938 5304 Circumda
2959 5248 3054 5302 tibi
3079 5247 3335 5310 decorent,
3358 5256 3403 5299 et
3423 5245 3481 5298 in
3507 5241 3705 5298 sublime
3724 5248 3797 5287 m-

2292 5360 2433 5400 aere.
2448 5353 2497 5398 et
2522 5351 2630 5397 esto
2659 5340 2939 5400 gloriosus,
2962 5348 3009 5395 et
3032 5339 3274 5400 speciosis
3290 5339 3512 5392 induere
3532 5332 3797 5390 vestibus.»
