3934 5400
99 344 194 401 ιει

774 327 1074 387 EPI'I'OME
1112 322 1476 383 MORALIUM
1516 321 1573 377 S.
1614 317 1824 377 GREG.
1865 316 1931 372 IN
1969 315 2108 372 JOB.
2150 344 2219 357 -—-
2258 313 2385 369 LIB.
2426 310 2640 368 XXXII.

3256 306 3362 362 482

98 466 217 509 esse
263 443 689 520 impenetrabilis
714 441 1135 497 demonstratur.
1167 434 1287 505 Ipse
1315 448 1445 487 vero
1487 430 1683 501 glorio-
1712 439 1755 494 Α
1787 426 2048 483 terribilia
2081 425 2197 480 haec
2244 423 2426 479 facere
2474 423 2588 492 ipsa
2617 435 2737 490 quae
2782 417 3001 488 pertuli,
3046 416 3139 473 tibi
3171 426 3224 472 et
3254 433 3360 471 non

96 561 187 599 sus
210 552 311 607 est,
336 540 427 610 qui
452 538 575 592 dum
608 535 785 604 seipse
814 529 1135 603 perfruitur,
1182 527 1478 581 accidentis
1507 523 1680 577 laudis

99 636 351 706 indigens
395 647 501 685 non
533 637 636 684 est.
688 626 808 695 Ipse
850 622 1093 692 speciosis
1149 619 1387 673 induntur
1436 615 1678 678 vestibus,

99 726 191 796 qui
221 703 547 778 sanctorum
599 718 795 772 choros
840 727 976 783 quos
1024 709 1285 773 condidit,
1311 707 1363 760 in
1393 720 1549 760 usum
1599 703 1681 758 sui

101 792 316 870 decoris
347 805 659 877 assumpsit,
711 815 767 859 et
801 802 945 857 velut
984 797 1272 870 quamdam
1318 803 1543 860 vestem,
1576 792 1686 863 εισι

102 904 306 958 riosam
339 899 441 955 sibi
481 894 776 952 Ecclesiam
806 891 1045 953 exhibet,
1078 907 1096 938 ‹
1128 886 1241 940 Non
1265 885 1547 939 habentem
1573 898 1686 937 ma-

103 993 283 1048 culam
309 998 405 1044 aut
425 1003 612 1057 rugam
636 982 850 1056 (Ephes.
882 996 938 1045 v,
964 979 1078 1050 27).
1126 996 1144 1028 ι
1186 974 1339 1032 Unde
1373 976 1419 1028 ei
1445 990 1539 1045 per
1561 973 1688 1027 Pro-

104 1085 326 1154 phetam
349 1081 582 1135 dicitur:
625 1094 642 1126 ‹
671 1071 1077 1128 Confessiouem
1119 1076 1175 1121 et
1211 1067 1462 1120 decorem
1508 1062 1686 1118 indui-

108 1174 201 1238 sti,
227 1191 245 1222 ι
276 1180 384 1225 etc.
414 1171 431 1239 (
472 1165 616 1220 Psal.
642 1180 756 1225 CIII,
798 1163 875 1229 1.)

175 1264 346 1319 Vsus.
374 1263 427 1315 6.
462 1260 709 1328 Disperge
754 1253 1000 1324 superbos
1021 1251 1074 1304 in
1110 1249 1287 1319 furore
1318 1256 1429 1299 tuo.
1456 1274 1526 1282 —
1555 1241 1691 1297 Sub-

108 1355 267 1410 audis
287 1362 348 1407 ut
372 1367 496 1422 ego,
527 1350 619 1420 qui
643 1362 737 1402 eos
762 1340 1171 1414 tranquillitatis
1197 1347 1435 1406 tempore
1457 1334 1693 1388 immites

106 1457 302 1501 contra
333 1458 422 1498 me
469 1440 659 1503 tolero,
691 1444 746 1493 et
780 1435 1057 1489 districtus
1095 1430 1418 1500 quandoque
1447 1425 1690 1487 veniens,

110 1538 167 1593 in
200 1539 326 1591 meo
363 1547 458 1588 eos
491 1529 675 1584 furore
716 1527 984 1594 disperge.
1039 1521 1195 1576 Absit
1232 1527 1412 1573 autem
1461 1524 1520 1570 ut
1574 1513 1696 1584 quis

110 1627 304 1682 credat
323 1622 468 1694 quod
495 1622 548 1675 in
571 1619 660 1674 illa
686 1615 982 1672 divinitatis
1009 1610 1309 1668 substantia
1336 1607 1519 1661 furore
1551 1614 1698 1658 tran-

112 1714 359 1787 quillitas
414 1709 672 1765 varietur.
724 1707 862 1761 Hinc
906 1705 1050 1759 enim
1090 1702 1349 1770 scriptum
1402 1707 1488 1752 est
1517 1713 1530 1749 :
1563 1714 1580 1747 ‹
1616 1694 1699 1749 Tu

1785 519 1916 574 mihi
1946 517 2143 587 deputo
2197 516 2338 570 bona
2377 513 2557 568 omnia
2610 526 2730 582 qum
2760 509 2956 565 fecisti.
2985 509 3041 563 Si
3070 524 3198 564 vero
3241 523 3367 578 pec-

1785 618 1971 665 cantes
2025 606 2161 661 alios
2216 600 2550 674 respiciendo
2578 615 2683 655 non
2724 608 2881 669 potes
2921 600 3169 667 perdere,
3199 597 3369 670 liquet

1784 700 1926 772 quod
1965 707 2119 755 reatu
2164 696 2420 766 nequitiae
2468 703 2556 747 tua
2609 703 2661 749 te
2718 692 2915 747 virtute
2951 706 3055 746 non
3085 690 3364 745 liberares.

1788 793 2044 863 Sequitur
2078 808 2092 845 :

1861 884 2025 939 Vsus.
2086 882 2174 937 10.
2228 880 2363 935 Ecce
2403 876 2687 932 Behemoth
2734 890 2887 945 quem
2939 873 3039 943 feci
3086 885 3368 927 tecum-«-

1790 979 1960 1046 Quem
1986 978 2085 1032 sub
2109 973 2405 1031 Behemoth
2444 971 2684 1036 nomine,
2717 967 2819 1022 nisi
2843 967 3119 1035 antiquum
3156 966 3369 1020 hostem

1792 1070 2050 1132 insinuat,
2101 1066 2192 1136 qui
2247 1066 2635 1133 interpretatus
2666 1077 2729 1113 cx
2770 1058 2992 1113 Hebraea
3023 1073 3153 1112 voce
3181 1058 3234 1110 in
3264 1054 3371 1111 La-

1794 1167 1903 1220 tina
1934 1164 2135 1232 lingua,
2166 1159 2364 1214 animal
2390 1156 2580 1213 sonat?
2626 1154 2729 1209 Sed
2760 1168 2881 1207 cum
2913 1154 2978 1206 de
3006 1150 3117 1205 Deo
3150 1149 3368 1212 dicitur,

1796 1254 1919 1325 quia
1948 1250 2073 1305 fecit
2110 1250 2290 1302 omnia
2323 1245 2481 1300 simul
2516 1241 2702 1313 (Eccli.
2740 1256 2892 1307 xviii,
2938 1239 3013 1310 1),
3047 1238 3151 1292 hoc
3175 1235 3376 1290 animal

1796 1360 1918 1399 cum
1950 1341 2167 1395 homine
2197 1336 2391 1392 fecisse
2426 1334 2648 1396 imlicat,
2678 1334 2802 1387 dum
2828 1338 3019 1386 cuncta
3055 1330 3179 1398 quia
3208 1327 3376 1382 semel

1800 1433 1989 1489 fecerit
2062 1437 2294 1484 constat.
2352 1426 2556 1480 Rerum
2610 1424 2807 1495 quippe
2864 1421 3163 1477 substantia
3218 1419 3377 1473 simul

1800 1529 1982 1577 creata
2020 1528 2120 1583 est,
2155 1517 2249 1572 sed
2293 1514 2451 1569 simul
2479 1529 2572 1583 per
2600 1514 2809 1581 species
2842 1511 3068 1565 formata
3109 1526 3213 1564 non
3250 1519 3331 1565 est
3362 1526 3375 1562 :

1801 1625 1856 1672 et
1902 1614 2079 1685 quoad
2129 1610 2289 1666 simul
2334 1607 2543 1665 exstitit
2585 1622 2681 1677 per
2711 1606 3066 1661 substantiam
3120 1603 3380 1668 materiae,

1805 1724 1910 1764 non
1942 1706 2102 1762 simul
2146 1703 2395 1775 apparuit
2426 1716 2522 1771 per
2552 1701 2786 1770 speciem
2818 1698 3026 1754 formai.
3057 1697 3163 1754 Sed
3188 1712 3288 1753 cur
3317 1698 3387 1752 de

113 1785 322 1868 autem,
385 1801 634 1864 Domine,
681 1813 806 1853 cum
851 1791 1239 1862 tranquillitate
1276 1787 1492 1857 iudicas
1545 1785 1698 1857 (Sep.

1818 1799 2099 1856 Bebemoth
2133 1794 2438 1867 specialiter
2488 1793 2707 1856 dicitur,
2748 1807 2870 1846 cum
2918 1791 3113 1845 beatus
3153 1788 3252 1843 Job
3299 1786 3384 1841 fa-

112 1914 215 1961 x",
250 1896 359 1967 18).
400 1912 419 1946 ι
453 1892 559 1948 Sed
609 1889 761 1945 furor
811 1885 1024 1941 Domini
1074 1882 1295 1948 inloco,
1327 1896 1433 1935 non
1489 1885 1702 1949 pertur-

114 1987 268 2044 batio
297 1965 493 2040 divinie
510 1979 849 2043 substantiae,
889 1976 984 2031 sed
1018 1988 1181 2043 super
1205 1980 1521 2042 peccatores
1561 1965 1705 2022 male

112 2078 372 2134 conscios
422 2073 750 2131 examinatio
777 2069 938 2139 iustae
968 2067 1219 2121 vindicta:
1262 2064 1478 2119 dicitur.
1514 2060 1708 2131 Sequi-

114 2179 213 2224 tur
250 2183 267 2223 :
334 2166 403 2220 Et
430 2165 729 2236 respiciens,
760 2175 964 2215 omnem
1011 2166 1342 2226 arrogantem
1369 2153 1610 2207 humilia.
1638 2179 1709 2190 --

120 2261 201 2316 Ae
232 2260 276 2315 si
305 2260 472 2321 dicat,
511 2234 568 2309 ut
592 2270 711 2320 ego.
761 2251 981 2306 Duobus
1009 2234 1193 2303 autem
1214 2247 1386 2301 modis
1414 2260 1444 2299 a
1481 2244 1709 2299 Domino

120 2357 378 2420 peccator
403 2345 774 2417 unusquisque
801 2339 1119 2409 respicitur;
1148 2351 1270 2391 eum
1301 2345 1393 2389 aut
1415 2352 1444 2389 a
1488 2341 1712 2405 peccato

119 2438 481 2501 convertitur,
524 2442 618 2488 aut
680 2448 748 2488 ex
783 2438 1007 2502 peccato
1062 2429 1301 2498 punitur.
1335 2427 1409 2481 De
1462 2434 1714 2495 respectu

123 2530 273 2585 enim
294 2526 666 2583 conversionis
702 2525 924 2587 dicitur,
953 2521 1078 2591 quia
1113 2538 1133 2572 ι
1187 2518 1429 2588 respexit
1451 2517 1714 2573 Dominus

125 2621 371 2685 Petrum,
411 2636 430 2670 ι
459 2625 567 2672 etc.
598 2614 749 2687 (Luc.
802 2627 939 2677 xxii,
964 2609 1076 2679 61.)
1112 2608 1187 2663 De
1213 2616 1461 2677 respectu
1495 2621 1715 2661 rursum

127 2709 351 2766 ultionis
392 2707 592 2762 dicitur
624 2723 638 2760 :
672 2722 691 2756 ι
733 2701 924 2757 Vultus
962 2710 1140 2754 autem
1171 2697 1384 2752 Domini
1436 2711 1600 2767 super
1638 2697 1717 2749 fa-

128 2805 337 2858 cientes
367 2800 534 2863 mala,
570 2817 588 2850 ι
620 2807 727 2852 etc.
755 2792 928 2867 (Prol.
971 2806 1168 2856 χχχιιι,
1200 2789 1311 2860 17.)
1343 2789 1598 2858 Sequitur
1630 2805 1644 2841 :

199 2891 369 2945 Vsus.
393 2891 448 2944 7.
476 2888 689 2959 Respice
714 2894 927 2940 cunctos
954 2882 1219 2951 superbos,
1247 2890 1294 2934 et
1327 2879 1587 2949 confunde
1608 2893 1715 2943 eos,

132 2996 178 3038 et
210 2996 416 3036 contere
437 2980 625 3047 impios
652 2977 709 3030 in
743 2976 856 3028 loco
884 2990 998 3027 suo.
1028 3002 1100 3012 —
1123 2971 1392 3026 Subattdis
1424 2978 1482 3023 ut
1504 2984 1602 3040 ego
1628 2984 1719 3023 su-

133 3074 285 3144 perbi
328 3073 476 3125 enim
526 3083 593 3123 ex
622 3076 871 3137 respectu
918 3063 1130 3119 Domini
1182 3060 1600 3123 confunduntur,
1628 3068 1720 3114 aut

1801 1899 1972 1955 ctum,
2001 1887 2144 1960 quod
2176 1898 2464 1941 commune
2495 1899 2617 1937 cum
2646 1880 2916 1938 creaturis
2944 1880 3195 1934 omnibus
3217 1894 3387 1948 gene-

1805 1981 1996 2038 raliter
2018 1960 2543 2034 lmbcaturiSubuli
2567 1982 2745 2028 autem
2772 1972 3107 2027 discussione
3132 1988 3151 2020 ι
3182 1966 3340 2023 simul
3364 1986 3382 2018 ι

1807 2072 2008 2127 factum
2023 2068 2272 2139 angelum
2293 2066 2675 2134 hominemque
2690 2060 3096 2132 cognoscimus;
3125 2077 3143 2109 ι
3164 2055 3344 2122 simul,
3367 2073 3387 2107 ι

1807 2160 2065 2215 videlicet
2104 2172 2210 2221 non
2248 2143 2456 2209 unitate
2486 2153 2768 2223 temporis,
2814 2152 2907 2207 sed
2948 2149 3277 2221 cogitatione
3306 2161 3393 2201 ra-

1812 2252 1992 2308 tionis.
2033 2268 2052 2301 ‹
2090 2248 2264 2304 Simul
2298 2266 2316 2299 ι
2346 2262 2442 2318 per
2469 2253 2747 2315 acceptam
2774 2243 3062 2313 imaginem
3092 2239 3391 2310 sapientiae,

1812 2350 1867 2397 et
1893 2356 1998 2396 non
2029 2359 2047 2392 ι
2076 2338 2235 2394 simul
2270 2357 2288 2390 ι
2314 2351 2414 2406 per
2435 2334 2780 2405 conjunctam
2806 2330 3165 2387 substantiam
3187 2328 3392 2383 formze.

1816 2431 2089 2501 Scriptum
2121 2441 2357 2498 namque
2385 2435 2467 2481 est
2493 2426 2560 2480 de
2609 2424 2829 2479 homine
2859 2439 2872 2476 :
2907 2439 2927 2473 ο
2965 2420 3252 2475 Faciamus
3302 2420 3397 2473 ho-

1815 2530 2017 2587 minem
2086 2525 2153 2580 ad
2205 2523 2492 2592 imaginem
2544 2527 2601 2574 et
2672 2515 3085 2571 similitudinem
3155 2520 3396 2567 nostram

1818 2620 1972 2692 (Gen.
2000 2637 2040 2686 ι,
2070 2616 2184 2689 26).
2224 2635 2242 2668 ι
2272 2614 2341 2670 Et
2377 2629 2471 2685 per
2503 2608 2841 2666 Ezecbiclcm
2871 2607 2938 2661 ad
2963 2605 3128 2663 Satan
3158 2605 3357 2658 dicitur
3382 2620 3396 2657 :

1824 2730 1843 2762 ι
1886 2710 1965 2765 Tu
2016 2705 2351 2779 signaculum
2402 2699 2774 2759 similitudinis
2799 2696 2993 2767 plenus
3038 2694 3317 2763 sapientia:
3346 2692 3401 2748 et

1818 2798 2091 2871 perfectus
2112 2797 2306 2851 decore
2332 2794 2385 2847 in
2403 2789 2611 2847 deliciis
2634 2786 2870 2859 paradisi
2899 2785 2993 2842 Dei
3009 2782 3158 2838 fuisti
3186 2781 3404 2855 (Ezceh.

1820 2904 2017 2955 xxviii,
2046 2887 2155 2959 12).
2189 2905 2207 2938 ι
2235 2884 2370 2950 Quia
2392 2898 2522 2953 ergo
2553 2882 2604 2934 in
2628 2888 2824 2935 cuncta
2849 2877 3161 2933 conditione
3199 2888 3402 2939 rerum,

1823 2979 2029 3033 nullum
2074 2974 2342 3030 rationale
2393 2971 2592 3026 animal
2623 2968 2726 3025 nisi
2767 2966 2996 3038 angelus
3028 2973 3082 3022 et
3126 2966 3286 3020 homo
3322 2970 3407 3017 est

1824 3067 2085 3140 quidquid
2108 3065 2319 3120 ratione
2339 3063 2416 3119 uti
2441 3079 2546 3118 non
2577 3069 2780 3133 potest,
2804 3075 2927 3115 cum
2956 3058 3177 3114 homine
3206 3057 3409 3111 factum

132 3168 226 3221 hic
252 3166 320 3220 de
362 3164 566 3234 pietate
613 3167 1009 3226 CUgIIOSCeIIleS
1035 3165 1088 3209 CI.
1120 3156 1438 3210 damnattles
1467 3152 1717 3216 crimina,
1750 3143 1793 3203 C
1829 3179 1932 3217 non
1965 3169 2067 3215 est.
2125 3158 2268 3228 Ergo
2297 3157 2460 3211 ιιοηιο
2514 3170 2637 3210 cum
2664 3167 2786 3207 eum
2817 3152 2908 3222 qui
2964 3149 3174 3205 ratione
3222 3162 3410 3203 secum

137 3270 232 3313 aut
276 3258 389 3312 illic
436 3254 700 3324 supplicia
744 3250 810 3306 de
838 3250 1051 3321 justitia
1082 3248 1401 3303 sentientes.
1428 3246 1721 3315 Impiorum

134 3370 267 3409 vero
294 3352 450 3406 locus
475 3351 585 3420 ipsa
609 3347 858 3418 superbia
893 3354 995 3411 est,
1023 3346 1148 3414 quia
1173 3358 1295 3399 cum
1320 3341 1579 3412 scriptum
1611 3340 1681 3395 sit
1705 3355 1719 3393 :

144 3466 163 3498 ι
199 3445 419 3501 Initium
475 3441 653 3497 omnis
693 3438 901 3511 peccati
947 3436 1199 3507 superbia
1232 3435 1421 3497 (Eccli.
1464 3448 1516 3497 x,
1545 3432 1658 3504 23).
1699 3451 1718 3484 ι

142 3538 292 3593 Unde
319 3536 500 3590 oritur
555 3533 825 3603 impietas,
879 3530 952 3584 ibi
985 3526 1309 3583 continetur.
1340 3524 1595 3592 Quamvis
1627 3535 1726 3577 nec

138 3630 439 3700 quidquam
470 3640 502 3679 a
560 3622 815 3694 superbia
862 3620 1028 3675 distat
1076 3617 1343 3687 impietas.
1382 3614 1547 3669 Valde
1581 3613 1725 3667 enim

141 3720 424 3791 superbire
477 3723 562 3771 est
611 3715 679 3770 de
709 3720 932 3767 auctore
967 3723 1227 3779 perversa
1261 3705 1481 3761 sentire.
1527 3705 1726 3774 Impius

143 3828 275 3883 ergo
306 3811 360 3866 in
390 3810 511 3864 loco
532 3822 631 3863 suo
668 3804 992 3868 conteritur,
1023 3800 1149 3871 quia
1180 3800 1292 3869 ipsa
1321 3799 1592 3868 superbia,
1622 3812 1727 3865 qua

141 3904 411 3968 elevatur,
457 3899 804 3971 opprimitur.
851 3895 1005 3952 Unde
1035 3893 1308 3963 Propheta
1347 3892 1423 3945 ait
1471 3907 1484 3943 :
1522 3907 1540 3940 ι
1578 3887 1728 3956 Deje-

141 3995 261 4049 cisti
302 4008 401 4048 eos
441 3992 571 4046 dum
616 3982 1183 4056 allevarentur(P...-l.
1216 3996 1385 4045 LXXII,
1428 3978 1535 4052 18).
1577 3999 1595 4032 ι
1632 3976 1730 4033 Se-

140 4084 333 4155 quitur
352 4100 371 4137 :

210 4175 384 4231 Vsus.
411 4173 464 4230 8.
493 4171 766 4227 Absconde
795 4185 882 4224 eos
921 4168 975 4221 in
1021 4165 1251 4239 pulvere.
1288 4193 1359 4204 —
1386 4161 1464 4217 Ac
1489 4160 1532 4216 si
1565 4160 1730 4225 dicat,

137 4277 201 4325 ut
249 4283 376 4342 ego.
435 4265 714 4336 Superbos
743 4263 887 4318 enim
927 4269 1089 4329 atque
1136 4257 1331 4327 impios
1357 4256 1505 4325 justo
1527 4251 1733 4321 judicio

138 4364 412 4419 Dominus
434 4361 486 4414 in
520 4359 741 4429 pulvere
788 4353 1090 4415 abscondit,
1119 4351 1243 4420 quia
1285 4348 1537 4403 nimirum
1577 4342 1733 4414 quasi

137 4467 274 4512 ante
308 4453 501 4508 faciem
523 4450 637 4505 veri
660 4448 878 4504 luminis
900 4461 1005 4500 non
1030 4450 1278 4514 apparet,
1293 4437 1538 4509 quisquis
1555 4436 1731 4490 adhuc

137 4565 207 4604 ea
232 4561 358 4618 quae
381 4544 568 4599 mundi
600 4550 745 4603 sunt,
799 4538 1003 4608 appetit
1027 4544 1191 4604 atque
1229 4533 1328 4587 sub
1374 4528 1593 4598 pulvere
1626 4535 1733 4580 ter-

136 4616 300 4696 rena:
348 4632 695 4708 cogitationis
740 4631 889 4685 latet.
919 4627 1071 4682 Ilunc
1104 4636 1393 4696 pravarum
1445 4616 1731 4688 cogitatio-

137 4747 279 4789 num
313 4728 590 4800 pulverem
639 4735 899 4795 Oppressa
952 4733 1107 4773 mens
1153 4714 1363 4781 tolerat,
1395 4726 1515 4781 qua:
1544 4717 1738 4763 ventus

138 4796 505 4891 nequissima:
555 4812 868 4870 tentationis
903 4816 1162 4878 asportat.
1194 4803 1455 4873 Sequitur
1501 4819 1514 4853 :
1566 4796 1738 4853 Simul

136 4927 191 4970 et
226 4890 396 4984 facies
426 4924 608 4964 eorum
652 4906 890 4972 demerge
927 4902 981 4954 in
1035 4898 1258 4967 foveam.
1288 4923 1357 4935 -—
1392 4893 1469 4947 Ac
1497 4890 1541 4945 si
1570 4890 1738 4953 dicat,

140 4977 375 5074 ul'cgo.
418 5000 572 5055 Justo
635 5006 867 5061 namque
897 4988 1101 5060 judicio
1158 4983 1512 5054 superborum
1574 4977 1741 5032 facies

140 5067 422 5154 Dominus
448 5092 500 5145 in
526 5090 739 5144 foveam
770 5082 988 5151 mergit,
1020 5079 1145 5147 quia
1178 5073 1532 5130 intentionem
1563 5067 1741 5123 cordis

1539 5156 1619 5192 1'13:
1629 5156 1693 5192 in:
1703 5165 1718 5192 Ι

1070 5176 1243 5192 Anon...
1274 5162 1499 5192 :n'nnzllc

1826 3252 2001 3308 l‘actus
2048 3258 2133 3306 est
2183 3248 2412 3320 periisse
2457 3247 2789 3312 considerat,
2819 3244 3054 3298 vicinum
3093 3240 3194 3296 sibi
3226 3254 3411 3295 casum

1824 3342 2091 3413 superbia:
2128 3355 2193 3415 es
2225 3340 2339 3411 ipsa
2370 3337 2658 3408 propinqui
2690 3335 2772 3391 sui
2816 3333 3119 3405 perditione
3150 3330 3409 3400 pertime-

1826 3442 1964 3490 scat.
1999 3431 2289 3488 Sciendum
2334 3445 2466 3484 vero
2494 3437 2598 3492 est,
2640 3427 2766 3497 quia
2810 3423 3080 3479 nefarium
3130 3418 3413 3474 Manichmi

1827 3528 2019 3597 dogma
2061 3524 2149 3579 hic
2188 3521 2618 3592 reprehenditur,
2659 3518 2751 3588 qui
2810 3517 2937 3571 dum
2993 3515 3101 3570 duo
3147 3513 3413 3584 principia

1827 3616 2088 3687 loquitur,
2136 3613 2485 3667 tenebrarum
2534 3616 2750 3680 gentem
2819 3620 2925 3660 non
2972 3603 3117 3658 facta
3169 3614 3416 3656 asserere

1828 3713 2074 3761 conatur.
2105 3702 2386 3770 Quomodo
2434 3700 2579 3753 enim
2614 3704 2829 3767 gentem
2859 3693 2993 3748 dicit
3021 3691 3413 3760 nequissimam

1830 3815 1935 3853 non
1972 3798 2193 3860 factam,
2227 3794 2353 3847 dum
2384 3789 2705 3854 Bchemoth,
2753 3788 2916 3842 istum
2957 3783 3208 3839 videlicet
3233 3791 3416 3836 aucto-

1816 3903 1944 3943 rem
1976 3884 2232 3955 nequitiae
2270 3896 2366 3952 per
2405 3889 2659 3934 naturam
2687 3877 2827 3932 bene
2849 3874 3122 3930 conditum
3151 3886 3208 3926 se
3236 3871 3417 3926 Domi-
3490 3870 3493 3873 λ

1832 3994 1933 4035 nus
1986 3976 2178 4032 fecisse
2214 3971 2483 4029 testatur?
2530 3969 2789 4039 Sequitur
2847 3985 2860 4020 :
2913 3963 3120 4019 Fanum
3157 3963 3293 4017 sicut
3327 3961 3418 4017 bos
3455 4002 3465 4037 ε

1832 4068 2072 4124 comedit.
2099 4095 2174 4108 --
2200 4064 2327 4119 Haec
2348 4063 2512 4118 etiam
2540 4060 2727 4115 eadem
2756 4057 2924 4112 Isaias
2950 4054 3063 4109 ait;
3097 4071 3115 4104 ε
3148 4051 3259 4107 Leo
3281 4052 3421 4107 sicut

1833 4164 1932 4218 bos
1977 4158 2213 4215 comedit
2240 4155 2426 4228 paleas
2458 4152 2595 4224 (lsa.
2627 4166 2707 4219 xi,
2737 4149 2816 4220 7).
2855 4167 2874 4201 ι
2920 4145 3059 4215 Quid
3101 4154 3282 4199 autem
3310 4142 3419 4199 feni

1831 4253 2222 4323 palearumqne
2251 4247 2491 4311 nomine,
2525 4243 2627 4299 nisi
2656 4240 2955 4298 carnalium
2984 4238 3093 4293 vita
3141 4234 3422 4306 signatur?

1836 4322 1912 4399 De
1965 4354 2071 4411 qua
2114 4353 2210 4409 per
2252 4340 2573 4409 prophetam
2604 4332 2844 4387 dicitur:
2884 4346 2901 4381 ι
2955 4327 3144 4383 Omnis
3186 4340 3315 4381 caro
3350 4322 3427 4377 fc-

1837 4447 1964 4486 num
2009 4428 2143 4500 (lea.
2185 4443 2275 4491 XL,
2322 4426 2400 4495 6).
2452 4443 2469 4474 ι
2516 4423 2619 4491 Qui
2659 4436 2787 4492 ergo
2825 4420 2915 4475 hic
2963 4416 3283 4481 Bebemoth,
3316 4414 3427 4468 illic

1838 4525 1950 4588 leo;
1983 4532 2040 4575 et
2064 4519 2156 4589 qui
2187 4520 2276 4574 hic
2301 4516 2508 4584 fenum,
2557 4514 2671 4569 illic
2704 4511 2870 4583 palea:
2906 4508 3291 4571 nominantur;
3333 4506 3429 4559 bo-

1838 4629 1934 4670 ves
1975 4614 2119 4668 eniin
2174 4624 2370 4681 aquam
2410 4604 2712 4677 quamlibet
2751 4600 3024 4658 sordidam
3070 4597 3285 4663 bibunt,
3327 4594 3423 4649 sed

1840 4703 1966 4760 feno
2016 4700 2231 4757 nonnisi
2275 4697 2477 4753 mundo
2497 4702 2812 4751 vescuntur.
2837 4690 2978 4758 Quid
2997 4698 3085 4744 est
3110 4701 3242 4756 ergo
3279 4682 3425 4755 quod

1845 4795 1992 4860 bovi,
2035 4793 2127 4865 qui
2158 4790 2415 4848 mundum
2446 4787 2700 4851 comedit,
2731 4784 3026 4839 Bchcmoth
3080 4781 3181 4835 iste
3206 4788 3428 4842 compa-

1845 4900 2021 4954 ratur,
2066 4885 2170 4941 nisi
2198 4884 2299 4938 hoc
2322 4880 2464 4950 quod
2496 4882 2562 4935 de
2588 4879 2693 4932 isto
2727 4875 2953 4944 antiquo
2982 4876 3139 4929 hoste
3184 4884 3281 4940 per
3308 4879 3430 4933 pro-

1842 4980 2061 5049 phetam
2089 4972 2324 5030 dicitur?
2357 4992 2376 5021 ι
2412 4970 2546 5026 Esca
2578 4968 2695 5039 ejus
2732 4964 2886 5019 electi
2923 4961 3151 5035 (Hahae.
3181 4971 3218 5019 ι,
3245 4953 3355 5024 16).
3405 4971 3426 5004 ι

1843 5045 2048 5126 b‘enum
2080 5082 2213 5136 ergo
2241 5065 2529 5121 comedere
2557 5061 2699 5117 sicut
2734 5059 2832 5112 bos
2876 5054 3102 5124 appetit,
3152 5045 3279 5113 quia
3306 5057 3438 5136 sug-

1847 5163 2103 5192 ..ηρ-ιιηητι.
2135 5131 2248 5192 avum
2278 5155 2443 5192 Annia
2492 5159 2770 5192 ιιηηιρνριιρ
2794 5145 3054 5192 mundam
3081 5139 3247 5192 vitam
3275 5131 3442 5192 SDil'i“
