3934 5400
589 398 696 457 483

1622 392 1677 448 S.
1715 390 1966 448 ODONIS
2003 388 2294 444 ABBATlS
2333 385 2831 444 CLUNIACENSIS
2868 385 2912 440 ll
3678 391 3746 449 lSl

589 512 752 566 etiam
795 523 918 562 cum
970 505 1148 560 adhuc
1171 505 1415 558 viverent
1439 503 1492 557 iu
1523 501 1642 556 loco
1680 509 1870 555 sancto
1917 508 2092 560 erant,
2117 504 2170 549 et
2197 505 2247 560 Α
2276 510 2431 548 usum
2457 495 2810 548 vehementer
2841 489 3199 557 invalescens,
3231 488 3328 544 sub
3357 492 3614 547 crescentis
3632 503 3750 551 tenta-

588 599 948 654 laudabantur
974 596 1029 649 in
1061 595 1283 648 civitate
1317 591 1517 662 (Eccle.
1551 605 1668 651 vui,
1715 588 1825 658 10).
1861 607 1880 640 ι
1928 586 2032 640 Per
2067 587 2170 639 hoc

587 686 803 758 quidem
832 683 976 754 quod
998 681 1254 736 mundam
1279 680 1446 734 vitam
1475 695 1572 749 per
1592 677 1828 732 studium
1850 674 2055 738 dicunt,
2077 671 2172 726 sed

587 793 655 832 ex
690 776 778 830 illa
811 775 956 829 intus
987 773 1201 844 placere
1231 786 1338 825 non
1391 777 1684 840 appetunt,
1716 774 1861 820 recte
1895 779 2018 818 esca
2053 760 2172 830 ejus

589 869 761 922 electa
806 866 1026 929 dicitur,
1055 872 1108 917 et
1138 871 1315 916 tamen
1349 859 1530 914 fenum
1561 859 1700 912 sicut
1753 857 1850 909 bos
1885 851 2172 908 comedere

588 956 888 1014 Behemoth
914 955 1014 1008 iste
1048 960 1402 1006 memoratur.
1429 947 1686 1016 Sequitur
1720 962 1733 997 :

665 1047 827 1102 Vens.
856 1047 941 1100 11.
997 1042 1277 1098 Fortitudo
1307 1041 1420 1111 ejus
1447 1041 1501 1093 in
1531 1038 1735 1098 lumbis,
1788 1045 1834 1088 et
1868 1034 2027 1088 virtus
2060 1031 2172 1101 ejus

589 1143 645 1195 in
671 1138 916 1193 umbilico
956 1136 1162 1190 ventris
1197 1133 1312 1201 ejus
1337 1131 1672 1202 perhibetur.
1699 1158 1766 1168 -——
1800 1126 1940 1180 llinc
1965 1123 2174 1177 Veritas

588 1232 669 1286 ait
721 1249 732 1284 :
767 1249 784 1280 ‹
816 1229 938 1284 Sint
965 1227 1133 1282 lumbi
1170 1226 1338 1280 vestri
1367 1221 1640 1293 praecincti
1674 1218 1825 1291 (Luc.
1881 1233 1976 1280 xu,
2001 1215 2112 1285 55).
2150 1233 2168 1266 ι

595 1319 735 1374 Hinc
760 1319 953 1374 Petrus
983 1317 1059 1370 ait
1091 1334 1103 1369 :
1140 1335 1158 1368 ι
1194 1313 1467 1370 Succincti
1506 1311 1717 1366 lumbos
1751 1309 1948 1364 mentis
1983 1315 2175 1362 vestra:

589 1411 608 1480 (
637 1408 665 1462 Ι
692 1406 838 1462 Petr.
871 1408 1048 1477 1,15).
1086 1426 1104 1458 ο
1137 1405 1274 1472 Quia
1321 1418 1450 1458 vero
1486 1400 1807 1457 feminarum
1856 1398 2066 1451 luxuria
2101 1396 2176 1452 fe-

588 1500 752 1555 minis
797 1500 850 1554 in
884 1498 1138 1553 umbilico
1167 1495 1494 1558 continetur,
1521 1493 1786 1562 propheta
1821 1499 2050 1545 testatur
2089 1487 2176 1543 di-

591 1606 720 1648 cens
752 1609 766 1646 :
800 1611 817 1641 ‹
854 1591 908 1644 In
935 1589 1022 1643 die
1063 1596 1216 1642 ortus
1241 1587 1318 1640 tui
1342 1602 1450 1641 non
1494 1591 1576 1639 est
1601 1582 1858 1653 praecisus
1891 1578 2178 1634 umbilicus

589 1692 716 1738 tuus
764 1681 986 1754 (EIBF/t.
1025 1697 1138 1746 xvi,
1183 1679 1260 1750 4).
1294 1698 1312 1731 ›
1349 1676 1648 1732 Behemoth
1680 1675 1861 1743 itaque
1901 1673 2001 1728 iste
2031 1673 2180 1726 insa-

588 1774 848 1830 tiabiliter
870 1772 1120 1836 saeviens,
1154 1779 1204 1826 et
1229 1770 1494 1825 devorare
1527 1765 1686 1822 simul
1725 1764 1999 1819 hominem
2026 1756 2175 1831 quzcl

2279 585 2441 638 tionis
2472 584 2579 638 ﬁne
2621 583 2930 636 roboratur.
2975 579 3130 636 Unde
3156 581 3292 636 bene
3317 581 3559 652 stringere
3597 588 3751 644 (audam

2274 672 2514 739 dicitur;
2566 673 2726 727 dente
2768 672 2910 726 enim
2964 671 3234 737 vulnerat,
3277 672 3480 740 quando
3512 671 3635 743 ligat,
3672 679 3752 744 quia

2274 765 2445 833 prima
2517 763 2792 834 suggestio
2830 763 3085 831 percutit,
3129 762 3222 818 sed
3270 777 3558 832 percussam
3593 776 3754 821 mentem

2277 871 2344 908 ne
2373 855 2606 909 evadere
2636 854 2833 918 valeat,
2868 852 3232 908 invalescente
3259 853 3534 907 tentatione
3567 855 3754 926 astringit.
3833 851 3835 886 τ

2275 943 2573 998 Behemoth
2605 945 2748 998 enim
2780 944 2882 998 iste
2909 941 3261 1012 priusjllicita
3285 957 3576 1012 suggerens,
3595 942 3757 1012 linguam

2276 1033 2475 1096 exerit,
2501 1042 2622 1102 post
2663 1034 2729 1088 ad
2759 1033 3175 1088 delectationem
3203 1033 3510 1101 pertrahens
3529 1031 3695 1086 dentem
3719 1033 3758 1086 li-
3838 1050 3839 1060 η

2276 1124 2375 1194 git,
2415 1124 2480 1178 ad
2503 1133 2811 1178 extremum
2842 1138 2969 1177 vero
3000 1138 3098 1192 per
3123 1122 3521 1178 consensionem
3564 1123 3760 1191 possidens

2277 1218 2446 1273 cauda
2486 1217 2723 1287 stringit.
2755 1188 3016 1285 Sequitur
3051 1234 3063 1268 :
3117 1212 3281 1268 Nervi
3331 1188 3651 1266 testiculorum
3690 1214 3762 1280 ejus
3839 1188 3841 1230 Ψ

2276 1307 2508 1379 perplexi
2533 1317 2674 1362 sunt.
2708 1337 2764 1346 -—-
2814 1307 2916 1361 Tot
2974 1307 3076 1361 iste
3129 1305 3422 1360 Behemoth
3464 1313 3609 1358 testes
3643 1302 3762 1368 habet,
3841 1326 3843 1352 l

2286 1411 2418 1470 quot
2445 1401 2748 1470 iniquitatis
2777 1416 2887 1456 sute
2923 1399 3306 1471 przcdicatores
3336 1395 3577 1468 possidet,
3599 1396 3667 1465 qui
3685 1412 3765 1466 pra-
3844 1464 3845 1470 κ

2278 1493 2359 1547 vis
2382 1493 2825 1563 persuasionibus
2867 1493 3029 1548 corda
3057 1493 3338 1546 hominum
3367 1491 3612 1544 virulenta
3634 1492 3768 1544 erroris
3844 1493 3845 1498 “

2275 1583 2488 1638 semina
2536 1581 2832 1648 fundendo,
2889 1591 3262 1653 corrumpunt.
3312 1581 3415 1648 Qui
3468 1583 3768 1651 perplexim,

2278 1674 2404 1744 quia
2432 1673 2683 1728 videlicet
2716 1674 3130 1744 prccdicatorum
3179 1674 3324 1728 illius
3356 1684 3645 1744 argumenta
3673 1672 3770 1726 dolo-

2281 1764 2356 1818 sis
2393 1763 2784 1818 assertionibus
2807 1765 3131 1829 enndantur,
3165 1772 3223 1818 ut
3266 1772 3413 1817 recta
3442 1777 3552 1818 esse
3579 1763 3772 1824 simulent,

587 1880 738 1929 rens,
785 1862 947 1918 modo
981 1864 1032 1916 in
1057 1860 1366 1932 superbiam
1407 1867 1643 1913 mentem
1669 1855 1850 1926 erigit,
1875 1854 2034 1908 modo
2056 1867 2178 1907 car—
2206 1871 2253 1931 Β
2281 1870 2400 1923 qua:
2435 1868 2689 1924 perversa
2723 1855 3069 1919 persuadent,
3095 1861 3154 1908 ut
3179 1854 3546 1924 alligationum
3568 1853 3774 1924 implicatio

587 1957 964 2014 nem-luxuria:
1003 1955 1280 2024 voluptate
1326 1951 1642 2019 corrumpit.
1675 1949 1820 2002 Bene
1849 1955 2030 2000 autem
2078 1960 2175 2000 ne-

592 2064 863 2120 quaquam
891 2045 1150 2100 fortitudo
1165 2043 1280 2112 ejus
1295 2043 1347 2097 in
1371 2041 1569 2096 lumbis
1592 2039 1676 2094 vel
1698 2037 1952 2093 umbilico
1967 2051 2178 2103 eorum,

598 2137 820 2201 dicitur,
849 2136 939 2205 qui
965 2142 1406 2206 prosternuntur,
1458 2132 1584 2202 quia
1621 2131 1878 2184 nimirum
1909 2127 2025 2196 ejus
2055 2144 2175 2199 pro-

595 2227 716 2295 prie
744 2241 941 2296 corpus
967 2226 1098 2278 ﬁunt
1131 2223 1222 2293 qui
1257 2222 1660 2293 suggestionum
1692 2220 1926 2290 turpium
1968 2218 2180 2272 blandi-

591 2318 790 2372 mentis
836 2316 1068 2387 deccpti,
1101 2315 1149 2370 ei
1198 2330 1294 2386 per
1336 2313 1567 2368 luxuria:
1601 2311 1744 2367 ﬂuxa
1799 2312 2175 2366 succumbunt.

593 2409 853 2478 Sequitur
882 2425 894 2462 ;
1365 2453 1369 2457 .

663 2499 828 2553 Vens.
875 2497 960 2552 12.
1004 2495 1231 2567 Stringit
1277 2497 1503 2549 caudam
1554 2511 1704 2547 suam
1739 2494 1892 2562 quasi
1941 2492 2175 2546 cedrum.

591 2622 663 2635 -—
688 2594 746 2647 lu
800 2608 953 2647 sacra
986 2591 1267 2660 Scriptura
1319 2589 1466 2643 cedri
1500 2588 1718 2642 nomine
1753 2585 2044 2658 aliquando
2073 2584 2176 2638 alta

589 2683 910 2739 excellentia
936 2683 1119 2753 glorim
1149 2680 1389 2736 cmlestis
1420 2679 1762 2750 exprimitur,
1796 2687 1856 2730 ut
1884 2677 2014 2732 illud
2048 2675 2180 2730 Pro-

589 2773 769 2843 pheta:
800 2791 816 2822 ‹
843 2789 854 2822 :
879 2770 1065 2826 Justus
1089 2780 1148 2823 ut
1171 2769 1346 2839 palma
1376 2767 1607 2832 ﬂorebit,
1637 2767 1777 2820 sicut
1805 2765 1999 2820 cedrus
2021 2763 2182 2818 Liba-

591 2863 669 2926 ni,
702 2882 719 2914 ι
748 2871 854 2916 etc.
882 2860 1056 2933 (Psal.
1082 2878 1189 2926 xei,
1223 2861 1332 2930 15.)
1360 2859 1664 2929 Aliquando
1686 2867 1866 2913 autem
1890 2870 2180 2927 pravorum

592 2954 765 3025 rigida
813 2953 974 3008 elatio
1017 2953 1352 3023 designatur,
1404 2960 1460 3005 ut
1507 2950 1635 3005 illud
1685 2969 1696 3004 :
1746 2967 1764 3000 ι
1803 2947 1921 3003 Vox
1961 2947 2178 3002 Domini

593 3045 986 3115 confringentis
1019 3045 1209 3099 cedros
1240 3043 1412 3113 (Psal.
1441 3057 1633 3104 xxvut,
1665 3041 1738 3113 5).
1777 3061 1794 3093 ι
1840 3038 1979 3107 Quid
1999 3047 2180 3092 autem

592 3137 764 3192 cauda
816 3135 1112 3189 Bebemoth
1172 3134 1371 3198 istius,
1426 3132 1529 3186 nisi
1595 3133 1683 3186 illa
1741 3131 1948 3199 antiqui
2005 3129 2181 3184 hostis

2288 1945 2441 2015 quasi
2475 1961 2766 2000 nervorum
2809 1945 3162 2015 perplexitas,
3195 1945 3299 2000 etsi
3326 1945 3497 1999 videri
3522 1946 3675 2013 possit,
3692 1943 3774 1998 solii

2282 2053 2388 2092 non
2423 2037 2610 2106 possit.
2640 2037 2819 2106 Ipsum
2879 2038 3135 2092 nimirum
3189 2032 3344 2093 suum
3389 2048 3542 2107 caput
3571 2037 3776 2101 imitantes,

2281 2127 2373 2196 qui
2403 2128 2558 2198 quasi
2600 2127 2683 2182 leo
2711 2129 2762 2182 in
2808 2127 3038 2195 insidiis,
3068 2138 3122 2184 et
3145 2130 3295 2184 saevit
3322 2145 3423 2200 per
3442 2129 3694 2198 potentiam
3713 2136 3778 2178 ter-

2281 2221 2398 2276 reni
2427 2220 2700 2287 culminis,
2727 2229 2783 2276 et
2831 2221 3108 2276 blanditur
3127 2237 3222 2296 per
3247 2224 3487 2293 speciem
3536 2221 3776 2277 sanctitatis.

2281 2311 2430 2367 Multi
2463 2313 2606 2367 enim
2629 2313 3041 2370 lAntichristum
3110 2331 3216 2370 non
3262 2316 3534 2381 viderunt,
3555 2315 3633 2370 sed
3665 2323 3777 2367 tamen

2289 2403 2525 2459 testiculi
2557 2403 2672 2471 ejus
2697 2414 2842 2470 sunt,
2873 2409 2999 2475 quia
3042 2407 3203 2462 corda
3243 2408 3475 2463 actionis
3496 2422 3594 2461 sua:
3615 2406 3781 2473 exemplo

2281 2506 2656 2565 corrumpunt.
2691 2495 2944 2567 Quisquis
2986 2514 3218 2568 namque
3261 2500 3314 2554 in
3361 2499 3604 2570 superbia
3628 2497 3781 2557 tollitur,

2283 2585 2530 2654 quisquis
2577 2588 2820 2642 avaritiae
2867 2589 3155 2644 desideriis
3187 2591 3487 2654 cruciatur,
3532 2589 3606 2643 vel
3630 2588 3781 2642 luxuria

2283 2676 2674 2748 voluptatibus
2709 2678 2956 2744 solvitur,
2987 2679 3117 2748 quid
3147 2681 3290 2734 aliud
3337 2696 3503 2750 quam
3548 2676 3783 2733 Antichristi

2292 2767 2486 2822 testis?
2518 2766 2620 2834 Qui
2665 2767 2790 2822 dum
2849 2783 2908 2824 se
2962 2768 3191 2840 libenter
3218 2771 3378 2841 hujus
3401 2771 3579 2826 usibus
3602 2768 3783 2837 implicat,

2282 2859 2528 2928 exemplo
2558 2875 2654 2914 suo
2678 2859 3022 2922 aliiserroris
3048 2860 3188 2916 fetus
3212 2862 3510 2917 ministrat.
3530 2861 3782 2916 Moutum.

2284 2947 2474 3004 Testes
2519 2947 2635 3017 ejus
2690 2959 2816 3004 sunt
2857 2952 3232 3021 suggestiones
3289 2967 3495 3021 pravae,
3565 2951 3718 3022 quibus
3753 2946 3783 2998 in

2284 3042 2491 3097 mentis
2522 3043 2872 3114 corruptione
2920 3046 3197 3110 fervescit,
3245 3056 3416 3115 atque
3448 3047 3499 3099 in
3529 3051 3786 3112 constuprata

2285 3136 2464 3190 anima
2517 3137 2689 3206 iniqui
2746 3138 2929 3207 operis
2980 3139 3188 3209 prolem
3223 3139 3423 3211 gignit,
3463 3140 3572 3194 sive
3609 3135 3788 3209 pestich

592 3229 912 3283 extremitas
936 3225 1324 3280 dicitur?Cum
1341 3224 1594 3278 nimirum
1617 3239 1712 3278 vas
1733 3221 2176 3293 propriumillun
2203 3217 2249 3279 C
2280 3235 2600 3299 argumenta
2647 3229 3135 3284 machinationum.
3192 3229 3295 3284 Per
3348 3231 3470 3299 ipsa
3513 3228 3681 3298 quippe
3699 3222 3792 3277 calli-

593 3323 864 3394 pcrditum
890 3320 1162 3375 hominem
1189 3319 1548 3389 ingrediatur,
1586 3318 1675 3388 qui
1701 3316 2007 3386 specialiter
2022 3315 2178 3370 Anti-

594 3414 833 3469 christus
848 3421 1202 3482 nuncupatur,
1222 3426 1378 3480 quem
1395 3411 1519 3479 quia
1535 3410 1692 3464 modo
1706 3408 2000 3472 honoribus
2013 3421 2182 3462 saecu-

593 3505 653 3568 li,
675 3504 834 3558 modo
865 3504 1034 3574 signis
1069 3517 1134 3557 ex
1164 3503 1426 3573 prodigiis
1451 3503 1589 3557 lictze
1617 3500 1924 3556 sanctitatis
1950 3500 2003 3553 in
2031 3499 2184 3554 timo-

594 3611 655 3651 re
678 3595 934 3665 potentiae
969 3593 1182 3648 elevare
1211 3589 1565 3662 permittitur,
1605 3601 1750 3647 recte
1785 3606 1920 3646 voce
1950 3589 2185 3645 Domini-

594 3702 662 3742 ca
691 3687 865 3742 cauda
919 3685 1063 3739 illius
1093 3684 1256 3738 cedro
1284 3694 1648 3754 comparatur.
1682 3682 1836 3738 Sicut
1859 3682 2054 3737 cedrus
2098 3696 2186 3735 ar-

593 3782 753 3836 busta
789 3790 985 3834 cmtera
1015 3779 1067 3832 in
1097 3777 1264 3832 altum
1310 3778 1607 3833 crescendo
1650 3777 1875 3840 deserit,
1922 3775 2000 3830 ita
2043 3788 2186 3828 nunc

592 3872 960 3926 Antichristus
1008 3869 1190 3924 mundi
1228 3869 1453 3939 gloriam
1524 3867 1891 3937 temporaliter
1937 3865 2188 3920 obtinens

593 3980 878 4021 mensuras
907 3965 1184 4041 hominum
1210 3971 1265 4018 et
1300 3963 1521 4017 honoris
1551 3961 1806 4026 culmine,
1834 3968 1888 4016 et
1910 3960 2188 4029 signorum

595 4067 865 4130 potestate
906 4056 1261 4111 transcendit.
1317 4053 1551 4122 Spiritus
1602 4053 1801 4122 quippe
1856 4052 1908 4104 in
1952 4051 2044 4105 illo
2081 4060 2187 4120 est,

594 4149 691 4220 qui
753 4149 805 4202 in
841 4148 1159 4204 sublimibus
1203 4145 1456 4201 conditus
1511 4145 1808 4214 potentiam
1842 4151 2050 4198 naturm
2079 4158 2190 4197 sua:

595 4256 704 4295 non
743 4240 974 4310 perdidit
999 4239 1083 4293 vel
1113 4236 1391 4307 dejectus;
1421 4233 1575 4304 cujus
1605 4235 1808 4290 idcirco
1832 4235 2005 4289 virtus
2040 4250 2185 4290 nunc

597 4334 832 4388 maxime
859 4333 1183 4396 ostenditur,
1228 4330 1353 4401 quia
1387 4328 1788 4402 dispensatione
1810 4327 2005 4381 divinae
2037 4325 2189 4381 forti-

598 4424 802 4478 tudinis
833 4423 1047 4495 Iigatur.
1091 4421 1246 4476 Unde
1268 4436 1363 4492 per
1403 4419 1663 4473 Joannem
1723 4417 1959 4473 dicitur:
2015 4434 2032 4467 ε
2068 4416 2188 4471 Vidi

600 4515 849 4585 angelum
881 4513 1297 4567 descendentem
1343 4511 1408 4565 de
1458 4509 1616 4574 cmlo,
1645 4509 1931 4564 habentem
1983 4506 2186 4562 clavem

2280 3319 2466 3375 dita’tis
2505 3336 2615 3374 sum
2644 3322 2789 3375 vires
2839 3321 3023 3392 erigit,
3054 3330 3109 3376 et
3158 3322 3303 3376 ﬂuxa
3357 3322 3653 3376 mortalium
3688 3316 3794 3373 corda

2281 3413 2596 3483 corrumpit.
2616 3412 2720 3467 Sed
2735 3413 2924 3467 horum
2940 3413 3300 3468 testiculorum
3327 3415 3475 3469 nervi
3484 3412 3686 3484 perplexi
3704 3420 3792 3462 nm.

2282 3503 2372 3572 qui
2419 3502 2821 3572 suggestionem
2873 3502 3015 3559 illius
3059 3515 3404 3575 argumenta,
3447 3503 3705 3574 implicatis
3737 3499 3788 3551 ix-

2282 3597 2629 3651 ventionibus
2656 3596 2962 3666 alligantur,
2997 3607 3057 3653 ut
3087 3599 3372 3670 plerosque
3427 3601 3500 3654 ita
3537 3593 3790 3670 peccarela-

2285 3687 2454 3750 ciant,
2487 3696 2758 3756 quatenus
2783 3689 2829 3742 si
2859 3687 3093 3744 fortasse
3114 3700 3333 3759 peccata
3367 3689 3556 3762 fugere
3583 3692 3793 3760 appetunt.

2285 3779 2390 3834 hoc
2419 3779 2536 3834 sine
2562 3779 2669 3834 alio
2695 3781 2901 3850 peccati
2951 3781 3143 3852 laqueo
3169 3799 3277 3837 non
3304 3785 3558 3849 evadant,
3600 3792 3649 3836 et
3670 3778 3799 3845 culpas

2289 3871 2512 3937 faciant,
2553 3873 2677 3926 dum
2733 3873 2950 3940 vivant;
3012 3874 3180 3929 veluti
3218 3876 3339 3944 quis
3371 3891 3496 3944 quae
3531 3873 3688 3929 mundi
3720 3876 3799 3923 sunt

2288 3961 2562 4026 deserens,
2608 3963 2784 4018 alieno
2823 3977 2884 4018 se
2931 3964 3163 4018 subdere
3208 3966 3459 4035 regimini
3515 3963 3706 4035 appetit,
3740 3957 3800 4012 sed

2287 4070 2408 4108 eum
2436 4057 2525 4123 qui
2553 4055 2651 4110 sibi
2683 4057 2749 4110 ad
2780 4058 2945 4112 Deum
2979 4073 3210 4128 prmessc
3243 4058 3456 4122 debeat,
3506 4060 3672 4113 minus
3695 4060 3801 4108 cauta

2292 4147 2643 4216 inquisitione
2671 4148 2952 4204 discernit.
2975 4149 3071 4203 Cui
3097 4149 3323 4204 fortasse
3353 4149 3399 4204 is
3422 4149 3514 4220 qui
3544 4140 3804 4216 sinejudicio

2291 4234 2532 4304 cligitur,
2567 4247 2621 4292 et
2653 4254 2884 4307 przecsse
2905 4239 3018 4308 jam
3047 4242 3295 4308 cmperit,
3346 4241 3432 4310 agi
3465 4255 3583 4310 quae
3618 4237 3696 4292 Dei
3721 4239 3804 4287 Sunt

2291 4328 2560 4396 prohibet,
2595 4344 2714 4398 qua:
2772 4329 2957 4384 mundi
3014 4336 3140 4384 sunt
3183 4328 3357 4396 jubet.
3400 4329 3635 4384 Pensans
3683 4328 3807 4391 itaque

2291 4418 2560 4482 subditus,
2594 4418 2678 4472 vel
2721 4435 2841 4488 quae
2871 4419 2943 4474 sit
2988 4419 3145 4491 culpa
3182 4420 3579 4485 inobedientim,
3610 4416 3682 4472 vel
3712 4410 3807 4484 quod

2293 4509 2599 4578 contagiqu
2655 4509 2933 4564 szecularis
2986 4510 3131 4575 vitae,
3169 4518 3225 4565 et
3272 4509 3494 4565 obedire
3530 4507 3745 4578 trepidat,
3773 4507 3806 4553 el

599 4607 780 4679 abyssi
816 4613 871 4659 et
899 4614 1146 4660 catenam
1174 4617 1437 4673 ,magnam
1486 4603 1540 4656 in
1571 4617 1734 4658 manu
1780 4617 1896 4667 sua,
1922 4609 1976 4655 ct
1998 4613 2188 4670 appre—
2223 4581 2269 4639 ί)
2293 4613 2398 4650 non
2423 4600 2643 4654 obedire
2671 4598 2942 4654 formidat.
2971 4599 3078 4655 Sed
3100 4600 3144 4654 si
3172 4599 3392 4655 omnino
3417 4599 3592 4653 nullus
3611 4599 3710 4652 siue
3724 4604 3807 4663 pec-

600 4698 789 4754 hendit
818 4698 1110 4752 draconem
1154 4704 1462 4763 serpentem
1494 4694 1800 4764 antiquum,
1836 4692 1926 4764 qui
1959 4701 2044 4747 est
2075 4692 2192 4746 dia—

599 4790 758 4845 bolus
791 4798 847 4845 ct
873 4788 1125 4852 Satanas,
1157 4797 1210 4841 et
1235 4787 1422 4858 ligavit
1458 4801 1580 4841 eum
1623 4802 1719 4856 per
1748 4802 1918 4840 annos
1946 4784 2110 4850 mille,
2134 4793 2190 4840 et

601 4881 749 4936 misit
773 4896 895 4935 cum
934 4879 985 4932 in
1017 4878 1293 4947 abyssum,
1322 4886 1378 4930 et
1426 4877 1623 4931 clausit
1673 4885 1728 4931 et
1765 4875 1998 4946 signavit
2027 4889 2190 4944 super

601 4971 750 5028 illum
779 4970 962 5040 (Apoc.
993 4984 1086 5033 xx,
1147 4967 1284 5037 1-5).
1322 4988 1340 5020 ι
1395 4967 1538 5022 Bene
1557 4975 1738 5020 autem
1766 4967 2032 5036 stringere
2061 4981 2189 5020 cau-

605 5063 724 5116 dam
778 5061 994 5125 dicitur,
1042 5059 1165 5128 quia
1211 5068 1325 5114 tota
1369 5059 1485 5129 ejus
1513 5058 1684 5114 virtus
1714 5058 1767 5111 in
1804 5057 1894 5112 illo
1933 5060 2189 5113 damnato

2293 4700 2417 4745 cato
2443 4691 2703 4745 evadendi
2732 4692 2910 4746 aditus
2936 4700 3105 4762 patet,
3125 4691 3333 4746 minora
3349 4705 3562 4760 semper
3581 4687 3806 4757 eligantur,

2292 4783 2419 4852 quia
2448 4791 2502 4837 ct
2531 4785 2622 4853 qui
2653 4800 2928 4840 murorum
2957 4785 3192 4854 undique
3222 4784 3423 4838 ambitu
3468 4781 3685 4851 refugiat
3705 4775 3808 4830 clau-

2293 4877 2459 4940 ditur,
2503 4877 2574 4930 ibi
2607 4893 2666 4932 se
2695 4878 2747 4931 in
2790 4877 2913 4946 fuga
2954 4879 3278 4949 prmcipitat,
3311 4877 3397 4931 ubi
3447 4875 3655 4931 brevior
3679 4876 3810 4925 mul'lt5

2294 4965 2587 5021 invenitur.
2621 4968 2908 5037 Sequitur:

2368 5057 2533 5113 Vens.
2593 5059 2679 5114 15.
2729 5057 2862 5113 Ossa
2923 5060 3036 5130 ejus
3088 5060 3221 5114 velut
3268 5059 3442 5129 fistula
3505 5057 3642 5112 a'ris.
3683 5080 3738 5092 -—-
3773 5045 3808 5098 ίιι
