3934 5400
122 287 206 344 ιιε
745 274 1046 333 Ειητοιιε
1084 273 1450 333 ΜοιιΑιιυιι
1487 274 1548 330 S.
1583 271 1701 329 Gil!

1783 311 1795 324 .
1840 270 1907 325 IN
1944 268 2090 327 JOD.
2132 301 2203 312 ——
2247 270 2377 325 LIB.
2417 269 2660 325 XXXIII.
3247 269 3355 327 ‘86

123 410 218 453 mm
239 404 376 446 more
395 386 664 443 metalliin
679 386 931 443 sensibus
948 402 1137 441 sonum
1154 385 1409 455 loquendi
1436 386 1653 448 habent,
1686 387 1732 444 Α
1762 382 1899 449 Quid
1940 399 2035 454 per
2064 382 2292 438 laminas
2321 383 2470 447 ferri,
2505 384 2608 439 nisi
2651 383 2847 439 duritia
2886 383 3217 441 fortitudinis
3259 386 3356 440 de-

117 486 195 542 sed
227 495 426 537 sensum
454 480 591 533 bene
622 477 837 531 vivendi
866 492 970 531 non
1000 476 1219 531 habent.
1268 476 1384 531 Hoc
1431 491 1661 546 namque
1762 474 2045 544 signatur?
2102 473 2352 529 Nonnulli
2377 475 2519 529 enim
2557 474 2769 530 inﬁrma
2795 474 3019 541 faciunt,
3047 476 3139 530 sed
3167 474 3359 532 elatio-

119 575 247 645 quasi
292 569 561 626 humiliter
602 568 869 639 loquendo
914 575 1182 630 asserunt,
1231 567 1371 636 quod
1411 566 1539 622 elati
1585 566 1667 622 vi—
1764 566 1848 620 nis
1870 564 2099 635 decepti,
2128 563 2357 620 fortibus
2379 580 2444 620 ea
2467 566 2861 635 suspicionibus
2882 565 3139 638 jungunt,
3165 577 3222 624 et
3247 584 3360 639 quo

117 665 264 720 vende
287 666 651 715 contemnunt.
712 656 864 712 Unde
891 657 1027 711 bene
1052 671 1149 726 per
1176 655 1399 710 Paulum
1423 655 1659 710 dicitur:

121 774 137 806 ι
167 752 215 808 Si
246 748 435 821 linguis
462 749 736 804 hominum
771 747 963 817 loquar
988 754 1043 800 et
1067 747 1402 817 angelorum,
1431 747 1675 801 charita-r

115 856 204 900 tem
232 851 401 896 autem
427 853 532 894 non
558 838 801 899 habeam,
829 837 1003 893 factus
1025 852 1141 891 sum
1168 836 1314 891 velut
1341 851 1417 891 :es
1442 851 1665 900 sonans,

115 945 194 989 aut
212 930 503 1004 cymbalum
529 930 763 985 tinniens
789 927 840 999 (1
867 925 990 981 Cor.
1017 941 1138 989 xm,
1166 925 1241 996 I).
1276 945 1295 978 ι
1330 924 1665 981 Μοιιλιιτεκ.

115 1024 231 1093 Quid
254 1036 346 1091 per
367 1035 487 1075 ossa
512 1018 804 1074 Behemoth
831 1018 984 1071 istius
1009 1016 1107 1071 nisi
1137 1016 1356 1070 consilia
1384 1015 1672 1087 designan-

116 1118 226 1172 tur?
265 1115 395 1170 Nam
438 1116 578 1171 sicut
613 1115 667 1168 in
699 1112 911 1168 ossibus
948 1112 1142 1182 positio
1177 1121 1260 1166 est
1302 1112 1546 1182 corporis
1590 1125 1675 1166 ro-

112 1210 297 1279 burque
320 1207 583 1272 subsistit,
616 1206 692 1260 ita
736 1206 788 1260 in
826 1204 1183 1260 fraudulentis
1215 1204 1456 1261 consiliis
1481 1213 1590 1259 tota
1615 1220 1677 1261 se

115 1298 214 1366 ejus
236 1298 434 1352 malitia
469 1296 664 1367 erigit;
710 1310 884 1366 neque
921 1296 1065 1351 enim
1118 1296 1166 1350 vi
1208 1295 1515 1366 quempiam
1550 1312 1679 1368 ιιι-ε-

114 1391 214 1451 mit,
239 1388 327 1444 sed
356 1387 644 1443 calliditate
678 1388 945 1458 pestifera:
984 1386 1350 1457 persuasionis
1397 1387 1672 1442 interﬁcit.

112 1479 170 1534 Et
200 1494 426 1542 rursum,
462 1478 599 1534 sicut
624 1478 867 1533 medulla:
905 1478 1214 1533 confortant
1250 1493 1372 1534 ossa
1400 1479 1524 1549 quia
1553 1478 1679 1532 irri-

112 1577 241 1638 gant,
268 1567 338 1621 ita
369 1567 488 1634 ejus
515 1566 734 1622 consilia
784 1583 882 1637 per
928 1576 1135 1622 natura:
1181 1567 1437 1638 spiritalis
1484 1578 1675 1639 poten-

112 1659 221 1713 tiam
244 1655 415 1712 infusa
442 1657 669 1727 ingeniis
687 1656 953 1713 subtilitas
980 1656 1220 1711 roborat.
1279 1656 1394 1711 Hoc
1420 1671 1550 1712 vero
1596 1668 1676 1711 te-

1765 668 1886 709 esse
1933 668 2126 725 magna
2164 655 2423 718 sentiunt,
2456 669 2522 709 eo
2558 657 2626 710 de
2668 671 2763 710 sua
2804 657 3042 725 nequitia
3079 659 3361 715 emendari

1767 754 2137 803 contemnunt.
2199 746 2275 801 De
2314 747 2511 816 quibus
2552 745 2817 803 Jeremias
2866 749 2988 803 ait:
3024 768 3042 803 ι
3072 748 3363 806 Candidio-

1771 851 1857 891 res
1886 836 2124 892 Nazami
2151 835 2269 906 ejus
2299 836 2446 902 nive,
2468 837 2744 894 nitidiores
2765 838 2920 902 lacte,
2954 840 3362 897 rubicundiores

1769 928 1935 983 ebore
1956 928 2202 998 antiquo,
2246 928 2501 999 sapphiro
2550 929 2900 999 pulchriores.
2946 932 3233 1002 Denigrata
3279 942 3364 987 est

1771 1032 1935 1086 super
1960 1019 2222 1073 carbones
2252 1017 2416 1073 facies
2435 1033 2645 1086 eorum,
2675 1028 2728 1075 et
2752 1035 2856 1075 non
2887 1030 3012 1076 sunt
3056 1024 3255 1094 cogniti
3304 1025 3360 1079 in

1772 1107 1989 1178 plateis,
2032 1108 2259 1163 adhaesit
2296 1110 2435 1164 cutis
2461 1112 2890 1168 eorum.ossibus
2923 1130 2936 1167 :
2970 1114 3113 1169 aruit
3136 1123 3193 1170 et
3219 1114 3365 1172 facta

1773 1205 1856 1252 est
1880 1197 2036 1267 quasi
2067 1197 2267 1268 lignum
2304 1197 2519 1270 (Thren.
2551 1215 2626 1263 tv,
2651 1200 2705 1266 7,
2730 1202 2864 1269 8)..»
2923 1201 3183 1274 Sequitur
3210 1221 3227 1260 :

1845 1287 2010 1344 Vens.
2052 1287 2133 1341 14.
2188 1286 2310 1357 Ipse
2330 1298 2405 1343 est
2424 1290 2738 1358 principium
2774 1293 2974 1347 viarum
3008 1293 3371 1362 Dei.—Quid

1775 1379 1918 1434 enim
1968 1379 2085 1435 vias
2136 1380 2254 1442 Dei,
2306 1380 2408 1436 nisi
2456 1380 2573 1450 ejus
2626 1384 2869 1440 actiones
2911 1387 3247 1457 accipimus?
3290 1388 3370 1443 De

1777 1473 1972 1542 quibus
1997 1487 2093 1543 per
2114 1474 2429 1543 prophetam
2457 1475 2655 1531 dicitur
2679 1494 2693 1530 :
2722 1495 2743 1529 ‹
2770 1476 2886 1533 Νοιι
2934 1480 3076 1533 enim
3104 1480 3205 1535 via:
3228 1492 3367 1534 mea!

1778 1564 1918 1620 sicut
1949 1565 2049 1619 vim
2086 1573 2278 1620 vestrae
2315 1564 2447 1638 (Ira.
2489 1583 2577 1633 ιν,
2606 1566 2686 1639 8).
2721 1587 2740 1619 ι
2781 1569 3212 1641 Et'principium
3255 1572 3372 1628 via-

1780 1672 1901 1713 rum
1930 1657 2021 1712 Dci
2045 1657 2345 1713 Behemoth
2391 1659 2612 1724 dicitur,
2651 1661 2777 1730 quia
2803 1661 3056 1716 nimirum
3084 1679 3207 1718 cum
3235 1679 3370 1718 cun-

110 1747 267 1803 sticuli
291 1747 360 1802 ab
380 1747 615 1813 ossibus,
644 1747 693 1802 id
716 1754 800 1802 est
824 1747 1193 1817 suggestiones
1245 1761 1275 1801 a
1322 1747 1561 1803 consiliis
1602 1748 1682 1804 di-
1714 1752 1756 1811 Β
1785 1756 1871 1805 eta
1899 1763 2091 1804 creans
2120 1757 2327 1819 ageret,
2358 1749 2501 1804 hunc
2535 1750 2764 1819 primum
2794 1752 3068 1817 condidit,
3096 1768 3254 1823 quem
3279 1768 3372 1808 re-

109 1849 252 1906 stant,
282 1840 425 1910 quod
454 1856 552 1910 per
575 1840 693 1896 illos
729 1850 913 1911 aperte
958 1841 1119 1895 noxia
1166 1841 1381 1907 inserit,
1428 1856 1527 1914 per
1564 1842 1679 1896 hinc

108 1940 266 1986 autem
321 1931 481 2000 quasi
526 1940 581 1987 et
635 1932 779 1987 bono
824 1933 1112 1988 consulens
1145 1933 1211 1987 ad
1247 1932 1461 2001 culpam
1488 1933 1678 1987 trahit.

106 2017 232 2074 Bene
264 2029 449 2076 autem
481 2021 606 2077 teris
631 2021 824 2077 ﬁstulis
848 2032 1250 2092 comparantur.
1305 2021 1454 2078 diris
1483 2024 1682 2094 quippe

107 2111 276 2167 ﬁstula:
309 2114 528 2169 sonoris
564 2114 738 2184 aptari
789 2115 1037 2170 cantibus
1084 2115 1296 2177 solent,
1345 2116 1417 2170 ita
1467 2131 1681 2188 quoque

105 2213 260 2259 astuta
284 2204 537 2273 consilia,
564 2206 688 2260 dum
716 2206 759 2260 si
790 2222 894 2276 qua
925 2203 1116 2261 blanda
1141 2207 1451 2277 provisione
1483 2225 1681 2264 consu-

104 2293 223 2359 lunt,
254 2311 349 2350 cor
374 2311 407 2349 a
444 2294 566 2351 forti
596 2296 889 2351 intentione
914 2306 1251 2366 pervertunt,
1276 2306 1330 2351 et
1352 2298 1475 2352 dum
1506 2298 1681 2354 dulcia

102 2397 355 2452 resonant,
404 2388 477 2442 ad
525 2388 683 2443 noxia
722 2388 1001 2444 inclinant.
1053 2389 1231 2445 Veluti
1270 2390 1392 2461 quis
1435 2389 1683 2463 frangere

100 2476 386 2534 voluntates
444 2489 602 2548 parat
633 2517 650 2543 ,
705 2487 760 2535 et
808 2479 1030 2535 alterius
1077 2479 1446 2536 voluntatibus
1502 2482 1681 2548 subdi,

100 2570 212 2625 huic
239 2571 413 2628 hostis
458 2570 682 2626 callidus
722 2571 1007 2627 blandiens
1053 2572 1183 2627 dicit
1213 2590 1228 2628 :
1258 2570 1302 2627 0
1343 2581 1542 2644 quanta
1586 2588 1684 2644 per

98 2662 432 2732 temetipsum
468 2676 629 2732 agere
650 2660 890 2716 miranda
919 2670 1154 2731 poteras,
1180 2661 1224 2718 si
1248 2677 1588 2733 nequaquam
1631 2672 1683 2719 te

94 2750 280 2820 judicio
312 2754 546 2809 alterius
571 2754 938 2810 subdidissesl
986 2762 1042 2808 et
1086 2754 1170 2809 his
1216 2753 1433 2809 similia.
1490 2754 1683 2826 Sequi,—

95 2852 207 2900 tur:
235 2844 514 2917 Cerialigo
552 2845 694 2901 illius
732 2848 887 2918 quasi
922 2846 1136 2901 lamina:
1171 2846 1373 2916 ferrem.
1409 2847 1683 2921 Cartilago

94 2950 314 3006 namque
352 2938 505 2992 ossis
530 2938 744 3006 quidem
776 2938 1010 3008 speciem
1040 2938 1223 2993 habet.
1280 2936 1417 3004 Quid
1444 2948 1527 2994 est
1553 2954 1683 3010 ergo

92 3027 223 3096 quod
255 3028 529 3099 cartilago
557 3027 674 3097 ejus
699 3028 913 3085 laminis
953 3029 1145 3085 ferreis
1175 3040 1535 3100 comparatur,
1579 3031 1680 3086 nisi

1781 1839 1942 1909 liquis
1997 1838 2202 1910 angelis
2259 1839 2668 1896 eminentiorem
2718 1839 2866 1896 fecit.
2930 1840 3068 1896 llinc
3110 1842 3370 1912 propheta

1781 1932 1858 1986 ait
1889 1949 1902 1985 :
1933 1949 1952 1983 ι
1980 1930 2136 1987 Cedri
2194 1947 2300 1986 non
2344 1930 2562 1986 fuerunt
2605 1931 2824 1987 altiores
2875 1931 2964 1986 illo
3015 1933 3067 1987 in
3119 1935 3372 2003 paradiso

1780 2021 1896 2087 Dei,
1925 2021 2131 2078 abietes
2154 2038 2258 2078 non
2284 2032 2696 2092 comquaverunt
2730 2024 3026 2080 summitati
3051 2023 3186 2093 ejus,
3225 2044 3243 2077 ι
3262 2034 3369 2082 etc.

1782 2109 2016 2183 (Επειδὴ.
2074 2126 2223 2175 xxxi,
2274 2111 2371 2181 8.)
2433 2112 2501 2166 Et
2552 2127 2764 2167 rursum
2828 2131 2842 2166 :
2899 2132 2919 2166 ‹
2982 2114 3062 2170 Tu
3127 2115 3378 2185 signacun

1779 2203 1893 2257 lum
1928 2202 2313 2267 similitudinis,
2345 2202 2536 2273 plenus
2563 2205 2847 2273 sapientia,
2882 2213 2937 2261 et
2968 2207 3240 2278 perfectus
3285 2208 3381 2263 dc-

1780 2309 1907 2349 core
1936 2294 1987 2348 in
2013 2293 2219 2349 deliciis
2252 2295 2489 2364 paradisi
2524 2295 2670 2351 fuisti
2698 2296 2914 2367 (Ezeclt.
2961 2315 3152 2364 xxvm,
3196 2301 3313 2359 12).
3349 2320 3370 2355 ι

1780 2385 2098 2441 Consideret
2131 2401 2260 2457 ergo
2286 2388 2448 2443 homo
2480 2388 2609 2458 quid
2645 2387 2884 2444 elevatus
2911 2390 2963 2445 in
2987 2401 3130 2447 terra
3162 2410 3373 2450 merea-

1783 2489 1893 2547 tur,
1930 2480 1975 2535 si
2027 2488 2083 2535 et
2123 2480 2379 2551 praelatus
2430 2480 2637 2550 angelis
2693 2482 2748 2536 in
2791 2483 2929 2539 coelo
2985 2488 3374 2553 prosternitur.

1782 2571 1917 2627 Hinc
1944 2571 2201 2644 propheta
2246 2573 2324 2627 ait
2355 2590 2369 2626 :
2403 2591 2421 2625 ι
2450 2572 2750 2629 Inebriatus
2778 2583 2865 2629 est
2903 2575 2956 2630 in
2991 2577 3130 2633 caelo
3169 2578 3377 2650 gladius

1781 2662 1916 2739 (ha.
1946 2678 2132 2728 xxxiv,
2164 2663 2241 2735 5).
2273 2681 2292 2716 ι
2326 2662 2584 2734 Sequitur
2656 2663 2763 2730 Qui
2798 2665 2921 2735 fecit
2965 2683 3107 2734 eum,
3149 2669 3380 2740 applica-

1781 2757 1851 2810 νει
1888 2754 2121 2826 gladium
2159 2754 2293 2825 ejus.
2345 2754 2566 2810 Gladius
2612 2756 2810 2826 quippe
2850 2756 3146 2814 Behemoth
3198 2762 3377 2833 istius,

1783 2856 1896 2915 uisa
1922 2844 2147 2900 nocendi
2180 2844 2381 2899 malitia
2406 2853 2509 2899 est.
2562 2845 2763 2901 Sed°ab
2787 2862 2853 2902 eo
2884 2863 2914 2902 a
2942 2864 3050 2919 quo
3080 2851 3252 2907 bonus
3277 2868 3377 2923 per

1783 2946 2032 2991 naturam
2067 2935 2243 2992 factus
2266 2945 2349 2991 est
2376 2936 2494 3006 ejus
2513 2937 2722 3008 gladius
2750 2939 3065 3009 applicatur,
3099 2942 3225 3011 quia
3256 2944 3374 3013 ejus

1785 3029 1991 3084 malitia
2040 3028 2218 3084 divina
2259 3029 2662 3099 dispensatione
2705 3031 3069 3103 restringitur,
3107 3048 3177 3089 ne
3212 3033 3376 3091 ferire

90 3117 223 3186 quod
265 3118 322 3173 hi
373 3119 474 3188 qui
504 3118 556 3172 in
592 3118 683 3173 illo
711 3118 1001 3175 debiliores
1034 3127 1163 3174 sunt
1209 3118 1275 3173 ad
1323 3119 1685 3189 perpetranda
1713 3105 1759 3169 Ο
1790 3127 2000 3172 tantum
2024 3118 2299 3173 hominum
2324 3129 2537 3174 mentes
2556 3126 2815 3189 quantum
2856 3121 3061 3190 appetit
3097 3125 3381 3192 permitta-

90 3207 221 3262 mala
252 3212 556 3282 nequiores
589 3210 873 3265 existunt?
918 3209 1088 3265 Ferro
1110 3210 1307 3281 quippe
1346 3223 1543 3266 caetera
1572 3228 1688 3269 me-

89 3297 202 3352 talla
231 3302 628 3367 conciduntur,
663 3310 719 3357 et
744 3301 1004 3368 cartilago
1030 3300 1147 3370 ejus
1172 3301 1364 3357 similis
1389 3301 1533 3360 ferro
1556 3303 1690 3359 dici-

90 3397 186 3451 tur,
237 3391 371 3460 quia
420 3392 480 3447 bi
526 3394 617 3462 qui
661 3392 711 3445 in
759 3390 878 3460 ejus
910 3407 1139 3462 corpore
1175 3392 1241 3447 ad
1271 3395 1689 3450 ostentationem

85 3479 343 3539 virtutum
408 3499 527 3537 non
589 3482 859 3538 suﬁiciunt
893 3523 909 3550 ,
960 3493 1149 3539 contra
1198 3498 1389 3540 necem
1446 3483 1686 3540 ﬁdelium

86 3574 258 3630 acrius
276 3576 682 3632 accenduntur.
710 3577 811 3645 Qui
830 3587 976 3632 recte
997 3592 1102 3632 non
1126 3576 1269 3631 ferro
1297 3580 1690 3646 tantummodo,

84 3668 171 3722 sed
198 3667 433 3724 laminis
465 3668 657 3724 ferreis
685 3677 1099 3739 comparantur;
1143 3670 1269 3739 quia
1311 3670 1435 3725 dum
1486 3683 1545 3723 se
1592 3670 1694 3724 eir-

82 3771 438 3829 cnmquaque
467 3760 521 3814 in
548 3760 864 3816 credulitate
892 3761 1121 3815 dilatare
1153 3759 1416 3824 ambiunt,
1448 3759 1602 3829 quasi
1636 3760 1690 3814 in

82 3846 206 3903 ferri
254 3866 321 3905 se
364 3851 594 3906 laminis
642 3852 955 3907 extendunt.
1008 3850 1347 3905 Μοιιιιιιτει.
1397 3849 1537 3917 Quid
1592 3863 1690 3919 per

78 3943 494 4017 cartilaginem,
529 3945 633 4009 nisi
655 3945 925 4000 simulatio
950 3943 1068 4013 ejus
1091 3942 1394 4012 accipitur?
1420 3941 1691 4013 Cartilago

76 4048 317 4107 namque
338 4038 491 4093 ossis
516 4037 749 4092 ostendit
773 4037 1028 4107 speciem,
1076 4035 1170 4091 sed
1209 4036 1351 4091 ossis
1387 4050 1490 4090 non
1532 4036 1695 4093 habet

76 4127 435 4185 ﬁrmitatem.
489 4128 556 4183 Et
590 4137 717 4183 sunt
750 4126 1003 4184 nonnulla
1029 4127 1157 4182 vitia
1180 4141 1299 4197 quae
1318 4128 1612 4182 ostendunt
1636 4126 1692 4183 in

77 4234 137 4275 se
183 4220 552 4276 rectitudinis
596 4221 849 4291 speciem.
904 4218 1226 4289 Plerumque
1269 4218 1324 4273 in
1369 4217 1693 4273 ulciscendis

72 4310 222 4366 vitiis
240 4310 557 4366 crudelitas
580 4311 780 4382 agitur,
816 4319 872 4366 et
902 4309 1110 4378 iustitia
1140 4316 1378 4379 putatur,
1407 4318 1570 4378 atque
1596 4308 1694 4362 im-

72 4403 372 4458 moderata
428 4401 509 4455 ira
547 4400 678 4469 justi
715 4401 814 4455 zeli
844 4401 1098 4458 meritum
1144 4399 1401 4455 creditur.
1449 4398 1690 4454 Plerum-

73 4506 182 4561 que
212 4492 501 4549 disr-oluta
540 4493 786 4549 remissio
825 4492 983 4563 quasi
1024 4490 1377 4546 mansuetudo
1414 4505 1480 4545 ac
1519 4489 1692 4559 pietas

68 4583 352 4652 habetur;
395 4599 786 4655 nonnunquam
812 4584 1000 4641 effusio
1031 4582 1400 4639 misericordia
1426 4581 1689 4638 creditur.

74 4773 3237 4799 ww

1792 3218 1899 3263 tur.
1924 3206 2030 3263 Iste
2070 3222 2300 3278 namque
2325 3207 2641 3273 Behemoth,
2668 3208 2793 3277 quia
2820 3208 3139 3280 principium
3164 3211 3376 3267 viarum

1790 3301 1885 3356 Dei
1911 3308 2014 3366 est,
2040 3315 2162 3355 cum
2197 3308 2388 3354 contra
2413 3307 2659 3354 sanctum
2682 3299 2857 3353 virum
2885 3298 3158 3355 licentiam
3198 3310 3378 3357 tenta-

1790 3394 1957 3451 tiouis
1976 3394 2205 3464 accepit,
2232 3401 2427 3449 cuncta
2454 3392 2698 3460 abstulit,
2724 3396 3075 3451 eonvivantes
3102 3396 3242 3454 ﬁlios
3276 3415 3373 3453 ex-

1791 3485 2003 3551 stinxit,
2044 3485 2136 3539 sed
2158 3483 2366 3554 gladius
2390 3483 2505 3553 ejus
2530 3498 2562 3538 a
2591 3483 2885 3539 Conditore
2911 3482 3221 3556 replicatur,
3254 3504 3379 3543 cum

1791 3577 2029 3633 dicitur:
2067 3593 2086 3627 ι
2116 3575 2365 3628 Animam
2397 3573 2540 3629 illius
2582 3589 2738 3629 serva
2792 3575 2913 3645 (Job
2965 3591 3026 3641 ιι,
3078 3577 3153 3648 6).
3184 3597 3203 3630 ι
3272 3578 3382 3635 Νο-

1790 3664 2013 3719 tandum
2042 3678 2256 3734 quoque
2276 3671 2359 3717 est
2383 3663 2525 3732 quod
2554 3677 2808 3717 vesanum
2836 3664 3027 3733 dogma
3052 3665 3167 3719 Arii
3191 3676 3380 3736 aperta

1791 3759 1847 3813 in
1873 3758 1975 3812 hoc
1991 3756 2107 3811 loco
2123 3756 2332 3810 ratione
2345 3755 2668 3824 dissipatur;
2687 3754 2952 3809 facturam
2967 3756 3161 3827 quippe
3179 3758 3272 3813 Dei
3289 3758 3380 3813 Fi-

1791 3847 1920 3902 lium
1944 3845 2176 3915 patitur,
2201 3853 2257 3900 et
2272 3859 2401 3900 ecce
2417 3843 2715 3899 Behemoth
2742 3845 2794 3898 in
2824 3845 3035 3901 factura
3056 3861 3236 3901 rerum
3262 3848 3379 3918 pri-

1750 3976 1759 3984 .
1793 3953 1915 3992 mus
1948 3944 2163 3991 creatus
2191 3934 2514 3990 ostenditur.
2560 3932 2821 4003 Superest
2841 3950 2969 4005 ergo
3002 3936 3242 3993 utArius
3270 3953 3381 3993 noa

1794 4029 1995 4085 factum
2019 4027 2215 4083 Filium
2234 4028 2507 4099 praedicet,
2533 4035 2629 4082 aut
2645 4040 2768 4082 eum
2789 4037 2912 4100 post
2931 4027 3228 4087 Behemoth
3251 4048 3384 4088 con-

1793 4120 1965 4176 ditum
2008 4118 2232 4174 stultum
2284 4128 2456 4189 putet.
2518 4118 2655 4186 Quia
2678 4134 2808 4175 vero
2853 4136 2956 4176 nos
2996 4124 3379 4192 cognoscimus

1795 4225 1918 4266 eum
1939 4217 2145 4280 quanto
2174 4209 2329 4281 hoste
2366 4223 2692 4280 pugnamus,
2719 4220 2966 4282 superest
2989 4222 3049 4268 ut
3088 4215 3382 4284 unusquis-

1794 4316 1900 4372 que
1946 4309 2195 4356 nostrum
2241 4307 2392 4355 tanto
2432 4314 2491 4356 se
2528 4299 2738 4372 plenius
2802 4303 3008 4359 auctori
3074 4303 3379 4373 subjaceat,

1793 4403 2000 4465 quanto
2025 4403 2217 4449 contra
2267 4407 2327 4449 se
2371 4394 2564 4451 saevire
2603 4392 2871 4452 violenter
2909 4397 3209 4453 adversarii
3240 4398 3383 4453 vires

1791 4492 2003 4560 pensat.

977 4944 1277 5023 LIBER
1336 4941 1960 5025 TRICESIMUS
2017 4938 2496 5018 TERTIUS.

1629 5144 1848 5165 -ῄ

132 5309 321 5364 Vsus.
362 5299 464 5356 15.
497 5302 634 5357 Huic
662 5306 867 5353 montes
895 5297 1080 5353 herbas
1128 5297 1324 5369 ferunt.
1358 5325 1429 5335 -—
1454 5295 1512 5349 in
1548 5290 1697 5347 Scri-
1728 5293 1774 5353 D
1801 5289 1936 5362 (lsa.
1967 5306 2025 5355 ιι,
2053 5289 2132 5400 2):
2172 5307 2192 5342 ι
2223 5284 2539 5400 Aliquando
2573 5288 2764 5381 sancta

2814 5277 3083 5341 Ecclesia,
3133 5276 3196 5328 ut
3224 5266 3389 5324 illud:

2772 5376 2786 5400 ο
2840 5382 2998 5400 mmo
3032 5365 3166 5400 Qinn
3212 5354 3395 5400 [Ριιιι-

1858 5380 1955 5400 Α--Ἶ
1994 5378 2122 5400 --_l'!
2149 5379 2257 5400 Ι----Ι
2293 5375 2343 5400 :n‘
2387 5374 2616 5400 hami-‘1‘
2646 5369 2761 5400 D:I\II
