3934 5400
557 284 663 343 ιεῖ

1534 276 1591 331 S.
1633 272 1882 331 ODOMS
1920 267 2209 327 ABBATIS
2238 267 2731 326 CLUNIACENSIS
2763 268 2806 325 ll
3712 275 3801 329 ωδ

558 393 772 469 quando
795 398 1038 464 apostata
1077 388 1318 462 angelus,
1360 398 1419 443 ut
1448 388 1614 443 illud:
1652 406 1671 439 ι
1708 385 2059 453 Transmigra
2085 382 2138 435 in
2172 385 2216 440 Α
2246 393 2534 469 percussus
2565 381 2754 449 fugiat,
2778 390 2840 436 et'
2854 381 2920 437 ad
2941 382 3105 437 corda
3133 383 3484 453 reprobo'rum
3516 382 3710 455 frigida
3731 403 3804 444 re

559 496 795 544 montem
828 486 970 540 sicut
995 497 1184 553 passer
1214 479 1387 552 (Psal.
1416 496 1472 544 ι,
1497 478 1572 548 1).
1612 496 1630 531 ι
1661 476 1795 532 Cum
1820 489 1952 529 vero
1983 488 2136 527 mon-

560 590 642 635 tes
669 576 859 649 plurali
892 588 1116 630 numero
1145 573 1516 635 nominantur,
1541 568 1831 638 aliquando
1872 563 2136 621 celsitudo

558 669 930 739 apostolorum
956 674 1117 734 atque
1132 664 1389 734 propheta
1400 677 1514 716 rum
1538 661 1868 729 designatur,
1894 667 1955 711 ut
1973 655 2133 710 illud:

562 780 581 812 ι
618 760 834 815 Iustitia
880 767 969 811 tua
1021 757 1159 811 sicut
1212 764 1425 808 montes
1480 753 1571 806 Dei
1600 750 1775 822 (.Psal.
1807 763 1969 811 xxxv,
1998 746 2072 816 7).
2113 764 2131 796 ι

557 850 862 919 Aliquando
894 862 1020 902 vero
1052 844 1387 900 saecularium
1411 850 1731 911 potestatum
1767 834 2140 905 tmuorexpri-

560 944 746 1006 mitur,
775 941 841 995 de
865 939 1059 1007 quibus
1111 937 1346 990 dicitur:
1402 952 1420 984 ι
1455 932 1660 987 Montes
1714 931 1855 985 sicut
1887 944 2012 983 cera
2041 927 2139 981 ﬂu-

560 1037 755 1083 xerunt
812 1044 843 1081 a
886 1026 1023 1079 facie
1095 1023 1303 1079 Domini
1366 1020 1537 1093 (Psal.
1606 1036 1748 1082 xcvr,
1806 1019 1879 1089 5).
1921 1037 1938 1069 ι
1999 1017 2139 1071 Elati

559 1134 796 1188 namque
821 1118 999 1173 Sacculi
1031 1114 1188 1182 hujus
1218 1115 1343 1169 huic
1384 1112 1675 1167 Behemoth
1727 1111 1911 1164 herbas
1942 1109 2135 1179 ferunt,

558 1208 683 1276 quia
714 1223 780 1262 ex
817 1222 882 1261 eo
923 1205 1070 1259 illum
1096 1204 1362 1267 reﬁciunt,
1391 1202 1533 1272 quod
1558 1202 1808 1271 nequiter
1826 1208 2138 1269 operantur,

560 1299 688 1368 quia
713 1314 838 1353 suas
871 1297 945 1351 illi
976 1295 1209 1351 offerunt
1257 1294 1429 1349 ﬂuxas
1454 1304 1510 1349 et
1555 1293 1789 1347 lubricas
1812 1291 2136 1345 voluntates.

569 1408 587 1439 ι
624 1388 980 1451 Eruntenim,
1007 1387 1084 1440 ait
1108 1385 1415 1455 Apostolus,
1452 1384 1699 1439 homines
1726 1383 1930 1452 scipsos
1955 1397 2140 1435 aman-

560 1489 659 1540 tes,
685 1478 1020 1548 voluptatum
1050 1484 1320 1530 amatores
1364 1475 1537 1542 magis
1567 1489 1729 1545 quam
1761 1472 1853 1527 Dei
1884 1471 1969 1543 (Il
2002 1471 2136 1525 Tim.

558 1584 642 1632 III,
671 1568 727 1633 2,
755 1568 831 1636 4).
871 1587 888 1619 ι
925 1567 1053 1633 Qua:
1101 1574 1183 1620 est
1210 1580 1342 1632 ergo
1375 1565 1541 1618 herba
1588 1563 1873 1627 montium,
1908 1562 2009 1616 nisi
2046 1575 2141 1615 vo-

558 1658 735 1728 luptas
776 1657 920 1712 ﬂuxa
965 1672 1084 1727 qua:
1122 1671 1204 1711 ex
1232 1656 1398 1711 corde
1450 1655 1689 1726 gignitur
1737 1653 2141 1723 superborum?

556 1722 763 1814 Quibus
792 1722 1045 1801 nimirum
1067 1746 1249 1801 herbis
1278 1722 1573 1799 Bchenioth
1595 1746 1696 1799 iste
1724 1722 1984 1814 pascitur,
2011 1745 2136 1814 quia
2168 1722 2213 1782 Β

502 1872 505 1875 -
557 1840 610 1894 in
635 1839 716 1894 eis
741 1853 956 1909 poenam
989 1847 1209 1892 aeternae
1255 1836 1447 1891 mortis
1486 1837 1754 1901 esuriens,
1804 1851 1990 1890 eorum
2016 1851 2139 1905 pcr-

557 1934 687 1987 ditis
745 1932 985 1985 moribus
1031 1931 1336 1984 satiabitur.
1370 1929 1670 1998 Sequitur:
1723 1925 1915 1981 Omnes
1965 1929 2139 1982 bestia:

557 2025 672 2095 agri
698 2024 879 2077 ludent
928 2025 1018 2076 ibi.
1047 2023 1185 2089 Quid
1220 2037 1315 2092 per
1360 2022 1559 2076 bestias
1599 2021 1713 2090 agri
1745 2020 1847 2074 nisi
1879 2019 2138 2074 innnundi

560 2113 782 2184 spiritus
805 2112 1156 2184 designantur
1185 2112 1208 2164 Ἰ
1241 2110 1394 2166 Unde
1425 2121 1478 2165 et
1507 2111 1570 2165 tle
1618 2110 1733 2179 ipso
1782 2108 2140 2179 malignorum

558 2202 845 2273 spirituum
886 2201 1128 2270 principe
1154 2210 1343 2256 contra
1376 2200 1611 2270 Ephrain
1636 2200 1862 2273 dicitur:
1901 2217 1919 2248 t
1960 2198 2140 2253 Bestia

558 2293 674 2364 agri
695 2292 904 2347 scindet
937 2306 1032 2347 eos
1065 2290 1211 2357 (Ose.
1262 2307 1385 2357 χιιι,
1429 2291 1505 2361 8).
1542 2309 1561 2343 ι
1614 2291 1677 2345 Εί
1705 2290 1904 2345 Isaias:
1948 2308 1966 2341 t
2003 2289 2140 2343 Mala

556 2385 730 2441 bestia
756 2402 861 2441 non
910 2384 1160 2440 transibit
1206 2400 1306 2455 per
1357 2399 1477 2438 eam
1512 2382 1646 2455 (13a.
1699 2398 1860 2446 xxxv,
1892 2382 1971 2453 9).
2010 2401 2029 2433 ι
2075 2381 2143 2435 Et

562 2479 691 2550 quid
718 2495 813 2549 per
857 2495 1071 2550 agrum,
1122 2478 1227 2533 nisi
1276 2493 1517 2548 praesens
1554 2477 1809 2532 sarculum
1840 2474 2141 2543 accipitur?

559 2568 697 2625 llinc
717 2569 978 2624 Dominus
1002 2570 1116 2623 ait:
1145 2586 1166 2619 ι
1189 2568 1332 2639 Ager
1353 2577 1531 2622 autem
1559 2576 1638 2621 est
1669 2566 1898 2620 mundus
1924 2563 2137 2627 (Matth.

557 2676 681 2724 xm,
707 2659 819 2729 28).
861 2681 880 2712 ι
920 2660 1048 2730 Agri
1078 2673 1208 2729 ergo
1262 2658 1448 2713 bestia:
1480 2658 1531 2711 in
1564 2656 1745 2711 herbis
1774 2655 2034 2709 montium
2064 2652 2142 2707 lu-

560 2751 717 2816 dunt,
742 2750 865 2819 quia
888 2749 1128 2820 projecta
1152 2750 1217 2804 de
1243 2746 1612 2819 superioribus
1635 2746 1688 2800 in
1713 2747 1855 2800 hunc
1881 2744 2139 2798 mundum

561 2842 823 2898 daamonia
854 2842 1035 2912 pravis
1083 2843 1435 2911 superborum
1485 2839 1740 2909 operibus
1786 2836 2136 2893 delectantur.

560 2932 706 2988 Bene
738 2935 789 2988 in
820 2934 1002 2988 herbis
1034 2934 1240 2999 ludunt,
1273 2948 1395 2988 cum
1420 2933 1631 3002 reprobi
1664 2932 1886 3001 spiritus
1906 2930 2141 2983 humana

560 3024 724 3078 corda
756 3025 823 3079 ad
863 3022 1080 3078 illicitas
1127 3023 1483 3094 cogitationes
1525 3023 1865 3092 pertrahunt.
1920 3021 2022 3074 Pro
2075 3033 2141 3074 eo

560 3114 705 3169 enim
727 3115 868 3183 quod
896 3114 1114 3184 superbi
1142 3114 1344 3185 quique
1389 3113 1591 3167 nullum
1625 3113 1822 3167 malum
1855 3110 2141 3179 cogitando

559 3212 911 3275 prmtercunt,
967 3204 1110 3257 nulla
1141 3212 1223 3259 est
1266 3205 1381 3275 agri
1429 3205 1600 3259 bestia
1650 3218 1770 3273 qua:
1798 3219 1903 3259 non
1948 3204 2141 3258 horum

559 3294 823 3348 montium
864 3293 1031 3348 herba
1069 3294 1317 3349 satietur.
1347 3294 1641 3365 Sequitur:

631 3382 799 3439 Vens.
840 3384 924 3438 16.
971 3384 1080 3440 Sub
1130 3384 1318 3439 umbra
1360 3386 1572 3439 dormit.
1604 3413 1677 3425 -ο
1705 3383 2054 3440 Obumbratio
2086 3383 2141 3437 in

560 3492 718 3534 sacro
744 3479 957 3547 eloquio
984 3480 1271 3549 aliquando
1308 3481 1609 3535 incarnatio
1646 3481 1857 3535 Domini
1899 3481 2138 3550 ponitur,

559 3578 621 3625 ut
651 3570 816 3625 illud:
856 3590 874 3622 ι
910 3570 1094 3627 Virtus
1135 3572 1401 3627 Altissimi
1440 3573 1784 3628 obumbrabit
1840 3572 1934 3627 tibi
1988 3570 2139 3642 (Luc.

564 3661 748 3731 t,15).
785 3679 803 3714 ι
856 3661 1158 3731 Aliquando
1213 3663 1412 3719 mentis
1463 3662 1800 3733 refrigerium
1847 3679 1877 3718 a
1926 3661 2142 3717 fervore

559 3750 856 3804 carnalium
877 3752 1285 3822 cogitationum,
1312 3758 1372 3806 ut
1395 3750 1554 3806 illud:
1591 3770 1610 3803 ι
1659 3751 1771 3807 Sttb
1808 3751 1996 3806 umbra
2027 3750 2142 3803 ala-

561 3858 680 3898 rum
706 3853 919 3899 tuarum
945 3855 1167 3918 protege
1189 3862 1276 3901 me
1302 3845 1473 3916 (Psal.
1501 3863 1613 3911 xw,
1644 3849 1722 3917 8).
1763 3867 1782 3899 ι
1817 3846 1913 3902 Vel
1939 3865 1951 3902 :
1992 3867 2009 3898 ι
2031 3846 2144 3901 Sub

561 3941 751 3992 umbra
776 3937 918 3995 illius
947 3953 1105 4009 quem
1136 3939 1507 3994 desiderabam
1545 3940 1659 3994 sedi
1705 3938 1879 4009 (Cant.
1912 3954 1968 4004 II,
2000 3938 2077 4009 5).
2117 3958 2134 3991 ι

560 4029 866 4101 Aliquando
911 4031 1131 4087 umbras
1170 4031 1511 4085 recedentem
1565 4030 1885 4086 charitatem
1935 4029 2143 4100 frigida:

561 4119 760 4176 mentis
790 4120 1107 4191 accipimus,
1147 4121 1291 4176 sicut
1325 4120 1392 4176 de
1415 4128 1674 4191 peccante
1698 4119 1914 4176 homine
1937 4118 2140 4176 dictum

560 4217 666 4275 est,
691 4212 816 4280 quia
844 4220 1060 4266 secutus
1085 4220 1171 4268 est
1200 4213 1436 4266 umbras.
1464 4210 1860 4282 Nonnunquam
1890 4227 2020 4268 vero
2045 4226 2142 4281 per

562 4299 808 4354 umbram
836 4300 904 4369 (si
936 4308 1115 4356 tamen
1160 4316 1279 4356 cum
1317 4301 1616 4370 adjectione
1647 4301 1839 4356 mortis
1883 4300 2139 4372 ponatur)

559 4386 646 4443 vel
678 4402 824 4442 mors
852 4389 1033 4443 carnis
1057 4389 1395 4458 exprimitur,
1425 4399 1484 4444 ut
1509 4389 1635 4444 illud
1663 4408 1676 4444 :
1706 4408 1726 4442 ι
1766 4388 1832 4445 Et
1861 4389 2139 4460 cooperuit

562 4490 663 4531 nos
688 4477 877 4531 umbra
907 4478 1093 4531 mortis
1149 4475 1320 4548 (Psal.
1354 4493 1503 4544 XLIII,
1546 4477 1657 4549 20).
1695 4498 1713 4532 ι
1749 4479 1891 4533 Mors
1942 4481 2138 4550 quippe

562 4568 743 4623 carnis
788 4567 965 4638 imago
1011 4577 1094 4624 est
1134 4569 1321 4624 mortis
1375 4578 1609 4626 aeternae.
1651 4572 1751 4628 Vel
1799 4583 1947 4628 certe
1995 4589 2141 4629 mors

562 4658 826 4726 diabolus,
859 4668 916 4714 ut
938 4659 1095 4714 illud:
1135 4678 1153 4710 ι
1187 4659 1391 4715 Nomen
1415 4663 1488 4717 illi
1515 4679 1659 4719 mors
1689 4663 1873 4733 (Apoc.
1905 4679 1981 4729 Vl,
2012 4666 2087 4735 8).
2115 4685 2135 4718 ι

566 4750 763 4807 Umbra
802 4766 931 4822 ergo
964 4753 1150 4806 mortis
1181 4762 1307 4807 sunt
1349 4769 1541 4810 omnes
1570 4757 1806 4824 reprobi,
1868 4758 1958 4827 qui
1998 4757 2141 4814 illius

561 4840 857 4910 nequitiam
906 4841 1153 4927 elationis
1216 4842 1512 4906 imitantur,
1571 4844 1792 4915 ejusque
1848 4848 2137 4917 imaginem

564 4933 716 5000 quasi
743 4933 987 4988 umbram
1041 4935 1369 5005 exprimunt.
1412 4935 1527 4990 [loc
1573 4948 1754 4992 autem
1798 4938 1919 4995 loco
1949 4941 2138 4996 umbra

565 5025 818 5093 nequitia:
860 5035 1044 5096 torpor
1086 5028 1369 5096 accipitur,
1420 5029 1472 5082 in
1529 5045 1636 5099 qua
1686 5031 1800 5101 ipse
1843 5033 2139 5088 Behemoth

564 5117 784 5186 dormit,
821 5121 945 5190 quia
974 5130 1162 5176 eontra
1203 5122 1366 5176 corda
1396 5122 1642 5177 claritate
1682 5123 1911 5178 calentia
1937 5124 2140 5179 sollici-

569 5215 654 5262 tus
671 5209 874 5277 vigilat,
903 5210 957 5264 in
979 5209 1187 5279 frigidis
1215 5205 1395 5264 autem
1446 5226 1666 5266 securus
1705 5213 1868 5281 jacet.
1897 5215 2141 5268 Dormire

569 5299 727 5352 etiam
773 5300 827 5354 in
876 5311 1187 5356 sanctorum
1237 5303 1490 5357 cordibus
1536 5318 1641 5357 non
1691 5313 1887 5372 potest,
1941 5308 2063 5375 quia
2093 5308 2137 5362 si

2235 469 2377 524 deat.
2413 468 2705 539 Sequitur:
2742 469 2808 525 In
2842 482 3035 526 secreto
3080 473 3292 528 calami.
3322 472 3378 527 ln
3408 488 3571 529 sacro
3608 476 3805 547 eloquio

2236 557 2426 612 calami
2456 559 2538 613 vel
2566 560 2844 615 arundinis
2869 561 3226 631 appellatione
3268 563 3561 633 aliquando
3598 566 3807 623 verbum

2238 663 2463 703 manens
2492 650 2778 719 accipitur,
2817 660 2874 705 ut
2904 651 3072 708 illud:
3109 672 3127 704 ι
3171 653 3379 725 Lingua
3432 670 3556 711 mea
3584 657 3807 713 calamus

2236 739 2445 804 scribae,
2480 760 2498 791 ι
2555 751 2661 796 etc.
2713 740 2885 811 (Psal.
2947 759 3093 809 xuv,
3136 744 3217 814 2.)
3264 745 3578 815 Aliquando
3637 747 3805 804 docto-

2238 849 2358 888 rum
2396 835 2612 905 peritia,
2662 844 2721 890 ut
2751 836 2910 891 illud:
2949 856 2967 887 ι
3004 837 3070 891 Et
3120 838 3172 892 in
3202 839 3472 894 cubilibus
3523 843 3580 894 in
3632 844 3808 912 quibus

2236 925 2386 993 prius
2413 923 2677 980 dracones
2719 925 3053 993 habitabant,
3100 929 3309 983 orietur
3356 930 3509 984 viror
3546 931 3740 986 calami
3766 944 3809 988 et

2232 1012 2381 1083 junci
2408 1012 2542 1085 (Im.
2570 1030 2732 1077 xxxv,
2763 1016 2837 1087 7).
2897 1035 2915 1068 ι
2970 1016 3069 1073 Uhi
3126 1033 3223 1087 per
3264 1019 3538 1073 calamum
3581 1022 3808 1076 doctrina

2239 1104 2609 1168 scribentium,
2639 1119 2734 1174 per
2753 1104 2975 1175 juncnm
3011 1106 3259 1161 viriditas
3285 1108 3599 1162 auditorum
3632 1109 3809 1164 intelli-

2238 1193 2401 1263 gitur.
2426 1193 2726 1263 Aliquando
2769 1193 3041 1248 mobilitas
3061 1195 3278 1260 mentis,
3327 1205 3385 1249 ut
3420 1196 3596 1250 illud:
3637 1216 3656 1247 ι
3693 1197 3810 1264 Quid

2239 1287 2430 1341 existis
2458 1288 2675 1343 videre?
2699 1287 3029 1341 Arundinem
3061 1296 3220 1342 vento
3237 1289 3493 1359 agitatam
3521 1290 3575 1342 ?)
3611 1290 3808 1361 (Hann.

2240 1394 2317 1443 xI,
2348 1379 2428 1450 7.)
2472 1379 2773 1449 Aliquando
2793 1379 2937 1434 nitor
2971 1379 3154 1449 gloria:
3197 1381 3510 1451 temporalis
3541 1384 3809 1452 accipitur,

2240 1483 2299 1526 ut
2330 1473 2457 1527 ilhtd
2509 1473 2828 1543 Sapientiae:
2887 1492 2906 1524 ι
2941 1473 3243 1544 Fulgebunt
3277 1471 3411 1542 justi
3460 1482 3517 1528 et
3570 1482 3810 1543 tanquam

2241 1562 2486 1617 scintilla:
2530 1565 2583 1618 in
2633 1564 2955 1619 aruudineto
3000 1563 3308 1619 discurrent
3357 1562 3516 1635 (Sap.
3563 1578 3650 1627 III,
3689 1562 3761 1630 7).
3792 1582 3807 1613 ι

2243 1654 2345 1710 Ubi
2369 1655 2746 1709 arundinetum
2793 1657 2960 1711 vitam
3001 1655 3339 1712 Stecularium
3392 1655 3657 1726 appellat.
3716 1654 3810 1708 Hoc

2240 1761 2371 1815 ergo
2400 1746 2519 1801 loco
2546 1746 2904 1817 appellatione
2946 1746 3159 1813 calami,
3213 1757 3423 1802 mentes
3478 1745 3811 1801 smcularium

2241 1839 2632 1908 designantur;
2663 1854 2889 1909 quorum
2921 1838 3083 1893 corda
3141 1839 3336 1893 tacitus
3375 1845 3542 1901 tenet,
3581 1837 3712 1891 dum
3738 1850 3813 1889 eos

2240 1932 2307 1985 ad
2359 1930 2653 1999 appetitum
2707 1929 3021 1999 temporalis
3071 1928 3264 1984 nitoris
3312 1937 3479 1998 atque
3523 1927 3814 1981 altitudinis

2239 2031 2565 2086 commovet,
2590 2030 2646 2076 et
2671 2023 2821 2091 quasi
2846 2020 2919 2075 ibi
2961 2021 3075 2091 ipse
3114 2022 3330 2091 quietus
3376 2020 3583 2073 dormit
3615 2018 3704 2073 ubi
3735 2032 3812 2071 eos

2241 2127 2376 2181 quos
2404 2111 2667 2181 possidet,
2692 2110 2977 2180 quiescere
3001 2125 3105 2164 non
3156 2109 3438 2179 permittit.
3468 2108 3527 2162 lu
3557 2107 3661 2162 hoc
3684 2108 3813 2160 enim

2241 2202 2381 2271 quod
2416 2201 2517 2271 ipsi
2568 2201 2820 2256 interitus
2869 2215 3019 2255 more
3071 2200 3263 2255 calami
3315 2199 3473 2253 vacui
3524 2205 3811 2261 remanent,

2242 2293 2417 2347 locum
2446 2291 2739 2346 Behemoth
2782 2291 2870 2346 isti
2919 2292 3008 2345 ubi
3061 2292 3200 2360 apud
3247 2305 3306 2346 se
3353 2291 3810 2361 requiescet-ede

2240 2384 2382 2449 beat,
2414 2384 2674 2453 praebent.
2690 2382 2948 2455 Sequitur
2971 2396 2986 2435 :
3009 2381 3078 2437 In
3102 2381 3227 2437 locis
3256 2382 3811 2438 (tumentium—Loca

2243 2495 2481 2548 namque
2510 2478 2786 2533 humentia
2817 2486 2943 2534 sunt
2969 2486 3307 2532 terrenarum
3353 2476 3635 2531 hominum
3680 2492 3813 2531 men-

2244 2580 2345 2635 tes,
2376 2585 2510 2640 quas
2536 2571 2731 2624 humor
2777 2569 3015 2623 carnalis
3061 2567 3534 2638 concupiscentiaz,
3566 2568 3693 2637 quia
3737 2582 3811 2620 re-

2242 2662 2371 2734 plet,
2400 2661 2590 2727 ﬂuidas
2612 2660 2762 2715 facit.
2795 2659 2935 2715 Loca
2963 2661 3159 2730 quippe
3194 2661 3472 2715 hu'mentia
3505 2672 3635 2715 sunt
3659 2675 3808 2730 opera

2243 2754 2580 2823 voluptuosa.
2612 2752 2679 2806 In
2718 2753 2798 2806 Itis
2851 2752 3033 2822 itaque
3069 2754 3198 2806 locis
3248 2752 3583 2806 humentibus
3612 2752 3811 2813 dormit,

2242 2847 2367 2917 quia
2410 2849 2461 2899 in
2510 2845 2859 2915 reprohortnn
2926 2842 3203 2898 hominum
3253 2842 3458 2897 lubrica
3509 2842 3811 2912 Operatione

2245 2936 2553 3004 requiescit.
2580 2935 2782 2989 Aliter:
2807 2933 3041 2987 Possunt
3067 2947 3160 3003 per
3186 2932 3304 2986 loca
3324 2933 3623 2997 humentia,
3658 2947 3810 2986 metu.

2243 3026 2341 3080 bra
2368 3026 2639 3097 genitalia,
2670 3024 2719 3079 id
2753 3036 2832 3080 cst
2860 3025 3094 3088 luxuria,
3128 3023 3419 3094 designari,
3451 3031 3515 3077 ut
3540 3031 3595 3077 et
3624 3038 3721 3093 per
3739 3035 3813 3075 ca-

2245 3116 2446 3169 lamum
2473 3116 2641 3183 gloria
2657 3114 2943 3185 superbite,
2968 3122 3023 3168 et
3043 3129 3137 3184 per
3157 3112 3272 3167 loca
3294 3114 3597 3176 humentia,
3617 3112 3808 3165 luxuria

2245 3212 2491 3281 corporis
2520 3211 2879 3280 exprimatur.
2912 3209 3026 3263 Duo
3048 3192 3244 3277 quippe
3272 3210 3387 3261 hinc
3412 3216 3540 3261 sunt
3566 3206 3693 3260 vitia
3708 3220 3811 3275 qtae

2245 3302 2482 3357 humano
2506 3302 2688 3372 generi
2717 3300 3032 3354 immaniter
3060 3299 3444 3354 dominantur:
3476 3312 3647 3351 unum
3675 3297 3807 3350 vide-

2243 3390 2369 3447 licet
2398 3392 2640 3461 spiritus,
2685 3398 2846 3458 atque
2886 3388 3031 3443 aliud
3082 3388 3280 3442 carnis.
3331 3387 3605 3456 Antiquus
3649 3388 3811 3455 itaque

2244 3483 2413 3537 hostis
2434 3482 2727 3534 humanum
2756 3495 2926 3550 genus
2949 3478 3034 3534 vel
3065 3493 3160 3549 per
3186 3478 3477 3532 elationem
3506 3478 3806 3547 pmcipitat,

2243 3571 2323 3625 vel
2366 3586 2460 3640 per
2499 3569 2769 3623 luxuriam
2822 3568 3042 3638 premit,
3093 3567 3357 3637 quosdam
3388 3580 3523 3621 vero
3554 3566 3716 3621 etiam
3764 3565 3806 3617 in

2244 3670 2472 3729 utroque
2494 3659 2748 3729 possidet.
2781 3655 3040 3725 Sequitur
3064 3673 3079 3711 :

2317 3751 2480 3806 Vsus.
2508 3749 2595 3803 l7.
2629 3747 2915 3818 Protegunt
2938 3752 3133 3802 umbra:
3160 3747 3399 3802 umbram
3436 3746 3576 3818 ejus.
3614 3777 3671 3787 -
3699 3746 3805 3801 limo

2242 3842 2354 3897 bra:
2386 3842 2583 3912 quippe
2613 3850 2738 3895 sunt
2767 3839 2966 3894 diaboli
2987 3854 3176 3894 omnes
3204 3839 3410 3910 iniqui;
3442 3839 3680 3908 quidum
3708 3837 3807 3891 imi-

2246 3932 2438 3987 tationi
2490 3932 2794 4001 iniquitatis
2839 3930 2956 4001 ejus
3011 3931 3334 3995 inserviunt,
3389 3932 3553 4000 quasi
3588 3931 3663 3984 ab
3711 3930 3807 3998 ejus

2242 4039 2471 4096 corpore
2512 4025 2763 4096 imaginis
2810 4024 3046 4093 speciem
3090 4024 3331 4078 trahunt.
3396 4023 3622 4079 Umbrae
3656 4024 3808 4091 itaque

2243 4117 2491 4175 umbram
2513 4122 2802 4187 pretegunt
2825 4131 2842 4180 ;
2868 4114 2994 4183 quia
3025 4121 3342 4184 peceatores
3383 4114 3593 4183 quique
3637 4114 3689 4167 in
3718 4124 3809 4181 quo

2243 4209 2343 4265 sibi
2385 4209 2523 4263 male
2560 4217 2687 4263 sunt
2734 4207 2960 4271 conscii,
2995 4207 3047 4260 in
3090 4220 3156 4262 eo
3207 4215 3263 4261 et
3287 4206 3456 4260 alium
3515 4214 3807 4276 peccantem

2243 4301 2370 4356 dum
2401 4299 2718 4369 corripiunt,
2763 4298 3079 4354 defendunt.
3126 4297 3281 4366 Quod
3299 4299 3368 4353 ad
3413 4299 3525 4354 hoc
3580 4299 3807 4354 nimirum

2244 4392 2421 4448 studio
2456 4391 2680 4455 faciunt,
2718 4407 2787 4446 ne
2825 4392 2952 4446 dum
2982 4390 3140 4461 culpa
3172 4392 3225 4445 in
3262 4406 3370 4460 qua
3400 4399 3458 4445 et
3478 4391 3585 4460 ipsi
3613 4389 3810 4461 obligati

2242 4492 2388 4548 sunt,
2415 4484 2467 4537 in
2497 4483 2618 4538 aliis
2644 4482 2953 4552 corrigitur,
3001 4483 3067 4536 ad
3099 4482 3244 4551 ipsos
3290 4482 3631 4552 quandoque
3652 4485 3809 4536 venia-

2243 4586 2350 4632 tur.
2381 4575 2519 4630 Hinc
2548 4575 2806 4644 propheta
2830 4573 2939 4627 ait:
2993 4589 3011 4624 ι
3049 4571 3311 4628 Oriuntur
3350 4571 3406 4625 in
3447 4573 3705 4627 domibus
3725 4571 3809 4639 spi‘

2244 4683 2345 4732 me,
2375 4675 2429 4721 et
2466 4667 2670 4727 urticaz,
2701 4673 2755 4718 et
2781 4663 3020 4733 paliurus
3050 4663 3099 4717 in
3126 4661 3523 4718 munitionibus
3555 4663 3674 4732 ejus
3698 4662 3809 4733 (In.

2245 4772 2432 4823 xxxw,
2457 4756 2565 4825 14).
2615 4776 2632 4808 ι
2674 4755 2772 4810 libi
2805 4770 2901 4824 per
2925 4755 3124 4808 urticas
3156 4753 3558 4823 cogitationum
3607 4753 3814 4827 prurigi-

2245 4868 2361 4916 nes,
2410 4868 2507 4922 per
2556 4850 2739 4921 spinas
2789 4849 3043 4903 vitiorum
3090 4850 3437 4920 punctiones,
3500 4853 3810 4922 accipimus;

2247 4958 2343 5015 per
2373 4943 2637 5013 paliurutu
2679 4955 2826 5005 vero,
2869 4957 2987 5012 qua:
3011 4942 3161 5012 spina
3212 4950 3297 4997 est
3337 4943 3701 5015 densissima,
3739 4960 3816 4999 ne-

2248 5039 2634 5109 quissimorum
2662 5037 2941 5091 tuitionem
2987 5025 3358 5106 intelligimus.
3414 5039 3817 5096 Circumdabnt

2247 5144 2361 5181 eam
2390 5126 2573 5181 salices
2601 5126 2953 5180 torrentis.—
2979 5126 3032 5179 lu
3056 5140 3207 5180 sacro
3227 5125 3452 5195 eloquio
3491 5131 3723 5186 salicum
3744 5143 3824 5183 no-

2247 5236 2370 5274 men
2397 5219 2682 5289 aliquando
2711 5232 2808 5287 pro
2837 5218 3108 5271 viriditate
3144 5215 3273 5283 boni
3300 5219 3559 5286 ponitur,
3608 5232 3668 5276 ut
3712 5218 3826 5275 ilhId

2248 5311 2559 5381 prophetae:
2599 5328 2617 5359 ι
2663 5306 3055 5363 Germinabunt
3099 5307 3150 5361 in
3202 5305 3393 5363 herbis
3442 5311 3596 5367 sicut
3647 5311 3826 5367 saliens
3920 5320 3921 5400 χ
