3934 5400
125 166 235 226 889

817 152 1118 221 srmone
1154 163 1540 222 nonanus.
1583 164 1640 222 s.
1675 163 1888 222 casa.
1925 144 1992 217 is
2031 159 2168 218 ποθ.
2208 148 2275 202 —'—'
2314 152 2439 218 "ua.
2483 161 2744 220 XXXIII."

3313 161 3415 226 ηο

128 283 299 338 illud.
349 299 366 332 ι
401 277 479 337 De
524 285 766 335 torrente
813 278 869 333 lu
917 278 1001 332 via
1047 276 1194 332 bibet
1231 275 1402 348 (Psal.
1444 293 1557 342 cut,
1582 279 1657 348 7).
1705 295 1722 328 ›
1759 282 1804 338 Α
1835 274 1905 329 ibi
1939 273 2212 338 divinitas,
2251 290 2368 344 quae
2412 273 2733 346 perforaret.
2781 276 2838 331 ln
2877 277 3046 334 oculis
3080 278 3276 352 quippe
3312 281 3415 336 hs‘

131 370 557 425 Circumdabunt
600 385 718 424 eum
765 366 952 422 salices
991 367 1258 419 torrentis.
1311 364 1412 433 Qui
1459 376 1730 420 amatores

131 463 262 516 vita:
288 461 560 526 mortalis,
584 476 614 515 a
645 460 802 514 bonis
822 459 1035 513 actibus
1064 458 1217 526 quasi
1251 457 1516 513 fructibus
1544 457 1727 523 alieni,

129 561 292 606 tanto
343 552 573 621 antiquo
606 550 746 605 hosti
788 550 992 604 arctius
1040 547 1326 612 inhazrent,
1377 558 1580 618 quanto
1635 562 1728 603 eos

133 643 344 714 largius
392 641 686 697 delectatio
751 638 1080 694 transitoria:
1125 637 1415 709 voluptatis
1471 638 1725 693 infundit.

136 733 250 790 Hos
273 733 440 788 etiam
464 731 618 801 quasi
663 730 717 784 in
758 728 1031 784 radicibus
1068 736 1284 783 torrens
1317 727 1472 797 rigat,
1516 728 1642 782 dum
1674 729 1725 782 in

132 826 254 881 suis
278 821 706 893 agitationibus
731 835 885 874 amor
911 820 1038 873 vita:
1081 817 1314 872 carnalis
1335 817 1584 872 inebriat.
1615 816 1726 871 lla-

133 917 269 972 bent
290 913 598 970 honestatis
635 912 904 966 interdum
929 909 1093 964 verba
1127 908 1282 977 quasi
1309 907 1457 970 folia,
1486 907 1579 962 sed
1609 906 1726 961 nul-

132 1007 250 1061 lum
281 1006 411 1061 vita:
439 1003 652 1074 pondus
677 1017 744 1056 ex
773 1001 930 1056 bonis
980 1000 1238 1070 operibus
1277 998 1592 1060 ostendunt.
1625 995 1726 1052 Se-

59 1133 62 1135 -
135 1099 329 1168 quitur
360 1114 375 1150 :

207 1186 376 1242 Vnus.
412 1187 502 1241 l8.
535 1181 837 1238 Absorbebit
879 1181 1100 1251 ﬂuuium
1135 1188 1184 1234 et
1223 1195 1327 1233 non
1357 1176 1656 1237 mirabitur.
1677 1185 1726 1229 et

131 1278 570 1347 habetﬁduciam
611 1275 750 1346 quod
794 1275 982 1343 inﬂuat
1008 1271 1262 1326 Iordanis
1295 1271 1351 1325 in
1394 1285 1452 1323 os
1497 1269 1631 1338 ejus.
1657 1297 1726 1308 —

133 1371 278 1440 Quid
317 1370 422 1424 hoc
465 1368 583 1422 loco
641 1365 791 1419 tluvii
823 1363 1062 1427 nomine,
1108 1361 1211 1416 nisi
1251 1359 1473 1415 humani
1514 1358 1728 1428 generis

133 1461 392 1518 decursio
425 1458 779 1529 designatur?
808 1454 940 1522 Qua:
975 1453 1125 1509 velut
1147 1467 1178 1506 a
1205 1452 1290 1508 sui
1331 1451 1494 1506 fontis
1522 1450 1729 1521 origine

137 1550 418 1608 nascendo
451 1547 644 1618 surgit,
669 1547 765 1601 sed
789 1543 947 1615 quasi
980 1543 1048 1598 ad
1075 1543 1181 1598 ima
1227 1539 1466 1596 defluens
1493 1540 1729 1593 morien-

1831 365 1960 420 bere
1987 365 2234 431 dicimus,
2282 367 2423 436 quod
2467 382 2653 422 coram
2696 368 2850 424 nobis
2876 369 3110 440 positum
3149 371 3415 429 videmus.

1829 454 2095 524 Antiquus
2123 469 2251 510 vero
2301 455 2470 510 hostis
2510 457 2729 512 humani
2769 460 2986 526 generis
3021 461 3414 532 redemptorem

1830 554 1955 600 ante
1981 561 2039 600 se
2072 545 2304 614 positum
2332 546 2484 612 vidit,
2514 561 2674 616 quem
2705 551 3083 620 cognoscendo
3111 551 3414 620 confessus,

1829 635 2133 691 confitendo
2168 637 2444 706 pertimuit
2477 637 2662 693 dicens
2695 657 2707 692 :
2749 658 2766 690 ι
2804 640 2941 706 Quid
2988 641 3144 697 nobis
3191 651 3248 698 et
3297 644 3416 711 tibi,

1829 723 1928 777 Fili
1953 724 2083 779 Dei?
2105 725 2313 780 Venisti
2333 735 2459 779 ante
2483 735 2691 796 tempus
2713 735 2963 798 torquere
2983 732 3118 786 nos?
3147 751 3166 784 ο
3197 722 3416 804 (Matth.

1829 829 1946 879 vm,
1968 814 2085 886 29.)
2128 831 2286 885 quem
2317 825 2371 870 et
2396 818 2546 872 novit
2571 828 2624 873 et
2653 821 2960 875 momordit.
3004 822 3272 893 .Seqnitur
3305 842 3319 879 :
3347 824 3418 878 Et

1829 906 1882 959 in
1911 904 2127 959 sudibus
2150 907 2434 976 perforabit
2464 925 2615 963 nares
2647 909 2782 978 ejus.
2803 911 3026 980 ——Quid
3059 913 3202 968 aliud
3233 916 3418 982 sudes,

1829 993 1880 1048 id
1918 1003 2003 1050 est
2028 995 2178 1065 palos
2211 997 2525 1067 accipimus,
2563 1001 2656 1070 qui
2705 1001 2954 1057 videlicet
2996 1016 3333 1062 exacuunlur
3361 1016 3422 1061 ut

1828 1083 2080 1152 ligantur,
2122 1085 2225 1140 nisi
2267 1096 2421 1141 acuta
2461 1098 2768 1144 sanctorum
2800 1092 3072 1146 consilia?
3108 1093 3237 1161 Quae
3261 1095 3421 1166 hujus

1831 1173 2123 1229 Behemoth
2148 1191 2308 1231 nares
2329 1176 2624 1246 perforant,
2641 1180 2766 1234 dum
2795 1184 3170 1253 sagacissimus
3199 1185 3316 1255 ejus
3342 1187 3422 1240 in-

1829 1261 1996 1317 sidias
2045 1271 2102 1319 et
2149 1265 2420 1336 vigilando
2472 1268 2956 1340 circumspiciunt,
3007 1281 3062 1328 et
3116 1275 3422 1344 superando

1831 1351 2172 1422 transﬁguut.
2230 1353 2334 1409 Per
2367 1372 2527 1411 nares
2563 1359 2696 1413 odor
2726 1362 2978 1416 trahitur.
3029 1363 3261 1419 Naribus
3293 1381 3423 1438 ergo

1831 1441 2128 1499 Bebemmh
2179 1446 2383 1501 callidae
2432 1447 2546 1517 ejus
2611 1451 2817 1505 insidia:
2865 1453 3262 1524 designantur,
3325 1473 3426 1528 per

1832 1548 1966 1604 quas
2005 1539 2356 1608 sagacissime
2399 1543 2610 1610 nititur,
2657 1552 2714 1598 et
2769 1547 2980 1602 occulta
3029 1551 3208 1605 cordis
3252 1552 3423 1606 nostri

134 1647 207 1701 do
248 1642 571 1715 pertransit.
616 1638 756 1706 Quid
824 1645 1008 1692 autem
1068 1634 1315 1705 signatur
1367 1631 1726 1703 appellatione
1757 1632 1801 1690 Β
1828 1628 1970 1684 bona
2002 1645 2346 1701 cognoscere,
2378 1644 2432 1690 et
2477 1635 2587 1690 lucc
2610 1638 2844 1707 pessima
2872 1641 3220 1708 persuasione
3263 1643 3425 1699 dissi—

132 1734 414 1800 Jordanis,
464 1731 568 1786 nisi
613 1728 705 1798 qui
767 1728 880 1799 jam
942 1724 1136 1780 imbuti
1190 1731 1318 1779 sunt
1385 1729 1728 1777 sacramento

134 1823 530 1896 baptismatis?
584 1821 719 1888 Quia
759 1819 903 1874 enim
943 1817 1271 1886 Redemptor
1300 1822 1490 1870 noster
1540 1813 1594 1868 in
1625 1813 1729 1868 hoc

133 1915 359 1970 tlnmine
382 1911 652 1982 baptizari
691 1909 942 1980 dignatus
975 1914 1083 1971 est,
1115 1906 1232 1976 ejus
1283 1903 1504 1958 nomine
1530 1899 1732 1956 debent

134 2003 401 2076 baptizati
425 2015 616 2058 omnes
641 1997 892 2069 exprimi,
921 2011 1031 2067 quo
1055 1996 1159 2050 hoc
1190 1996 1364 2065 ipsum
1390 1991 1626 2062 contigit
1643 2006 1730 2046 sa-

132 2104 479 2152 crantentum
497 2089 842 2164 baptismatis
867 2089 1144 2144 inchoare.
1167 2086 1246 2142 Ac
1275 2086 1319 2141 si
1343 2099 1472 2156 ergo
1492 2084 1725 2138 diceret:

131 2189 283 2242 Ante
306 2185 734 2254 Bedemptorem
759 2180 945 2236 mundi
967 2178 1227 2234 mundum
1257 2191 1364 2232 non
1391 2175 1618 2232 miratus
1643 2175 1734 2230 ab-

133 2277 374 2343 sorbuit,
397 2273 515 2340 sed,
536 2273 681 2344 quod
703 2280 787 2327 est
811 2269 1015 2335 acrius,
1033 2269 1195 2325 etiam
1213 2275 1336 2338 post
1349 2264 1729 2335 Redemptoris

132 2367 433 2423 adventum
451 2363 715 2435 quosdam
731 2361 823 2432 qui
837 2357 1180 2430 baptismatis
1193 2365 1537 2412 sacramento
1551 2355 1730 2424 signa-

132 2460 177 2514 ti
205 2466 337 2514 sunt
362 2457 710 2528 deglutirese
754 2467 915 2524 posse
945 2450 1200 2507 conﬁdit:
1246 2449 1382 2506 alios
1427 2449 1573 2505 enim
1601 2447 1725 2504 ﬁdei

129 2563 328 2606 errore
343 2547 682 2617 supplantat,
712 2543 850 2600 alios
879 2557 978 2599 usu
1010 2556 1194 2612 prava:
1215 2540 1550 2611 operationis
1572 2539 1728 2596 incli-

129 2651 253 2697 nat.
287 2640 365 2695 De
387 2639 589 2695 talibus
601 2639 808 2694 dictum
822 2645 933 2692 est:
965 2653 984 2687 ‹
1004 2633 1346 2690 Conﬁtentur
1362 2647 1524 2689 nosse
1538 2633 1730 2698 Deum,

130 2730 302 2785 factis
343 2738 530 2784 autem
591 2734 790 2798 negant
832 2724 963 2798 (Tit.
1025 2739 1088 2789 ι,
1137 2723 1250 2793 26).
1309 2739 1328 2774 s
1391 2721 1499 2776 Et:
1551 2740 1572 2774 ι
1627 2721 1730 2789 Qui

128 2821 271 2875 dicit
326 2834 387 2874 se
444 2833 603 2872 nosse
653 2817 845 2884 Deum,
892 2826 949 2872 et
992 2818 1244 2872 mandata
1300 2815 1416 2887 ejus
1471 2831 1578 2872 non
1629 2832 1728 2872 cu-

129 2911 304 2965 stodit
337 2949 352 2974 ,
399 2909 628 2964 mendax
691 2915 777 2964 est
825 2908 878 2976 (1
927 2908 1088 2963 Joan.
1143 2923 1180 2964 ll
1216 2949 1230 2975 ,
1287 2907 1365 2977 4).
1438 2926 1459 2962 ι
1514 2908 1723 2964 Aliter:

1829 1733 1980 1788 pare.
2025 1721 2084 1776 ln
2107 1722 2332 1780 sudibus
2362 1725 2542 1795 itaque
2574 1725 2831 1783 Dominus
2879 1745 3039 1786 nares
3086 1732 3204 1800 ejus
3245 1733 3421 1801 perfo-

1832 1819 1936 1876 rat,
1995 1812 2122 1881 quia
2165 1813 2387 1870 callidas
2447 1814 2563 1884 ejus
2620 1817 2843 1875 insidias
2887 1820 3063 1875 acutis
3111 1831 3424 1876 sanctorum

1830 1904 2077 1961 sensibus
2115 1915 2406 1977 penetrans
2435 1919 2680 1964 enervat.
2723 1909 2954 1966 Possunt
2981 1927 3077 1982 per
3099 1915 3262 1968 sudes
3293 1929 3424 1969 acu-

1829 2002 1938 2059 tas,
1983 2011 2080 2065 per
2109 1997 2278 2067 ipsius
2334 2014 2552 2054 carnem
2601 2001 2898 2057 manifesta:
2943 2003 3220 2073 sapientia:
3259 2005 3424 2060 verba

1830 2083 2053 2152 signari.
2103 2086 2170 2140 Et
2208 2088 2334 2156 quia
2365 2090 2589 2145 naribus
2632 2092 2766 2146 odor
2816 2095 3066 2159 trahitur,
3116 2112 3213 2166 per
3251 2097 3425 2153 Bche-

1830 2176 1979 2230 moth
2007 2191 2168 2234 nares
2196 2179 2283 2234 illa
2328 2181 2534 2250 antiqui
2579 2183 2753 2238 hostis
2791 2185 3093 2254 exploratio
3128 2190 3423 2260 figuratur;

1831 2265 1922 2335 qui
1957 2279 2080 2321 cum
2108 2269 2276 2323 Deum
2304 2269 2642 2327 incarnatum
2675 2287 2795 2328 esse
2821 2276 3112 2342 dubitaret,
3153 2280 3296 2334 hunc
3327 2281 3427 2335 mi-

1833 2357 2034 2412 raculis
2082 2357 2249 2413 voluit
2298 2375 2648 2432 cognoscere,
2681 2365 2908 2421 dicens:
2956 2387 2974 2419 ‹
3006 2368 3062 2422 Si
3113 2368 3284 2425 Filius
3331 2370 3423 2425 Dei

1833 2460 1916 2514 es,
1947 2467 1966 2500 ι
1995 2457 2048 2504 et
2071 2449 2273 2519 reliqua
2306 2451 2522 2524 (Matth.
2557 2469 2632 2518 tv,
2663 2456 2741 2526 5).
2782 2456 2888 2511 Sed
2938 2459 3063 2512 dum
3101 2459 3149 2512 ei
3181 2460 3427 2528 protinus

1834 2539 2234 2608 respondetur:
2273 2559 2292 2591 ‹
2323 2540 2437 2596 Non
2484 2543 2536 2597 in
2572 2545 2688 2600 solo
2730 2561 2867 2617 pane
2916 2547 3047 2602 vivit
3093 2550 3274 2614 homo,
3303 2569 3320 2602 ι
3372 2560 3428 2604 ct

1833 2630 2039 2699 reliqua
2066 2629 2252 2701 (Ibid.,
2283 2631 2333 2702 ι)
2353 2632 2482 2702 ﬁet:
2512 2652 2530 2684 ι
2559 2632 2672 2690 Non
2698 2636 2927 2692 tentabis
2948 2637 3232 2692 Dominum
3259 2639 3425 2692 Deum

1836 2730 1986 2775 tuum
2019 2721 2206 2792 (lbid.,
2255 2723 2327 2793 7),
2366 2744 2384 2777 ι
2427 2726 2580 2794 quasi
2607 2728 2997 2784 sententiarum
3041 2744 3260 2786 suarum
3301 2746 3427 2802 acu-

1832 2811 2070 2868 minibus
2090 2813 2487 2885 indagationem
2515 2819 2720 2888 antiqui
2749 2819 2921 2875 hostis
2951 2822 3151 2876 veritas
3172 2822 3425 2892 perculit,

1831 2905 1986 2972 quasi
2015 2919 2176 2960 nares
2203 2904 2318 2975 ejus
2357 2909 2578 2964 sudibus
2599 2909 2912 2980 perforavit.
2953 2911 3210 2983 Sequitur
3235 2932 3248 2967 :

128 3001 287 3067 Quos
318 3015 415 3070 per
454 2998 746 3055 Iordanem
796 2999 1024 3055 dicimus
1067 2997 1320 3069 exprimi,
1363 3007 1589 3068 possunt
1633 3012 1732 3067 per
1757 2999 1802 3066 α
1907 2995 2072 3050 Vens.
2103 2995 2192 3052 20.
2227 2996 2310 3050 An
2327 3001 2598 3054 extra/tere
2620 3001 2810 3070 poteris
2836 3001 3120 3057 Leniat/um
3152 3005 3390 3059 hamo?-

129 3091 360 3146 lluvium
407 3090 706 3160 designari;
745 3091 946 3160 quique
994 3091 1138 3145 enim
1187 3088 1292 3145 ﬁde
1329 3089 1443 3158 jam
1487 3091 1734 3146 veritatis

128 3189 497 3252 agnoverunt,
529 3180 623 3235 sed
651 3182 830 3235 vivere
861 3179 1093 3235 ﬁdeliter
1120 3179 1419 3251 negligunt,
1459 3188 1606 3236 recte
1636 3178 1733 3235 ﬁu-

127 3272 258 3326 vius
305 3271 412 3326 dici
463 3279 708 3340 possunt,
749 3270 876 3340 quia
923 3270 1175 3326 videlicet
1228 3274 1479 3329 deorsum
1535 3271 1728 3327 ﬂuunt.

127 3361 392 3419 Iordanis
443 3377 574 3418 vero
618 3361 884 3418 Hebr-aleo
931 3362 1195 3417 vocabulo
1244 3365 1509 3418 descensio
1552 3379 1733 3417 eorum

125 3454 362 3510 dicitur.
403 3453 469 3508 Et
503 3463 631 3510 sunt
661 3453 900 3508 nonnulli
930 3454 1020 3524 qui
1055 3453 1168 3508 vias
1208 3455 1455 3510 veritatis
1478 3463 1735 3526 appeten-

128 3554 320 3602 tentes
373 3545 696 3614 semetipsos
749 3541 1032 3612 abjiciunt,
1091 3553 1255 3614 atque
1292 3560 1323 3598 a
1369 3545 1493 3598 vita:
1535 3543 1733 3598 veteris

125 3637 376 3692 elatione
401 3635 716 3700 discedunt;
743 3649 976 3704 cumque
1007 3643 1209 3690 acterna
1233 3633 1476 3706 cupiunt,
1503 3633 1655 3689 valde
1675 3648 1734 3689 se

126 3729 205 3784 ab
235 3730 339 3784 hoc
366 3726 563 3782 mundo
590 3726 796 3782 alienos
833 3726 1090 3782 reddunt.
1139 3725 1275 3782 Hinc
1313 3726 1512 3782 dicitur
1539 3744 1554 3780 :
1584 3745 1603 3778 ι
1630 3727 1733 3794 Qui

126 3817 254 3872 vult
299 3826 423 3888 post
478 3832 565 3872 me
608 3817 795 3872 venire
839 3817 1068 3886 abneget
1118 3817 1466 3888 semetipsum
1517 3817 1732 3890 (Hatth.

124 3926 250 3977 xvi,
273 3909 389 3979 24).
422 3929 441 3962 ι
485 3910 592 3965 Sed
616 3909 868 3980 antiquus
895 3908 1068 3964 hostis
1107 3909 1208 3963 hoc
1247 3923 1345 3979 pro
1389 3924 1586 3981 magno
1628 3925 1733 3965 non

123 4001 328 4066 habet,
354 4015 476 4054 cum
503 3999 606 4056 sub
623 3999 748 4070 jure
774 4013 886 4054 sua:
909 3998 1208 4069 tyrannidis
1232 4007 1444 4054 terrena
1485 4013 1734 4069 quaeren-

127 4104 220 4148 tes
283 4100 452 4147 tenet.
506 4091 777 4160 Propheta
829 4090 1028 4160 quippe
1088 4097 1318 4144 testante
1387 4091 1736 4159 cognovimus

125 4183 267 4256 quia
299 4199 430 4237 escce
449 4183 561 4252 ejus
587 4182 782 4236 electae.
832 4181 1158 4252 Magnopere
1198 4181 1344 4236 enim
1385 4179 1504 4236 illos
1546 4195 1735 4251 rapere

128 4277 356 4341 nititur,
406 4290 541 4346 quos
578 4274 862 4343 despectos
897 4272 1129 4328 terrenis
1169 4272 1392 4337 studiis,
1436 4270 1587 4343 jungi
1622 4271 1733 4343 jam

126 4365 454 4420 caelestibus
493 4364 912 4435 contemplatur.
961 4361 1099 4418 Hinc
1127 4378 1224 4434 per
1258 4363 1572 4434 prophetam
1601 4364 1734 4418 dici-

131 4465 231 4508 tur
268 4471 282 4506 :
322 4471 340 4503 ι
370 4453 592 4509 Vocavit
619 4453 876 4507 Dominus
889 4451 1150 4522 judicium
1181 4452 1246 4505 ad
1271 4451 1469 4522 ignem,
1491 4460 1546 4506 et
1573 4452 1734 4507 devo-

129 4543 289 4596 ravit
330 4544 581 4611 abyssum
628 4541 874 4609 multum,
924 4549 980 4597 et
1020 4538 1254 4595 comedit
1292 4548 1500 4610 partem
1547 4541 1737 4596 domus

130 4635 310 4708 (Dan.
350 4650 448 4699 vit,
479 4635 556 4705 Δ).
589 4652 608 4686 ι
657 4632 914 4706 Sequitur
944 4649 960 4686 :

214 4727 384 4782 Vens.
417 4726 502 4781 l9.
540 4725 607 4780 In
629 4725 794 4780 oculis
816 4726 928 4795 ejus
959 4727 1108 4796 quasi
1140 4726 1295 4780 hamo
1319 4726 1483 4796 capiet
1511 4741 1648 4780 eum.
1669 4756 1736 4765 —

129 4821 276 4889 Quis
303 4818 514 4874 nesciat
546 4820 689 4888 quod
716 4820 770 4874 in
795 4819 954 4874 hamo
982 4833 1105 4873 esca
1147 4819 1474 4884 ostenditur,
1518 4818 1739 4873 aculeus

127 4909 492 4965 occultatur?
520 4907 649 4964 Esca
679 4907 824 4961 enim
854 4915 1130 4977 provocat,
1167 4915 1224 4962 ut
1257 4905 1474 4962 aculeus
1513 4914 1735 4977 pungat.

129 5003 413 5059 Dominus
445 5002 626 5071 itaque
666 5008 853 5055 noster
885 5000 952 5054 ad
982 5001 1200 5058 humani
1255 4999 1469 5070 generis
1523 4999 1738 5053 redem-

129 5094 387 5165 ptionem
425 5091 662 5157 veniens,
705 5087 853 5144 velut
897 5089 1181 5158 quemdam
1234 5091 1301 5145 de
1355 5103 1414 5144 se
1447 5089 1502 5142 in
1549 5103 1737 5144 necem

129 5185 347 5240 diaboli
405 5185 618 5238 hamum
663 5180 815 5237 fecit.
856 5180 1158 5250 Assumpsit
1182 5182 1327 5238 enim
1349 5194 1576 5249 corpus,
1602 5179 1732 5234 utin

127 5291 203 5332 eo
236 5273 542 5330 Behemoth
571 5275 674 5329 iste
704 5270 860 5340 quasi
900 5286 1078 5326 escam
1117 5289 1267 5329 suam
1308 5279 1535 5326 mortem
1556 5270 1735 5325 carnis

128 5371 423 5400 numina-nl
445 5378 456 5391 ο
488 5377 641 5400 noram
675 5369 904 5400 mnrfpsn
934 5362 1056 5400 nlnm
1085 5363 1134 5400 in
1168 5363 1260 5400 illn
1285 5362 1484 5400 inistcln
1507 5358 1708 5400 anno!“

1835 3087 2125 3154 Subaudis,
2170 3097 2228 3144 ut
2267 3104 2388 3160 ego.
2435 3091 2731 3147 Leviathan
2776 3093 2975 3165 quippe
3013 3095 3428 3152 additamentum

1833 3196 2011 3236 eorum
2057 3181 2275 3238 dicitur.
2333 3183 2623 3240 Hominum
2667 3186 2963 3254 videlicet,
3014 3189 3211 3258 quibus
3262 3191 3430 3246 semel

1835 3272 2047 3343 culpam
2093 3274 2552 3342 praevaricationis
2603 3277 2802 3343 intulit,
2849 3291 2905 3335 et
2961 3281 3101 3336 hanc
3145 3298 3313 3352 usque
3361 3285 3430 3337 ad

1832 3371 2095 3416 aeternam
2135 3372 2364 3418 mortem
2415 3366 2654 3435 quotidie
2699 3369 2952 3438 pessimis
2999 3372 3431 3442 suggestionibns

1833 3452 2096 3506 extendit.
2165 3452 2349 3508 Potest
2401 3470 2616 3526 quoque
2646 3472 2742 3527 per
2765 3459 3068 3516 irrisionem
3125 3463 3428 3519 Levialhan

1834 3543 2038 3597 vocari.
2080 3540 2263 3597 Primo
2295 3545 2493 3614 quippe
2518 3546 2720 3600 homini
2753 3550 3097 3617 persuasione
3122 3551 3314 3605 callida
3343 3553 3430 3606 di-

1834 3633 2113 3688 vinitatem
2168 3649 2227 3688 se
2288 3636 2597 3690 additurum
2635 3639 2933 3707 perhibuit,
2994 3641 3089 3696 sed
3153 3641 3430 3698 immorta-

1836 3723 2038 3779 litatem
2082 3723 2220 3780 tulit.
2278 3724 2383 3780 Sed
2418 3725 2712 3782 Leviathan
2746 3729 2848 3785 iste
2878 3731 3039 3786 hamo
3085 3741 3274 3802 captus
3322 3744 3428 3798 est,

1835 3815 1960 3884 quia
1988 3815 2044 3869 in
2069 3814 2428 3886 Rcdemptore
2453 3825 2639 3874 nostro
2689 3819 2816 3875 dum
2859 3836 2957 3891 per
3002 3823 3260 3878 satellites
3301 3839 3431 3878 suos

1835 3919 2013 3960 escam
2041 3905 2283 3975 corporis
2334 3908 2644 3974 momordit,
2685 3909 2980 3964 divinitatis
3020 3910 3167 3965 illum
3209 3913 3430 3967 aculeus

1834 3993 2148 4062 perforavit.
2182 3995 2349 4064 Hujus
2377 3997 2518 4051 hami
2547 3997 2708 4062 linea,
2739 3998 2939 4054 Christi
2984 4009 3067 4054 est
3093 4001 3426 4074 genealogis.

1836 4083 1970 4139 Nam
2015 4099 2138 4139 cum
2188 4085 2422 4141 dicitur:
2459 4105 2478 4137 ‹
2507 4086 2781 4142 Abraham
2827 4092 3014 4158 genuit
3055 4091 3226 4157 Isaac,
3280 4092 3432 4148 Isaac

1835 4176 2021 4248 genuit
2056 4174 2224 4231 Jacob
2259 4175 2473 4246 (Matth.
2507 4194 2548 4242 ι,
2579 4178 2654 4246 2),
2689 4199 2707 4231 ι
2743 4195 2910 4250 usque
2947 4181 3015 4236 ad
3055 4181 3280 4237 Mariam
3320 4185 3432 4238 vir-

1835 4265 2039 4337 ginem,
2069 4267 2222 4336 quasi
2245 4268 2490 4336 quaedam
2518 4268 2655 4324 linea
2687 4277 2986 4340 torquetur,
3027 4274 3080 4328 in
3129 4273 3286 4343 cujus
3332 4290 3429 4330 ex—

1761 4343 1814 4406 D
1839 4365 2012 4412 tremo
2036 4357 2344 4412 incarnatus
2374 4356 2653 4424 Dominus,
2698 4360 2750 4414 id
2793 4370 2876 4414 est
2921 4363 3112 4418 hamus
3150 4363 3432 4433 ligaretur,

1838 4461 1998 4518 quem
2053 4449 2107 4504 in
2161 4447 2244 4503 his
2290 4449 2446 4518 aquis
2498 4449 2715 4505 lmmani
2767 4453 2984 4520 generis
3039 4457 3430 4526 dependentem

1839 4545 2026 4608 aperto
2048 4551 2145 4593 ore
2174 4536 2275 4591 iste
2321 4546 2473 4592 cetus
2512 4549 2808 4610 appeteret.
2865 4539 3165 4613 Sequitur:
3200 4543 3265 4597 Et
3307 4545 3440 4613 fune,

1839 4629 2027 4708 ligabis
2056 4631 2290 4702 linguam
2317 4631 2479 4702 ejus?
2516 4632 2810 4698 Subaudis,
2859 4645 2918 4689 ut
2967 4651 3090 4708 ego.
3150 4636 3443 4706 Scriptura.

1841 4707 1985 4775 enim
2030 4737 2184 4778 sacra
2237 4720 2382 4776 funis
2432 4722 2648 4777 nomine
2701 4707 3469 4800 aliquando,dimensionem,T

1837 4817 2002 4871 sortis
2040 4818 2306 4888 designat,
2358 4825 2417 4871 ut
2460 4817 2634 4872 illud:
2678 4834 2700 4867 s
2727 4815 2908 4871 Funcs
2948 4821 3264 4876 reciderunt
3308 4817 3444 4870 mihi

1837 4904 1890 4959 in
1913 4908 2214 4977 praeclaris,
2249 4925 2268 4958 ι
2302 4914 2357 4960 et
2398 4907 2602 4978 reliqua
2635 4903 2809 4977 (Psal.
2856 4922 2951 4970 xv,
3007 4911 3084 4981 6).
3143 4905 3450 4972 Aliquando

1836 5007 2060 5062 peccata
2093 5041 2108 5066 ,
2174 5005 2234 5051 ut
2295 4994 2426 5051 illud
2487 4997 2813 5067 prophetae:
2860 5013 2881 5045 ι
2933 4998 3033 5053 Va:
3095 4993 3187 5064 qui
3234 4995 3456 5052 trahitis

1839 5085 2158 5158 iniquitates
2205 5088 2257 5142 in
2310 5087 2562 5144 funiculis
2625 5087 2876 5141 vanitatis
2929 5087 3074 5157 (Isa.
3130 5100 3204 5150 v,
3268 5085 3382 5155 18).
3431 5107 3450 5141 s

1842 5178 2151 5251 Aliquando
2205 5188 2384 5234 autem
2436 5181 2597 5237 ﬁdem
2639 5177 2920 5245 designare
2982 5175 3288 5236 consuevit.
3350 5176 3457 5231 Sa-

1842 5267 2063 5332 lomone
2090 5278 2405 5334 attestante,
2431 5273 2520 5341 qui
2545 5269 2621 5325 ait
2663 5287 2674 5322 :
2711 5285 2728 5318 ι
2763 5265 3072 5326 Funiculus
3108 5264 3304 5336 triplex
3325 5266 3464 5323 difﬁ-

1841 5358 1950 5400 nila
1977 5365 2254 5400 ...ιηπιίιηι-
2303 5359 2480 5400 (ΕΜ-1ο
2571 5374 2623 5400 su
2731 5356 2836 5400 ΩΧ-
2875 5374 2893 5400 s
2935 5355 3058 5400 Hnn
3112 5359 3296 5400 immm
3345 5358 3477 5400 lm-n
