3934 5400
410 253 599 309 ,ιιῗη

1475 248 1536 306 S.
1572 245 1821 305 ODONIS
1859 247 2148 306 ABBATIS
2182 247 2680 306 CLUNIACENSIS
2706 247 2749 304 ll

3666 249 3758 305 ‘92

505 356 665 434 gnam
697 352 960 416 leviathan
988 359 1193 428 ligavit,
1217 357 1338 426 quia
1382 377 1408 411 ‹
1433 359 1489 412 in
1525 359 1881 415 similitudine
1905 360 2088 416 carnis
2117 367 2160 425 Α
2193 377 2309 414 vum
2350 362 2760 431 aenipiternumf
2781 390 2851 400 —
2893 361 3162 417 Subaudis
3184 403 3202 427 ,
3233 370 3290 416 ut
3333 377 3453 432 ego.
3501 360 3759 429 Antiquos

503 451 708 520 peccati
738 449 908 506 (llam.
936 463 1050 514 vttt,
1085 447 1160 519 ὅ),
1198 467 1216 500 ι
1243 449 1510 518 apparuit,
1534 459 1586 504 et
1613 451 1794 506 omnia
1839 466 2086 505 errorum

2188 450 2366 519 itaque
2392 453 2582 515 hostis,
2611 461 2665 505 et
2693 467 2723 504 a
2752 452 3065 506 sinceritate
3086 453 3278 507 divina;
3299 453 3642 517 innocentiae,
3662 469 3760 507 ma-

502 558 616 608 cjus
648 542 1060 610 praedicamenta
1083 540 1377 606 damnavit,
1407 551 1464 596 ut
1495 542 1782 612 Apostolus
1803 543 1880 597 ait
1911 558 1924 596 :
1963 561 1981 594 ι
2022 543 2090 598 Et
2185 542 2312 598 lilia:
2338 559 2449 598 sua:
2474 559 2766 598 succensus
2798 542 2932 607 face,
2965 544 3260 608 discordat,
3301 545 3394 600 sed
3425 545 3494 598 ab
3527 542 3756 612 ejus.ju-

503 637 569 689 de
598 641 820 704 peccato
845 630 1123 685 damnavit
1159 638 1440 699 peccatum
1471 630 1682 702 (Ibid.).
1715 651 1734 682 ι
1771 630 1924 686 Unde
1951 631 2089 687 bene

499 739 598 792 per
631 722 946 792 prophetam
999 720 1232 774 dicitur:
1271 737 1292 770 ί
1333 719 1683 776 Etdesolahit
1706 722 1963 777 Dominus
1988 721 2088 775 lino

499 827 659 882 gnam
686 810 851 865 maris
876 810 1097 882 Egypti
1129 809 1264 881 (Isa.
1317 825 1390 872 χι,
1445 811 1555 879 15).
1597 829 1615 862 ›
1655 811 1710 865 Si
1745 805 1921 866 autem
1959 811 2085 865 fune

499 903 634 955 tides
661 900 923 968 signatur,
949 899 1220 955 leviathan
1248 900 1426 970 lingua
1453 899 1580 956 fune
1605 902 1910 973 stringitur,
1935 903 2082 971 quia,

498 1000 720 1044 extensa
748 989 871 1044 ﬁdei
902 988 1185 1044 Trinitatis
1214 989 1456 1044 doctrina
1484 1029 1498 1054 ,
1527 1005 1771 1045 errorum
1817 992 2084 1060 praedica-

495 1089 677 1134 menta
702 1079 986 1135 siluerunt.
1021 1079 1159 1134 Hinc
1181 1079 1324 1134 enim
1359 1079 1618 1149 scriptum
1649 1091 1732 1135 est
1764 1098 1778 1136 :
1814 1101 1831 1132 ι
1891 1081 1972 1135 Τιι
2002 1081 2084 1136 di-

497 1171 689 1240 rupisti
711 1170 886 1226 fontes
906 1179 960 1226 et
991 1179 1291 1234 torrentes,
1330 1189 1350 1222 ι
1384 1179 1490 1225 ειε.
1533 1170 1706 1241 (Psal.
1741 1186 1932 1236 ιιχηι,
1969 1172 2080 1242 15.)

497 1262 756 1332 Sequitur
787 1280 800 1316 :

572 1352 734 1407 Vens.
770 1353 861 1406 21.
908 1351 1168 1422 Nunquid
1213 1356 1383 1424 ’ροηδε
1439 1353 1694 1408 circulum
1752 1354 1807 1407 it:
1865 1354 2080 1408 naribus

493 1443 650 1509 ejus?
681 1471 755 1483 —
781 1441 1072 1507 Subaudis,
1112 1452 1172 1496 ut
1198 1457 1316 1514 ego.
1350 1443 1504 1498 Sicut
1527 1458 1628 1514 per
1656 1457 1818 1498 nares
1845 1443 2075 1509 insidiae,

491 1535 568 1589 ita
617 1550 712 1605 per
749 1535 1012 1590 circulum
1042 1533 1237 1590 divina:
1268 1535 1484 1591 virtutis
1513 1535 1905 1606 omnipotentia
1933 1535 2078 1592 desi-

488 1635 706 1696 gnatur.
753 1624 1000 1680 Circttlus
1026 1641 1157 1696 ergo
1211 1625 1259 1680 ei
1308 1627 1362 1680 in
1408 1627 1632 1680 naribus
1662 1627 1915 1694 ponitur,
1949 1627 2074 1680 dum

2183 636 2358 701 dicio,
2383 636 2548 690 etiam
2575 635 2932 690 discordando
2961 651 3070 690 non
3103 637 3394 704 discrepat.
3433 633 3570 688 Nam
3623 634 3760 688 viros

2179 726 2352 795 justos
2377 738 2588 793 semper
2633 725 2894 779 malevole
2927 726 3125 780 tentari
3155 724 3398 795 appetit,
3451 724 3549 779 sed
3591 731 3760 777 tamen

2185 817 2285 872 hoc
2317 815 2548 870 Domino
2597 815 2678 870 vel
2711 817 3136 872 misericorditer
3165 816 3280 872 ﬁeri
3325 857 3341 880 ,
3371 814 3458 870 vel
3490 815 3638 884 juste
3656 828 3761 883 per-

2181 907 2372 963 mittit.
2427 908 2551 966 litec
2581 922 2712 979 ergo
2763 909 2876 976 ipsa
2915 907 3228 962 tentationis
3275 905 3501 960 licentia
3553 911 3760 973 pactum

2181 1009 2426 1068 vocatur,
2457 1001 2507 1056 in
2537 1018 2642 1073 qua
2674 1010 2726 1055 ct
2762 999 3092 1055 desiderium
3148 997 3435 1052 tentatoris
3479 995 3683 1064 agitur,
3718 1004 3763 1050 et

2183 1098 2360 1146 tamen
2401 1107 2496 1161 per
2532 1108 2651 1148 eam
2687 1094 2823 1146 miro
2857 1090 3014 1146 modo
3044 1088 3294 1144 voluntas
3322 1087 3457 1156 justi
3491 1087 3763 1156 dispensa-

2182 1181 2315 1235 toris
2347 1181 2618 1252 impletur.
2650 1183 2706 1236 ln
2735 1189 2893 1251 pacto
2916 1195 3148 1250 namque
3177 1177 3615 1233 discordantium
3653 1175 3754 1245 juro

2180 1269 2265 1340 gia
2294 1269 2400 1326 line
2443 1272 2747 1327 desiderato
2794 1270 3213 1326 concluduntur.
3261 1269 3327 1322 Et
3369 1271 3514 1324 bene
3566 1283 3639 1324 ex
3673 1269 3762 1324 hoc

2179 1368 2340 1428 pacto
2367 1374 2556 1414 servus
2583 1360 2753 1430 accipi
2783 1360 3118 1428 perhibetur,
3136 1358 3261 1427 quia
3279 1357 3405 1413 inde
3426 1357 3762 1426 obtemperat

2179 1449 2401 1504 nutibus
2431 1465 2680 1519 superna:
2701 1452 2912 1522 gratiae,
2943 1451 3084 1506 unde
3112 1459 3330 1505 exercet
3371 1450 3519 1504 iram
3551 1450 3760 1518 nequis-

2177 1538 2329 1594 simae
2358 1539 2660 1595 voluntatis
2687 1557 2820 1596 sum.
2854 1541 3053 1597 Servus
3089 1557 3218 1612 ergo
3245 1556 3314 1596 ex
3343 1549 3507 1612 pacto
3529 1551 3618 1596 est
3637 1579 3655 1604 ,
3683 1539 3763 1608 qui

2179 1629 2302 1684 dttm
2329 1630 2658 1686 voluntatem
2683 1648 2835 1714 suam
2865 1633 3089 1703 it'nplere
3104 1633 3459 1702 permittitur,
3487 1648 3517 1685 a
3546 1633 3758 1702 superni

489 1715 857 1771 circumducta
889 1715 1240 1784 prolectionis
1269 1729 1516 1786 supernae
1536 1713 1825 1769 formidine
1853 1713 1972 1783 ejus
1998 1729 2077 1769 sa-
2109 1717 2152 1777 Β
2181 1720 2392 1775 consilii
2415 1721 2688 1778 volun-tate
2711 1713 2933 1793 ligatur.
2964 1722 3079 1778 Hoc
3119 1731 3297 1777 autem
3352 1723 3407 1778 in
3445 1722 3569 1778 loco
3611 1738 3643 1775 a
3674 1721 3761 1775 Do-

485 1807 640 1877 gacia
691 1806 987 1870 retinetur,
1032 1819 1133 1860 nec
1163 1814 1352 1861 contra
1404 1806 1751 1860 infirmitates
1799 1805 2080 1861 hominum
2181 1812 2333 1865 mino
2366 1826 2471 1866 non
2513 1813 2687 1867 solum
2715 1828 2785 1867 ex
2821 1823 2978 1883 pacto
3010 1828 3200 1868 servus
3225 1854 3240 1878 ,
3269 1813 3364 1868 sed
3407 1813 3763 1882 sempiternus

488 1906 700 1952 tantum
748 1897 1038 1966 prmvaleat
1062 1936 1076 1963 ,
1107 1905 1369 1966 quantum
1400 1897 1724 1968 perditionis
1747 1906 2080 1966 argumenta
2179 1915 2369 1956 servus
2388 1903 2672 1973 accipitur.
2699 1904 2886 1973 Neque
2914 1905 3058 1959 enim
3077 1904 3255 1974 jttstos
3279 1903 3392 1972 jam
3424 1905 3478 1958 in
3503 1903 3759 1959 felicitate

487 1988 722 2041 latenter
748 1986 1217 2058 explorat.Potest
1239 1989 1403 2042 etiam
1425 1988 1613 2044 circuli
1644 1989 1862 2043 nomine
1883 1988 2079 2042 occulti
2178 1992 2440 2062 pollentes
2469 2004 2678 2051 tentare
2704 1997 3055 2064 permittitur,
3095 1995 3187 2051 sed
3214 2012 3337 2051 cum
3393 2013 3495 2052 suo
3538 2012 3758 2067 corpore

483 2078 674 2146 jutiicii
749 2078 1072 2147 adjutorium
1159 2080 1448 2151 designari.
1528 2081 1824 2136 Leviathan
1896 2081 2079 2150 itaque
2175 2087 2424 2155 reprobis
2454 2087 2659 2142 scilicet
2682 2087 2912 2142 ﬂammis
2941 2087 3226 2142 ultricibus
3258 2088 3759 2158 tradetur,quibus

482 2173 544 2227 in
575 2173 798 2228 naribus
841 2189 871 2226 a
902 2173 1128 2227 Domino
1173 2173 1410 2228 circulus
1454 2174 1702 2244 ponitur,
1733 2174 1858 2245 quia
1887 2173 2075 2244 judicii
2176 2176 2293 2232 sine
2335 2177 2441 2232 ﬁne
2489 2179 2792 2243 crucietur,
2843 2193 2980 2249 quos
3032 2179 3238 2234 scilicet
3280 2179 3560 2232 cruciatus
3591 2218 3606 2242 ,
3639 2179 3758 2232 dum

485 2281 604 2335 ejus
637 2267 872 2337 potentia
905 2267 956 2320 in
993 2266 1204 2322 insidiis
1227 2267 1362 2332 suis,
1399 2283 1468 2323 ne
1503 2278 1762 2338 quantum
1793 2268 1906 2323 vult
1937 2283 2074 2337 prte-

487 2357 701 2421 valeat,
740 2364 1071 2411 coarctatur.
1104 2356 1256 2412 Unde
1305 2358 1417 2429 regi
1451 2359 1760 2428 Babyloniae
1812 2358 2012 2414 dicitur
2059 2376 2072 2413 :

491 2464 512 2498 t
542 2446 743 2502 Ponam
766 2447 1022 2502 circulum
1056 2447 1108 2501 in
1138 2448 1359 2503 naribus
1384 2448 1488 2503 tuis
1513 2447 1620 2519 (IV
1644 2447 1770 2518 Reg.
1791 2465 1902 2512 xu,
1923 2448 2070 2519 28).»

484 2536 745 2608 Sequitur
786 2556 799 2592 :
865 2541 967 2591 Aut
1008 2537 1220 2592 armilla
1284 2539 1578 2607 pet-[orabis
1619 2539 1891 2592 maxillam
1919 2539 2077 2609 ejus?

483 2661 558 2673 ——
585 2631 879 2696 Subaudis,
912 2639 970 2683 ιιι
995 2645 1114 2700 ego.
1148 2630 1253 2685 Per
1278 2631 1543 2685 armillam
1595 2632 1790 2686 occulti
1829 2630 1946 2700 ejus
1987 2630 2074 2700 ju-

483 2721 608 2776 dicii
639 2737 766 2791 erga
789 2736 886 2776 nos
911 2722 1178 2791 protectio
1206 2722 1450 2790 impensa
1477 2722 1811 2790 designatur.
1858 2723 2073 2778 Maxilla

484 2811 674 2879 itaque
719 2809 988 2863 leviathan
1016 2808 1361 2878 perforatur,
1395 2810 1518 2878 quia
1569 2809 1822 2864 inelfabili
1862 2811 2075 2866 miseri-

483 2901 682 2956 cordia:
707 2901 948 2970 potentia
974 2900 1053 2954 sic
1079 2899 1299 2954 malitia:
1329 2901 1538 2969 antiqui
1562 2902 1736 2957 hostis
1760 2903 1982 2968 obviat,
2013 2911 2073 2956 ut

487 2992 780 3060 aliquando
819 3005 913 3046 eos
960 2990 1153 3055 etiam,
1179 3005 1315 3060 quos
1356 2991 1468 3060 jam
1499 2993 1681 3062 cepit,
1731 2993 1986 3057 amittat,
2017 3000 2072 3047 et

2169 2267 2300 2338 justi
2323 2269 2682 2337 conspiciunt,
2712 2269 2762 2321 in
2789 2269 2883 2323 Dei
2914 2269 3162 2323 laudibus
3191 2277 3465 2322 crescunt.
3494 2268 3690 2337 igitur,
3720 2267 3760 2322 si

2174 2358 2712 2427 utilitatejustorum,
2740 2369 2795 2413 et
2821 2360 2908 2414 hic
2933 2360 3158 2414 tentatio
3189 2399 3204 2421 ,
3231 2367 3286 2413 et
3332 2358 3444 2413 illic
3473 2358 3757 2412 damnatio

2170 2449 2407 2519 prolicit,
2438 2451 2798 2519 sempiternus
2827 2465 3017 2504 servus
3043 2458 3144 2504 est.
3173 2447 3438 2518 Sequitur
3472 2465 3488 2500 :

2246 2537 2411 2592 Vens.
2441 2537 2532 2590 24.
2569 2537 2824 2609 Nunquid
2855 2538 3043 2592 illudes
3084 2539 3130 2591 ei
3155 2538 3309 2608 quasi
3340 2537 3467 2591 avi?
3509 2565 3583 2576 —
3629 2534 3762 2603 Quid

2175 2636 2260 2684 est
2282 2630 2424 2698 quod
2446 2629 2790 2684 adversarius
2812 2629 3158 2698 nosterprius
3177 2628 3497 2692 Behemoth,
3528 2637 3763 2697 postmo-

2173 2720 2300 2774 dum
2326 2719 2594 2775 leviathan
2621 2721 2838 2786 dicitur,
2865 2737 3007 2776 nunc
3032 2737 3162 2776 vero
3188 2722 3274 2776 avi
3302 2719 3630 2790 perditionis
3658 2735 3762 2774 sua

2172 2807 2479 2864 illusionem
2505 2811 2821 2880 comparat?
2851 2809 3148 2865 Behemout
3175 2810 3373 2880 quippe
3397 2809 3574 2863 bellua
3599 2810 3763 2865 inter.

2172 2908 2441 2968 pretatur,
2481 2916 2603 2970 qua:
2641 2901 2951 2971 quadrupes
2981 2901 3299 2964 ostenditur,
3340 2902 3468 2955 dum
3502 2902 3643 2955 sicut
3679 2901 3761 2954 bos

2173 2987 2355 3044 fenum
2401 2991 2685 3046 comedere
2732 2992 3066 3061 perhibetur.
3122 2991 3424 3046 Leviathan
3467 3005 3600 3045 vero
3639 2991 3762 3060 quia

482 3081 638 3153 quasi
665 3081 734 3135 ab
762 3095 858 3135 ore
884 3080 1025 3134 illius
1051 3081 1272 3145 cadunt,
1303 3082 1393 3150 qui
1418 3090 1541 3150 post
1564 3090 1908 3151 perpetratas
1949 3081 2066 3138 cul-
2095 3067 2140 3129 C
2173 3079 2332 3134 hamo
2357 3080 2588 3149 capitur,
2631 3082 2818 3150 procul
2848 3083 3010 3136 dubio
3047 3097 3270 3152 serpens
3310 3081 3365 3136 in
3403 3082 3567 3151 aquis
3606 3081 3758 3135 innec

473 3187 582 3244 'pas
611 3175 678 3229 ad
719 3174 1079 3228 innocentiam
1116 3173 1364 3228 redeunt.
1411 3173 1585 3228 Aliter
1614 3191 1628 3204 ·
1653 3175 1708 3228 1η
1750 3189 1844 3229 ore
1890 3184 2072 3230 tenere

479 3264 754 3320 leviathan
783 3264 1001 3327 dicitur,
1035 3279 1141 3320 non
1188 3277 1324 3333 quos
1368 3263 1607 3334 perfecte
1636 3272 1864 3334 peccato
1894 3265 2074 3336 impli-

483 3362 595 3419 cat,
630 3355 724 3408 sed
755 3368 892 3423 quos
918 3355 1096 3408 adhuc
1125 3354 1334 3423 peccati
1364 3354 1808 3422 persuasionibus
1853 3362 2030 3410 tetttat
2053 3396 2069 3421 ,

481 3445 577 3500 sed
607 3445 746 3500 miro
774 3444 1191 3513 dispensationis
1223 3444 1413 3499 ordine
1437 3485 1453 3510 ,
1481 3444 1606 3499 dum
1640 3452 1940 3510 tentantur,
1975 3445 2072 3499 hu-

480 3534 781 3599 miliantur;
810 3534 936 3588 dum
965 3534 1343 3599 humiliantur,
1371 3533 1487 3602 ejus
1510 3549 1629 3590 esse
1651 3535 1765 3605 jam
1793 3535 2068 3590 desinunt.

480 3624 843 3682 Mandendum
859 3625 1097 3695 quidem,
1120 3626 1214 3681 sed
1240 3641 1344 3680 non
1360 3625 1759 3696 deglutiendum
1787 3633 2072 3694 acceperat

479 3714 732 3780 Paulum,
761 3715 977 3784 quando
1012 3715 1180 3780 illum,
1209 3723 1332 3786 post
1376 3724 1458 3770 tot
1490 3715 1878 3770 revelationum
1905 3716 2072 3770 subli-

480 3807 588 3860 mia
617 3847 631 3872 ,
653 3807 890 3862 stimulis
915 3807 1096 3862 carnis
1125 3807 1364 3877 agitabat
1395 3806 1479 3878 (II
1525 3805 1648 3860 Cor.
1675 3823 1780 3872 χιι,
1808 3808 1884 3879 7).
1921 3807 2071 3862 Unde

479 3897 711 3953 occultis
739 3898 832 3952 Dei
864 3898 1357 3967 dispensationibus
1401 3897 1643 3953 serviens
1667 3938 1683 3963 ,
1735 3906 1954 3952 sanctos
2002 3898 2068 3951 ad

480 3988 762 4042 interitum
812 3995 988 4042 tetttat
1019 3986 1204 4041 volens
1233 4028 1246 4053 ,
1296 3987 1390 4041 sed
1434 3986 1505 4042 ad
1540 4001 1766 4056 regnum
1811 3987 2071 4042 tentando

487 4086 670 4133 servat
698 4077 918 4132 invitus.
951 4075 1212 4146 Sequitur
1243 4093 1257 4129 :

558 4167 722 4223 Vens.
755 4168 844 4221 22.
877 4167 1133 4238 Nunquid
1163 4166 1528 4236 multiplicabit
1569 4165 1636 4219 ad
1677 4174 1725 4219 te
1750 4181 1946 4235 preces,
1978 4175 2069 4218 aut

483 4261 723 4330 loquetur
750 4259 842 4312 tibi
873 4258 1095 4312 mollia?
1118 4288 1190 4299 —
1217 4256 1485 4313 Subaudis
1515 4297 1531 4323 ,
1567 4265 1627 4312 ut
1657 4256 1810 4311 mihi.
1842 4255 1900 4311 Si
1926 4257 2070 4311 enim

484 4350 552 4406 ad
581 4364 865 4420 personam
901 4347 1021 4402 Filii
1051 4347 1146 4402 Dei
1172 4349 1287 4403 haec
1316 4349 1478 4403 verba
1511 4347 1821 4403 referantur
1844 4387 1859 4415 ,
1888 4348 2068 4401 incar-

2173 3171 2420 3226 tescitttr.
2468 3170 2789 3226 lrrationale
2818 3173 3004 3241 utique
3029 3181 3084 3226 et
3110 3171 3421 3242 quadrupes
3451 3171 3656 3225 animai
3685 3180 3760 3224 est

2172 3275 2270 3329 per
2297 3260 2530 3315 actionis
2558 3260 2848 3315 immundae
2872 3260 3197 3325 fatuitatem,
3220 3259 3385 3315 draco
3411 3275 3513 3330 per
3535 3259 3757 3315 nocendi

2173 3349 2432 3404 malitiam
2452 3389 2466 3413 ,
2507 3349 2623 3404 avis
2651 3365 2748 3419 per
2775 3350 2990 3405 subtilis
3017 3360 3223 3406 natura:
3252 3351 3554 3407 levitatem.
3601 3350 3659 3405 in
3685 3353 3761 3406 eis

2172 3442 2368 3512 quippe
2394 3457 2531 3511 quos
2557 3441 2622 3495 ad
2648 3441 2931 3496 stultitiam
2958 3441 3185 3498 luxuriae
3211 3443 3438 3508 excitat,
3455 3443 3756 3512 jumentum

2173 3543 2286 3599 est;
2342 3534 2394 3587 in
2437 3535 2518 3588 eis
2557 3548 2695 3602 quos
2738 3535 2804 3588 ad
2850 3535 3078 3589 nocendi
3119 3534 3380 3590 malitiam
3425 3535 3754 3598 inﬂammat,

2173 3625 2340 3680 draco
2370 3634 2483 3689 est;
2518 3625 2570 3677 in
2595 3625 2676 3678 eis
2701 3633 2882 3678 autem
2909 3639 3044 3694 quos
3065 3625 3120 3679 in
3147 3632 3289 3681 statu
3318 3626 3593 3695 superbiae
3610 3625 3756 3696 quasi

2172 3713 2278 3767 alta
2321 3715 2592 3784 sapientes
2634 3712 2839 3776 elevat,
2885 3714 3000 3768 avis
3041 3722 3144 3768 est.
3201 3712 3307 3768 Sed
3350 3714 3480 3770 huic
3512 3714 3754 3770 videlicet

2172 3804 2326 3873 quasi
2359 3805 2443 3858 avi
2474 3802 2734 3858 Dominus
2766 3803 2949 3868 illusit,
2980 3803 3106 3858 dum
3138 3803 3188 3858 ei
3219 3803 3275 3858 in
3300 3804 3560 3873 passione
3582 3805 3755 3874 unige-

2174 3895 2271 3949 niti
2300 3894 2422 3948 Filii
2447 3894 2682 3949 ostendit
2708 3909 2926 3948 carnem
2953 3894 3105 3963 quasi
3131 3909 3311 3949 escam
3333 3934 3348 3959 ,
3385 3896 3485 3952 sed
3513 3895 3752 3966 laqueum

2174 3984 2474 4040 divinitatis
2503 3983 2808 4039 abscondit.
2845 3983 3138 4052 Sequitur:
3167 3984 3271 4038 Aut
3302 3986 3496 4055 ligabis
3523 4002 3641 4039 eum
3666 4003 3754 4038 an-

2173 4074 2307 4130 cillis
2336 4075 2439 4129 tuis
2463 4075 2574 4129 ?-—
2603 4074 2908 4138 Subaudis,
2950 4083 3010 4129 ut
3047 4090 3170 4146 ego.
3218 4075 3274 4129 In
3307 4078 3490 4132 servis
3541 4080 3640 4133 etsi
3665 4079 3752 4132 deo

2173 4173 2355 4235 specta
2381 4173 2466 4218 est
2495 4164 2756 4226 conditio,
2785 4164 3014 4219 virilitas
3039 4166 3216 4235 viget,
3249 4166 3303 4222 in
3337 4167 3555 4223 ancillis
3583 4178 3748 4223 autem

2173 4249 2295 4310 cum
2324 4255 2630 4310 conditione
2670 4255 2874 4324 pariter
2901 4269 3063 4310 sexus
3090 4258 3205 4310 ait:
3237 4257 3468 4314 Ancillis
3497 4275 3626 4331 ergo
3648 4260 3746 4315 suis

2174 4345 2444 4400 leviathan
2487 4347 2644 4415 hujus
2668 4346 3040 4402 fortitudinem
3071 4347 3330 4403 Dominus
3370 4349 3580 4418 ligavit,
3611 4352 3745 4421 quia,

481 4451 616 4498 nato
642 4441 867 4496 Domino
893 4439 942 4495 ei
966 4437 1146 4493 mollia
1167 4439 1648 4510 loquebatur,cutn
1670 4438 2071 4496 diceretuScio
2100 4431 2148 4491 D
2174 4447 2462 4492 attestante
2502 4437 2691 4504 Paulo,
2747 4457 2766 4490 ‹
2817 4439 3033 4494 lniirma
3065 4441 3248 4496 mundi
3279 4441 3448 4512 elegit
3474 4444 3616 4498 Deus
3637 4484 3652 4507 ,
3695 4451 3743 4495 ttt

421 4598 424 4599 ν
483 4534 614 4604 quia
637 4532 712 4587 sis
735 4530 971 4586 Sanctus
993 4531 1089 4585 Dei
1117 4529 1309 4602 (Marc.
1333 4547 1373 4599 ι,
1395 4531 1513 4604 24).
1538 4552 1558 4586 ι
1587 4533 1782 4588 Preces
1812 4531 2069 4601 multipli-

483 4634 614 4695 cat,
663 4639 784 4680 cum
818 4639 915 4694 per
955 4624 1196 4693 legiones
1249 4624 1454 4680 diceret
1502 4642 1515 4680 :
1561 4641 1582 4680 ε
1629 4625 1688 4680 Si
1726 4625 1878 4694 ejicis
1923 4637 2064 4690 nos,

483 4715 644 4772 mitte
672 4728 772 4770 nos
819 4713 872 4768 in
911 4728 1126 4783 gregem
1157 4728 1446 4783 porcorum
1475 4712 1690 4785 (Matth.
1721 4729 1816 4768 vnt
1842 4755 1856 4778 ,
1889 4713 2000 4785 5-1).
2042 4733 2061 4766 ι

487 4805 746 4875 Quamvis
776 4803 997 4874 intelligi
1031 4804 1208 4872 aptius
1235 4812 1412 4873 potest
1437 4805 1560 4873 quia
1592 4805 1659 4859 ad
1691 4804 1858 4858 Deum
1879 4818 2068 4874 preces

483 4895 960 4966 multiplicat,_cum
979 4896 1030 4948 in
1043 4895 1247 4965 judicio
1261 4896 1451 4964 iniqui,
1469 4897 1559 4966 qui
1577 4904 1706 4951 sunt
1719 4912 1914 4967 corpus
1930 4894 2066 4965 ejus,

2175 4529 2469 4584 confundat
2495 4528 2657 4582 fortia
2689 4528 2739 4601 (I
2765 4527 2889 4583 Cor.
2917 4545 2956 4594 l,
2983 4530 3096 4599 27).
3120 4548 3139 4582 ›
3179 4529 3332 4586 Unde
3359 4531 3619 4587 Salomon
3643 4532 3738 4586 ait:

2176 4642 2194 4675 ι
2217 4622 2492 4692 Sapientia
2516 4620 2804 4680 aediﬁcavit
2829 4623 2930 4677 sibi
2954 4623 3190 4688 domum,
3216 4632 3271 4676 et
3297 4624 3459 4679 scidit
3485 4627 3741 4680 columnas

2172 4725 2404 4788 septem,
2445 4714 2742 4769 immolavit
2772 4715 3047 4780 victimas,
3074 4716 3292 4771 miscuit
3319 4718 3510 4772 vinum
3531 4759 3546 4783 ,
3571 4733 3741 4790 propo-

2173 4806 2282 4860 suit
2309 4819 2570 4870 mensam,
2604 4805 2755 4859 misit
2783 4805 3007 4860 ancillas
3033 4820 3160 4860 suas
3191 4814 3250 4859 ut
3277 4818 3548 4864 vocarent
3575 4808 3637 4862 ad
3660 4823 3738 4859 aro

2177 4909 2293 4952 cem
2322 4903 2376 4950 et
2405 4895 2470 4948 ad
2500 4895 2696 4950 moenia
2725 4895 2959 4950 civitatis
2983 4893 3164 4965 (Prov.
3183 4913 3260 4960 ιι,
3283 4897 3438 4969 Ιεὲ),
3463 4918 3484 4953 ι
3521 4899 3738 4954 Inﬁrmus
