  <div class='ocr_page' id='page_1' title='image "/cluster/home/n/w/nwhite01/storage/ocr_20150623/133/hvd.32044010035673/250.png"; bbox 0 0 3934 5400; ppageno 0'>
   <div class='ocr_carea' id='block_1_1' title="bbox 167 169 276 226">
    <p class='ocr_par' dir='ltr' id='par_1_1' title="bbox 167 169 276 226">
     <span class='ocr_line' id='line_1_1' title="bbox 167 169 276 226; baseline 0 -2"><span class='ocrx_word' id='word_1_1' title='bbox 167 169 276 226; x_wconf 70' lang='grc' dir='ltr'><strong>ωδ</strong></span> 
     </span>
    </p>
   </div>
   <div class='ocr_carea' id='block_1_2' title="bbox 812 157 2702 223">
    <p class='ocr_par' dir='ltr' id='par_1_2' title="bbox 812 157 2702 223">
     <span class='ocr_line' id='line_1_2' title="bbox 812 157 2702 223; baseline -0.005 -1"><span class='ocrx_word' id='word_1_2' title='bbox 812 164 1120 223; x_wconf 70' lang='lat' dir='ltr'><strong>EPITOME</strong></span> <span class='ocrx_word' id='word_1_3' title='bbox 1150 162 1528 220; x_wconf 65' lang='lat' dir='ltr'><strong>‘HORAIJUII</strong></span> <span class='ocrx_word' id='word_1_4' title='bbox 1561 162 1621 218; x_wconf 92' lang='lat' dir='ltr'><strong>S.</strong></span> <span class='ocrx_word' id='word_1_5' title='bbox 1661 159 1868 217; x_wconf 80' lang='lat' dir='ltr'><strong>GREG.</strong></span> <span class='ocrx_word' id='word_1_6' title='bbox 1907 157 1974 212; x_wconf 78' lang='lat' dir='ltr'><strong>IN</strong></span> <span class='ocrx_word' id='word_1_7' title='bbox 2013 157 2151 214; x_wconf 75' lang='lat'><strong>108.</strong></span> <span class='ocrx_word' id='word_1_8' title='bbox 2191 187 2260 198; x_wconf 92' lang='lat'>—</span> <span class='ocrx_word' id='word_1_9' title='bbox 2299 158 2424 216; x_wconf 81' lang='lat' dir='ltr'><strong>LIB.</strong></span> <span class='ocrx_word' id='word_1_10' title='bbox 2467 157 2702 214; x_wconf 78' lang='lat' dir='ltr'><strong>XXXIII.</strong></span> 
     </span>
    </p>
   </div>
   <div class='ocr_carea' id='block_1_3' title="bbox 3346 159 3454 216">
    <p class='ocr_par' dir='ltr' id='par_1_3' title="bbox 3346 159 3454 216">
     <span class='ocr_line' id='line_1_3' title="bbox 3346 159 3454 216; baseline 0.019 -2"><span class='ocrx_word' id='word_1_11' title='bbox 3346 159 3454 216; x_wconf 71' lang='grc' dir='ltr'><strong>ιθι</strong></span> 
     </span>
    </p>
   </div>
   <div class='ocr_carea' id='block_1_4' title="bbox 243 272 3456 346">
    <p class='ocr_par' dir='ltr' id='par_1_4' title="bbox 243 272 3456 346">
     <span class='ocr_line' id='line_1_4' title="bbox 243 272 3456 346; baseline -0.002 -10"><span class='ocrx_word' id='word_1_12' title='bbox 243 282 410 336; x_wconf 74' lang='lat' dir='ltr'><strong>Vens.</strong></span> <span class='ocrx_word' id='word_1_13' title='bbox 437 279 527 335; x_wconf 72' lang='lat'><strong>25.</strong></span> <span class='ocrx_word' id='word_1_14' title='bbox 565 278 995 334; x_wconf 76' lang='lat' dir='ltr'><strong>Concidenteum</strong></span> <span class='ocrx_word' id='word_1_15' title='bbox 1025 279 1202 342; x_wconf 82' lang='lat' dir='ltr'><strong>amici,</strong></span> <span class='ocrx_word' id='word_1_16' title='bbox 1234 277 1463 332; x_wconf 76' lang='lat' dir='ltr'><strong>dioident</strong></span> <span class='ocrx_word' id='word_1_17' title='bbox 1494 275 1645 330; x_wconf 78' lang='lat' dir='ltr'><strong>illum</strong></span> <span class='ocrx_word' id='word_1_18' title='bbox 1673 289 1760 329; x_wconf 78' lang='lat' dir='ltr'><strong>nc-</strong></span> <span class='ocrx_word' id='word_1_19' title='bbox 1788 277 1835 336; x_wconf 80' lang='grc' dir='ltr'>Α</span> <span class='ocrx_word' id='word_1_20' title='bbox 1863 272 1956 325; x_wconf 87' lang='lat' dir='ltr'><strong>ctis</strong></span> <span class='ocrx_word' id='word_1_21' title='bbox 2015 272 2447 339; x_wconf 69' lang='lat' dir='ltr'><strong>pracipitabitur.</strong></span> <span class='ocrx_word' id='word_1_22' title='bbox 2502 301 2574 313; x_wconf 89' lang='lat'><strong>-—</strong></span> <span class='ocrx_word' id='word_1_23' title='bbox 2641 273 2776 340; x_wconf 83' lang='lat' dir='ltr'><strong>Quia</strong></span> <span class='ocrx_word' id='word_1_24' title='bbox 2834 281 3040 330; x_wconf 64' lang='lat' dir='ltr'><strong>aeterno</strong></span> <span class='ocrx_word' id='word_1_25' title='bbox 3092 281 3223 332; x_wconf 82' lang='lat' dir='ltr'><strong>tunc</strong></span> <span class='ocrx_word' id='word_1_26' title='bbox 3268 273 3456 346; x_wconf 67' lang='lat' dir='ltr'><strong>judico</strong></span> 
     </span>
    </p>
   </div>
   <div class='ocr_carea' id='block_1_5' title="bbox 168 361 1760 442">
    <p class='ocr_par' dir='ltr' id='par_1_5' title="bbox 168 361 1760 442">
     <span class='ocr_line' id='line_1_5' title="bbox 168 361 1760 442; baseline -0.006 -16"><span class='ocrx_word' id='word_1_27' title='bbox 168 373 478 442; x_wconf 79' lang='lat' dir='ltr'><strong>gotiatores.</strong></span> <span class='ocrx_word' id='word_1_28' title='bbox 503 400 572 414; x_wconf 81' lang='lat'><strong>-—</strong></span> <span class='ocrx_word' id='word_1_29' title='bbox 598 369 783 424; x_wconf 81' lang='lat' dir='ltr'><strong>&#39;l&#39;oties</strong></span> <span class='ocrx_word' id='word_1_30' title='bbox 811 371 958 424; x_wconf 89' lang='lat' dir='ltr'><strong>enim</strong></span> <span class='ocrx_word' id='word_1_31' title='bbox 988 369 1294 424; x_wconf 76' lang='lat' dir='ltr'><strong>conciditur</strong></span> <span class='ocrx_word' id='word_1_32' title='bbox 1323 368 1594 422; x_wconf 86' lang='lat' dir='ltr'><strong>Ieviathan</strong></span> <span class='ocrx_word' id='word_1_33' title='bbox 1637 361 1760 427; x_wconf 86' lang='lat' dir='ltr'><strong>iste,</strong></span> 
     </span>
    </p>
   </div>
   <div class='ocr_carea' id='block_1_6' title="bbox 168 457 1766 530">
    <p class='ocr_par' dir='ltr' id='par_1_6' title="bbox 168 457 1766 530">
     <span class='ocr_line' id='line_1_6' title="bbox 168 457 1766 530; baseline -0.003 -18"><span class='ocrx_word' id='word_1_34' title='bbox 168 461 389 530; x_wconf 89' lang='lat' dir='ltr'><strong>quoties</strong></span> <span class='ocrx_word' id='word_1_35' title='bbox 419 460 584 514; x_wconf 88' lang='lat' dir='ltr'><strong>divini</strong></span> <span class='ocrx_word' id='word_1_36' title='bbox 617 459 765 514; x_wconf 88' lang='lat' dir='ltr'><strong>verbi</strong></span> <span class='ocrx_word' id='word_1_37' title='bbox 799 459 976 530; x_wconf 88' lang='lat' dir='ltr'><strong>gladio</strong></span> <span class='ocrx_word' id='word_1_38' title='bbox 1001 475 1098 514; x_wconf 90' lang='lat' dir='ltr'><strong>sua</strong></span> <span class='ocrx_word' id='word_1_39' title='bbox 1129 460 1198 514; x_wconf 84' lang='lat' dir='ltr'><strong>ab</strong></span> <span class='ocrx_word' id='word_1_40' title='bbox 1227 459 1317 513; x_wconf 94' lang='lat' dir='ltr'><strong>illo</strong></span> <span class='ocrx_word' id='word_1_41' title='bbox 1345 457 1583 512; x_wconf 89' lang='lat' dir='ltr'><strong>membra</strong></span> <span class='ocrx_word' id='word_1_42' title='bbox 1612 471 1766 524; x_wconf 88' lang='lat' dir='ltr'><strong>sepa-</strong></span> 
     </span>
    </p>
   </div>
   <div class='ocr_carea' id='block_1_7' title="bbox 169 548 1768 620">
    <p class='ocr_par' dir='ltr' id='par_1_7' title="bbox 169 548 1768 620">
     <span class='ocr_line' id='line_1_7' title="bbox 169 548 1768 620; baseline -0.004 -16"><span class='ocrx_word' id='word_1_43' title='bbox 169 557 389 604; x_wconf 86' lang='lat' dir='ltr'><strong>rantur.</strong></span> <span class='ocrx_word' id='word_1_44' title='bbox 468 549 643 620; x_wconf 89' lang='lat' dir='ltr'><strong>Iniqui</strong></span> <span class='ocrx_word' id='word_1_45' title='bbox 691 550 839 605; x_wconf 90' lang='lat' dir='ltr'><strong>enim</strong></span> <span class='ocrx_word' id='word_1_46' title='bbox 889 565 1012 604; x_wconf 88' lang='lat' dir='ltr'><strong>cum</strong></span> <span class='ocrx_word' id='word_1_47' title='bbox 1059 550 1346 603; x_wconf 76' lang='lat' dir='ltr'><strong>veritatem</strong></span> <span class='ocrx_word' id='word_1_48' title='bbox 1395 548 1660 613; x_wconf 90' lang='lat' dir='ltr'><strong>audiunt,</strong></span> <span class='ocrx_word' id='word_1_49' title='bbox 1711 554 1768 599; x_wconf 90' lang='lat' dir='ltr'><strong>et</strong></span> 
     </span>
    </p>
   </div>
   <div class='ocr_carea' id='block_1_8' title="bbox 169 639 1769 710">
    <p class='ocr_par' dir='ltr' id='par_1_8' title="bbox 169 639 1769 710">
     <span class='ocr_line' id='line_1_8' title="bbox 169 639 1769 710; baseline -0.001 -15"><span class='ocrx_word' id='word_1_50' title='bbox 169 650 367 696; x_wconf 84' lang='lat' dir='ltr'><strong>saneto</strong></span> <span class='ocrx_word' id='word_1_51' title='bbox 389 640 586 696; x_wconf 81' lang='lat' dir='ltr'><strong>timore</strong></span> <span class='ocrx_word' id='word_1_52' title='bbox 608 639 839 710; x_wconf 83' lang='lat' dir='ltr'><strong>perculsi</strong></span> <span class='ocrx_word' id='word_1_53' title='bbox 872 639 942 694; x_wconf 88' lang='lat' dir='ltr'><strong>ab</strong></span> <span class='ocrx_word' id='word_1_54' title='bbox 961 640 1169 709; x_wconf 81' lang='lat' dir='ltr'><strong>antiqui</strong></span> <span class='ocrx_word' id='word_1_55' title='bbox 1196 640 1366 694; x_wconf 88' lang='lat' dir='ltr'><strong>hostis</strong></span> <span class='ocrx_word' id='word_1_56' title='bbox 1387 654 1446 694; x_wconf 89' lang='lat' dir='ltr'><strong>se</strong></span> <span class='ocrx_word' id='word_1_57' title='bbox 1466 640 1769 694; x_wconf 84' lang='lat' dir='ltr'><strong>imitatione</strong></span> 
     </span>
    </p>
   </div>
   <div class='ocr_carea' id='block_1_9' title="bbox 170 731 1766 802">
    <p class='ocr_par' dir='ltr' id='par_1_9' title="bbox 170 731 1766 802">
     <span class='ocr_line' id='line_1_9' title="bbox 170 731 1766 802; baseline 0 -16"><span class='ocrx_word' id='word_1_58' title='bbox 170 731 539 802; x_wconf 87' lang='lat' dir='ltr'><strong>suspendunt,</strong></span> <span class='ocrx_word' id='word_1_59' title='bbox 567 731 681 801; x_wconf 90' lang='lat' dir='ltr'><strong>ipse</strong></span> <span class='ocrx_word' id='word_1_60' title='bbox 711 747 764 785; x_wconf 87' lang='lat' dir='ltr'><strong>tn</strong></span> <span class='ocrx_word' id='word_1_61' title='bbox 791 744 1020 802; x_wconf 81' lang='lat' dir='ltr'><strong>corpore</strong></span> <span class='ocrx_word' id='word_1_62' title='bbox 1050 747 1147 786; x_wconf 89' lang='lat' dir='ltr'><strong>suo</strong></span> <span class='ocrx_word' id='word_1_63' title='bbox 1175 731 1454 794; x_wconf 76' lang='lat' dir='ltr'><strong>dividitur,</strong></span> <span class='ocrx_word' id='word_1_64' title='bbox 1483 733 1568 786; x_wconf 91' lang='lat' dir='ltr'><strong>cui</strong></span> <span class='ocrx_word' id='word_1_65' title='bbox 1599 733 1649 787; x_wconf 89' lang='lat' dir='ltr'><strong>hi</strong></span> <span class='ocrx_word' id='word_1_66' title='bbox 1675 733 1766 802; x_wconf 87' lang='lat' dir='ltr'><strong>qui</strong></span> 
     </span>
    </p>
   </div>
   <div class='ocr_carea' id='block_1_10' title="bbox 171 820 1767 891">
    <p class='ocr_par' dir='ltr' id='par_1_10' title="bbox 171 820 1767 891">
     <span class='ocr_line' id='line_1_10' title="bbox 171 820 1767 891; baseline 0.003 -17"><span class='ocrx_word' id='word_1_67' title='bbox 171 837 346 891; x_wconf 86' lang='lat' dir='ltr'><strong>prave</strong></span> <span class='ocrx_word' id='word_1_68' title='bbox 392 820 788 886; x_wconf 90' lang='lat' dir='ltr'><strong>inservierant,</strong></span> <span class='ocrx_word' id='word_1_69' title='bbox 862 823 1279 876; x_wconf 84' lang='lat' dir='ltr'><strong>subtrahuntur.</strong></span> <span class='ocrx_word' id='word_1_70' title='bbox 1371 820 1558 876; x_wconf 83' lang='lat' dir='ltr'><strong>Sancti</strong></span> <span class='ocrx_word' id='word_1_71' title='bbox 1623 824 1767 878; x_wconf 87' lang='lat' dir='ltr'><strong>enim</strong></span> 
     </span>
    </p>
   </div>
   <div class='ocr_carea' id='block_1_11' title="bbox 170 912 1770 983">
    <p class='ocr_par' dir='ltr' id='par_1_11' title="bbox 170 912 1770 983">
     <span class='ocr_line' id='line_1_11' title="bbox 170 912 1770 983; baseline 0.003 -16"><span class='ocrx_word' id='word_1_72' title='bbox 170 914 568 983; x_wconf 76' lang='lat' dir='ltr'><strong>pnedicatores</strong></span> <span class='ocrx_word' id='word_1_73' title='bbox 596 913 748 982; x_wconf 91' lang='lat' dir='ltr'><strong>prius</strong></span> <span class='ocrx_word' id='word_1_74' title='bbox 775 913 982 969; x_wconf 71' lang='lat' dir='ltr'><strong>ancillm</strong></span> <span class='ocrx_word' id='word_1_75' title='bbox 1009 922 1137 969; x_wconf 89' lang='lat' dir='ltr'><strong>sunt</strong></span> <span class='ocrx_word' id='word_1_76' title='bbox 1163 929 1260 982; x_wconf 89' lang='lat' dir='ltr'><strong>per</strong></span> <span class='ocrx_word' id='word_1_77' title='bbox 1288 912 1654 970; x_wconf 79' lang='lat' dir='ltr'><strong>formidinem.</strong></span> <span class='ocrx_word' id='word_1_78' title='bbox 1693 915 1770 971; x_wconf 92' lang='lat' dir='ltr'><strong>De</strong></span> 
     </span>
    </p>
   </div>
   <div class='ocr_carea' id='block_1_12' title="bbox 171 1004 1767 1078">
    <p class='ocr_par' dir='ltr' id='par_1_12' title="bbox 171 1004 1767 1078">
     <span class='ocr_line' id='line_1_12' title="bbox 171 1004 1767 1078; baseline 0.001 -20"><span class='ocrx_word' id='word_1_79' title='bbox 171 1006 377 1074; x_wconf 88' lang='lat' dir='ltr'><strong>quibus</strong></span> <span class='ocrx_word' id='word_1_80' title='bbox 405 1005 640 1060; x_wconf 90' lang='lat' dir='ltr'><strong>dicitur:</strong></span> <span class='ocrx_word' id='word_1_81' title='bbox 676 1022 695 1056; x_wconf 71' lang='grc' dir='ltr'>ι</span> <span class='ocrx_word' id='word_1_82' title='bbox 732 1004 908 1060; x_wconf 83' lang='lat' dir='ltr'><strong>Nolite</strong></span> <span class='ocrx_word' id='word_1_83' title='bbox 948 1006 1162 1070; x_wconf 89' lang='lat' dir='ltr'><strong>timere,</strong></span> <span class='ocrx_word' id='word_1_84' title='bbox 1192 1006 1416 1075; x_wconf 86' lang='lat' dir='ltr'><strong>pusillus</strong></span> <span class='ocrx_word' id='word_1_85' title='bbox 1449 1021 1578 1076; x_wconf 87' lang='lat' dir='ltr'><strong>grex</strong></span> <span class='ocrx_word' id='word_1_86' title='bbox 1612 1005 1767 1078; x_wconf 88' lang='lat' dir='ltr'><strong>(Luc.</strong></span> 
     </span>
    </p>
   </div>
   <div class='ocr_carea' id='block_1_13' title="bbox 171 1095 1770 1166">
    <p class='ocr_par' dir='ltr' id='par_1_13' title="bbox 171 1095 1770 1166">
     <span class='ocr_line' id='line_1_13' title="bbox 171 1095 1770 1166; baseline 0.001 -16"><span class='ocrx_word' id='word_1_87' title='bbox 171 1111 281 1163; x_wconf 78' lang='lat' dir='ltr'><strong>xit,</strong></span> <span class='ocrx_word' id='word_1_88' title='bbox 309 1097 420 1166; x_wconf 72' lang='lat'><strong>&#39;52).</strong></span> <span class='ocrx_word' id='word_1_89' title='bbox 455 1115 473 1148; x_wconf 74' lang='grc' dir='ltr'><strong><em>ι</em></strong></span> <span class='ocrx_word' id='word_1_90' title='bbox 531 1096 704 1151; x_wconf 85' lang='lat' dir='ltr'><strong>Amici</strong></span> <span class='ocrx_word' id='word_1_91' title='bbox 736 1111 835 1166; x_wconf 88' lang='lat' dir='ltr'><strong>per</strong></span> <span class='ocrx_word' id='word_1_92' title='bbox 863 1095 1042 1151; x_wconf 89' lang='lat' dir='ltr'><strong>ﬁdem.</strong></span> <span class='ocrx_word' id='word_1_93' title='bbox 1093 1096 1161 1152; x_wconf 94' lang='lat' dir='ltr'><strong>Ut</strong></span> <span class='ocrx_word' id='word_1_94' title='bbox 1187 1096 1316 1151; x_wconf 90' lang='lat' dir='ltr'><strong>illud</strong></span> <span class='ocrx_word' id='word_1_95' title='bbox 1346 1116 1358 1150; x_wconf 94' lang='lat'><strong>:</strong></span> <span class='ocrx_word' id='word_1_96' title='bbox 1393 1115 1410 1148; x_wconf 73' lang='grc' dir='ltr'>ι</span> <span class='ocrx_word' id='word_1_97' title='bbox 1444 1096 1552 1151; x_wconf 82' lang='lat' dir='ltr'><strong>Vos</strong></span> <span class='ocrx_word' id='word_1_98' title='bbox 1588 1105 1770 1152; x_wconf 90' lang='lat' dir='ltr'><strong>autem</strong></span> 
     </span>
    </p>
   </div>
   <div class='ocr_carea' id='block_1_14' title="bbox 173 1185 1771 1257">
    <p class='ocr_par' dir='ltr' id='par_1_14' title="bbox 173 1185 1771 1257">
     <span class='ocr_line' id='line_1_14' title="bbox 173 1185 1771 1257; baseline -0.001 -16"><span class='ocrx_word' id='word_1_99' title='bbox 173 1187 293 1242; x_wconf 88' lang='lat' dir='ltr'><strong>dixi</strong></span> <span class='ocrx_word' id='word_1_100' title='bbox 335 1187 580 1250; x_wconf 87' lang='lat' dir='ltr'><strong>amicos,</strong></span> <span class='ocrx_word' id='word_1_101' title='bbox 622 1205 639 1236; x_wconf 75' lang='grc' dir='ltr'><strong>ι</strong></span> <span class='ocrx_word' id='word_1_102' title='bbox 684 1195 792 1241; x_wconf 86' lang='lat' dir='ltr'><strong>etc.</strong></span> <span class='ocrx_word' id='word_1_103' title='bbox 845 1185 1026 1257; x_wconf 82' lang='lat' dir='ltr'><strong>(Joan.</strong></span> <span class='ocrx_word' id='word_1_104' title='bbox 1055 1201 1147 1251; x_wconf 91' lang='lat' dir='ltr'><strong>xv,</strong></span> <span class='ocrx_word' id='word_1_105' title='bbox 1173 1186 1289 1252; x_wconf 75' lang='lat'><strong>15.)</strong></span> <span class='ocrx_word' id='word_1_106' title='bbox 1341 1185 1422 1240; x_wconf 85' lang='lat' dir='ltr'><strong>Ad</strong></span> <span class='ocrx_word' id='word_1_107' title='bbox 1466 1197 1771 1241; x_wconf 86' lang='lat' dir='ltr'><strong>extremum</strong></span> 
     </span>
    </p>
   </div>
   <div class='ocr_carea' id='block_1_15' title="bbox 173 1275 1773 1346">
    <p class='ocr_par' dir='ltr' id='par_1_15' title="bbox 173 1275 1773 1346">
     <span class='ocr_line' id='line_1_15' title="bbox 173 1275 1773 1346; baseline 0.001 -18"><span class='ocrx_word' id='word_1_108' title='bbox 173 1291 395 1346; x_wconf 86' lang='lat' dir='ltr'><strong>quoque</strong></span> <span class='ocrx_word' id='word_1_109' title='bbox 416 1275 784 1346; x_wconf 79' lang='lat' dir='ltr'><strong>negotiatores</strong></span> <span class='ocrx_word' id='word_1_110' title='bbox 809 1289 906 1346; x_wconf 91' lang='lat' dir='ltr'><strong>per</strong></span> <span class='ocrx_word' id='word_1_111' title='bbox 925 1276 1214 1331; x_wconf 79' lang='lat' dir='ltr'><strong>actionem.</strong></span> <span class='ocrx_word' id='word_1_112' title='bbox 1250 1275 1323 1331; x_wconf 89' lang='lat' dir='ltr'><strong>Ut</strong></span> <span class='ocrx_word' id='word_1_113' title='bbox 1347 1275 1508 1330; x_wconf 87' lang='lat' dir='ltr'><strong>illud:</strong></span> <span class='ocrx_word' id='word_1_114' title='bbox 1531 1296 1550 1328; x_wconf 73' lang='grc' dir='ltr'><strong><em>ι</em></strong></span> <span class='ocrx_word' id='word_1_115' title='bbox 1571 1275 1773 1331; x_wconf 87' lang='lat' dir='ltr'><strong>Euntes</strong></span> 
     </span>
    </p>
   </div>
   <div class='ocr_carea' id='block_1_16' title="bbox 174 1364 1772 1435">
    <p class='ocr_par' dir='ltr' id='par_1_16' title="bbox 174 1364 1772 1435">
     <span class='ocr_line' id='line_1_16' title="bbox 174 1364 1772 1435; baseline -0.001 -16"><span class='ocrx_word' id='word_1_116' title='bbox 174 1366 235 1419; x_wconf 86' lang='lat' dir='ltr'><strong>in</strong></span> <span class='ocrx_word' id='word_1_117' title='bbox 267 1365 528 1420; x_wconf 86' lang='lat' dir='ltr'><strong>mundum</strong></span> <span class='ocrx_word' id='word_1_118' title='bbox 558 1364 893 1429; x_wconf 85' lang='lat' dir='ltr'><strong>universum,</strong></span> <span class='ocrx_word' id='word_1_119' title='bbox 924 1365 1216 1433; x_wconf 59' lang='lat' dir='ltr'><strong>pradicate</strong></span> <span class='ocrx_word' id='word_1_120' title='bbox 1244 1365 1595 1435; x_wconf 80' lang='lat' dir='ltr'><strong>Evangelium</strong></span> <span class='ocrx_word' id='word_1_121' title='bbox 1625 1365 1772 1420; x_wconf 91' lang='lat' dir='ltr'><strong>omni</strong></span> 
     </span>
    </p>
   </div>
   <div class='ocr_carea' id='block_1_17' title="bbox 175 1453 1774 1527">
    <p class='ocr_par' dir='ltr' id='par_1_17' title="bbox 175 1453 1774 1527">
     <span class='ocr_line' id='line_1_17' title="bbox 175 1453 1774 1527; baseline 0 -17"><span class='ocrx_word' id='word_1_122' title='bbox 175 1463 452 1510; x_wconf 79' lang='lat' dir='ltr'><strong>creatura:</strong></span> <span class='ocrx_word' id='word_1_123' title='bbox 483 1453 679 1527; x_wconf 78' lang='lat' dir='ltr'><strong>(Marc.</strong></span> <span class='ocrx_word' id='word_1_124' title='bbox 710 1471 825 1520; x_wconf 81' lang='lat' dir='ltr'><strong>va,</strong></span> <span class='ocrx_word' id='word_1_125' title='bbox 857 1455 966 1526; x_wconf 83' lang='lat' dir='ltr'><strong>l5).</strong></span> <span class='ocrx_word' id='word_1_126' title='bbox 998 1474 1016 1506; x_wconf 75' lang='grc' dir='ltr'><strong><em>ι</em></strong></span> <span class='ocrx_word' id='word_1_127' title='bbox 1075 1456 1130 1509; x_wconf 92' lang='lat' dir='ltr'><strong>In</strong></span> <span class='ocrx_word' id='word_1_128' title='bbox 1161 1456 1548 1525; x_wconf 68' lang='lat' dir='ltr'><strong>prtedicatione</strong></span> <span class='ocrx_word' id='word_1_129' title='bbox 1573 1456 1774 1526; x_wconf 81' lang='lat' dir='ltr'><strong>quippe</strong></span> 
     </span>
    </p>
   </div>
   <div class='ocr_carea' id='block_1_18' title="bbox 177 1545 1772 1618">
    <p class='ocr_par' dir='ltr' id='par_1_18' title="bbox 177 1545 1772 1618">
     <span class='ocr_line' id='line_1_18' title="bbox 177 1545 1772 1618; baseline 0.002 -19"><span class='ocrx_word' id='word_1_130' title='bbox 177 1545 331 1612; x_wconf 90' lang='lat' dir='ltr'><strong>ﬁdei,</strong></span> <span class='ocrx_word' id='word_1_131' title='bbox 361 1546 516 1617; x_wconf 90' lang='lat' dir='ltr'><strong>quasi</strong></span> <span class='ocrx_word' id='word_1_132' title='bbox 542 1545 813 1616; x_wconf 79' lang='lat' dir='ltr'><strong>quoddam</strong></span> <span class='ocrx_word' id='word_1_133' title='bbox 840 1546 1116 1616; x_wconf 81' lang='lat' dir='ltr'><strong>negotium</strong></span> <span class='ocrx_word' id='word_1_134' title='bbox 1143 1547 1372 1618; x_wconf 79' lang='lat' dir='ltr'><strong>geritur,</strong></span> <span class='ocrx_word' id='word_1_135' title='bbox 1397 1548 1524 1602; x_wconf 93' lang='lat' dir='ltr'><strong>dum</strong></span> <span class='ocrx_word' id='word_1_136' title='bbox 1547 1549 1772 1602; x_wconf 85' lang='lat' dir='ltr'><strong>verbum</strong></span> 
     </span>
    </p>
   </div>
   <div class='ocr_carea' id='block_1_19' title="bbox 1870 361 3448 440">
    <p class='ocr_par' dir='ltr' id='par_1_19' title="bbox 1870 361 3448 440">
     <span class='ocr_line' id='line_1_19' title="bbox 1870 361 3448 440; baseline 0.005 -22"><span class='ocrx_word' id='word_1_137' title='bbox 1870 361 2185 418; x_wconf 81' lang='lat' dir='ltr'><strong>terribiliter</strong></span> <span class='ocrx_word' id='word_1_138' title='bbox 2209 373 2533 432; x_wconf 80' lang='lat' dir='ltr'><strong>apparente,</strong></span> <span class='ocrx_word' id='word_1_139' title='bbox 2572 364 2876 420; x_wconf 81' lang='lat' dir='ltr'><strong>astantibus</strong></span> <span class='ocrx_word' id='word_1_140' title='bbox 2904 363 3203 436; x_wconf 81' lang='lat' dir='ltr'><strong>legionibus</strong></span> <span class='ocrx_word' id='word_1_141' title='bbox 3232 371 3448 440; x_wconf 86' lang='lat' dir='ltr'><strong>angelo-</strong></span> 
     </span>
    </p>
   </div>
   <div class='ocr_carea' id='block_1_20' title="bbox 1868 451 3454 525">
    <p class='ocr_par' dir='ltr' id='par_1_20' title="bbox 1868 451 3454 525">
     <span class='ocr_line' id='line_1_20' title="bbox 1868 451 3454 525; baseline 0.008 -21"><span class='ocrx_word' id='word_1_142' title='bbox 1868 467 2028 515; x_wconf 84' lang='lat' dir='ltr'><strong>rum,</strong></span> <span class='ocrx_word' id='word_1_143' title='bbox 2080 460 2244 521; x_wconf 87' lang='lat' dir='ltr'><strong>atque</strong></span> <span class='ocrx_word' id='word_1_144' title='bbox 2287 451 2476 506; x_wconf 82' lang='lat' dir='ltr'><strong>electis</strong></span> <span class='ocrx_word' id='word_1_145' title='bbox 2517 453 2766 507; x_wconf 88' lang='lat' dir='ltr'><strong>omnibus</strong></span> <span class='ocrx_word' id='word_1_146' title='bbox 2813 454 2880 507; x_wconf 90' lang='lat' dir='ltr'><strong>ad</strong></span> <span class='ocrx_word' id='word_1_147' title='bbox 2931 454 3034 510; x_wconf 89' lang='lat' dir='ltr'><strong>hoc</strong></span> <span class='ocrx_word' id='word_1_148' title='bbox 3084 459 3454 525; x_wconf 80' lang='lat' dir='ltr'><strong>spectaculum</strong></span> 
     </span>
    </p>
   </div>
   <div class='ocr_carea' id='block_1_21' title="bbox 1868 539 3452 606">
    <p class='ocr_par' dir='ltr' id='par_1_21' title="bbox 1868 539 3452 606">
     <span class='ocr_line' id='line_1_21' title="bbox 1868 539 3452 606; baseline 0.006 -11"><span class='ocrx_word' id='word_1_149' title='bbox 1868 541 2135 606; x_wconf 85' lang='lat' dir='ltr'><strong>deductis,</strong></span> <span class='ocrx_word' id='word_1_150' title='bbox 2187 541 2289 594; x_wconf 90' lang='lat' dir='ltr'><strong>ista</strong></span> <span class='ocrx_word' id='word_1_151' title='bbox 2325 539 2500 596; x_wconf 88' lang='lat' dir='ltr'><strong>bellua</strong></span> <span class='ocrx_word' id='word_1_152' title='bbox 2531 541 2767 597; x_wconf 87' lang='lat' dir='ltr'><strong>crudelis</strong></span> <span class='ocrx_word' id='word_1_153' title='bbox 2813 551 2869 596; x_wconf 91' lang='lat' dir='ltr'><strong>et</strong></span> <span class='ocrx_word' id='word_1_154' title='bbox 2915 542 3070 600; x_wconf 89' lang='lat' dir='ltr'><strong>I&#39;ortis</strong></span> <span class='ocrx_word' id='word_1_155' title='bbox 3116 545 3169 600; x_wconf 93' lang='lat' dir='ltr'><strong>in</strong></span> <span class='ocrx_word' id='word_1_156' title='bbox 3214 548 3452 604; x_wconf 85' lang='lat' dir='ltr'><strong>medium</strong></span> 
     </span>
    </p>
   </div>
   <div class='ocr_carea' id='block_1_22' title="bbox 1869 632 3451 704">
    <p class='ocr_par' dir='ltr' id='par_1_22' title="bbox 1869 632 3451 704">
     <span class='ocr_line' id='line_1_22' title="bbox 1869 632 3451 704; baseline 0.004 -16"><span class='ocrx_word' id='word_1_157' title='bbox 1869 633 2080 702; x_wconf 86' lang='lat' dir='ltr'><strong>captiva</strong></span> <span class='ocrx_word' id='word_1_158' title='bbox 2112 632 2431 695; x_wconf 79' lang='lat' dir='ltr'><strong>deducetur,</strong></span> <span class='ocrx_word' id='word_1_159' title='bbox 2457 639 2514 686; x_wconf 90' lang='lat' dir='ltr'><strong>et</strong></span> <span class='ocrx_word' id='word_1_160' title='bbox 2541 648 2664 687; x_wconf 88' lang='lat' dir='ltr'><strong>cum</strong></span> <span class='ocrx_word' id='word_1_161' title='bbox 2694 649 2792 689; x_wconf 91' lang='lat' dir='ltr'><strong>suo</strong></span> <span class='ocrx_word' id='word_1_162' title='bbox 2817 648 3068 704; x_wconf 91' lang='lat' dir='ltr'><strong>corpore,</strong></span> <span class='ocrx_word' id='word_1_163' title='bbox 3097 637 3150 691; x_wconf 92' lang='lat' dir='ltr'><strong>id</strong></span> <span class='ocrx_word' id='word_1_164' title='bbox 3182 646 3287 703; x_wconf 85' lang='lat' dir='ltr'><strong>est,</strong></span> <span class='ocrx_word' id='word_1_165' title='bbox 3325 654 3451 695; x_wconf 91' lang='lat' dir='ltr'><strong>cum</strong></span> 
     </span>
    </p>
   </div>
   <div class='ocr_carea' id='block_1_23' title="bbox 1873 724 3458 793">
    <p class='ocr_par' dir='ltr' id='par_1_23' title="bbox 1873 724 3458 793">
     <span class='ocr_line' id='line_1_23' title="bbox 1873 724 3458 793; baseline 0.004 -15"><span class='ocrx_word' id='word_1_166' title='bbox 1873 725 2119 793; x_wconf 83' lang='lat' dir='ltr'><strong>reprohis</strong></span> <span class='ocrx_word' id='word_1_167' title='bbox 2144 724 2396 778; x_wconf 89' lang='lat' dir='ltr'><strong>omnibus</strong></span> <span class='ocrx_word' id='word_1_168' title='bbox 2428 732 2643 778; x_wconf 63' lang='lat' dir='ltr'><strong>aeterna:</strong></span> <span class='ocrx_word' id='word_1_169' title='bbox 2671 725 2932 792; x_wconf 73' lang='lat' dir='ltr'><strong>geheunm</strong></span> <span class='ocrx_word' id='word_1_170' title='bbox 2963 727 3224 783; x_wconf 81' lang='lat' dir='ltr'><strong>incendiis</strong></span> <span class='ocrx_word' id='word_1_171' title='bbox 3252 729 3458 785; x_wconf 89' lang='lat' dir='ltr'><strong>manci-</strong></span> 
     </span>
    </p>
   </div>
   <div class='ocr_carea' id='block_1_24' title="bbox 1871 816 3454 888">
    <p class='ocr_par' dir='ltr' id='par_1_24' title="bbox 1871 816 3454 888">
     <span class='ocr_line' id='line_1_24' title="bbox 1871 816 3454 888; baseline 0.006 -19"><span class='ocrx_word' id='word_1_172' title='bbox 1871 826 2050 888; x_wconf 80' lang='lat' dir='ltr'><strong>patur,</strong></span> <span class='ocrx_word' id='word_1_173' title='bbox 2077 832 2198 871; x_wconf 87' lang='lat' dir='ltr'><strong>cum</strong></span> <span class='ocrx_word' id='word_1_174' title='bbox 2227 817 2463 873; x_wconf 86' lang='lat' dir='ltr'><strong>dicitur:</strong></span> <span class='ocrx_word' id='word_1_175' title='bbox 2499 832 2518 867; x_wconf 70' lang='grc' dir='ltr'><strong><em>ι</em></strong></span> <span class='ocrx_word' id='word_1_176' title='bbox 2554 816 2822 872; x_wconf 83' lang='lat' dir='ltr'><strong>Discedite</strong></span> <span class='ocrx_word' id='word_1_177' title='bbox 2845 833 2876 871; x_wconf 90' lang='lat' dir='ltr'><strong>a</strong></span> <span class='ocrx_word' id='word_1_178' title='bbox 2899 834 3009 884; x_wconf 89' lang='lat' dir='ltr'><strong>me,</strong></span> <span class='ocrx_word' id='word_1_179' title='bbox 3033 819 3326 887; x_wconf 84' lang='lat' dir='ltr'><strong>maledicti,</strong></span> <span class='ocrx_word' id='word_1_180' title='bbox 3349 831 3454 878; x_wconf 87' lang='lat' dir='ltr'><strong>etc.</strong></span> 
     </span>
    </p>
   </div>
   <div class='ocr_carea' id='block_1_25' title="bbox 1873 906 2776 980">
    <p class='ocr_par' dir='ltr' id='par_1_25' title="bbox 1873 906 2776 980">
     <span class='ocr_line' id='line_1_25' title="bbox 1873 906 2776 980; baseline 0.002 -20"><span class='ocrx_word' id='word_1_181' title='bbox 1873 906 2092 978; x_wconf 76' lang='lat' dir='ltr'><strong>(Matth.</strong></span> <span class='ocrx_word' id='word_1_182' title='bbox 2124 925 2254 975; x_wconf 87' lang='lat' dir='ltr'><strong>xxv,</strong></span> <span class='ocrx_word' id='word_1_183' title='bbox 2280 909 2394 980; x_wconf 71' lang='grc'><strong>41).</strong></span> <span class='ocrx_word' id='word_1_184' title='bbox 2427 928 2446 962; x_wconf 74' lang='grc' dir='ltr'><strong>ι</strong></span> <span class='ocrx_word' id='word_1_185' title='bbox 2479 907 2776 977; x_wconf 87' lang='lat' dir='ltr'><strong>Sequitur:</strong></span> 
     </span>
    </p>
   </div>
   <div class='ocr_carea' id='block_1_26' title="bbox 2461 997 2866 1054">
    <p class='ocr_par' dir='ltr' id='par_1_26' title="bbox 2461 997 2866 1054">
     <span class='ocr_line' id='line_1_26' title="bbox 2461 997 2866 1054; baseline -0.007 0"><span class='ocrx_word' id='word_1_186' title='bbox 2461 997 2690 1054; x_wconf 83' lang='lat' dir='ltr'><strong>CAPUT</strong></span> <span class='ocrx_word' id='word_1_187' title='bbox 2731 998 2866 1052; x_wconf 75' lang='lat' dir='ltr'><strong>XLI.</strong></span> 
     </span>
    </p>
   </div>
   <div class='ocr_carea' id='block_1_27' title="bbox 1945 1085 3462 1159">
    <p class='ocr_par' dir='ltr' id='par_1_27' title="bbox 1945 1085 3462 1159">
     <span class='ocr_line' id='line_1_27' title="bbox 1945 1085 3462 1159; baseline 0.003 -18"><span class='ocrx_word' id='word_1_188' title='bbox 1945 1087 2110 1143; x_wconf 70' lang='lat' dir='ltr'><strong>Vsus.</strong></span> <span class='ocrx_word' id='word_1_189' title='bbox 2145 1089 2194 1152; x_wconf 87' lang='lat' dir='ltr'><strong>I,</strong></span> <span class='ocrx_word' id='word_1_190' title='bbox 2223 1087 2278 1142; x_wconf 76' lang='grc'><strong>2.</strong></span> <span class='ocrx_word' id='word_1_191' title='bbox 2324 1085 2447 1142; x_wconf 86' lang='lat' dir='ltr'><strong>Non</strong></span> <span class='ocrx_word' id='word_1_192' title='bbox 2485 1089 2637 1159; x_wconf 81' lang='lat' dir='ltr'><strong>quasi</strong></span> <span class='ocrx_word' id='word_1_193' title='bbox 2675 1089 2903 1143; x_wconf 87' lang='lat' dir='ltr'><strong>crudelis</strong></span> <span class='ocrx_word' id='word_1_194' title='bbox 2930 1091 3192 1145; x_wconf 73' lang='lat' dir='ltr'><strong>suscitabo</strong></span> <span class='ocrx_word' id='word_1_195' title='bbox 3228 1108 3366 1146; x_wconf 85' lang='lat' dir='ltr'><strong>eum.</strong></span> <span class='ocrx_word' id='word_1_196' title='bbox 3393 1125 3462 1135; x_wconf 93' lang='lat'><strong>—</strong></span> 
     </span>
    </p>
   </div>
   <div class='ocr_carea' id='block_1_28' title="bbox 1874 1177 3463 1252">
    <p class='ocr_par' dir='ltr' id='par_1_28' title="bbox 1874 1177 3463 1252">
     <span class='ocr_line' id='line_1_28' title="bbox 1874 1177 3463 1252; baseline 0.004 -20"><span class='ocrx_word' id='word_1_197' title='bbox 1874 1177 1941 1232; x_wconf 84' lang='lat' dir='ltr'><strong>Et</strong></span> <span class='ocrx_word' id='word_1_198' title='bbox 1965 1179 2111 1233; x_wconf 89' lang='lat' dir='ltr'><strong>velut</strong></span> <span class='ocrx_word' id='word_1_199' title='bbox 2141 1179 2188 1233; x_wconf 90' lang='lat' dir='ltr'><strong>si</strong></span> <span class='ocrx_word' id='word_1_200' title='bbox 2219 1194 2339 1232; x_wconf 89' lang='lat' dir='ltr'><strong>mox</strong></span> <span class='ocrx_word' id='word_1_201' title='bbox 2380 1193 2412 1232; x_wconf 90' lang='lat' dir='ltr'><strong>a</strong></span> <span class='ocrx_word' id='word_1_202' title='bbox 2447 1179 2604 1234; x_wconf 86' lang='lat' dir='ltr'><strong>nobis</strong></span> <span class='ocrx_word' id='word_1_203' title='bbox 2642 1179 2874 1235; x_wconf 88' lang='lat' dir='ltr'><strong>rationis</strong></span> <span class='ocrx_word' id='word_1_204' title='bbox 2902 1194 3068 1236; x_wconf 90' lang='lat' dir='ltr'><strong>causa</strong></span> <span class='ocrx_word' id='word_1_205' title='bbox 3104 1191 3463 1252; x_wconf 73' lang='lat' dir='ltr'><strong>qumreretur,</strong></span> 
     </span>
    </p>
   </div>
   <div class='ocr_carea' id='block_1_29' title="bbox 1872 1268 3464 1344">
    <p class='ocr_par' dir='ltr' id='par_1_29' title="bbox 1872 1268 3464 1344">
     <span class='ocr_line' id='line_1_29' title="bbox 1872 1268 3464 1344; baseline 0.007 -24"><span class='ocrx_word' id='word_1_206' title='bbox 1872 1268 2146 1339; x_wconf 88' lang='lat' dir='ltr'><strong>quomodo</strong></span> <span class='ocrx_word' id='word_1_207' title='bbox 2191 1284 2313 1324; x_wconf 80' lang='lat' dir='ltr'><strong>eum</strong></span> <span class='ocrx_word' id='word_1_208' title='bbox 2365 1283 2470 1324; x_wconf 91' lang='lat' dir='ltr'><strong>non</strong></span> <span class='ocrx_word' id='word_1_209' title='bbox 2519 1270 2674 1340; x_wconf 87' lang='lat' dir='ltr'><strong>quasi</strong></span> <span class='ocrx_word' id='word_1_210' title='bbox 2721 1271 2959 1326; x_wconf 87' lang='lat' dir='ltr'><strong>crudelis</strong></span> <span class='ocrx_word' id='word_1_211' title='bbox 3001 1273 3258 1340; x_wconf 86' lang='lat' dir='ltr'><strong>suscitas,</strong></span> <span class='ocrx_word' id='word_1_212' title='bbox 3304 1290 3464 1344; x_wconf 88' lang='lat' dir='ltr'><strong>quem</strong></span> 
     </span>
    </p>
   </div>
   <div class='ocr_carea' id='block_1_30' title="bbox 1875 1360 3470 1436">
    <p class='ocr_par' dir='ltr' id='par_1_30' title="bbox 1875 1360 3470 1436">
     <span class='ocr_line' id='line_1_30' title="bbox 1875 1360 3470 1436; baseline 0.005 -21"><span class='ocrx_word' id='word_1_213' title='bbox 1875 1361 2081 1416; x_wconf 86' lang='lat' dir='ltr'><strong>scimus</strong></span> <span class='ocrx_word' id='word_1_214' title='bbox 2110 1360 2238 1430; x_wconf 84' lang='lat' dir='ltr'><strong>quia</strong></span> <span class='ocrx_word' id='word_1_215' title='bbox 2268 1369 2448 1417; x_wconf 88' lang='lat' dir='ltr'><strong>tantos</strong></span> <span class='ocrx_word' id='word_1_216' title='bbox 2469 1363 2735 1424; x_wconf 76' lang='lat' dir='ltr'><strong>invadere</strong></span> <span class='ocrx_word' id='word_1_217' title='bbox 2773 1373 2828 1417; x_wconf 90' lang='lat' dir='ltr'><strong>et</strong></span> <span class='ocrx_word' id='word_1_218' title='bbox 2863 1365 3128 1422; x_wconf 87' lang='lat' dir='ltr'><strong>devorare</strong></span> <span class='ocrx_word' id='word_1_219' title='bbox 3155 1369 3424 1436; x_wconf 83' lang='lat' dir='ltr'><strong>permittis</strong></span> <span class='ocrx_word' id='word_1_220' title='bbox 3443 1369 3470 1422; x_wconf 83' lang='lat'><strong>?</strong></span> 
     </span>
    </p>
   </div>
   <div class='ocr_carea' id='block_1_31' title="bbox 1875 1452 3466 1528">
    <p class='ocr_par' dir='ltr' id='par_1_31' title="bbox 1875 1452 3466 1528">
     <span class='ocr_line' id='line_1_31' title="bbox 1875 1452 3466 1528; baseline 0.002 -21"><span class='ocrx_word' id='word_1_221' title='bbox 1875 1452 2060 1507; x_wconf 80' lang='lat' dir='ltr'><strong>statim</strong></span> <span class='ocrx_word' id='word_1_222' title='bbox 2107 1453 2357 1507; x_wconf 87' lang='lat' dir='ltr'><strong>subditur</strong></span> <span class='ocrx_word' id='word_1_223' title='bbox 2393 1453 2619 1508; x_wconf 90' lang='lat' dir='ltr'><strong>dicens:</strong></span> <span class='ocrx_word' id='word_1_224' title='bbox 2663 1453 2795 1519; x_wconf 81' lang='lat' dir='ltr'><strong>Quis</strong></span> <span class='ocrx_word' id='word_1_225' title='bbox 2846 1456 2984 1508; x_wconf 77' lang='lat' dir='ltr'><strong>enim</strong></span> <span class='ocrx_word' id='word_1_226' title='bbox 3025 1458 3263 1511; x_wconf 75' lang='lat' dir='ltr'><strong>resistere</strong></span> <span class='ocrx_word' id='word_1_227' title='bbox 3301 1469 3466 1528; x_wconf 84' lang='lat' dir='ltr'><strong>potest</strong></span> 
     </span>
    </p>
   </div>
   <div class='ocr_carea' id='block_1_32' title="bbox 1877 1543 3470 1611">
    <p class='ocr_par' dir='ltr' id='par_1_32' title="bbox 1877 1543 3470 1611">
     <span class='ocr_line' id='line_1_32' title="bbox 1877 1543 3470 1611; baseline 0.004 -14"><span class='ocrx_word' id='word_1_228' title='bbox 1877 1543 2045 1597; x_wconf 77' lang='lat' dir='ltr'><strong>vultui</strong></span> <span class='ocrx_word' id='word_1_229' title='bbox 2082 1559 2194 1598; x_wconf 85' lang='lat' dir='ltr'><strong>meo</strong></span> <span class='ocrx_word' id='word_1_230' title='bbox 2219 1545 2243 1597; x_wconf 85' lang='lat'><strong><em>?</em></strong></span> <span class='ocrx_word' id='word_1_231' title='bbox 2277 1552 2329 1599; x_wconf 90' lang='lat' dir='ltr'><strong>el</strong></span> <span class='ocrx_word' id='word_1_232' title='bbox 2357 1562 2370 1598; x_wconf 90' lang='lat'><strong>:</strong></span> <span class='ocrx_word' id='word_1_233' title='bbox 2402 1544 2533 1611; x_wconf 84' lang='lat' dir='ltr'><strong>Quis</strong></span> <span class='ocrx_word' id='word_1_234' title='bbox 2559 1556 2680 1600; x_wconf 84' lang='lat' dir='ltr'><strong>ante</strong></span> <span class='ocrx_word' id='word_1_235' title='bbox 2703 1545 2846 1600; x_wconf 82' lang='lat' dir='ltr'><strong>dedit</strong></span> <span class='ocrx_word' id='word_1_236' title='bbox 2869 1547 3018 1609; x_wconf 79' lang='lat' dir='ltr'><strong>mihi,</strong></span> <span class='ocrx_word' id='word_1_237' title='bbox 3049 1557 3104 1601; x_wconf 88' lang='lat' dir='ltr'><strong>ut</strong></span> <span class='ocrx_word' id='word_1_238' title='bbox 3133 1549 3347 1604; x_wconf 85' lang='lat' dir='ltr'><strong>reddam</strong></span> <span class='ocrx_word' id='word_1_239' title='bbox 3372 1551 3422 1604; x_wconf 89' lang='lat' dir='ltr'><strong>ei</strong></span> <span class='ocrx_word' id='word_1_240' title='bbox 3445 1551 3470 1604; x_wconf 65' lang='grc' dir='ltr'><em>ἲ</em></span> 
     </span>
    </p>
   </div>
   <div class='ocr_carea' id='block_1_33' title="bbox 176 1617 3466 1711">
    <p class='ocr_par' dir='ltr' id='par_1_33' title="bbox 176 1617 3466 1711">
     <span class='ocr_line' id='line_1_33' title="bbox 176 1617 3466 1711; baseline 0.002 -19"><span class='ocrx_word' id='word_1_241' title='bbox 176 1638 365 1703; x_wconf 87' lang='lat' dir='ltr'><strong>datur,</strong></span> <span class='ocrx_word' id='word_1_242' title='bbox 410 1647 467 1693; x_wconf 90' lang='lat' dir='ltr'><strong>et</strong></span> <span class='ocrx_word' id='word_1_243' title='bbox 511 1639 642 1694; x_wconf 92' lang='lat' dir='ltr'><strong>ﬁdes</strong></span> <span class='ocrx_word' id='word_1_244' title='bbox 671 1639 739 1694; x_wconf 89' lang='lat' dir='ltr'><strong>ab</strong></span> <span class='ocrx_word' id='word_1_245' title='bbox 765 1639 1105 1694; x_wconf 85' lang='lat' dir='ltr'><strong>auditoribus</strong></span> <span class='ocrx_word' id='word_1_246' title='bbox 1144 1617 1398 1694; x_wconf 83' lang='lat' dir='ltr'><strong>sumitur.</strong></span> <span class='ocrx_word' id='word_1_247' title='bbox 1454 1639 1592 1694; x_wconf 83' lang='lat' dir='ltr'><strong>Hinc</strong></span> <span class='ocrx_word' id='word_1_248' title='bbox 1629 1641 1775 1695; x_wconf 83' lang='lat' dir='ltr'><strong>enim</strong></span> <span class='ocrx_word' id='word_1_249' title='bbox 1808 1617 1852 1680; x_wconf 73' lang='grc' dir='ltr'><strong>Β</strong></span> <span class='ocrx_word' id='word_1_250' title='bbox 1877 1667 1949 1678; x_wconf 91' lang='grc'><strong>-</strong></span> <span class='ocrx_word' id='word_1_251' title='bbox 1972 1635 2178 1705; x_wconf 84' lang='lat' dir='ltr'><strong>Quibus</strong></span> <span class='ocrx_word' id='word_1_252' title='bbox 2205 1636 2414 1694; x_wconf 88' lang='lat' dir='ltr'><strong>duobus</strong></span> <span class='ocrx_word' id='word_1_253' title='bbox 2441 1639 2720 1704; x_wconf 87' lang='lat' dir='ltr'><strong>versibus,</strong></span> <span class='ocrx_word' id='word_1_254' title='bbox 2764 1647 2820 1693; x_wconf 89' lang='lat' dir='ltr'><strong>et</strong></span> <span class='ocrx_word' id='word_1_255' title='bbox 2851 1639 3104 1695; x_wconf 85' lang='lat' dir='ltr'><strong>virtutem</strong></span> <span class='ocrx_word' id='word_1_256' title='bbox 3135 1655 3245 1696; x_wconf 74' lang='lat' dir='ltr'><strong>sua:</strong></span> <span class='ocrx_word' id='word_1_257' title='bbox 3273 1651 3466 1711; x_wconf 91' lang='lat' dir='ltr'><strong>poten-</strong></span> 
     </span>
    </p>
   </div>
   <div class='ocr_carea' id='block_1_34' title="bbox 177 1727 1777 1802">
    <p class='ocr_par' dir='ltr' id='par_1_34' title="bbox 177 1727 1777 1802">
     <span class='ocr_line' id='line_1_34' title="bbox 177 1727 1777 1802; baseline 0.001 -21"><span class='ocrx_word' id='word_1_258' title='bbox 177 1727 475 1784; x_wconf 80' lang='lat' dir='ltr'><strong>Psalmista</strong></span> <span class='ocrx_word' id='word_1_259' title='bbox 503 1730 578 1783; x_wconf 88' lang='lat' dir='ltr'><strong>ait</strong></span> <span class='ocrx_word' id='word_1_260' title='bbox 602 1746 614 1782; x_wconf 92' lang='lat'>:</span> <span class='ocrx_word' id='word_1_261' title='bbox 647 1749 665 1781; x_wconf 76' lang='grc' dir='ltr'>ι</span> <span class='ocrx_word' id='word_1_262' title='bbox 697 1727 908 1784; x_wconf 88' lang='lat' dir='ltr'><strong>Sumite</strong></span> <span class='ocrx_word' id='word_1_263' title='bbox 935 1730 1203 1800; x_wconf 89' lang='lat' dir='ltr'><strong>psalmum</strong></span> <span class='ocrx_word' id='word_1_264' title='bbox 1231 1738 1286 1785; x_wconf 88' lang='lat' dir='ltr'><strong>et</strong></span> <span class='ocrx_word' id='word_1_265' title='bbox 1311 1731 1433 1785; x_wconf 89' lang='lat' dir='ltr'><strong>date</strong></span> <span class='ocrx_word' id='word_1_266' title='bbox 1461 1739 1777 1802; x_wconf 88' lang='lat' dir='ltr'><strong>tympanum</strong></span> 
     </span>
    </p>
   </div>
   <div class='ocr_carea' id='block_1_35' title="bbox 174 1819 1775 1889">
    <p class='ocr_par' dir='ltr' id='par_1_35' title="bbox 174 1819 1775 1889">
     <span class='ocr_line' id='line_1_35' title="bbox 174 1819 1775 1889; baseline 0.002 -17"><span class='ocrx_word' id='word_1_267' title='bbox 174 1819 362 1889; x_wconf 86' lang='lat' dir='ltr'><strong>(Psal.</strong></span> <span class='ocrx_word' id='word_1_268' title='bbox 392 1835 557 1886; x_wconf 66' lang='lat' dir='ltr'><strong>LXXX,</strong></span> <span class='ocrx_word' id='word_1_269' title='bbox 583 1820 658 1889; x_wconf 77' lang='grc'><strong>5).</strong></span> <span class='ocrx_word' id='word_1_270' title='bbox 692 1838 708 1869; x_wconf 73' lang='grc' dir='ltr'>ι</span> <span class='ocrx_word' id='word_1_271' title='bbox 736 1820 802 1874; x_wconf 84' lang='grc' dir='ltr'><strong>Ει</strong></span> <span class='ocrx_word' id='word_1_272' title='bbox 831 1835 1068 1883; x_wconf 85' lang='lat' dir='ltr'><strong>rursum,</strong></span> <span class='ocrx_word' id='word_1_273' title='bbox 1104 1819 1362 1875; x_wconf 91' lang='lat' dir='ltr'><strong>Salomon</strong></span> <span class='ocrx_word' id='word_1_274' title='bbox 1391 1836 1460 1876; x_wconf 85' lang='lat' dir='ltr'><strong>ex</strong></span> <span class='ocrx_word' id='word_1_275' title='bbox 1488 1836 1621 1877; x_wconf 91' lang='lat' dir='ltr'><strong>voce</strong></span> <span class='ocrx_word' id='word_1_276' title='bbox 1651 1837 1775 1877; x_wconf 86' lang='lat' dir='ltr'><strong>san-</strong></span> 
     </span>
    </p>
   </div>
   <div class='ocr_carea' id='block_1_36' title="bbox 175 1911 1780 1977">
    <p class='ocr_par' dir='ltr' id='par_1_36' title="bbox 175 1911 1780 1977">
     <span class='ocr_line' id='line_1_36' title="bbox 175 1911 1780 1977; baseline 0.001 -11"><span class='ocrx_word' id='word_1_277' title='bbox 175 1922 289 1967; x_wconf 69' lang='lat' dir='ltr'><strong>ctae</strong></span> <span class='ocrx_word' id='word_1_278' title='bbox 318 1913 576 1968; x_wconf 72' lang='lat' dir='ltr'><strong>Ecclesia:</strong></span> <span class='ocrx_word' id='word_1_279' title='bbox 614 1913 728 1966; x_wconf 87' lang='lat' dir='ltr'><strong>ait:</strong></span> <span class='ocrx_word' id='word_1_280' title='bbox 765 1931 784 1964; x_wconf 83' lang='grc'><strong>‹</strong></span> <span class='ocrx_word' id='word_1_281' title='bbox 819 1911 1114 1966; x_wconf 91' lang='lat' dir='ltr'><strong>Sindonem</strong></span> <span class='ocrx_word' id='word_1_282' title='bbox 1158 1911 1287 1967; x_wconf 78' lang='lat' dir='ltr'><strong>fecit</strong></span> <span class='ocrx_word' id='word_1_283' title='bbox 1315 1922 1368 1968; x_wconf 90' lang='lat' dir='ltr'><strong>et</strong></span> <span class='ocrx_word' id='word_1_284' title='bbox 1395 1914 1640 1968; x_wconf 87' lang='lat' dir='ltr'><strong>vendidit</strong></span> <span class='ocrx_word' id='word_1_285' title='bbox 1664 1955 1678 1977; x_wconf 87' lang='lat'><strong>,</strong></span> <span class='ocrx_word' id='word_1_286' title='bbox 1725 1922 1780 1968; x_wconf 90' lang='lat' dir='ltr'><strong>et</strong></span> 
     </span>
    </p>
   </div>
   <div class='ocr_carea' id='block_1_37' title="bbox 178 2002 1774 2077">
    <p class='ocr_par' dir='ltr' id='par_1_37' title="bbox 178 2002 1774 2077">
     <span class='ocr_line' id='line_1_37' title="bbox 178 2002 1774 2077; baseline 0.001 -19"><span class='ocrx_word' id='word_1_287' title='bbox 178 2003 460 2072; x_wconf 87' lang='lat' dir='ltr'><strong>cingulum</strong></span> <span class='ocrx_word' id='word_1_288' title='bbox 513 2003 734 2058; x_wconf 89' lang='lat' dir='ltr'><strong>tradidit</strong></span> <span class='ocrx_word' id='word_1_289' title='bbox 779 2003 1090 2058; x_wconf 66' lang='lat' dir='ltr'><strong>Chananeo</strong></span> <span class='ocrx_word' id='word_1_290' title='bbox 1137 2002 1329 2073; x_wconf 81' lang='lat' dir='ltr'><strong>(Prov.</strong></span> <span class='ocrx_word' id='word_1_291' title='bbox 1374 2020 1549 2072; x_wconf 75' lang='lat' dir='ltr'><strong>xxxr,</strong></span> <span class='ocrx_word' id='word_1_292' title='bbox 1594 2006 1710 2077; x_wconf 74' lang='grc'><strong>24).</strong></span> <span class='ocrx_word' id='word_1_293' title='bbox 1755 2025 1774 2059; x_wconf 74' lang='grc' dir='ltr'><strong><em>ι</em></strong></span> 
     </span>
    </p>
   </div>
   <div class='ocr_carea' id='block_1_38' title="bbox 179 2091 1779 2162">
    <p class='ocr_par' dir='ltr' id='par_1_38' title="bbox 179 2091 1779 2162">
     <span class='ocr_line' id='line_1_38' title="bbox 179 2091 1779 2162; baseline 0.003 -17"><span class='ocrx_word' id='word_1_294' title='bbox 179 2091 323 2156; x_wconf 88' lang='lat' dir='ltr'><strong>Ouia</strong></span> <span class='ocrx_word' id='word_1_295' title='bbox 351 2094 494 2146; x_wconf 90' lang='lat' dir='ltr'><strong>enim</strong></span> <span class='ocrx_word' id='word_1_296' title='bbox 527 2107 624 2162; x_wconf 89' lang='lat' dir='ltr'><strong>per</strong></span> <span class='ocrx_word' id='word_1_297' title='bbox 645 2092 1040 2162; x_wconf 65' lang='lat' dir='ltr'><strong>praedicatores</strong></span> <span class='ocrx_word' id='word_1_298' title='bbox 1069 2091 1166 2147; x_wconf 89' lang='lat' dir='ltr'><strong>Dei</strong></span> <span class='ocrx_word' id='word_1_299' title='bbox 1193 2093 1349 2148; x_wconf 86' lang='lat' dir='ltr'><strong>valde</strong></span> <span class='ocrx_word' id='word_1_300' title='bbox 1384 2093 1726 2150; x_wconf 79' lang='lat' dir='ltr'><strong>laudabiliter</strong></span> <span class='ocrx_word' id='word_1_301' title='bbox 1749 2111 1779 2150; x_wconf 87' lang='lat' dir='ltr'><strong>a</strong></span> 
     </span>
    </p>
   </div>
   <div class='ocr_carea' id='block_1_39' title="bbox 177 2182 1780 2252">
    <p class='ocr_par' dir='ltr' id='par_1_39' title="bbox 177 2182 1780 2252">
     <span class='ocr_line' id='line_1_39' title="bbox 177 2182 1780 2252; baseline 0.002 -16"><span class='ocrx_word' id='word_1_302' title='bbox 177 2183 462 2238; x_wconf 86' lang='lat' dir='ltr'><strong>leviathan</strong></span> <span class='ocrx_word' id='word_1_303' title='bbox 512 2183 618 2238; x_wconf 90' lang='lat' dir='ltr'><strong>isto</strong></span> <span class='ocrx_word' id='word_1_304' title='bbox 665 2198 754 2238; x_wconf 89' lang='lat' dir='ltr'><strong>res</strong></span> <span class='ocrx_word' id='word_1_305' title='bbox 801 2197 1050 2252; x_wconf 83' lang='lat' dir='ltr'><strong>possessa</strong></span> <span class='ocrx_word' id='word_1_306' title='bbox 1079 2182 1359 2249; x_wconf 88' lang='lat' dir='ltr'><strong>dividitur,</strong></span> <span class='ocrx_word' id='word_1_307' title='bbox 1393 2183 1649 2240; x_wconf 78' lang='lat' dir='ltr'><strong>Veritatis</strong></span> <span class='ocrx_word' id='word_1_308' title='bbox 1675 2200 1780 2239; x_wconf 87' lang='lat' dir='ltr'><strong>vox</strong></span> 
     </span>
    </p>
   </div>
   <div class='ocr_carea' id='block_1_40' title="bbox 179 2271 1784 2346">
    <p class='ocr_par' dir='ltr' id='par_1_40' title="bbox 179 2271 1784 2346">
     <span class='ocr_line' id='line_1_40' title="bbox 179 2271 1784 2346; baseline 0.004 -20"><span class='ocrx_word' id='word_1_309' title='bbox 179 2287 287 2343; x_wconf 87' lang='lat' dir='ltr'><strong>per</strong></span> <span class='ocrx_word' id='word_1_310' title='bbox 314 2273 632 2343; x_wconf 87' lang='lat' dir='ltr'><strong>prophetam</strong></span> <span class='ocrx_word' id='word_1_311' title='bbox 665 2271 948 2342; x_wconf 88' lang='lat' dir='ltr'><strong>pollicetur</strong></span> <span class='ocrx_word' id='word_1_312' title='bbox 971 2272 1196 2328; x_wconf 90' lang='lat' dir='ltr'><strong>dicens:</strong></span> <span class='ocrx_word' id='word_1_313' title='bbox 1228 2291 1247 2324; x_wconf 73' lang='grc' dir='ltr'>ι</span> <span class='ocrx_word' id='word_1_314' title='bbox 1275 2274 1340 2328; x_wconf 83' lang='lat' dir='ltr'><strong>Et</strong></span> <span class='ocrx_word' id='word_1_315' title='bbox 1369 2276 1416 2330; x_wconf 89' lang='lat' dir='ltr'><strong>si</strong></span> <span class='ocrx_word' id='word_1_316' title='bbox 1445 2277 1784 2346; x_wconf 86' lang='lat' dir='ltr'><strong>separaveris</strong></span> 
     </span>
    </p>
   </div>
   <div class='ocr_carea' id='block_1_41' title="bbox 177 2362 1777 2436">
    <p class='ocr_par' dir='ltr' id='par_1_41' title="bbox 177 2362 1777 2436">
     <span class='ocr_line' id='line_1_41' title="bbox 177 2362 1777 2436; baseline 0.001 -20"><span class='ocrx_word' id='word_1_317' title='bbox 177 2363 486 2434; x_wconf 87' lang='lat' dir='ltr'><strong>pretiosum</strong></span> <span class='ocrx_word' id='word_1_318' title='bbox 515 2377 548 2416; x_wconf 92' lang='lat' dir='ltr'><strong>a</strong></span> <span class='ocrx_word' id='word_1_319' title='bbox 578 2362 692 2429; x_wconf 87' lang='lat' dir='ltr'><strong>vili,</strong></span> <span class='ocrx_word' id='word_1_320' title='bbox 719 2363 876 2432; x_wconf 87' lang='lat' dir='ltr'><strong>quasi</strong></span> <span class='ocrx_word' id='word_1_321' title='bbox 903 2377 966 2418; x_wconf 91' lang='lat' dir='ltr'><strong>os</strong></span> <span class='ocrx_word' id='word_1_322' title='bbox 992 2379 1172 2419; x_wconf 89' lang='lat' dir='ltr'><strong>meum</strong></span> <span class='ocrx_word' id='word_1_323' title='bbox 1202 2364 1314 2420; x_wconf 85' lang='lat' dir='ltr'><strong>eris</strong></span> <span class='ocrx_word' id='word_1_324' title='bbox 1335 2364 1470 2436; x_wconf 84' lang='lat' dir='ltr'><strong>(Jer.</strong></span> <span class='ocrx_word' id='word_1_325' title='bbox 1500 2381 1590 2430; x_wconf 88' lang='lat' dir='ltr'><strong>xv,</strong></span> <span class='ocrx_word' id='word_1_326' title='bbox 1619 2367 1730 2436; x_wconf 86' lang='lat' dir='ltr'><strong>I9).</strong></span> <span class='ocrx_word' id='word_1_327' title='bbox 1755 2383 1777 2418; x_wconf 70' lang='grc' dir='ltr'><strong><em>ι</em></strong></span> 
     </span>
    </p>
   </div>
   <div class='ocr_carea' id='block_1_42' title="bbox 183 2454 494 2524">
    <p class='ocr_par' dir='ltr' id='par_1_42' title="bbox 183 2454 494 2524">
     <span class='ocr_line' id='line_1_42' title="bbox 183 2454 494 2524; baseline -0.006 -14"><span class='ocrx_word' id='word_1_328' title='bbox 183 2454 454 2524; x_wconf 88' lang='lat' dir='ltr'><strong>Sequitur</strong></span> <span class='ocrx_word' id='word_1_329' title='bbox 480 2473 494 2508; x_wconf 92' lang='lat'><strong>:</strong></span> 
     </span>
    </p>
   </div>
   <div class='ocr_carea' id='block_1_43' title="bbox 258 2546 1782 2620">
    <p class='ocr_par' dir='ltr' id='par_1_43' title="bbox 258 2546 1782 2620">
     <span class='ocr_line' id='line_1_43' title="bbox 258 2546 1782 2620; baseline 0 -18"><span class='ocrx_word' id='word_1_330' title='bbox 258 2549 426 2603; x_wconf 69' lang='lat' dir='ltr'><strong>Vsus.</strong></span> <span class='ocrx_word' id='word_1_331' title='bbox 445 2547 538 2602; x_wconf 51' lang='lat' dir='ltr'><strong>Q6.</strong></span> <span class='ocrx_word' id='word_1_332' title='bbox 578 2546 832 2618; x_wconf 80' lang='lat' dir='ltr'><strong>Nunquid</strong></span> <span class='ocrx_word' id='word_1_333' title='bbox 865 2547 1102 2618; x_wconf 75' lang='lat' dir='ltr'><strong>impletus</strong></span> <span class='ocrx_word' id='word_1_334' title='bbox 1131 2564 1352 2618; x_wconf 65' lang='lat' dir='ltr'><strong>scaenas</strong></span> <span class='ocrx_word' id='word_1_335' title='bbox 1375 2549 1509 2619; x_wconf 81' lang='lat' dir='ltr'><strong>pelle</strong></span> <span class='ocrx_word' id='word_1_336' title='bbox 1530 2549 1665 2620; x_wconf 83' lang='lat' dir='ltr'><strong>ejus,</strong></span> <span class='ocrx_word' id='word_1_337' title='bbox 1691 2558 1782 2603; x_wconf 89' lang='lat' dir='ltr'><strong>aut</strong></span> 
     </span>
    </p>
   </div>
   <div class='ocr_carea' id='block_1_44' title="bbox 180 2639 1782 2712">
    <p class='ocr_par' dir='ltr' id='par_1_44' title="bbox 180 2639 1782 2712">
     <span class='ocr_line' id='line_1_44' title="bbox 180 2639 1782 2712; baseline 0.002 -20"><span class='ocrx_word' id='word_1_338' title='bbox 180 2641 522 2710; x_wconf 79' lang='lat' dir='ltr'><strong>gurgustium</strong></span> <span class='ocrx_word' id='word_1_339' title='bbox 550 2641 771 2711; x_wconf 80' lang='lat' dir='ltr'><strong>piscium</strong></span> <span class='ocrx_word' id='word_1_340' title='bbox 802 2640 971 2710; x_wconf 85' lang='lat' dir='ltr'><strong>capite</strong></span> <span class='ocrx_word' id='word_1_341' title='bbox 999 2639 1143 2694; x_wconf 81' lang='lat' dir='ltr'><strong>illius</strong></span> <span class='ocrx_word' id='word_1_342' title='bbox 1169 2641 1282 2694; x_wconf 84' lang='lat'><strong>?—</strong></span> <span class='ocrx_word' id='word_1_343' title='bbox 1309 2639 1451 2708; x_wconf 82' lang='lat' dir='ltr'><strong>Quid</strong></span> <span class='ocrx_word' id='word_1_344' title='bbox 1489 2655 1585 2711; x_wconf 89' lang='lat' dir='ltr'><strong>per</strong></span> <span class='ocrx_word' id='word_1_345' title='bbox 1622 2655 1782 2712; x_wconf 79' lang='lat' dir='ltr'><strong>sage-</strong></span> 
     </span>
    </p>
   </div>
   <div class='ocr_carea' id='block_1_45' title="bbox 183 2730 1780 2800">
    <p class='ocr_par' dir='ltr' id='par_1_45' title="bbox 183 2730 1780 2800">
     <span class='ocr_line' id='line_1_45' title="bbox 183 2730 1780 2800; baseline -0.001 -16"><span class='ocrx_word' id='word_1_346' title='bbox 183 2746 309 2795; x_wconf 85' lang='lat' dir='ltr'><strong>nas,</strong></span> <span class='ocrx_word' id='word_1_347' title='bbox 340 2737 434 2784; x_wconf 88' lang='lat' dir='ltr'><strong>aut</strong></span> <span class='ocrx_word' id='word_1_348' title='bbox 463 2730 802 2800; x_wconf 90' lang='lat' dir='ltr'><strong>gurgustium</strong></span> <span class='ocrx_word' id='word_1_349' title='bbox 833 2731 1082 2800; x_wconf 89' lang='lat' dir='ltr'><strong>piscium,</strong></span> <span class='ocrx_word' id='word_1_350' title='bbox 1111 2730 1215 2785; x_wconf 85' lang='lat' dir='ltr'><strong>nisi</strong></span> <span class='ocrx_word' id='word_1_351' title='bbox 1239 2730 1498 2787; x_wconf 74' lang='lat' dir='ltr'><strong>Ecclesia:</strong></span> <span class='ocrx_word' id='word_1_352' title='bbox 1523 2730 1780 2797; x_wconf 86' lang='lat' dir='ltr'><strong>ﬁdelium,</strong></span> 
     </span>
    </p>
   </div>
   <div class='ocr_carea' id='block_1_46' title="bbox 179 2819 1784 2891">
    <p class='ocr_par' dir='ltr' id='par_1_46' title="bbox 179 2819 1784 2891">
     <span class='ocr_line' id='line_1_46' title="bbox 179 2819 1784 2891; baseline 0.002 -19"><span class='ocrx_word' id='word_1_353' title='bbox 179 2836 312 2890; x_wconf 69' lang='lat' dir='ltr'><strong>qua:</strong></span> <span class='ocrx_word' id='word_1_354' title='bbox 341 2835 504 2875; x_wconf 75' lang='lat' dir='ltr'><strong>unam</strong></span> <span class='ocrx_word' id='word_1_355' title='bbox 546 2819 872 2875; x_wconf 83' lang='lat' dir='ltr'><strong>catholicam</strong></span> <span class='ocrx_word' id='word_1_356' title='bbox 912 2819 1151 2886; x_wconf 82' lang='lat' dir='ltr'><strong>faciunt,</strong></span> <span class='ocrx_word' id='word_1_357' title='bbox 1184 2820 1582 2891; x_wconf 78' lang='lat' dir='ltr'><strong>designantur?</strong></span> <span class='ocrx_word' id='word_1_358' title='bbox 1632 2819 1784 2876; x_wconf 92' lang='lat' dir='ltr'><strong>Unde</strong></span> 
     </span>
    </p>
   </div>
   <div class='ocr_carea' id='block_1_47' title="bbox 183 2912 1781 2983">
    <p class='ocr_par' dir='ltr' id='par_1_47' title="bbox 183 2912 1781 2983">
     <span class='ocr_line' id='line_1_47' title="bbox 183 2912 1781 2983; baseline 0.001 -17"><span class='ocrx_word' id='word_1_359' title='bbox 183 2912 242 2966; x_wconf 85' lang='lat' dir='ltr'><strong>in</strong></span> <span class='ocrx_word' id='word_1_360' title='bbox 292 2912 586 2982; x_wconf 84' lang='lat' dir='ltr'><strong>Evangelio</strong></span> <span class='ocrx_word' id='word_1_361' title='bbox 636 2912 901 2983; x_wconf 87' lang='lat' dir='ltr'><strong>scriptum</strong></span> <span class='ocrx_word' id='word_1_362' title='bbox 952 2921 1038 2967; x_wconf 90' lang='lat' dir='ltr'><strong>est</strong></span> <span class='ocrx_word' id='word_1_363' title='bbox 1082 2931 1094 2966; x_wconf 92' lang='lat'>:</span> <span class='ocrx_word' id='word_1_364' title='bbox 1143 2930 1162 2964; x_wconf 84' lang='grc'>‹</span> <span class='ocrx_word' id='word_1_365' title='bbox 1209 2913 1399 2968; x_wconf 92' lang='lat' dir='ltr'><strong>Simile</strong></span> <span class='ocrx_word' id='word_1_366' title='bbox 1445 2919 1532 2968; x_wconf 91' lang='lat' dir='ltr'><strong>est</strong></span> <span class='ocrx_word' id='word_1_367' title='bbox 1557 2927 1781 2983; x_wconf 92' lang='lat' dir='ltr'><strong>regnum</strong></span> 
     </span>
    </p>
   </div>
   <div class='ocr_carea' id='block_1_48' title="bbox 183 2970 1856 3074">
    <p class='ocr_par' dir='ltr' id='par_1_48' title="bbox 183 2970 1856 3074">
     <span class='ocr_line' id='line_1_48' title="bbox 183 2970 1856 3074; baseline 0.001 -16"><span class='ocrx_word' id='word_1_368' title='bbox 183 3002 454 3058; x_wconf 63' lang='lat' dir='ltr'><strong>caelorum</strong></span> <span class='ocrx_word' id='word_1_369' title='bbox 487 3018 700 3073; x_wconf 71' lang='lat' dir='ltr'><strong>sagena:</strong></span> <span class='ocrx_word' id='word_1_370' title='bbox 729 3004 910 3059; x_wconf 66' lang='lat' dir='ltr'><strong>missae</strong></span> <span class='ocrx_word' id='word_1_371' title='bbox 941 3005 995 3059; x_wconf 89' lang='lat' dir='ltr'><strong>in</strong></span> <span class='ocrx_word' id='word_1_372' title='bbox 1030 3018 1199 3071; x_wconf 87' lang='lat' dir='ltr'><strong>mare,</strong></span> <span class='ocrx_word' id='word_1_373' title='bbox 1228 3013 1284 3058; x_wconf 89' lang='lat' dir='ltr'><strong>et</strong></span> <span class='ocrx_word' id='word_1_374' title='bbox 1311 3019 1377 3059; x_wconf 87' lang='lat' dir='ltr'><strong>ex</strong></span> <span class='ocrx_word' id='word_1_375' title='bbox 1406 3003 1554 3059; x_wconf 91' lang='lat' dir='ltr'><strong>omni</strong></span> <span class='ocrx_word' id='word_1_376' title='bbox 1584 3017 1784 3074; x_wconf 80' lang='lat' dir='ltr'><strong>genere</strong></span> <span class='ocrx_word' id='word_1_377' title='bbox 1811 2970 1856 3033; x_wconf 78' lang='lat' dir='ltr'><strong><em>C</em></strong></span> 
     </span>
    </p>
   </div>
   <div class='ocr_carea' id='block_1_49' title="bbox 180 3095 1784 3167">
    <p class='ocr_par' dir='ltr' id='par_1_49' title="bbox 180 3095 1784 3167">
     <span class='ocr_line' id='line_1_49' title="bbox 180 3095 1784 3167; baseline 0.001 -19"><span class='ocrx_word' id='word_1_378' title='bbox 180 3095 420 3164; x_wconf 87' lang='lat' dir='ltr'><strong>piscium</strong></span> <span class='ocrx_word' id='word_1_379' title='bbox 448 3097 796 3166; x_wconf 81' lang='lat' dir='ltr'><strong>congreganli</strong></span> <span class='ocrx_word' id='word_1_380' title='bbox 823 3095 1038 3167; x_wconf 79' lang='lat' dir='ltr'><strong>(Matth.</strong></span> <span class='ocrx_word' id='word_1_381' title='bbox 1061 3112 1185 3162; x_wconf 86' lang='lat' dir='ltr'><strong>xm,</strong></span> <span class='ocrx_word' id='word_1_382' title='bbox 1211 3096 1324 3167; x_wconf 82' lang='grc'><strong>47).</strong></span> <span class='ocrx_word' id='word_1_383' title='bbox 1351 3115 1369 3149; x_wconf 76' lang='grc' dir='ltr'>ι</span> <span class='ocrx_word' id='word_1_384' title='bbox 1405 3096 1461 3150; x_wconf 90' lang='lat' dir='ltr'><strong>In</strong></span> <span class='ocrx_word' id='word_1_385' title='bbox 1493 3095 1632 3166; x_wconf 92' lang='lat' dir='ltr'><strong>pelle</strong></span> <span class='ocrx_word' id='word_1_386' title='bbox 1655 3109 1784 3150; x_wconf 87' lang='lat' dir='ltr'><strong>vero</strong></span> 
     </span>
    </p>
   </div>
   <div class='ocr_carea' id='block_1_50' title="bbox 184 3185 1786 3257">
    <p class='ocr_par' dir='ltr' id='par_1_50' title="bbox 184 3185 1786 3257">
     <span class='ocr_line' id='line_1_50' title="bbox 184 3185 1786 3257; baseline 0.001 -18"><span class='ocrx_word' id='word_1_387' title='bbox 184 3185 468 3239; x_wconf 87' lang='lat' dir='ltr'><strong>leviathan</strong></span> <span class='ocrx_word' id='word_1_388' title='bbox 502 3186 680 3252; x_wconf 89' lang='lat' dir='ltr'><strong>istius,</strong></span> <span class='ocrx_word' id='word_1_389' title='bbox 711 3186 905 3242; x_wconf 90' lang='lat' dir='ltr'><strong>stultos</strong></span> <span class='ocrx_word' id='word_1_390' title='bbox 934 3185 1052 3255; x_wconf 84' lang='lat' dir='ltr'><strong>ejus</strong></span> <span class='ocrx_word' id='word_1_391' title='bbox 1081 3187 1348 3257; x_wconf 90' lang='lat' dir='ltr'><strong>corporis,</strong></span> <span class='ocrx_word' id='word_1_392' title='bbox 1393 3187 1447 3241; x_wconf 92' lang='lat' dir='ltr'><strong>in</strong></span> <span class='ocrx_word' id='word_1_393' title='bbox 1487 3185 1665 3256; x_wconf 89' lang='lat' dir='ltr'><strong>capite</strong></span> <span class='ocrx_word' id='word_1_394' title='bbox 1689 3201 1786 3241; x_wconf 88' lang='lat' dir='ltr'><strong>au-</strong></span> 
     </span>
    </p>
   </div>
   <div class='ocr_carea' id='block_1_51' title="bbox 185 3277 1786 3351">
    <p class='ocr_par' dir='ltr' id='par_1_51' title="bbox 185 3277 1786 3351">
     <span class='ocr_line' id='line_1_51' title="bbox 185 3277 1786 3351; baseline 0.001 -20"><span class='ocrx_word' id='word_1_395' title='bbox 185 3284 305 3331; x_wconf 86' lang='lat' dir='ltr'><strong>tem</strong></span> <span class='ocrx_word' id='word_1_396' title='bbox 343 3277 638 3347; x_wconf 70' lang='lat' dir='ltr'><strong>prodeuntes</strong></span> <span class='ocrx_word' id='word_1_397' title='bbox 671 3279 990 3347; x_wconf 91' lang='lat' dir='ltr'><strong>accipimus.</strong></span> <span class='ocrx_word' id='word_1_398' title='bbox 1039 3278 1136 3335; x_wconf 85' lang='lat' dir='ltr'><strong>Vel</strong></span> <span class='ocrx_word' id='word_1_399' title='bbox 1174 3288 1322 3336; x_wconf 89' lang='lat' dir='ltr'><strong>certe</strong></span> <span class='ocrx_word' id='word_1_400' title='bbox 1363 3280 1502 3351; x_wconf 88' lang='lat' dir='ltr'><strong>pelle</strong></span> <span class='ocrx_word' id='word_1_401' title='bbox 1541 3294 1662 3349; x_wconf 71' lang='lat' dir='ltr'><strong>quae</strong></span> <span class='ocrx_word' id='word_1_402' title='bbox 1701 3284 1786 3333; x_wconf 91' lang='lat' dir='ltr'><strong>est</strong></span> 
     </span>
    </p>
   </div>
   <div class='ocr_carea' id='block_1_52' title="bbox 185 3367 1786 3438">
    <p class='ocr_par' dir='ltr' id='par_1_52' title="bbox 185 3367 1786 3438">
     <span class='ocr_line' id='line_1_52' title="bbox 185 3367 1786 3438; baseline 0.001 -17"><span class='ocrx_word' id='word_1_403' title='bbox 185 3367 464 3436; x_wconf 88' lang='lat' dir='ltr'><strong>exterius,</strong></span> <span class='ocrx_word' id='word_1_404' title='bbox 489 3368 690 3423; x_wconf 88' lang='lat' dir='ltr'><strong>subditi</strong></span> <span class='ocrx_word' id='word_1_405' title='bbox 719 3368 786 3422; x_wconf 90' lang='lat' dir='ltr'><strong>ad</strong></span> <span class='ocrx_word' id='word_1_406' title='bbox 820 3369 935 3424; x_wconf 68' lang='lat' dir='ltr'><strong>haec</strong></span> <span class='ocrx_word' id='word_1_407' title='bbox 965 3377 1207 3424; x_wconf 88' lang='lat' dir='ltr'><strong>extrema</strong></span> <span class='ocrx_word' id='word_1_408' title='bbox 1239 3369 1537 3424; x_wconf 83' lang='lat' dir='ltr'><strong>servientes</strong></span> <span class='ocrx_word' id='word_1_409' title='bbox 1557 3409 1572 3434; x_wconf 92' lang='lat'><strong>,</strong></span> <span class='ocrx_word' id='word_1_410' title='bbox 1609 3367 1786 3438; x_wconf 85' lang='lat' dir='ltr'><strong>capite</strong></span> 
     </span>
    </p>
   </div>
   <div class='ocr_carea' id='block_1_53' title="bbox 181 3457 1785 3529">
    <p class='ocr_par' dir='ltr' id='par_1_53' title="bbox 181 3457 1785 3529">
     <span class='ocr_line' id='line_1_53' title="bbox 181 3457 1785 3529; baseline 0.001 -19"><span class='ocrx_word' id='word_1_411' title='bbox 181 3466 379 3511; x_wconf 73' lang='lat' dir='ltr'><strong>autem</strong></span> <span class='ocrx_word' id='word_1_412' title='bbox 431 3457 706 3527; x_wconf 54' lang='lat' dir='ltr'><strong>praepositi</strong></span> <span class='ocrx_word' id='word_1_413' title='bbox 757 3457 1129 3529; x_wconf 85' lang='lat' dir='ltr'><strong>designantur.</strong></span> <span class='ocrx_word' id='word_1_414' title='bbox 1194 3457 1354 3513; x_wconf 83' lang='lat' dir='ltr'><strong>Prius</strong></span> <span class='ocrx_word' id='word_1_415' title='bbox 1404 3458 1588 3528; x_wconf 89' lang='lat' dir='ltr'><strong>itaque</strong></span> <span class='ocrx_word' id='word_1_416' title='bbox 1643 3457 1785 3512; x_wconf 88' lang='lat' dir='ltr'><strong>intra</strong></span> 
     </span>
    </p>
   </div>
   <div class='ocr_carea' id='block_1_54' title="bbox 186 3546 1783 3617">
    <p class='ocr_par' dir='ltr' id='par_1_54' title="bbox 186 3546 1783 3617">
     <span class='ocr_line' id='line_1_54' title="bbox 186 3546 1783 3617; baseline -0.001 -16"><span class='ocrx_word' id='word_1_417' title='bbox 186 3555 446 3602; x_wconf 83' lang='lat' dir='ltr'><strong>sanctam</strong></span> <span class='ocrx_word' id='word_1_418' title='bbox 477 3546 776 3602; x_wconf 85' lang='lat' dir='ltr'><strong>Ecclesiam</strong></span> <span class='ocrx_word' id='word_1_419' title='bbox 829 3546 1065 3602; x_wconf 89' lang='lat' dir='ltr'><strong>ﬁdelium</strong></span> <span class='ocrx_word' id='word_1_420' title='bbox 1114 3547 1268 3616; x_wconf 89' lang='lat' dir='ltr'><strong>quasi</strong></span> <span class='ocrx_word' id='word_1_421' title='bbox 1316 3547 1514 3617; x_wconf 89' lang='lat' dir='ltr'><strong>pellem</strong></span> <span class='ocrx_word' id='word_1_422' title='bbox 1561 3546 1783 3611; x_wconf 90' lang='lat' dir='ltr'><strong>diaboli,</strong></span> 
     </span>
    </p>
   </div>
   <div class='ocr_carea' id='block_1_55' title="bbox 165 3619 1784 3706">
    <p class='ocr_par' dir='ltr' id='par_1_55' title="bbox 165 3619 1784 3706">
     <span class='ocr_line' id='line_1_55' title="bbox 165 3619 1784 3706; baseline 0 -16"><span class='ocrx_word' id='word_1_423' title='bbox 165 3619 474 3691; x_wconf 58' lang='lat' dir='ltr'><strong>lextremos</strong></span> <span class='ocrx_word' id='word_1_424' title='bbox 520 3647 683 3706; x_wconf 90' lang='lat' dir='ltr'><strong>atque</strong></span> <span class='ocrx_word' id='word_1_425' title='bbox 733 3636 1016 3702; x_wconf 88' lang='lat' dir='ltr'><strong>inﬁrmos,</strong></span> <span class='ocrx_word' id='word_1_426' title='bbox 1073 3636 1124 3691; x_wconf 90' lang='lat' dir='ltr'><strong>id</strong></span> <span class='ocrx_word' id='word_1_427' title='bbox 1172 3644 1276 3702; x_wconf 89' lang='lat' dir='ltr'><strong>est,</strong></span> <span class='ocrx_word' id='word_1_428' title='bbox 1311 3636 1556 3692; x_wconf 89' lang='lat' dir='ltr'><strong>indoctos</strong></span> <span class='ocrx_word' id='word_1_429' title='bbox 1607 3637 1784 3706; x_wconf 79' lang='lat' dir='ltr'><strong>pisca-</strong></span> 
     </span>
    </p>
   </div>
   <div class='ocr_carea' id='block_1_56' title="bbox 173 3725 1786 3797">
    <p class='ocr_par' dir='ltr' id='par_1_56' title="bbox 173 3725 1786 3797">
     <span class='ocr_line' id='line_1_56' title="bbox 173 3725 1786 3797; baseline 0 -17"><span class='ocrx_word' id='word_1_430' title='bbox 173 3735 348 3781; x_wconf 76' lang='lat' dir='ltr'><strong>tores</strong></span> <span class='ocrx_word' id='word_1_431' title='bbox 387 3725 631 3797; x_wconf 86' lang='lat' dir='ltr'><strong>colligit,</strong></span> <span class='ocrx_word' id='word_1_432' title='bbox 681 3726 1132 3796; x_wconf 40' lang='lat' dir='ltr'><strong>et&#39;postmodum</strong></span> <span class='ocrx_word' id='word_1_433' title='bbox 1161 3733 1325 3794; x_wconf 89' lang='lat' dir='ltr'><strong>caput</strong></span> <span class='ocrx_word' id='word_1_434' title='bbox 1369 3725 1535 3791; x_wconf 91' lang='lat' dir='ltr'><strong>illius,</strong></span> <span class='ocrx_word' id='word_1_435' title='bbox 1584 3725 1636 3778; x_wconf 90' lang='lat' dir='ltr'><strong>id</strong></span> <span class='ocrx_word' id='word_1_436' title='bbox 1683 3735 1786 3791; x_wconf 89' lang='lat' dir='ltr'><strong>est,</strong></span> 
     </span>
    </p>
   </div>
   <div class='ocr_carea' id='block_1_57' title="bbox 184 3815 1786 3887">
    <p class='ocr_par' dir='ltr' id='par_1_57' title="bbox 184 3815 1786 3887">
     <span class='ocr_line' id='line_1_57' title="bbox 184 3815 1786 3887; baseline -0.001 -17"><span class='ocrx_word' id='word_1_437' title='bbox 184 3815 548 3887; x_wconf 80' lang='lat' dir='ltr'><strong>philosophos</strong></span> <span class='ocrx_word' id='word_1_438' title='bbox 577 3824 630 3871; x_wconf 88' lang='lat' dir='ltr'><strong>et</strong></span> <span class='ocrx_word' id='word_1_439' title='bbox 656 3816 954 3886; x_wconf 88' lang='lat' dir='ltr'><strong>prudentes</strong></span> <span class='ocrx_word' id='word_1_440' title='bbox 995 3815 1098 3870; x_wconf 85' lang='lat' dir='ltr'><strong>sibi</strong></span> <span class='ocrx_word' id='word_1_441' title='bbox 1137 3815 1483 3871; x_wconf 86' lang='lat' dir='ltr'><strong>adversarios</strong></span> <span class='ocrx_word' id='word_1_442' title='bbox 1527 3815 1786 3870; x_wconf 87' lang='lat' dir='ltr'><strong>subdidit.</strong></span> 
     </span>
    </p>
   </div>
   <div class='ocr_carea' id='block_1_58' title="bbox 187 3905 500 3975">
    <p class='ocr_par' dir='ltr' id='par_1_58' title="bbox 187 3905 500 3975">
     <span class='ocr_line' id='line_1_58' title="bbox 187 3905 500 3975; baseline -0.003 -14"><span class='ocrx_word' id='word_1_443' title='bbox 187 3905 460 3975; x_wconf 72' lang='lat' dir='ltr'><strong>Sequitur</strong></span> <span class='ocrx_word' id='word_1_444' title='bbox 484 3922 500 3960; x_wconf 88' lang='lat'><strong><em>:</em></strong></span> 
     </span>
    </p>
   </div>
   <div class='ocr_carea' id='block_1_59' title="bbox 170 3993 1791 4064">
    <p class='ocr_par' dir='ltr' id='par_1_59' title="bbox 170 3993 1791 4064">
     <span class='ocr_line' id='line_1_59' title="bbox 170 3993 1791 4064; baseline 0.001 -16"><span class='ocrx_word' id='word_1_445' title='bbox 170 4021 179 4030; x_wconf 88' lang='lat'><strong>-</strong></span> <span class='ocrx_word' id='word_1_446' title='bbox 268 3993 435 4051; x_wconf 68' lang='lat' dir='ltr'><strong>Vsus.</strong></span> <span class='ocrx_word' id='word_1_447' title='bbox 464 3995 554 4049; x_wconf 77' lang='grc'><strong>27.</strong></span> <span class='ocrx_word' id='word_1_448' title='bbox 596 3993 746 4050; x_wconf 83' lang='lat' dir='ltr'><strong>Pone</strong></span> <span class='ocrx_word' id='word_1_449' title='bbox 778 4010 938 4064; x_wconf 80' lang='lat' dir='ltr'><strong>super</strong></span> <span class='ocrx_word' id='word_1_450' title='bbox 990 4011 1107 4049; x_wconf 90' lang='lat' dir='ltr'><strong>eum</strong></span> <span class='ocrx_word' id='word_1_451' title='bbox 1149 4010 1365 4049; x_wconf 86' lang='lat' dir='ltr'><strong>manum</strong></span> <span class='ocrx_word' id='word_1_452' title='bbox 1406 4001 1574 4049; x_wconf 85' lang='lat' dir='ltr'><strong>tuam.</strong></span> <span class='ocrx_word' id='word_1_453' title='bbox 1613 4025 1684 4036; x_wconf 89' lang='lat'><strong>--</strong></span> <span class='ocrx_word' id='word_1_454' title='bbox 1731 3993 1791 4050; x_wconf 87' lang='lat' dir='ltr'><strong>Id</strong></span> 
     </span>
    </p>
   </div>
   <div class='ocr_carea' id='block_1_60' title="bbox 183 4082 1788 4153">
    <p class='ocr_par' dir='ltr' id='par_1_60' title="bbox 183 4082 1788 4153">
     <span class='ocr_line' id='line_1_60' title="bbox 183 4082 1788 4153; baseline -0.001 -14"><span class='ocrx_word' id='word_1_455' title='bbox 183 4092 317 4150; x_wconf 86' lang='lat' dir='ltr'><strong>est,</strong></span> <span class='ocrx_word' id='word_1_456' title='bbox 349 4091 411 4138; x_wconf 91' lang='lat' dir='ltr'><strong>ut</strong></span> <span class='ocrx_word' id='word_1_457' title='bbox 438 4098 561 4153; x_wconf 84' lang='lat' dir='ltr'><strong>ego,</strong></span> <span class='ocrx_word' id='word_1_458' title='bbox 591 4083 682 4152; x_wconf 91' lang='lat' dir='ltr'><strong>qui</strong></span> <span class='ocrx_word' id='word_1_459' title='bbox 715 4082 844 4138; x_wconf 81' lang='lat' dir='ltr'><strong>forti</strong></span> <span class='ocrx_word' id='word_1_460' title='bbox 875 4082 1024 4137; x_wconf 91' lang='lat' dir='ltr'><strong>illum</strong></span> <span class='ocrx_word' id='word_1_461' title='bbox 1056 4084 1294 4152; x_wconf 91' lang='lat' dir='ltr'><strong>potentia</strong></span> <span class='ocrx_word' id='word_1_462' title='bbox 1327 4084 1654 4153; x_wconf 88' lang='lat' dir='ltr'><strong>reprimens,</strong></span> <span class='ocrx_word' id='word_1_463' title='bbox 1682 4097 1788 4138; x_wconf 93' lang='lat' dir='ltr'><strong>non</strong></span> 
     </span>
    </p>
   </div>
   <div class='ocr_carea' id='block_1_61' title="bbox 183 4172 1792 4244">
    <p class='ocr_par' dir='ltr' id='par_1_61' title="bbox 183 4172 1792 4244">
     <span class='ocr_line' id='line_1_61' title="bbox 183 4172 1792 4244; baseline 0.001 -17"><span class='ocrx_word' id='word_1_464' title='bbox 183 4173 486 4243; x_wconf 87' lang='lat' dir='ltr'><strong>plusquam</strong></span> <span class='ocrx_word' id='word_1_465' title='bbox 513 4173 732 4244; x_wconf 89' lang='lat' dir='ltr'><strong>expedit</strong></span> <span class='ocrx_word' id='word_1_466' title='bbox 759 4173 951 4228; x_wconf 68' lang='lat' dir='ltr'><strong>saevire</strong></span> <span class='ocrx_word' id='word_1_467' title='bbox 977 4173 1252 4243; x_wconf 88' lang='lat' dir='ltr'><strong>permitto.</strong></span> <span class='ocrx_word' id='word_1_468' title='bbox 1303 4172 1402 4227; x_wconf 76' lang='lat' dir='ltr'><strong>Vel</strong></span> <span class='ocrx_word' id='word_1_469' title='bbox 1440 4183 1591 4228; x_wconf 89' lang='lat' dir='ltr'><strong>certe</strong></span> <span class='ocrx_word' id='word_1_470' title='bbox 1628 4187 1792 4243; x_wconf 89' lang='lat' dir='ltr'><strong>super</strong></span> 
     </span>
    </p>
   </div>
   <div class='ocr_carea' id='block_1_62' title="bbox 185 4263 1787 4334">
    <p class='ocr_par' dir='ltr' id='par_1_62' title="bbox 185 4263 1787 4334">
     <span class='ocr_line' id='line_1_62' title="bbox 185 4263 1787 4334; baseline 0.001 -17"><span class='ocrx_word' id='word_1_471' title='bbox 185 4279 325 4318; x_wconf 89' lang='lat' dir='ltr'><strong>eum</strong></span> <span class='ocrx_word' id='word_1_472' title='bbox 355 4278 574 4318; x_wconf 89' lang='lat' dir='ltr'><strong>manum</strong></span> <span class='ocrx_word' id='word_1_473' title='bbox 601 4278 805 4333; x_wconf 90' lang='lat' dir='ltr'><strong>ponere</strong></span> <span class='ocrx_word' id='word_1_474' title='bbox 832 4272 940 4330; x_wconf 90' lang='lat' dir='ltr'><strong>est,</strong></span> <span class='ocrx_word' id='word_1_475' title='bbox 966 4263 1186 4318; x_wconf 89' lang='lat' dir='ltr'><strong>virtutis</strong></span> <span class='ocrx_word' id='word_1_476' title='bbox 1209 4271 1478 4332; x_wconf 89' lang='lat' dir='ltr'><strong>potestate</strong></span> <span class='ocrx_word' id='word_1_477' title='bbox 1507 4278 1787 4334; x_wconf 86' lang='lat' dir='ltr'><strong>superare.</strong></span> 
     </span>
    </p>
   </div>
   <div class='ocr_carea' id='block_1_63' title="bbox 187 4352 1792 4424">
    <p class='ocr_par' dir='ltr' id='par_1_63' title="bbox 187 4352 1792 4424">
     <span class='ocr_line' id='line_1_63' title="bbox 187 4352 1792 4424; baseline 0.002 -16"><span class='ocrx_word' id='word_1_478' title='bbox 187 4354 456 4423; x_wconf 82' lang='lat' dir='ltr'><strong>Sequitur</strong></span> <span class='ocrx_word' id='word_1_479' title='bbox 481 4371 496 4408; x_wconf 91' lang='lat'><strong>:</strong></span> <span class='ocrx_word' id='word_1_480' title='bbox 532 4352 794 4410; x_wconf 83' lang='lat' dir='ltr'><strong>Memento</strong></span> <span class='ocrx_word' id='word_1_481' title='bbox 823 4353 944 4410; x_wconf 84' lang='lat' dir='ltr'><strong>belli</strong></span> <span class='ocrx_word' id='word_1_482' title='bbox 970 4369 1063 4408; x_wconf 84' lang='lat' dir='ltr'><strong>nec</strong></span> <span class='ocrx_word' id='word_1_483' title='bbox 1089 4353 1228 4408; x_wconf 88' lang='lat' dir='ltr'><strong>ultra</strong></span> <span class='ocrx_word' id='word_1_484' title='bbox 1252 4355 1419 4409; x_wconf 87' lang='lat' dir='ltr'><strong>addas</strong></span> <span class='ocrx_word' id='word_1_485' title='bbox 1445 4354 1692 4424; x_wconf 87' lang='lat' dir='ltr'><strong>loqui.—</strong></span> <span class='ocrx_word' id='word_1_486' title='bbox 1713 4356 1792 4411; x_wconf 85' lang='lat' dir='ltr'><strong>Ac</strong></span> 
     </span>
    </p>
   </div>
   <div class='ocr_carea' id='block_1_64' title="bbox 187 4442 1788 4514">
    <p class='ocr_par' dir='ltr' id='par_1_64' title="bbox 187 4442 1788 4514">
     <span class='ocr_line' id='line_1_64' title="bbox 187 4442 1788 4514; baseline -0.001 -14"><span class='ocrx_word' id='word_1_487' title='bbox 187 4445 240 4500; x_wconf 84' lang='lat' dir='ltr'><strong>si</strong></span> <span class='ocrx_word' id='word_1_488' title='bbox 277 4451 463 4514; x_wconf 88' lang='lat' dir='ltr'><strong>aperte</strong></span> <span class='ocrx_word' id='word_1_489' title='bbox 490 4442 767 4499; x_wconf 88' lang='lat' dir='ltr'><strong>diceretur</strong></span> <span class='ocrx_word' id='word_1_490' title='bbox 793 4460 806 4497; x_wconf 90' lang='lat'><strong>:</strong></span> <span class='ocrx_word' id='word_1_491' title='bbox 841 4443 900 4500; x_wconf 90' lang='lat' dir='ltr'><strong>Si</strong></span> <span class='ocrx_word' id='word_1_492' title='bbox 932 4443 1129 4500; x_wconf 91' lang='lat' dir='ltr'><strong>occulti</strong></span> <span class='ocrx_word' id='word_1_493' title='bbox 1160 4444 1333 4500; x_wconf 88' lang='lat' dir='ltr'><strong>hostis</strong></span> <span class='ocrx_word' id='word_1_494' title='bbox 1359 4452 1552 4500; x_wconf 85' lang='lat' dir='ltr'><strong>contra</strong></span> <span class='ocrx_word' id='word_1_495' title='bbox 1587 4453 1641 4499; x_wconf 91' lang='lat' dir='ltr'><strong>te</strong></span> <span class='ocrx_word' id='word_1_496' title='bbox 1671 4443 1788 4500; x_wconf 83' lang='lat' dir='ltr'><strong>bel-</strong></span> 
     </span>
    </p>
   </div>
   <div class='ocr_carea' id='block_1_65' title="bbox 169 4532 1787 4604">
    <p class='ocr_par' dir='ltr' id='par_1_65' title="bbox 169 4532 1787 4604">
     <span class='ocr_line' id='line_1_65' title="bbox 169 4532 1787 4604; baseline 0.002 -17"><span class='ocrx_word' id='word_1_497' title='bbox 169 4532 311 4588; x_wconf 85' lang='lat' dir='ltr'><strong>-lum</strong></span> <span class='ocrx_word' id='word_1_498' title='bbox 341 4533 680 4600; x_wconf 89' lang='lat' dir='ltr'><strong>consideras,</strong></span> <span class='ocrx_word' id='word_1_499' title='bbox 710 4533 972 4604; x_wconf 89' lang='lat' dir='ltr'><strong>quidquid</strong></span> <span class='ocrx_word' id='word_1_500' title='bbox 999 4549 1031 4588; x_wconf 91' lang='lat' dir='ltr'><strong>a</strong></span> <span class='ocrx_word' id='word_1_501' title='bbox 1059 4547 1145 4589; x_wconf 90' lang='lat' dir='ltr'><strong>me</strong></span> <span class='ocrx_word' id='word_1_502' title='bbox 1171 4533 1376 4604; x_wconf 88' lang='lat' dir='ltr'><strong>pateris</strong></span> <span class='ocrx_word' id='word_1_503' title='bbox 1403 4548 1509 4589; x_wconf 91' lang='lat' dir='ltr'><strong>non</strong></span> <span class='ocrx_word' id='word_1_504' title='bbox 1541 4547 1787 4591; x_wconf 87' lang='lat' dir='ltr'><strong>accusas.</strong></span> 
     </span>
    </p>
   </div>
   <div class='ocr_carea' id='block_1_66' title="bbox 187 4623 1788 4696">
    <p class='ocr_par' dir='ltr' id='par_1_66' title="bbox 187 4623 1788 4696">
     <span class='ocr_line' id='line_1_66' title="bbox 187 4623 1788 4696; baseline 0.001 -18"><span class='ocrx_word' id='word_1_505' title='bbox 187 4623 320 4678; x_wconf 83' lang='lat' dir='ltr'><strong>Alta</strong></span> <span class='ocrx_word' id='word_1_506' title='bbox 349 4625 548 4694; x_wconf 90' lang='lat' dir='ltr'><strong>quippe</strong></span> <span class='ocrx_word' id='word_1_507' title='bbox 577 4623 908 4694; x_wconf 90' lang='lat' dir='ltr'><strong>dispensatio</strong></span> <span class='ocrx_word' id='word_1_508' title='bbox 930 4624 1262 4694; x_wconf 76' lang='lat' dir='ltr'><strong>iudiciorum</strong></span> <span class='ocrx_word' id='word_1_509' title='bbox 1290 4624 1384 4679; x_wconf 92' lang='lat' dir='ltr'><strong>Dei</strong></span> <span class='ocrx_word' id='word_1_510' title='bbox 1414 4623 1622 4680; x_wconf 90' lang='lat' dir='ltr'><strong>idcirco</strong></span> <span class='ocrx_word' id='word_1_511' title='bbox 1645 4639 1788 4696; x_wconf 59' lang='lat' dir='ltr'><strong>saepe</strong></span> 
     </span>
    </p>
   </div>
   <div class='ocr_carea' id='block_1_67' title="bbox 185 4714 1790 4787">
    <p class='ocr_par' dir='ltr' id='par_1_67' title="bbox 185 4714 1790 4787">
     <span class='ocr_line' id='line_1_67' title="bbox 185 4714 1790 4787; baseline 0 -16"><span class='ocrx_word' id='word_1_512' title='bbox 185 4716 336 4771; x_wconf 82' lang='lat' dir='ltr'><strong>bene</strong></span> <span class='ocrx_word' id='word_1_513' title='bbox 360 4723 634 4770; x_wconf 88' lang='lat' dir='ltr'><strong>merentes</strong></span> <span class='ocrx_word' id='word_1_514' title='bbox 660 4714 888 4771; x_wconf 81' lang='lat' dir='ltr'><strong>famulos</strong></span> <span class='ocrx_word' id='word_1_515' title='bbox 911 4715 995 4770; x_wconf 89' lang='lat' dir='ltr'><strong>vel</strong></span> <span class='ocrx_word' id='word_1_516' title='bbox 1022 4715 1185 4770; x_wconf 89' lang='lat' dir='ltr'><strong>minis</strong></span> <span class='ocrx_word' id='word_1_517' title='bbox 1205 4714 1438 4787; x_wconf 89' lang='lat' dir='ltr'><strong>impetit,</strong></span> <span class='ocrx_word' id='word_1_518' title='bbox 1459 4715 1544 4771; x_wconf 86' lang='lat' dir='ltr'><strong>vel</strong></span> <span class='ocrx_word' id='word_1_519' title='bbox 1565 4714 1790 4787; x_wconf 81' lang='lat' dir='ltr'><strong>ﬂagellis</strong></span> 
     </span>
    </p>
   </div>
   <div class='ocr_carea' id='block_1_68' title="bbox 182 4805 1789 4877">
    <p class='ocr_par' dir='ltr' id='par_1_68' title="bbox 182 4805 1789 4877">
     <span class='ocr_line' id='line_1_68' title="bbox 182 4805 1789 4877; baseline 0.001 -18"><span class='ocrx_word' id='word_1_520' title='bbox 182 4807 426 4875; x_wconf 75' lang='lat' dir='ltr'><strong>premit,</strong></span> <span class='ocrx_word' id='word_1_521' title='bbox 456 4806 586 4876; x_wconf 87' lang='lat' dir='ltr'><strong>quia</strong></span> <span class='ocrx_word' id='word_1_522' title='bbox 618 4805 756 4861; x_wconf 90' lang='lat' dir='ltr'><strong>mira</strong></span> <span class='ocrx_word' id='word_1_523' title='bbox 785 4806 1023 4876; x_wconf 88' lang='lat' dir='ltr'><strong>potentia</strong></span> <span class='ocrx_word' id='word_1_524' title='bbox 1051 4808 1321 4877; x_wconf 74' lang='lat' dir='ltr'><strong>praevidit.</strong></span> <span class='ocrx_word' id='word_1_525' title='bbox 1363 4805 1518 4874; x_wconf 89' lang='lat' dir='ltr'><strong>Quod</strong></span> <span class='ocrx_word' id='word_1_526' title='bbox 1547 4806 1592 4862; x_wconf 93' lang='lat' dir='ltr'><strong>si</strong></span> <span class='ocrx_word' id='word_1_527' title='bbox 1621 4806 1789 4877; x_wconf 91' lang='lat' dir='ltr'><strong>quieti</strong></span> 
     </span>
    </p>
   </div>
   <div class='ocr_carea' id='block_1_69' title="bbox 187 4896 1790 4968">
    <p class='ocr_par' dir='ltr' id='par_1_69' title="bbox 187 4896 1790 4968">
     <span class='ocr_line' id='line_1_69' title="bbox 187 4896 1790 4968; baseline 0.001 -18"><span class='ocrx_word' id='word_1_528' title='bbox 187 4911 261 4951; x_wconf 87' lang='lat' dir='ltr'><strong>ac</strong></span> <span class='ocrx_word' id='word_1_529' title='bbox 313 4897 469 4952; x_wconf 79' lang='lat' dir='ltr'><strong>liberi</strong></span> <span class='ocrx_word' id='word_1_530' title='bbox 519 4897 574 4952; x_wconf 91' lang='lat' dir='ltr'><strong>in</strong></span> <span class='ocrx_word' id='word_1_531' title='bbox 609 4896 1000 4965; x_wconf 86' lang='lat' dir='ltr'><strong>tranquillitate</strong></span> <span class='ocrx_word' id='word_1_532' title='bbox 1024 4899 1413 4968; x_wconf 89' lang='lat' dir='ltr'><strong>persisterent,</strong></span> <span class='ocrx_word' id='word_1_533' title='bbox 1462 4899 1790 4954; x_wconf 89' lang='lat' dir='ltr'><strong>tentationes</strong></span> 
     </span>
    </p>
   </div>
   <div class='ocr_carea' id='block_1_70' title="bbox 185 4985 1793 5057">
    <p class='ocr_par' dir='ltr' id='par_1_70' title="bbox 185 4985 1793 5057">
     <span class='ocr_line' id='line_1_70' title="bbox 185 4985 1793 5057; baseline 0 -18"><span class='ocrx_word' id='word_1_534' title='bbox 185 4985 347 5040; x_wconf 83' lang='lat' dir='ltr'><strong>ferre</strong></span> <span class='ocrx_word' id='word_1_535' title='bbox 370 4988 665 5042; x_wconf 87' lang='lat' dir='ltr'><strong>adversarii</strong></span> <span class='ocrx_word' id='word_1_536' title='bbox 693 5000 806 5040; x_wconf 92' lang='lat' dir='ltr'><strong>non</strong></span> <span class='ocrx_word' id='word_1_537' title='bbox 829 4986 1091 5054; x_wconf 88' lang='lat' dir='ltr'><strong>valentes,</strong></span> <span class='ocrx_word' id='word_1_538' title='bbox 1113 4996 1297 5044; x_wconf 90' lang='lat' dir='ltr'><strong>mente</strong></span> <span class='ocrx_word' id='word_1_539' title='bbox 1318 4988 1577 5057; x_wconf 88' lang='lat' dir='ltr'><strong>prostrati</strong></span> <span class='ocrx_word' id='word_1_540' title='bbox 1608 4987 1793 5044; x_wconf 84' lang='lat' dir='ltr'><strong>vulne-</strong></span> 
     </span>
    </p>
   </div>
   <div class='ocr_carea' id='block_1_71' title="bbox 182 5078 971 5150">
    <p class='ocr_par' dir='ltr' id='par_1_71' title="bbox 182 5078 971 5150">
     <span class='ocr_line' id='line_1_71' title="bbox 182 5078 971 5150; baseline 0.003 -16"><span class='ocrx_word' id='word_1_541' title='bbox 182 5080 354 5135; x_wconf 87' lang='lat' dir='ltr'><strong>ribus</strong></span> <span class='ocrx_word' id='word_1_542' title='bbox 376 5078 637 5150; x_wconf 71' lang='lat' dir='ltr'><strong>iacerent.</strong></span> <span class='ocrx_word' id='word_1_543' title='bbox 671 5079 934 5148; x_wconf 90' lang='lat' dir='ltr'><strong>Sequitur</strong></span> <span class='ocrx_word' id='word_1_544' title='bbox 958 5099 971 5136; x_wconf 91' lang='lat'><strong>:</strong></span> 
     </span>
    </p>
   </div>
   <div class='ocr_carea' id='block_1_72' title="bbox 271 5167 1791 5261">
    <p class='ocr_par' dir='ltr' id='par_1_72' title="bbox 271 5167 1791 5261">
     <span class='ocr_line' id='line_1_72' title="bbox 271 5167 1791 5261; baseline -0.003 -35"><span class='ocrx_word' id='word_1_545' title='bbox 271 5171 438 5226; x_wconf 70' lang='lat' dir='ltr'><strong>Vsus.</strong></span> <span class='ocrx_word' id='word_1_546' title='bbox 464 5172 554 5227; x_wconf 75' lang='lat'><strong>28.</strong></span> <span class='ocrx_word' id='word_1_547' title='bbox 584 5173 721 5228; x_wconf 86' lang='lat' dir='ltr'><strong>Ecce</strong></span> <span class='ocrx_word' id='word_1_548' title='bbox 746 5184 862 5240; x_wconf 80' lang='lat' dir='ltr'><strong>spes</strong></span> <span class='ocrx_word' id='word_1_549' title='bbox 891 5172 1005 5240; x_wconf 86' lang='lat' dir='ltr'><strong>ejus</strong></span> <span class='ocrx_word' id='word_1_550' title='bbox 1030 5173 1370 5243; x_wconf 81' lang='lat' dir='ltr'><strong>{rustrabitur</strong></span> <span class='ocrx_word' id='word_1_551' title='bbox 1387 5187 1607 5261; x_wconf 51' lang='lat' dir='ltr'><strong>eum..—-</strong></span> <span class='ocrx_word' id='word_1_552' title='bbox 1636 5167 1791 5236; x_wconf 91' lang='lat' dir='ltr'><strong>Quod</strong></span> 
     </span>
    </p>
   </div>
   <div class='ocr_carea' id='block_1_73' title="bbox 185 5260 1793 5330">
    <p class='ocr_par' dir='ltr' id='par_1_73' title="bbox 185 5260 1793 5330">
     <span class='ocr_line' id='line_1_73' title="bbox 185 5260 1793 5330; baseline -0.003 -11"><span class='ocrx_word' id='word_1_553' title='bbox 185 5263 285 5319; x_wconf 86' lang='lat' dir='ltr'><strong>sic</strong></span> <span class='ocrx_word' id='word_1_554' title='bbox 311 5262 378 5317; x_wconf 90' lang='lat' dir='ltr'><strong>de</strong></span> <span class='ocrx_word' id='word_1_555' title='bbox 405 5277 471 5318; x_wconf 91' lang='lat' dir='ltr'><strong>eo</strong></span> <span class='ocrx_word' id='word_1_556' title='bbox 499 5263 653 5319; x_wconf 86' lang='lat' dir='ltr'><strong>debet</strong></span> <span class='ocrx_word' id='word_1_557' title='bbox 684 5260 945 5330; x_wconf 88' lang='lat' dir='ltr'><strong>intelligi,</strong></span> <span class='ocrx_word' id='word_1_558' title='bbox 986 5272 1046 5318; x_wconf 91' lang='lat' dir='ltr'><strong>ut</strong></span> <span class='ocrx_word' id='word_1_559' title='bbox 1075 5263 1265 5320; x_wconf 76' lang='lat' dir='ltr'><strong>referri</strong></span> <span class='ocrx_word' id='word_1_560' title='bbox 1300 5263 1463 5319; x_wconf 84' lang='lat' dir='ltr'><strong>etiam</strong></span> <span class='ocrx_word' id='word_1_561' title='bbox 1495 5260 1562 5318; x_wconf 84' lang='lat' dir='ltr'><strong>ad</strong></span> <span class='ocrx_word' id='word_1_562' title='bbox 1590 5272 1793 5328; x_wconf 83' lang='lat' dir='ltr'><strong>corpus</strong></span> 
     </span>
    </p>
   </div>
   <div class='ocr_carea' id='block_1_74' title="bbox 184 5349 1790 5400">
    <p class='ocr_par' dir='ltr' id='par_1_74' title="bbox 184 5349 1790 5400">
     <span class='ocr_line' id='line_1_74' title="bbox 184 5349 1790 5400; baseline 0 0"><span class='ocrx_word' id='word_1_563' title='bbox 184 5352 352 5400; x_wconf 76' lang='lat' dir='ltr'><strong>illius</strong></span> <span class='ocrx_word' id='word_1_564' title='bbox 398 5353 596 5400; x_wconf 76' lang='lat' dir='ltr'><strong>mssit-</strong></span> <span class='ocrx_word' id='word_1_565' title='bbox 646 5352 782 5400; x_wconf 74' lang='lat' dir='ltr'><strong>mnia</strong></span> <span class='ocrx_word' id='word_1_566' title='bbox 827 5349 994 5400; x_wconf 83' lang='lat' dir='ltr'><strong>ininui</strong></span> <span class='ocrx_word' id='word_1_567' title='bbox 1041 5369 1231 5400; x_wconf 64' lang='lat' dir='ltr'><strong>omnes</strong></span> <span class='ocrx_word' id='word_1_568' title='bbox 1265 5354 1355 5400; x_wconf 83' lang='lat' dir='ltr'><strong>nni</strong></span> <span class='ocrx_word' id='word_1_569' title='bbox 1394 5353 1790 5400; x_wconf 69' lang='lat' dir='ltr'><strong>districtione&quot;)</strong></span> 
     </span>
    </p>
   </div>
   <div class='ocr_carea' id='block_1_75' title="bbox 1818 4313 1869 4372">
    <p class='ocr_par' dir='ltr' id='par_1_75' title="bbox 1818 4313 1869 4372">
     <span class='ocr_line' id='line_1_75' title="bbox 1818 4313 1869 4372; baseline 0 0"><span class='ocrx_word' id='word_1_570' title='bbox 1818 4313 1869 4372; x_wconf 90' lang='lat' dir='ltr'><strong>D</strong></span> 
     </span>
    </p>
   </div>
   <div class='ocr_carea' id='block_1_76' title="bbox 1881 1729 3469 1811">
    <p class='ocr_par' dir='ltr' id='par_1_76' title="bbox 1881 1729 3469 1811">
     <span class='ocr_line' id='line_1_76' title="bbox 1881 1729 3469 1811; baseline 0.001 -28"><span class='ocrx_word' id='word_1_571' title='bbox 1881 1729 2004 1794; x_wconf 68' lang='grc' dir='ltr'><strong>ιίω,</strong></span> <span class='ocrx_word' id='word_1_572' title='bbox 2040 1740 2094 1783; x_wconf 91' lang='lat' dir='ltr'><strong>et</strong></span> <span class='ocrx_word' id='word_1_573' title='bbox 2123 1745 2286 1784; x_wconf 92' lang='lat' dir='ltr'><strong>omne</strong></span> <span class='ocrx_word' id='word_1_574' title='bbox 2324 1730 2536 1800; x_wconf 89' lang='lat' dir='ltr'><strong>pondus</strong></span> <span class='ocrx_word' id='word_1_575' title='bbox 2565 1730 2794 1786; x_wconf 88' lang='lat' dir='ltr'><strong>rationis</strong></span> <span class='ocrx_word' id='word_1_576' title='bbox 2821 1730 3080 1811; x_wconf 62' lang='lat' dir='ltr'><strong>explevit.</strong></span> <span class='ocrx_word' id='word_1_577' title='bbox 3128 1732 3208 1788; x_wconf 83' lang='lat' dir='ltr'><strong>Ac</strong></span> <span class='ocrx_word' id='word_1_578' title='bbox 3251 1732 3296 1787; x_wconf 92' lang='lat' dir='ltr'><strong>si</strong></span> <span class='ocrx_word' id='word_1_579' title='bbox 3340 1747 3469 1803; x_wconf 85' lang='lat' dir='ltr'><strong>ergo</strong></span> 
     </span>
    </p>
   </div>
   <div class='ocr_carea' id='block_1_77' title="bbox 1879 1819 3468 1894">
    <p class='ocr_par' dir='ltr' id='par_1_77' title="bbox 1879 1819 3468 1894">
     <span class='ocr_line' id='line_1_77' title="bbox 1879 1819 3468 1894; baseline 0.003 -21"><span class='ocrx_word' id='word_1_580' title='bbox 1879 1819 2086 1874; x_wconf 87' lang='lat' dir='ltr'><strong>diceret</strong></span> <span class='ocrx_word' id='word_1_581' title='bbox 2111 1837 2126 1848; x_wconf 86' lang='grc'>·</span> <span class='ocrx_word' id='word_1_582' title='bbox 2173 1819 2287 1874; x_wconf 81' lang='lat' dir='ltr'><strong>Non</strong></span> <span class='ocrx_word' id='word_1_583' title='bbox 2323 1836 2446 1876; x_wconf 93' lang='lat' dir='ltr'><strong>cum</strong></span> <span class='ocrx_word' id='word_1_584' title='bbox 2487 1821 2642 1890; x_wconf 88' lang='lat' dir='ltr'><strong>quasi</strong></span> <span class='ocrx_word' id='word_1_585' title='bbox 2685 1822 2920 1877; x_wconf 90' lang='lat' dir='ltr'><strong>crudelis</strong></span> <span class='ocrx_word' id='word_1_586' title='bbox 2961 1823 3184 1889; x_wconf 87' lang='lat' dir='ltr'><strong>suscito,</strong></span> <span class='ocrx_word' id='word_1_587' title='bbox 3230 1823 3358 1894; x_wconf 84' lang='lat' dir='ltr'><strong>quia</strong></span> <span class='ocrx_word' id='word_1_588' title='bbox 3401 1825 3468 1879; x_wconf 87' lang='lat' dir='ltr'><strong>de</strong></span> 
     </span>
    </p>
   </div>
   <div class='ocr_carea' id='block_1_78' title="bbox 1880 1909 3471 1985">
    <p class='ocr_par' dir='ltr' id='par_1_78' title="bbox 1880 1909 3471 1985">
     <span class='ocr_line' id='line_1_78' title="bbox 1880 1909 3471 1985; baseline 0.003 -21"><span class='ocrx_word' id='word_1_589' title='bbox 1880 1910 1998 1976; x_wconf 80' lang='lat' dir='ltr'><strong>ejus</strong></span> <span class='ocrx_word' id='word_1_590' title='bbox 2045 1909 2364 1966; x_wconf 82' lang='lat' dir='ltr'><strong>fortitudine</strong></span> <span class='ocrx_word' id='word_1_591' title='bbox 2412 1911 2615 1967; x_wconf 89' lang='lat' dir='ltr'><strong>electos</strong></span> <span class='ocrx_word' id='word_1_592' title='bbox 2664 1927 2816 1968; x_wconf 89' lang='lat' dir='ltr'><strong>meos</strong></span> <span class='ocrx_word' id='word_1_593' title='bbox 2859 1923 3112 1983; x_wconf 90' lang='lat' dir='ltr'><strong>potenter</strong></span> <span class='ocrx_word' id='word_1_594' title='bbox 3155 1915 3365 1985; x_wconf 87' lang='lat' dir='ltr'><strong>eripio;</strong></span> <span class='ocrx_word' id='word_1_595' title='bbox 3415 1925 3471 1970; x_wconf 86' lang='lat' dir='ltr'><strong>et</strong></span> 
     </span>
    </p>
   </div>
   <div class='ocr_carea' id='block_1_79' title="bbox 1881 2001 3472 2073">
    <p class='ocr_par' dir='ltr' id='par_1_79' title="bbox 1881 2001 3472 2073">
     <span class='ocr_line' id='line_1_79' title="bbox 1881 2001 3472 2073; baseline 0.005 -20"><span class='ocrx_word' id='word_1_596' title='bbox 1881 2014 2100 2054; x_wconf 86' lang='lat' dir='ltr'><strong>rursum</strong></span> <span class='ocrx_word' id='word_1_597' title='bbox 2159 2001 2418 2072; x_wconf 83' lang='lat' dir='ltr'><strong>reprobus</strong></span> <span class='ocrx_word' id='word_1_598' title='bbox 2469 2018 2578 2058; x_wconf 91' lang='lat' dir='ltr'><strong>non</strong></span> <span class='ocrx_word' id='word_1_599' title='bbox 2632 2001 2863 2073; x_wconf 83' lang='lat' dir='ltr'><strong>injuste,</strong></span> <span class='ocrx_word' id='word_1_600' title='bbox 2923 2005 3019 2060; x_wconf 90' lang='lat' dir='ltr'><strong>sed</strong></span> <span class='ocrx_word' id='word_1_601' title='bbox 3070 2007 3472 2063; x_wconf 90' lang='lat' dir='ltr'><strong>rationabiliter</strong></span> 
     </span>
    </p>
   </div>
   <div class='ocr_carea' id='block_1_80' title="bbox 1881 2088 3474 2170">
    <p class='ocr_par' dir='ltr' id='par_1_80' title="bbox 1881 2088 3474 2170">
     <span class='ocr_line' id='line_1_80' title="bbox 1881 2088 3474 2170; baseline 0.008 -28"><span class='ocrx_word' id='word_1_602' title='bbox 1881 2088 2098 2154; x_wconf 90' lang='lat' dir='ltr'><strong>damno,</strong></span> <span class='ocrx_word' id='word_1_603' title='bbox 2132 2091 2183 2145; x_wconf 93' lang='lat' dir='ltr'><strong>id</strong></span> <span class='ocrx_word' id='word_1_604' title='bbox 2213 2099 2328 2157; x_wconf 91' lang='lat' dir='ltr'><strong>est,</strong></span> <span class='ocrx_word' id='word_1_605' title='bbox 2380 2100 2435 2146; x_wconf 88' lang='lat' dir='ltr'><strong>et</strong></span> <span class='ocrx_word' id='word_1_606' title='bbox 2482 2107 2578 2148; x_wconf 92' lang='lat' dir='ltr'><strong>eos</strong></span> <span class='ocrx_word' id='word_1_607' title='bbox 2621 2109 2760 2162; x_wconf 88' lang='lat' dir='ltr'><strong>quos</strong></span> <span class='ocrx_word' id='word_1_608' title='bbox 2801 2096 3034 2166; x_wconf 86' lang='lat' dir='ltr'><strong>benigne</strong></span> <span class='ocrx_word' id='word_1_609' title='bbox 3073 2097 3233 2169; x_wconf 89' lang='lat' dir='ltr'><strong>eligo,</strong></span> <span class='ocrx_word' id='word_1_610' title='bbox 3263 2099 3474 2170; x_wconf 89' lang='lat' dir='ltr'><strong>eripere</strong></span> 
     </span>
    </p>
   </div>
   <div class='ocr_carea' id='block_1_81' title="bbox 1881 2180 3474 2261">
    <p class='ocr_par' dir='ltr' id='par_1_81' title="bbox 1881 2180 3474 2261">
     <span class='ocr_line' id='line_1_81' title="bbox 1881 2180 3474 2261; baseline 0.008 -27"><span class='ocrx_word' id='word_1_611' title='bbox 1881 2180 2210 2236; x_wconf 88' lang='lat' dir='ltr'><strong>mirabiliter</strong></span> <span class='ocrx_word' id='word_1_612' title='bbox 2237 2197 2490 2251; x_wconf 90' lang='lat' dir='ltr'><strong>possum,</strong></span> <span class='ocrx_word' id='word_1_613' title='bbox 2521 2193 2578 2239; x_wconf 89' lang='lat' dir='ltr'><strong>et</strong></span> <span class='ocrx_word' id='word_1_614' title='bbox 2603 2199 2698 2240; x_wconf 92' lang='lat' dir='ltr'><strong>eos</strong></span> <span class='ocrx_word' id='word_1_615' title='bbox 2723 2200 2861 2255; x_wconf 92' lang='lat' dir='ltr'><strong>quos</strong></span> <span class='ocrx_word' id='word_1_616' title='bbox 2891 2203 3106 2258; x_wconf 88' lang='lat' dir='ltr'><strong>respuo,</strong></span> <span class='ocrx_word' id='word_1_617' title='bbox 3140 2203 3246 2244; x_wconf 92' lang='lat' dir='ltr'><strong>non</strong></span> <span class='ocrx_word' id='word_1_618' title='bbox 3274 2190 3474 2261; x_wconf 65' lang='lat' dir='ltr'><strong>injuste</strong></span> 
     </span>
    </p>
   </div>
   <div class='ocr_carea' id='block_1_82' title="bbox 1883 2267 3476 2346">
    <p class='ocr_par' dir='ltr' id='par_1_82' title="bbox 1883 2267 3476 2346">
     <span class='ocr_line' id='line_1_82' title="bbox 1883 2267 3476 2346; baseline 0.008 -23"><span class='ocrx_word' id='word_1_619' title='bbox 1883 2267 2223 2340; x_wconf 88' lang='lat' dir='ltr'><strong>derelinquo.</strong></span> <span class='ocrx_word' id='word_1_620' title='bbox 2254 2269 2425 2326; x_wconf 82' lang='lat' dir='ltr'><strong>Nemo</strong></span> <span class='ocrx_word' id='word_1_621' title='bbox 2447 2273 2646 2343; x_wconf 91' lang='lat' dir='ltr'><strong>quippe</strong></span> <span class='ocrx_word' id='word_1_622' title='bbox 2674 2282 2735 2327; x_wconf 91' lang='lat' dir='ltr'><strong>ut</strong></span> <span class='ocrx_word' id='word_1_623' title='bbox 2766 2274 2948 2330; x_wconf 88' lang='lat' dir='ltr'><strong>divina</strong></span> <span class='ocrx_word' id='word_1_624' title='bbox 2975 2275 3122 2330; x_wconf 92' lang='lat' dir='ltr'><strong>illum</strong></span> <span class='ocrx_word' id='word_1_625' title='bbox 3148 2279 3321 2346; x_wconf 88' lang='lat' dir='ltr'><strong>gratia</strong></span> <span class='ocrx_word' id='word_1_626' title='bbox 3349 2281 3476 2334; x_wconf 89' lang='lat' dir='ltr'><strong>sub-</strong></span> 
     </span>
    </p>
   </div>
   <div class='ocr_carea' id='block_1_83' title="bbox 1883 2361 3475 2440">
    <p class='ocr_par' dir='ltr' id='par_1_83' title="bbox 1883 2361 3475 2440">
     <span class='ocr_line' id='line_1_83' title="bbox 1883 2361 3475 2440; baseline 0.008 -28"><span class='ocrx_word' id='word_1_627' title='bbox 1883 2368 2143 2428; x_wconf 89' lang='lat' dir='ltr'><strong>sequatur</strong></span> <span class='ocrx_word' id='word_1_628' title='bbox 2162 2361 2313 2430; x_wconf 88' lang='lat' dir='ltr'><strong>prius</strong></span> <span class='ocrx_word' id='word_1_629' title='bbox 2335 2361 2538 2432; x_wconf 87' lang='lat' dir='ltr'><strong>aliquid</strong></span> <span class='ocrx_word' id='word_1_630' title='bbox 2560 2363 2791 2420; x_wconf 89' lang='lat' dir='ltr'><strong>contulit</strong></span> <span class='ocrx_word' id='word_1_631' title='bbox 2811 2365 2940 2420; x_wconf 88' lang='lat' dir='ltr'><strong>Deo.</strong></span> <span class='ocrx_word' id='word_1_632' title='bbox 2977 2365 3251 2436; x_wconf 89' lang='lat' dir='ltr'><strong>Scriptum</strong></span> <span class='ocrx_word' id='word_1_633' title='bbox 3274 2371 3475 2440; x_wconf 76' lang='lat' dir='ltr'><strong>quippe</strong></span> 
     </span>
    </p>
   </div>
   <div class='ocr_carea' id='block_1_84' title="bbox 1881 2443 3474 2534">
    <p class='ocr_par' dir='ltr' id='par_1_84' title="bbox 1881 2443 3474 2534">
     <span class='ocr_line' id='line_1_84' title="bbox 1881 2443 3474 2534; baseline 0.009 -32"><span class='ocrx_word' id='word_1_634' title='bbox 1881 2457 2003 2504; x_wconf 89' lang='lat' dir='ltr'><strong>est:</strong></span> <span class='ocrx_word' id='word_1_635' title='bbox 2038 2466 2056 2500; x_wconf 85' lang='grc'>‹</span> <span class='ocrx_word' id='word_1_636' title='bbox 2079 2449 2460 2534; x_wconf 47' lang='lat' dir='ltr'><strong>.Misericordia</strong></span> <span class='ocrx_word' id='word_1_637' title='bbox 2499 2455 2617 2522; x_wconf 87' lang='lat' dir='ltr'><strong>ejus</strong></span> <span class='ocrx_word' id='word_1_638' title='bbox 2657 2443 2954 2524; x_wconf 60' lang='lat' dir='ltr'><strong>praeveniet</strong></span> <span class='ocrx_word' id='word_1_639' title='bbox 2986 2471 3071 2512; x_wconf 93' lang='lat' dir='ltr'><strong>me</strong></span> <span class='ocrx_word' id='word_1_640' title='bbox 3101 2456 3276 2528; x_wconf 87' lang='lat' dir='ltr'><strong>(Psal.</strong></span> <span class='ocrx_word' id='word_1_641' title='bbox 3305 2475 3437 2516; x_wconf 81' lang='lat' dir='ltr'><strong>Lvm</strong></span> <span class='ocrx_word' id='word_1_642' title='bbox 3457 2501 3474 2521; x_wconf 89' lang='lat'><strong>.</strong></span> 
     </span>
    </p>
   </div>
   <div class='ocr_carea' id='block_1_85' title="bbox 1883 2538 3471 2619">
    <p class='ocr_par' dir='ltr' id='par_1_85' title="bbox 1883 2538 3471 2619">
     <span class='ocr_line' id='line_1_85' title="bbox 1883 2538 3471 2619; baseline 0.011 -27"><span class='ocrx_word' id='word_1_643' title='bbox 1883 2538 1995 2610; x_wconf 79' lang='lat' dir='ltr'><strong>II).</strong></span> <span class='ocrx_word' id='word_1_644' title='bbox 2019 2559 2039 2593; x_wconf 74' lang='grc' dir='ltr'><strong><em>ι</em></strong></span> <span class='ocrx_word' id='word_1_645' title='bbox 2078 2540 2146 2594; x_wconf 87' lang='grc' dir='ltr'><strong>Ει</strong></span> <span class='ocrx_word' id='word_1_646' title='bbox 2171 2540 2403 2598; x_wconf 88' lang='lat' dir='ltr'><strong>Paulus:</strong></span> <span class='ocrx_word' id='word_1_647' title='bbox 2427 2561 2446 2594; x_wconf 71' lang='grc' dir='ltr'><strong>ε</strong></span> <span class='ocrx_word' id='word_1_648' title='bbox 2466 2542 2655 2598; x_wconf 89' lang='lat' dir='ltr'><strong>Gratia</strong></span> <span class='ocrx_word' id='word_1_649' title='bbox 2684 2545 2818 2601; x_wconf 87' lang='lat' dir='ltr'><strong>salvi</strong></span> <span class='ocrx_word' id='word_1_650' title='bbox 2848 2547 2975 2602; x_wconf 80' lang='lat' dir='ltr'><strong>facti</strong></span> <span class='ocrx_word' id='word_1_651' title='bbox 3007 2549 3142 2603; x_wconf 86' lang='lat' dir='ltr'><strong>estis</strong></span> <span class='ocrx_word' id='word_1_652' title='bbox 3170 2564 3268 2619; x_wconf 83' lang='lat' dir='ltr'><strong>per</strong></span> <span class='ocrx_word' id='word_1_653' title='bbox 3293 2550 3471 2610; x_wconf 86' lang='lat' dir='ltr'><strong>ﬁdem.</strong></span> 
     </span>
    </p>
   </div>
   <div class='ocr_carea' id='block_1_86' title="bbox 1882 2631 3470 2710">
    <p class='ocr_par' dir='ltr' id='par_1_86' title="bbox 1882 2631 3470 2710">
     <span class='ocr_line' id='line_1_86' title="bbox 1882 2631 3470 2710; baseline 0.005 -24"><span class='ocrx_word' id='word_1_654' title='bbox 1882 2639 1939 2686; x_wconf 91' lang='lat' dir='ltr'><strong>et</strong></span> <span class='ocrx_word' id='word_1_655' title='bbox 1967 2631 2071 2686; x_wconf 89' lang='lat' dir='ltr'><strong>hoc</strong></span> <span class='ocrx_word' id='word_1_656' title='bbox 2097 2646 2203 2686; x_wconf 91' lang='lat' dir='ltr'><strong>non</strong></span> <span class='ocrx_word' id='word_1_657' title='bbox 2231 2648 2299 2688; x_wconf 87' lang='lat' dir='ltr'><strong>ex</strong></span> <span class='ocrx_word' id='word_1_658' title='bbox 2327 2633 2482 2703; x_wconf 88' lang='lat' dir='ltr'><strong>vobis</strong></span> <span class='ocrx_word' id='word_1_659' title='bbox 2510 2651 2522 2687; x_wconf 94' lang='lat'>:</span> <span class='ocrx_word' id='word_1_660' title='bbox 2555 2633 2652 2690; x_wconf 90' lang='lat' dir='ltr'><strong>Dei</strong></span> <span class='ocrx_word' id='word_1_661' title='bbox 2679 2635 2879 2691; x_wconf 87' lang='lat' dir='ltr'><strong>donum</strong></span> <span class='ocrx_word' id='word_1_662' title='bbox 2905 2647 2991 2692; x_wconf 91' lang='lat' dir='ltr'><strong>est</strong></span> <span class='ocrx_word' id='word_1_663' title='bbox 3012 2637 3228 2709; x_wconf 71' lang='lat' dir='ltr'><strong>(Ep/tes.</strong></span> <span class='ocrx_word' id='word_1_664' title='bbox 3259 2657 3319 2707; x_wconf 83' lang='grc' dir='ltr'><strong>ιι,</strong></span> <span class='ocrx_word' id='word_1_665' title='bbox 3344 2639 3422 2710; x_wconf 85' lang='grc'><strong>8).</strong></span> <span class='ocrx_word' id='word_1_666' title='bbox 3451 2659 3470 2693; x_wconf 72' lang='grc' dir='ltr'>ι</span> 
     </span>
    </p>
   </div>
   <div class='ocr_carea' id='block_1_87' title="bbox 1884 2721 3472 2798">
    <p class='ocr_par' dir='ltr' id='par_1_87' title="bbox 1884 2721 3472 2798">
     <span class='ocr_line' id='line_1_87' title="bbox 1884 2721 3472 2798; baseline 0.008 -23"><span class='ocrx_word' id='word_1_667' title='bbox 1884 2721 2090 2777; x_wconf 89' lang='lat' dir='ltr'><strong>Bonum</strong></span> <span class='ocrx_word' id='word_1_668' title='bbox 2121 2724 2320 2794; x_wconf 83' lang='lat' dir='ltr'><strong>quippe</strong></span> <span class='ocrx_word' id='word_1_669' title='bbox 2344 2726 2487 2795; x_wconf 85' lang='lat' dir='ltr'><strong>quod</strong></span> <span class='ocrx_word' id='word_1_670' title='bbox 2515 2727 2729 2797; x_wconf 85' lang='lat' dir='ltr'><strong>agimus</strong></span> <span class='ocrx_word' id='word_1_671' title='bbox 2768 2736 2823 2782; x_wconf 89' lang='lat' dir='ltr'><strong>et</strong></span> <span class='ocrx_word' id='word_1_672' title='bbox 2860 2728 2952 2782; x_wconf 88' lang='lat' dir='ltr'><strong>Dei</strong></span> <span class='ocrx_word' id='word_1_673' title='bbox 2991 2739 3074 2784; x_wconf 91' lang='lat' dir='ltr'><strong>est</strong></span> <span class='ocrx_word' id='word_1_674' title='bbox 3103 2739 3157 2786; x_wconf 89' lang='lat' dir='ltr'><strong>et</strong></span> <span class='ocrx_word' id='word_1_675' title='bbox 3184 2740 3432 2786; x_wconf 90' lang='lat' dir='ltr'><strong>nostrum</strong></span> <span class='ocrx_word' id='word_1_676' title='bbox 3457 2749 3472 2798; x_wconf 86' lang='lat'><strong>;</strong></span> 
     </span>
    </p>
   </div>
   <div class='ocr_carea' id='block_1_88' title="bbox 1883 2811 3473 2892">
    <p class='ocr_par' dir='ltr' id='par_1_88' title="bbox 1883 2811 3473 2892">
     <span class='ocr_line' id='line_1_88' title="bbox 1883 2811 3473 2892; baseline 0.007 -25"><span class='ocrx_word' id='word_1_677' title='bbox 1883 2811 2003 2879; x_wconf 89' lang='lat' dir='ltr'><strong>Dei,</strong></span> <span class='ocrx_word' id='word_1_678' title='bbox 2032 2829 2130 2884; x_wconf 85' lang='lat' dir='ltr'><strong>per</strong></span> <span class='ocrx_word' id='word_1_679' title='bbox 2149 2817 2567 2885; x_wconf 62' lang='lat' dir='ltr'><strong>praevenientem</strong></span> <span class='ocrx_word' id='word_1_680' title='bbox 2597 2819 2868 2889; x_wconf 88' lang='lat' dir='ltr'><strong>gratiam;</strong></span> <span class='ocrx_word' id='word_1_681' title='bbox 2897 2829 3162 2888; x_wconf 88' lang='lat' dir='ltr'><strong>nostrum,</strong></span> <span class='ocrx_word' id='word_1_682' title='bbox 3192 2837 3288 2892; x_wconf 88' lang='lat' dir='ltr'><strong>per</strong></span> <span class='ocrx_word' id='word_1_683' title='bbox 3312 2822 3473 2878; x_wconf 77' lang='lat' dir='ltr'><strong>obse-</strong></span> 
     </span>
    </p>
   </div>
   <div class='ocr_carea' id='block_1_89' title="bbox 1885 2905 3478 2980">
    <p class='ocr_par' dir='ltr' id='par_1_89' title="bbox 1885 2905 3478 2980">
     <span class='ocr_line' id='line_1_89' title="bbox 1885 2905 3478 2980; baseline 0.008 -24"><span class='ocrx_word' id='word_1_684' title='bbox 1885 2913 2141 2972; x_wconf 89' lang='lat' dir='ltr'><strong>quentem</strong></span> <span class='ocrx_word' id='word_1_685' title='bbox 2189 2905 2414 2960; x_wconf 90' lang='lat' dir='ltr'><strong>liberam</strong></span> <span class='ocrx_word' id='word_1_686' title='bbox 2465 2906 2818 2964; x_wconf 87' lang='lat' dir='ltr'><strong>voluntatem.</strong></span> <span class='ocrx_word' id='word_1_687' title='bbox 2876 2910 3220 2980; x_wconf 89' lang='lat' dir='ltr'><strong>Quapropter</strong></span> <span class='ocrx_word' id='word_1_688' title='bbox 3263 2921 3318 2967; x_wconf 92' lang='lat' dir='ltr'><strong>et</strong></span> <span class='ocrx_word' id='word_1_689' title='bbox 3364 2913 3478 2968; x_wconf 85' lang='lat' dir='ltr'><strong>Deo</strong></span> 
     </span>
    </p>
   </div>
   <div class='ocr_carea' id='block_1_90' title="bbox 1883 2995 3479 3068">
    <p class='ocr_par' dir='ltr' id='par_1_90' title="bbox 1883 2995 3479 3068">
     <span class='ocr_line' id='line_1_90' title="bbox 1883 2995 3479 3068; baseline 0.007 -20"><span class='ocrx_word' id='word_1_690' title='bbox 1883 2995 2090 3064; x_wconf 87' lang='lat' dir='ltr'><strong>gratias</strong></span> <span class='ocrx_word' id='word_1_691' title='bbox 2117 2995 2170 3050; x_wconf 88' lang='lat' dir='ltr'><strong>in</strong></span> <span class='ocrx_word' id='word_1_692' title='bbox 2200 3005 2464 3052; x_wconf 67' lang='lat' dir='ltr'><strong>aeternum</strong></span> <span class='ocrx_word' id='word_1_693' title='bbox 2493 2998 2736 3068; x_wconf 89' lang='lat' dir='ltr'><strong>agimus,</strong></span> <span class='ocrx_word' id='word_1_694' title='bbox 2773 3007 2828 3055; x_wconf 91' lang='lat' dir='ltr'><strong>et</strong></span> <span class='ocrx_word' id='word_1_695' title='bbox 2860 3008 3038 3056; x_wconf 88' lang='lat' dir='ltr'><strong>tamen</strong></span> <span class='ocrx_word' id='word_1_696' title='bbox 3070 3003 3294 3058; x_wconf 90' lang='lat' dir='ltr'><strong>retribui</strong></span> <span class='ocrx_word' id='word_1_697' title='bbox 3321 3003 3479 3060; x_wconf 90' lang='lat' dir='ltr'><strong>nobis</strong></span> 
     </span>
    </p>
   </div>
   <div class='ocr_carea' id='block_1_91' title="bbox 1885 3085 3479 3162">
    <p class='ocr_par' dir='ltr' id='par_1_91' title="bbox 1885 3085 3479 3162">
     <span class='ocr_line' id='line_1_91' title="bbox 1885 3085 3479 3162; baseline 0.005 -21"><span class='ocrx_word' id='word_1_698' title='bbox 1885 3085 2110 3156; x_wconf 74' lang='lat' dir='ltr'><strong>prtemia</strong></span> <span class='ocrx_word' id='word_1_699' title='bbox 2141 3101 2446 3157; x_wconf 90' lang='lat' dir='ltr'><strong>speramus.</strong></span> <span class='ocrx_word' id='word_1_700' title='bbox 2496 3088 2794 3160; x_wconf 89' lang='lat' dir='ltr'><strong>Sequitur:</strong></span> <span class='ocrx_word' id='word_1_701' title='bbox 2831 3089 3023 3145; x_wconf 83' lang='lat' dir='ltr'><strong>Omnia</strong></span> <span class='ocrx_word' id='word_1_702' title='bbox 3059 3108 3180 3162; x_wconf 62' lang='lat' dir='ltr'><strong>quia</strong></span> <span class='ocrx_word' id='word_1_703' title='bbox 3216 3094 3310 3147; x_wconf 85' lang='lat' dir='ltr'><strong>sub</strong></span> <span class='ocrx_word' id='word_1_704' title='bbox 3350 3094 3479 3149; x_wconf 67' lang='lat' dir='ltr'><strong>caelo</strong></span> 
     </span>
    </p>
   </div>
   <div class='ocr_carea' id='block_1_92' title="bbox 1885 3179 3478 3251">
    <p class='ocr_par' dir='ltr' id='par_1_92' title="bbox 1885 3179 3478 3251">
     <span class='ocr_line' id='line_1_92' title="bbox 1885 3179 3478 3251; baseline 0.005 -23"><span class='ocrx_word' id='word_1_705' title='bbox 1885 3184 2036 3241; x_wconf 81' lang='lat' dir='ltr'><strong>sunt,</strong></span> <span class='ocrx_word' id='word_1_706' title='bbox 2072 3191 2189 3231; x_wconf 85' lang='lat' dir='ltr'><strong>mea</strong></span> <span class='ocrx_word' id='word_1_707' title='bbox 2228 3187 2370 3232; x_wconf 78' lang='lat' dir='ltr'><strong>sunt.</strong></span> <span class='ocrx_word' id='word_1_708' title='bbox 2395 3209 2465 3218; x_wconf 97' lang='lat'><strong>—</strong></span> <span class='ocrx_word' id='word_1_709' title='bbox 2491 3179 2759 3235; x_wconf 89' lang='lat' dir='ltr'><strong>Omnibus</strong></span> <span class='ocrx_word' id='word_1_710' title='bbox 2786 3179 2957 3251; x_wconf 93' lang='lat' dir='ltr'><strong>liquet</strong></span> <span class='ocrx_word' id='word_1_711' title='bbox 2987 3184 3130 3251; x_wconf 92' lang='lat' dir='ltr'><strong>quod</strong></span> <span class='ocrx_word' id='word_1_712' title='bbox 3161 3197 3268 3237; x_wconf 91' lang='lat' dir='ltr'><strong>non</strong></span> <span class='ocrx_word' id='word_1_713' title='bbox 3303 3182 3478 3239; x_wconf 88' lang='lat' dir='ltr'><strong>selum</strong></span> 
     </span>
    </p>
   </div>
   <div class='ocr_carea' id='block_1_93' title="bbox 1885 3267 3480 3344">
    <p class='ocr_par' dir='ltr' id='par_1_93' title="bbox 1885 3267 3480 3344">
     <span class='ocr_line' id='line_1_93' title="bbox 1885 3267 3480 3344; baseline 0.006 -25"><span class='ocrx_word' id='word_1_714' title='bbox 1885 3278 1950 3319; x_wconf 89' lang='lat' dir='ltr'><strong>ea</strong></span> <span class='ocrx_word' id='word_1_715' title='bbox 1982 3279 2104 3334; x_wconf 65' lang='lat' dir='ltr'><strong>quae</strong></span> <span class='ocrx_word' id='word_1_716' title='bbox 2131 3267 2231 3322; x_wconf 90' lang='lat' dir='ltr'><strong>sub</strong></span> <span class='ocrx_word' id='word_1_717' title='bbox 2259 3268 2400 3322; x_wconf 84' lang='lat' dir='ltr'><strong>ccelo</strong></span> <span class='ocrx_word' id='word_1_718' title='bbox 2429 3277 2587 3336; x_wconf 91' lang='lat' dir='ltr'><strong>sunt,</strong></span> <span class='ocrx_word' id='word_1_719' title='bbox 2629 3271 2723 3326; x_wconf 89' lang='lat' dir='ltr'><strong>sed</strong></span> <span class='ocrx_word' id='word_1_720' title='bbox 2757 3272 2922 3325; x_wconf 89' lang='lat' dir='ltr'><strong>etiam</strong></span> <span class='ocrx_word' id='word_1_721' title='bbox 2961 3288 3082 3342; x_wconf 78' lang='lat' dir='ltr'><strong>quae</strong></span> <span class='ocrx_word' id='word_1_722' title='bbox 3121 3287 3285 3344; x_wconf 89' lang='lat' dir='ltr'><strong>super</strong></span> <span class='ocrx_word' id='word_1_723' title='bbox 3311 3273 3480 3329; x_wconf 80' lang='lat' dir='ltr'><strong>etclos</strong></span> 
     </span>
    </p>
   </div>
   <div class='ocr_carea' id='block_1_94' title="bbox 1889 3358 3476 3434">
    <p class='ocr_par' dir='ltr' id='par_1_94' title="bbox 1889 3358 3476 3434">
     <span class='ocr_line' id='line_1_94' title="bbox 1889 3358 3476 3434; baseline 0.005 -23"><span class='ocrx_word' id='word_1_724' title='bbox 1889 3365 2018 3411; x_wconf 91' lang='lat' dir='ltr'><strong>sunt</strong></span> <span class='ocrx_word' id='word_1_725' title='bbox 2047 3358 2163 3428; x_wconf 84' lang='lat' dir='ltr'><strong>ejus</strong></span> <span class='ocrx_word' id='word_1_726' title='bbox 2189 3359 2457 3415; x_wconf 89' lang='lat' dir='ltr'><strong>voluntati</strong></span> <span class='ocrx_word' id='word_1_727' title='bbox 2493 3363 2762 3416; x_wconf 87' lang='lat' dir='ltr'><strong>serviunt.</strong></span> <span class='ocrx_word' id='word_1_728' title='bbox 2815 3361 2924 3417; x_wconf 89' lang='lat' dir='ltr'><strong>Sed</strong></span> <span class='ocrx_word' id='word_1_729' title='bbox 2954 3365 3080 3434; x_wconf 89' lang='lat' dir='ltr'><strong>quia</strong></span> <span class='ocrx_word' id='word_1_730' title='bbox 3108 3365 3175 3420; x_wconf 90' lang='lat' dir='ltr'><strong>de</strong></span> <span class='ocrx_word' id='word_1_731' title='bbox 3204 3365 3476 3421; x_wconf 87' lang='lat' dir='ltr'><strong>leviathan</strong></span> 
     </span>
    </p>
   </div>
   <div class='ocr_carea' id='block_1_95' title="bbox 1889 3446 3477 3520">
    <p class='ocr_par' dir='ltr' id='par_1_95' title="bbox 1889 3446 3477 3520">
     <span class='ocr_line' id='line_1_95' title="bbox 1889 3446 3477 3520; baseline 0.006 -20"><span class='ocrx_word' id='word_1_732' title='bbox 1889 3446 2150 3518; x_wconf 90' lang='lat' dir='ltr'><strong>loquitur,</strong></span> <span class='ocrx_word' id='word_1_733' title='bbox 2180 3449 2407 3520; x_wconf 82' lang='lat' dir='ltr'><strong>quijam</strong></span> <span class='ocrx_word' id='word_1_734' title='bbox 2437 3466 2544 3506; x_wconf 92' lang='lat' dir='ltr'><strong>non</strong></span> <span class='ocrx_word' id='word_1_735' title='bbox 2582 3453 2635 3506; x_wconf 93' lang='lat' dir='ltr'><strong>in</strong></span> <span class='ocrx_word' id='word_1_736' title='bbox 2669 3454 2894 3508; x_wconf 65' lang='lat' dir='ltr'><strong>mtherei</strong></span> <span class='ocrx_word' id='word_1_737' title='bbox 2926 3455 3048 3509; x_wconf 67' lang='grc' dir='ltr'><strong>σαειί</strong></span> <span class='ocrx_word' id='word_1_738' title='bbox 3079 3456 3205 3512; x_wconf 90' lang='lat' dir='ltr'><strong>sede</strong></span> <span class='ocrx_word' id='word_1_739' title='bbox 3231 3457 3477 3511; x_wconf 89' lang='lat' dir='ltr'><strong>contine-</strong></span> 
     </span>
    </p>
   </div>
   <div class='ocr_carea' id='block_1_96' title="bbox 1891 3541 3480 3609">
    <p class='ocr_par' dir='ltr' id='par_1_96' title="bbox 1891 3541 3480 3609">
     <span class='ocr_line' id='line_1_96' title="bbox 1891 3541 3480 3609; baseline 0.004 -18"><span class='ocrx_word' id='word_1_740' title='bbox 1891 3547 1999 3600; x_wconf 90' lang='lat' dir='ltr'><strong>tur,</strong></span> <span class='ocrx_word' id='word_1_741' title='bbox 2039 3547 2234 3594; x_wconf 92' lang='lat' dir='ltr'><strong>cuncta</strong></span> <span class='ocrx_word' id='word_1_742' title='bbox 2264 3554 2385 3609; x_wconf 72' lang='lat' dir='ltr'><strong>qua:</strong></span> <span class='ocrx_word' id='word_1_743' title='bbox 2415 3541 2515 3595; x_wconf 91' lang='lat' dir='ltr'><strong>sub</strong></span> <span class='ocrx_word' id='word_1_744' title='bbox 2542 3541 2682 3596; x_wconf 71' lang='lat' dir='ltr'><strong>cmlo</strong></span> <span class='ocrx_word' id='word_1_745' title='bbox 2713 3551 2840 3596; x_wconf 89' lang='lat' dir='ltr'><strong>sunt</strong></span> <span class='ocrx_word' id='word_1_746' title='bbox 2869 3543 3069 3598; x_wconf 90' lang='lat' dir='ltr'><strong>asserit</strong></span> <span class='ocrx_word' id='word_1_747' title='bbox 3102 3559 3200 3597; x_wconf 90' lang='lat' dir='ltr'><strong>sua</strong></span> <span class='ocrx_word' id='word_1_748' title='bbox 3230 3559 3381 3608; x_wconf 91' lang='lat' dir='ltr'><strong>esse,</strong></span> <span class='ocrx_word' id='word_1_749' title='bbox 3420 3553 3480 3598; x_wconf 89' lang='lat' dir='ltr'><strong>ut</strong></span> 
     </span>
    </p>
   </div>
   <div class='ocr_carea' id='block_1_97' title="bbox 1889 3629 3479 3703">
    <p class='ocr_par' dir='ltr' id='par_1_97' title="bbox 1889 3629 3479 3703">
     <span class='ocr_line' id='line_1_97' title="bbox 1889 3629 3479 3703; baseline 0.005 -23"><span class='ocrx_word' id='word_1_750' title='bbox 1889 3641 2014 3681; x_wconf 87' lang='lat' dir='ltr'><strong>eum</strong></span> <span class='ocrx_word' id='word_1_751' title='bbox 2044 3641 2260 3696; x_wconf 88' lang='lat' dir='ltr'><strong>quoque</strong></span> <span class='ocrx_word' id='word_1_752' title='bbox 2286 3629 2377 3697; x_wconf 90' lang='lat' dir='ltr'><strong>qui</strong></span> <span class='ocrx_word' id='word_1_753' title='bbox 2419 3630 2486 3682; x_wconf 92' lang='lat' dir='ltr'><strong>de</strong></span> <span class='ocrx_word' id='word_1_754' title='bbox 2528 3629 2668 3684; x_wconf 86' lang='lat' dir='ltr'><strong>coelo</strong></span> <span class='ocrx_word' id='word_1_755' title='bbox 2695 3630 2920 3694; x_wconf 88' lang='lat' dir='ltr'><strong>cecidit,</strong></span> <span class='ocrx_word' id='word_1_756' title='bbox 2963 3645 3075 3685; x_wconf 61' lang='lat' dir='ltr'><strong>sum</strong></span> <span class='ocrx_word' id='word_1_757' title='bbox 3103 3633 3330 3687; x_wconf 85' lang='lat' dir='ltr'><strong>edoceat</strong></span> <span class='ocrx_word' id='word_1_758' title='bbox 3381 3649 3479 3703; x_wconf 85' lang='lat' dir='ltr'><strong>po-</strong></span> 
     </span>
    </p>
   </div>
   <div class='ocr_carea' id='block_1_98' title="bbox 1891 3715 2662 3786">
    <p class='ocr_par' dir='ltr' id='par_1_98' title="bbox 1891 3715 2662 3786">
     <span class='ocr_line' id='line_1_98' title="bbox 1891 3715 2662 3786; baseline 0.003 -18"><span class='ocrx_word' id='word_1_759' title='bbox 1891 3716 2076 3770; x_wconf 87' lang='lat' dir='ltr'><strong>testati</strong></span> <span class='ocrx_word' id='word_1_760' title='bbox 2100 3717 2330 3771; x_wconf 91' lang='lat' dir='ltr'><strong>servire.</strong></span> <span class='ocrx_word' id='word_1_761' title='bbox 2365 3715 2624 3786; x_wconf 88' lang='lat' dir='ltr'><strong>Sequitur</strong></span> <span class='ocrx_word' id='word_1_762' title='bbox 2648 3735 2662 3770; x_wconf 86' lang='lat'><strong>:</strong></span> 
     </span>
    </p>
   </div>
   <div class='ocr_carea' id='block_1_99' title="bbox 1962 3805 3478 3883">
    <p class='ocr_par' dir='ltr' id='par_1_99' title="bbox 1962 3805 3478 3883">
     <span class='ocr_line' id='line_1_99' title="bbox 1962 3805 3478 3883; baseline 0.007 -23"><span class='ocrx_word' id='word_1_763' title='bbox 1962 3805 2124 3862; x_wconf 74' lang='lat' dir='ltr'><strong>Vsus.</strong></span> <span class='ocrx_word' id='word_1_764' title='bbox 2145 3807 2198 3862; x_wconf 81' lang='lat'><strong>&#39;5.</strong></span> <span class='ocrx_word' id='word_1_765' title='bbox 2219 3807 2341 3862; x_wconf 85' lang='lat' dir='ltr'><strong>Non</strong></span> <span class='ocrx_word' id='word_1_766' title='bbox 2355 3825 2568 3877; x_wconf 86' lang='lat' dir='ltr'><strong>parcam</strong></span> <span class='ocrx_word' id='word_1_767' title='bbox 2584 3811 2652 3874; x_wconf 87' lang='lat' dir='ltr'><strong>ei,</strong></span> <span class='ocrx_word' id='word_1_768' title='bbox 2668 3819 2716 3864; x_wconf 84' lang='lat' dir='ltr'><strong>et</strong></span> <span class='ocrx_word' id='word_1_769' title='bbox 2733 3811 2898 3866; x_wconf 77' lang='lat' dir='ltr'><strong>verbis</strong></span> <span class='ocrx_word' id='word_1_770' title='bbox 2909 3812 3225 3883; x_wconf 85' lang='lat' dir='ltr'><strong>potentibus,</strong></span> <span class='ocrx_word' id='word_1_771' title='bbox 3239 3822 3288 3869; x_wconf 87' lang='lat' dir='ltr'><strong>et</strong></span> <span class='ocrx_word' id='word_1_772' title='bbox 3299 3814 3369 3868; x_wconf 84' lang='lat' dir='ltr'><strong>ad</strong></span> <span class='ocrx_word' id='word_1_773' title='bbox 3383 3815 3478 3870; x_wconf 83' lang='lat' dir='ltr'><strong>de-</strong></span> 
     </span>
    </p>
   </div>
   <div class='ocr_carea' id='block_1_100' title="bbox 1890 3897 3480 3972">
    <p class='ocr_par' dir='ltr' id='par_1_100' title="bbox 1890 3897 3480 3972">
     <span class='ocr_line' id='line_1_100' title="bbox 1890 3897 3480 3972; baseline 0.006 -23"><span class='ocrx_word' id='word_1_774' title='bbox 1890 3897 2211 3967; x_wconf 85' lang='lat' dir='ltr'><strong>precandum</strong></span> <span class='ocrx_word' id='word_1_775' title='bbox 2237 3900 2558 3968; x_wconf 85' lang='lat' dir='ltr'><strong>compositis.</strong></span> <span class='ocrx_word' id='word_1_776' title='bbox 2583 3930 2653 3940; x_wconf 96' lang='lat'><strong><em>—</em></strong></span> <span class='ocrx_word' id='word_1_777' title='bbox 2680 3899 2813 3966; x_wconf 89' lang='lat' dir='ltr'><strong>Quis</strong></span> <span class='ocrx_word' id='word_1_778' title='bbox 2841 3902 2944 3955; x_wconf 89' lang='lat' dir='ltr'><strong>hoc</strong></span> <span class='ocrx_word' id='word_1_779' title='bbox 2975 3902 3166 3972; x_wconf 83' lang='lat' dir='ltr'><strong>legisse</strong></span> <span class='ocrx_word' id='word_1_780' title='bbox 3204 3917 3264 3958; x_wconf 88' lang='lat' dir='ltr'><strong>se</strong></span> <span class='ocrx_word' id='word_1_781' title='bbox 3296 3903 3444 3958; x_wconf 85' lang='lat' dir='ltr'><strong>novit</strong></span> <span class='ocrx_word' id='word_1_782' title='bbox 3463 3944 3480 3969; x_wconf 90' lang='lat'><strong>,</strong></span> 
     </span>
    </p>
   </div>
   <div class='ocr_carea' id='block_1_101' title="bbox 1889 3990 3479 4061">
    <p class='ocr_par' dir='ltr' id='par_1_101' title="bbox 1889 3990 3479 4061">
     <span class='ocr_line' id='line_1_101' title="bbox 1889 3990 3479 4061; baseline 0.005 -18"><span class='ocrx_word' id='word_1_783' title='bbox 1889 4001 2236 4058; x_wconf 87' lang='lat' dir='ltr'><strong>nequaquam</strong></span> <span class='ocrx_word' id='word_1_784' title='bbox 2265 3990 2541 4045; x_wconf 88' lang='lat' dir='ltr'><strong>existimet</strong></span> <span class='ocrx_word' id='word_1_785' title='bbox 2569 3991 2694 4061; x_wconf 89' lang='lat' dir='ltr'><strong>quia</strong></span> <span class='ocrx_word' id='word_1_786' title='bbox 2724 3992 3004 4061; x_wconf 87' lang='lat' dir='ltr'><strong>culparum</strong></span> <span class='ocrx_word' id='word_1_787' title='bbox 3037 4007 3259 4048; x_wconf 87' lang='lat' dir='ltr'><strong>suarum</strong></span> <span class='ocrx_word' id='word_1_788' title='bbox 3291 3994 3479 4051; x_wconf 86' lang='lat' dir='ltr'><strong>diabo-</strong></span> 
     </span>
    </p>
   </div>
   <div class='ocr_carea' id='block_1_102' title="bbox 1891 4077 3482 4148">
    <p class='ocr_par' dir='ltr' id='par_1_102' title="bbox 1891 4077 3482 4148">
     <span class='ocr_line' id='line_1_102' title="bbox 1891 4077 3482 4148; baseline 0.006 -18"><span class='ocrx_word' id='word_1_789' title='bbox 1891 4077 1978 4132; x_wconf 90' lang='lat' dir='ltr'><strong>lus</strong></span> <span class='ocrx_word' id='word_1_790' title='bbox 2005 4078 2076 4132; x_wconf 93' lang='lat' dir='ltr'><strong>sit</strong></span> <span class='ocrx_word' id='word_1_791' title='bbox 2095 4078 2313 4134; x_wconf 89' lang='lat' dir='ltr'><strong>veniam</strong></span> <span class='ocrx_word' id='word_1_792' title='bbox 2336 4080 2625 4148; x_wconf 90' lang='lat' dir='ltr'><strong>petiturus.</strong></span> <span class='ocrx_word' id='word_1_793' title='bbox 2667 4080 2772 4136; x_wconf 92' lang='lat' dir='ltr'><strong>Sed</strong></span> <span class='ocrx_word' id='word_1_794' title='bbox 2802 4081 3033 4137; x_wconf 82' lang='lat' dir='ltr'><strong>fortasse</strong></span> <span class='ocrx_word' id='word_1_795' title='bbox 3059 4083 3128 4137; x_wconf 92' lang='lat' dir='ltr'><strong>de</strong></span> <span class='ocrx_word' id='word_1_796' title='bbox 3147 4083 3482 4140; x_wconf 86' lang='lat' dir='ltr'><strong>Antichristo</strong></span> 
     </span>
    </p>
   </div>
   <div class='ocr_carea' id='block_1_103' title="bbox 1891 4167 3481 4235">
    <p class='ocr_par' dir='ltr' id='par_1_103' title="bbox 1891 4167 3481 4235">
     <span class='ocr_line' id='line_1_103' title="bbox 1891 4167 3481 4235; baseline 0.004 -13"><span class='ocrx_word' id='word_1_797' title='bbox 1891 4167 2128 4223; x_wconf 90' lang='lat' dir='ltr'><strong>dicitur:</strong></span> <span class='ocrx_word' id='word_1_798' title='bbox 2164 4186 2183 4219; x_wconf 73' lang='grc' dir='ltr'>ι</span> <span class='ocrx_word' id='word_1_799' title='bbox 2215 4167 2388 4235; x_wconf 88' lang='lat' dir='ltr'><strong>Quem</strong></span> <span class='ocrx_word' id='word_1_800' title='bbox 2420 4171 2683 4226; x_wconf 90' lang='lat' dir='ltr'><strong>Dominus</strong></span> <span class='ocrx_word' id='word_1_801' title='bbox 2720 4170 2878 4226; x_wconf 74' lang='lat' dir='ltr'><strong>iesus</strong></span> <span class='ocrx_word' id='word_1_802' title='bbox 2909 4171 3158 4228; x_wconf 87' lang='lat' dir='ltr'><strong>Christus</strong></span> <span class='ocrx_word' id='word_1_803' title='bbox 3189 4173 3481 4231; x_wconf 78' lang='lat' dir='ltr'><strong>interﬁciat</strong></span> 
     </span>
    </p>
   </div>
   <div class='ocr_carea' id='block_1_104' title="bbox 1894 4259 3480 4333">
    <p class='ocr_par' dir='ltr' id='par_1_104' title="bbox 1894 4259 3480 4333">
     <span class='ocr_line' id='line_1_104' title="bbox 1894 4259 3480 4333; baseline 0.006 -21"><span class='ocrx_word' id='word_1_804' title='bbox 1894 4259 2089 4328; x_wconf 87' lang='lat' dir='ltr'><strong>spiritu</strong></span> <span class='ocrx_word' id='word_1_805' title='bbox 2117 4260 2230 4315; x_wconf 88' lang='lat' dir='ltr'><strong>oris</strong></span> <span class='ocrx_word' id='word_1_806' title='bbox 2255 4261 2339 4315; x_wconf 90' lang='lat' dir='ltr'><strong>sui</strong></span> <span class='ocrx_word' id='word_1_807' title='bbox 2368 4259 2454 4332; x_wconf 89' lang='lat' dir='ltr'><strong>(II</strong></span> <span class='ocrx_word' id='word_1_808' title='bbox 2484 4260 2663 4316; x_wconf 72' lang='lat' dir='ltr'><strong>Thess.</strong></span> <span class='ocrx_word' id='word_1_809' title='bbox 2694 4278 2753 4328; x_wconf 84' lang='grc' dir='ltr'><strong>ιι,</strong></span> <span class='ocrx_word' id='word_1_810' title='bbox 2779 4262 2856 4333; x_wconf 88' lang='lat'><strong>8).</strong></span> <span class='ocrx_word' id='word_1_811' title='bbox 2893 4283 2910 4315; x_wconf 75' lang='grc' dir='ltr'><strong><em>ι</em></strong></span> <span class='ocrx_word' id='word_1_812' title='bbox 2968 4262 3039 4319; x_wconf 91' lang='lat' dir='ltr'><strong>Ut</strong></span> <span class='ocrx_word' id='word_1_813' title='bbox 3065 4265 3290 4320; x_wconf 88' lang='lat' dir='ltr'><strong>territus</strong></span> <span class='ocrx_word' id='word_1_814' title='bbox 3319 4274 3480 4321; x_wconf 66' lang='lat' dir='ltr'><strong>tantae</strong></span> 
     </span>
    </p>
   </div>
   <div class='ocr_carea' id='block_1_105' title="bbox 1897 4349 3482 4422">
    <p class='ocr_par' dir='ltr' id='par_1_105' title="bbox 1897 4349 3482 4422">
     <span class='ocr_line' id='line_1_105' title="bbox 1897 4349 3482 4422; baseline 0.006 -20"><span class='ocrx_word' id='word_1_815' title='bbox 1897 4349 2196 4418; x_wconf 85' lang='lat' dir='ltr'><strong>majestatis</strong></span> <span class='ocrx_word' id='word_1_816' title='bbox 2222 4351 2509 4420; x_wconf 69' lang='lat' dir='ltr'><strong>praesentia</strong></span> <span class='ocrx_word' id='word_1_817' title='bbox 2538 4353 2606 4408; x_wconf 91' lang='lat' dir='ltr'><strong>ad</strong></span> <span class='ocrx_word' id='word_1_818' title='bbox 2633 4368 2820 4422; x_wconf 90' lang='lat' dir='ltr'><strong>preces</strong></span> <span class='ocrx_word' id='word_1_819' title='bbox 2856 4352 3162 4409; x_wconf 83' lang='lat' dir='ltr'><strong>inclinetur.</strong></span> <span class='ocrx_word' id='word_1_820' title='bbox 3213 4353 3367 4422; x_wconf 85' lang='lat' dir='ltr'><strong>Quod</strong></span> <span class='ocrx_word' id='word_1_821' title='bbox 3400 4364 3482 4410; x_wconf 79' lang='lat' dir='ltr'><strong>ta-</strong></span> 
     </span>
    </p>
   </div>
   <div class='ocr_carea' id='block_1_106' title="bbox 1898 4441 3480 4518">
    <p class='ocr_par' dir='ltr' id='par_1_106' title="bbox 1898 4441 3480 4518">
     <span class='ocr_line' id='line_1_106' title="bbox 1898 4441 3480 4518; baseline 0.005 -24"><span class='ocrx_word' id='word_1_822' title='bbox 1898 4455 2024 4496; x_wconf 89' lang='lat' dir='ltr'><strong>men</strong></span> <span class='ocrx_word' id='word_1_823' title='bbox 2056 4441 2122 4496; x_wconf 90' lang='lat' dir='ltr'><strong>de</strong></span> <span class='ocrx_word' id='word_1_824' title='bbox 2153 4442 2352 4511; x_wconf 89' lang='lat' dir='ltr'><strong>iniquis</strong></span> <span class='ocrx_word' id='word_1_825' title='bbox 2381 4443 2636 4500; x_wconf 88' lang='lat' dir='ltr'><strong>omnibus</strong></span> <span class='ocrx_word' id='word_1_826' title='bbox 2673 4445 2901 4516; x_wconf 90' lang='lat' dir='ltr'><strong>intelligi</strong></span> <span class='ocrx_word' id='word_1_827' title='bbox 2933 4447 3110 4514; x_wconf 88' lang='lat' dir='ltr'><strong>aptius</strong></span> <span class='ocrx_word' id='word_1_828' title='bbox 3135 4455 3347 4516; x_wconf 90' lang='lat' dir='ltr'><strong>potest,</strong></span> <span class='ocrx_word' id='word_1_829' title='bbox 3387 4444 3480 4518; x_wconf 85' lang='lat' dir='ltr'><strong>qui</strong></span> 
     </span>
    </p>
   </div>
   <div class='ocr_carea' id='block_1_107' title="bbox 1895 4531 3480 4601">
    <p class='ocr_par' dir='ltr' id='par_1_107' title="bbox 1895 4531 3480 4601">
     <span class='ocr_line' id='line_1_107' title="bbox 1895 4531 3480 4601; baseline 0.004 -16"><span class='ocrx_word' id='word_1_830' title='bbox 1895 4544 2024 4586; x_wconf 87' lang='lat' dir='ltr'><strong>sero</strong></span> <span class='ocrx_word' id='word_1_831' title='bbox 2054 4531 2122 4586; x_wconf 90' lang='lat' dir='ltr'><strong>ad</strong></span> <span class='ocrx_word' id='word_1_832' title='bbox 2152 4532 2475 4601; x_wconf 87' lang='lat' dir='ltr'><strong>petitionum</strong></span> <span class='ocrx_word' id='word_1_833' title='bbox 2503 4534 2671 4590; x_wconf 87' lang='lat' dir='ltr'><strong>verba</strong></span> <span class='ocrx_word' id='word_1_834' title='bbox 2699 4536 2940 4591; x_wconf 90' lang='lat' dir='ltr'><strong>veniunt.</strong></span> <span class='ocrx_word' id='word_1_835' title='bbox 3001 4536 3152 4592; x_wconf 88' lang='lat' dir='ltr'><strong>Unde</strong></span> <span class='ocrx_word' id='word_1_836' title='bbox 3198 4537 3254 4592; x_wconf 86' lang='lat' dir='ltr'><strong>in</strong></span> <span class='ocrx_word' id='word_1_837' title='bbox 3301 4537 3480 4592; x_wconf 85' lang='lat' dir='ltr'><strong>Evan-</strong></span> 
     </span>
    </p>
   </div>
   <div class='ocr_carea' id='block_1_108' title="bbox 1896 4622 3484 4696">
    <p class='ocr_par' dir='ltr' id='par_1_108' title="bbox 1896 4622 3484 4696">
     <span class='ocr_line' id='line_1_108' title="bbox 1896 4622 3484 4696; baseline 0.001 -17"><span class='ocrx_word' id='word_1_838' title='bbox 1896 4622 2039 4694; x_wconf 81' lang='lat' dir='ltr'><strong>gelia</strong></span> <span class='ocrx_word' id='word_1_839' title='bbox 2067 4623 2286 4680; x_wconf 67' lang='lat' dir='ltr'><strong>Veritas</strong></span> <span class='ocrx_word' id='word_1_840' title='bbox 2321 4624 2492 4681; x_wconf 88' lang='lat' dir='ltr'><strong>dicit:</strong></span> <span class='ocrx_word' id='word_1_841' title='bbox 2528 4643 2546 4677; x_wconf 69' lang='grc' dir='ltr'><strong>ε</strong></span> <span class='ocrx_word' id='word_1_842' title='bbox 2583 4626 2827 4690; x_wconf 90' lang='lat' dir='ltr'><strong>Domine,</strong></span> <span class='ocrx_word' id='word_1_843' title='bbox 2858 4627 3109 4692; x_wconf 89' lang='lat' dir='ltr'><strong>Domine,</strong></span> <span class='ocrx_word' id='word_1_844' title='bbox 3150 4627 3299 4696; x_wconf 89' lang='lat' dir='ltr'><strong>aperi</strong></span> <span class='ocrx_word' id='word_1_845' title='bbox 3329 4628 3484 4681; x_wconf 90' lang='lat' dir='ltr'><strong>nobis</strong></span> 
     </span>
    </p>
   </div>
   <div class='ocr_carea' id='block_1_109' title="bbox 1897 4713 3485 4785">
    <p class='ocr_par' dir='ltr' id='par_1_109' title="bbox 1897 4713 3485 4785">
     <span class='ocr_line' id='line_1_109' title="bbox 1897 4713 3485 4785; baseline 0.001 -18"><span class='ocrx_word' id='word_1_846' title='bbox 1897 4713 2115 4783; x_wconf 78' lang='lat' dir='ltr'><strong>(Matth.</strong></span> <span class='ocrx_word' id='word_1_847' title='bbox 2162 4727 2290 4780; x_wconf 87' lang='lat' dir='ltr'><strong>xxv,</strong></span> <span class='ocrx_word' id='word_1_848' title='bbox 2340 4713 2450 4784; x_wconf 84' lang='lat' dir='ltr'><strong>Il).</strong></span> <span class='ocrx_word' id='word_1_849' title='bbox 2491 4734 2511 4767; x_wconf 72' lang='grc' dir='ltr'><strong>ι</strong></span> <span class='ocrx_word' id='word_1_850' title='bbox 2571 4714 2778 4782; x_wconf 89' lang='lat' dir='ltr'><strong>Quibus</strong></span> <span class='ocrx_word' id='word_1_851' title='bbox 2832 4717 3225 4785; x_wconf 88' lang='lat' dir='ltr'><strong>respondetur:</strong></span> <span class='ocrx_word' id='word_1_852' title='bbox 3257 4733 3276 4764; x_wconf 70' lang='grc' dir='ltr'><strong>ε</strong></span> <span class='ocrx_word' id='word_1_853' title='bbox 3311 4715 3485 4770; x_wconf 83' lang='lat' dir='ltr'><strong>Amen</strong></span> 
     </span>
    </p>
   </div>
   <div class='ocr_carea' id='block_1_110' title="bbox 1897 4803 3488 4876">
    <p class='ocr_par' dir='ltr' id='par_1_110' title="bbox 1897 4803 3488 4876">
     <span class='ocr_line' id='line_1_110' title="bbox 1897 4803 3488 4876; baseline 0.001 -18"><span class='ocrx_word' id='word_1_854' title='bbox 1897 4803 2019 4860; x_wconf 90' lang='lat' dir='ltr'><strong>dico</strong></span> <span class='ocrx_word' id='word_1_855' title='bbox 2044 4803 2218 4868; x_wconf 90' lang='lat' dir='ltr'><strong>vobis,</strong></span> <span class='ocrx_word' id='word_1_856' title='bbox 2249 4805 2436 4859; x_wconf 87' lang='lat' dir='ltr'><strong>nescio</strong></span> <span class='ocrx_word' id='word_1_857' title='bbox 2463 4821 2562 4862; x_wconf 91' lang='lat' dir='ltr'><strong>vos</strong></span> <span class='ocrx_word' id='word_1_858' title='bbox 2593 4805 2786 4876; x_wconf 68' lang='lat' dir='ltr'><strong>(Ibid,</strong></span> <span class='ocrx_word' id='word_1_859' title='bbox 2811 4805 2921 4874; x_wconf 59' lang='lat'><strong>1&#39;2).</strong></span> <span class='ocrx_word' id='word_1_860' title='bbox 2953 4826 2972 4856; x_wconf 73' lang='grc' dir='ltr'><strong>ι</strong></span> <span class='ocrx_word' id='word_1_861' title='bbox 3004 4807 3298 4861; x_wconf 84' lang='lat' dir='ltr'><strong>Possumus</strong></span> <span class='ocrx_word' id='word_1_862' title='bbox 3335 4814 3390 4857; x_wconf 86' lang='lat' dir='ltr'><strong>et</strong></span> <span class='ocrx_word' id='word_1_863' title='bbox 3431 4805 3488 4860; x_wconf 91' lang='lat' dir='ltr'><strong>in</strong></span> 
     </span>
    </p>
   </div>
   <div class='ocr_carea' id='block_1_111' title="bbox 1899 4894 3493 4966">
    <p class='ocr_par' dir='ltr' id='par_1_111' title="bbox 1899 4894 3493 4966">
     <span class='ocr_line' id='line_1_111' title="bbox 1899 4894 3493 4966; baseline 0 -16"><span class='ocrx_word' id='word_1_864' title='bbox 1899 4895 2004 4952; x_wconf 89' lang='lat' dir='ltr'><strong>hoc</strong></span> <span class='ocrx_word' id='word_1_865' title='bbox 2033 4907 2275 4966; x_wconf 89' lang='lat' dir='ltr'><strong>tempore</strong></span> <span class='ocrx_word' id='word_1_866' title='bbox 2303 4897 2554 4965; x_wconf 88' lang='lat' dir='ltr'><strong>accipere</strong></span> <span class='ocrx_word' id='word_1_867' title='bbox 2581 4896 2726 4966; x_wconf 89' lang='lat' dir='ltr'><strong>quod</strong></span> <span class='ocrx_word' id='word_1_868' title='bbox 2753 4896 2821 4949; x_wconf 87' lang='lat' dir='ltr'><strong>de</strong></span> <span class='ocrx_word' id='word_1_869' title='bbox 2848 4894 3032 4952; x_wconf 86' lang='lat' dir='ltr'><strong>futuro</strong></span> <span class='ocrx_word' id='word_1_870' title='bbox 3056 4896 3312 4952; x_wconf 80' lang='lat' dir='ltr'><strong>diximus.</strong></span> <span class='ocrx_word' id='word_1_871' title='bbox 3350 4894 3493 4950; x_wconf 91' lang='lat' dir='ltr'><strong>Sunt</strong></span> 
     </span>
    </p>
   </div>
   <div class='ocr_carea' id='block_1_112' title="bbox 1897 4985 3494 5060">
    <p class='ocr_par' dir='ltr' id='par_1_112' title="bbox 1897 4985 3494 5060">
     <span class='ocr_line' id='line_1_112' title="bbox 1897 4985 3494 5060; baseline -0.001 -19"><span class='ocrx_word' id='word_1_872' title='bbox 1897 5003 2135 5060; x_wconf 89' lang='lat' dir='ltr'><strong>namque</strong></span> <span class='ocrx_word' id='word_1_873' title='bbox 2175 4989 2418 5043; x_wconf 89' lang='lat' dir='ltr'><strong>nonnulli</strong></span> <span class='ocrx_word' id='word_1_874' title='bbox 2451 4993 2550 5059; x_wconf 88' lang='lat' dir='ltr'><strong>qui</strong></span> <span class='ocrx_word' id='word_1_875' title='bbox 2587 4987 2830 5059; x_wconf 86' lang='lat' dir='ltr'><strong>prolixas</strong></span> <span class='ocrx_word' id='word_1_876' title='bbox 2863 4987 2934 5040; x_wconf 87' lang='lat' dir='ltr'><strong>ad</strong></span> <span class='ocrx_word' id='word_1_877' title='bbox 2971 4989 3136 5042; x_wconf 88' lang='lat' dir='ltr'><strong>Deum</strong></span> <span class='ocrx_word' id='word_1_878' title='bbox 3170 4997 3363 5053; x_wconf 86' lang='lat' dir='ltr'><strong>preces</strong></span> <span class='ocrx_word' id='word_1_879' title='bbox 3395 4985 3494 5040; x_wconf 85' lang='lat' dir='ltr'><strong>ha-</strong></span> 
     </span>
    </p>
   </div>
   <div class='ocr_carea' id='block_1_113' title="bbox 1897 5071 3498 5150">
    <p class='ocr_par' dir='ltr' id='par_1_113' title="bbox 1897 5071 3498 5150">
     <span class='ocr_line' id='line_1_113' title="bbox 1897 5071 3498 5150; baseline 0.007 -17"><span class='ocrx_word' id='word_1_880' title='bbox 1897 5077 2049 5143; x_wconf 85' lang='lat' dir='ltr'><strong>bent,</strong></span> <span class='ocrx_word' id='word_1_881' title='bbox 2079 5081 2175 5137; x_wconf 89' lang='lat' dir='ltr'><strong>sed</strong></span> <span class='ocrx_word' id='word_1_882' title='bbox 2197 5079 2361 5134; x_wconf 88' lang='lat' dir='ltr'><strong>vitam</strong></span> <span class='ocrx_word' id='word_1_883' title='bbox 2383 5077 2794 5150; x_wconf 84' lang='lat' dir='ltr'><strong>deprecantium</strong></span> <span class='ocrx_word' id='word_1_884' title='bbox 2817 5091 2928 5130; x_wconf 90' lang='lat' dir='ltr'><strong>non</strong></span> <span class='ocrx_word' id='word_1_885' title='bbox 2952 5078 3170 5133; x_wconf 89' lang='lat' dir='ltr'><strong>habent.</strong></span> <span class='ocrx_word' id='word_1_886' title='bbox 3202 5071 3271 5127; x_wconf 81' lang='lat' dir='ltr'><strong>Hi</strong></span> <span class='ocrx_word' id='word_1_887' title='bbox 3291 5073 3498 5145; x_wconf 60' lang='lat' dir='ltr'><strong>quipp.</strong></span> 
     </span>
    </p>
   </div>
   <div class='ocr_carea' id='block_1_114' title="bbox 1897 5162 3498 5244">
    <p class='ocr_par' dir='ltr' id='par_1_114' title="bbox 1897 5162 3498 5244">
     <span class='ocr_line' id='line_1_114' title="bbox 1897 5162 3498 5244; baseline -0.001 -22"><span class='ocrx_word' id='word_1_888' title='bbox 1897 5176 1956 5222; x_wconf 89' lang='lat' dir='ltr'><strong>et</strong></span> <span class='ocrx_word' id='word_1_889' title='bbox 1981 5167 2142 5226; x_wconf 83' lang='lat' dir='ltr'><strong>ﬂetus</strong></span> <span class='ocrx_word' id='word_1_890' title='bbox 2172 5171 2228 5225; x_wconf 91' lang='lat' dir='ltr'><strong>in</strong></span> <span class='ocrx_word' id='word_1_891' title='bbox 2257 5169 2506 5227; x_wconf 89' lang='lat' dir='ltr'><strong>oratione</strong></span> <span class='ocrx_word' id='word_1_892' title='bbox 2537 5166 2887 5244; x_wconf 88' lang='lat' dir='ltr'><strong>percipiunt,</strong></span> <span class='ocrx_word' id='word_1_893' title='bbox 2939 5174 2998 5220; x_wconf 90' lang='lat' dir='ltr'><strong>et</strong></span> <span class='ocrx_word' id='word_1_894' title='bbox 3039 5173 3219 5220; x_wconf 88' lang='lat' dir='ltr'><strong>tamen</strong></span> <span class='ocrx_word' id='word_1_895' title='bbox 3263 5162 3498 5233; x_wconf 87' lang='lat' dir='ltr'><strong>expletis</strong></span> 
     </span>
    </p>
   </div>
   <div class='ocr_carea' id='block_1_115' title="bbox 1893 5253 3502 5327">
    <p class='ocr_par' dir='ltr' id='par_1_115' title="bbox 1893 5253 3502 5327">
     <span class='ocr_line' id='line_1_115' title="bbox 1893 5253 3502 5327; baseline -0.002 -15"><span class='ocrx_word' id='word_1_896' title='bbox 1893 5261 2152 5326; x_wconf 90' lang='lat' dir='ltr'><strong>precibus</strong></span> <span class='ocrx_word' id='word_1_897' title='bbox 2171 5275 2294 5315; x_wconf 88' lang='lat' dir='ltr'><strong>cum</strong></span> <span class='ocrx_word' id='word_1_898' title='bbox 2314 5259 2575 5319; x_wconf 83' lang='lat' dir='ltr'><strong>vitiorum</strong></span> <span class='ocrx_word' id='word_1_899' title='bbox 2603 5253 2949 5327; x_wconf 88' lang='lat' dir='ltr'><strong>suggestione</strong></span> <span class='ocrx_word' id='word_1_900' title='bbox 2967 5255 3270 5324; x_wconf 87' lang='lat' dir='ltr'><strong>pulsantur.</strong></span> <span class='ocrx_word' id='word_1_901' title='bbox 3294 5267 3502 5322; x_wconf 83' lang='lat' dir='ltr'><strong>nequa-</strong></span> 
     </span>
    </p>
   </div>
   <div class='ocr_carea' id='block_1_116' title="bbox 1895 5342 3501 5400">
    <p class='ocr_par' dir='ltr' id='par_1_116' title="bbox 1895 5342 3501 5400">
     <span class='ocr_line' id='line_1_116' title="bbox 1895 5342 3501 5400; baseline 0 0"><span class='ocrx_word' id='word_1_902' title='bbox 1895 5361 2061 5400; x_wconf 80' lang='lat' dir='ltr'><strong>uuam</strong></span> <span class='ocrx_word' id='word_1_903' title='bbox 2089 5365 2190 5400; x_wconf 85' lang='lat' dir='ltr'><strong>nm</strong></span> <span class='ocrx_word' id='word_1_904' title='bbox 2214 5349 2400 5400; x_wconf 77' lang='lat' dir='ltr'><strong>aeterni</strong></span> <span class='ocrx_word' id='word_1_905' title='bbox 2427 5353 2584 5400; x_wconf 58' lang='lat' dir='ltr'><strong>regni</strong></span> <span class='ocrx_word' id='word_1_906' title='bbox 2613 5342 2885 5400; x_wconf 87' lang='lat' dir='ltr'><strong>desiderio</strong></span> <span class='ocrx_word' id='word_1_907' title='bbox 2909 5357 2973 5398; x_wconf 89' lang='lat' dir='ltr'><strong>se</strong></span> <span class='ocrx_word' id='word_1_908' title='bbox 2996 5342 3210 5400; x_wconf 82' lang='lat' dir='ltr'><strong>ﬂevisse</strong></span> <span class='ocrx_word' id='word_1_909' title='bbox 3235 5343 3501 5400; x_wconf 85' lang='lat' dir='ltr'><strong>memine-</strong></span> 
     </span>
    </p>
   </div>
  </div>
