3934 5400
485 288 591 344 495

1512 295 1570 353 5.
1613 295 1862 356 ODONIS
1895 296 2186 356 ABBATIS
2223 294 2780 379 CLUNIACENSISII

3650 290 3742 345 491

559 408 722 464 Vens.
756 407 808 462 4.
849 407 978 474 Quis
1008 408 1245 464 reuelabit
1273 408 1459 478 faciem
1497 408 1787 464 indumenti
1814 411 2066 482 ejus?-—
2095 415 2142 474 Α
2171 408 2522 478 reproborum
2569 420 2693 461 cum
2735 405 2800 460 de
2841 401 3128 472 iniquitate
3172 401 3465 472 corripitur
3490 442 3507 467 ,
3561 404 3743 472 quibus

483 500 779 564 Subaudis,
827 499 933 553 nisi
979 513 1100 568 ego,
1128 499 1220 567 qui
1261 513 1540 554 servorum
1567 514 1809 555 meorum
1840 502 2069 572 gratiam

480 607 540 643 su
552 589 850 644 btilissima:
869 589 1216 644 discretionis
1238 590 1462 660 iuspiro,
1485 598 1564 656 ut,
1579 591 1815 646 revelata
1839 592 2066 657 malitia,

479 679 678 732 taciem
709 677 837 747 ejus
879 679 1078 732 nudam
1106 678 1360 743 videant,
1404 695 1566 748 quam
1603 678 1693 734 ille
1737 681 1835 734 sub
1877 681 2068 734 habitu

479 768 792 822 sanctitatis
838 767 1116 822 occultat?
1169 766 1427 822 Latenter
1466 769 1612 822 enim
1653 768 1926 822 leviathau
1967 770 2068 824 iste

481 857 642 912 bonis
683 857 978 922 insidians,
1026 858 1126 911 sub
1167 857 1350 926 specie
1395 857 1703 912 sanctitatis
1744 858 1919 912 illudit
1944 899 1958 923 ,
2010 867 2070 913 ut

481 949 623 1005 mala
653 965 772 1020 quae
799 950 881 1004 eis
907 948 1120 1019 publice
1159 963 1264 1002 non
1301 947 1445 1002 valet
1489 947 1712 1013 inferre,
1746 957 1887 1004 tecto
1914 948 2068 1004 bonae

482 1039 716 1094 actionis
745 1037 1013 1093 velamine
1041 1037 1496 1092 subintromittat.
1554 1035 1708 1092 Unde
1738 1046 1793 1092 et
1824 1039 2068 1094 membra

480 1126 597 1195 ejus
627 1143 768 1196 saepe
797 1142 921 1182 cum
958 1134 1147 1196 aperta
1176 1127 1417 1196 nequitia
1449 1140 1645 1180 nocere
1671 1142 1778 1181 non
1810 1136 2032 1198 possunt
2053 1168 2067 1194 ,

478 1219 636 1272 bonae
661 1217 892 1273 actionis
921 1217 1163 1271 habitum
1193 1225 1433 1272 sumunt.
1468 1215 1604 1272 lliuc
1632 1218 1777 1271 enim
1809 1218 2066 1288 scriptum

479 1319 563 1364 est
587 1327 602 1362 :
637 1327 655 1360 ι
683 1309 807 1378 Ipse
835 1309 982 1363 enim
1013 1307 1244 1362 Satanas
1272 1309 1622 1378 transﬁgurat
1649 1324 1706 1364 se
1736 1310 1790 1364 in
1817 1310 2066 1379 angelum

478 1401 619 1474 jucis
645 1399 731 1470 (II
755 1399 882 1454 Cor.
913 1416 992 1465 ιι,
1019 1399 1130 1470 ﬂ).
1167 1419 1186 1452 ›
1222 1399 1360 1466 Quid
1388 1413 1519 1467 ergo
1544 1400 1739 1453 mirum
1764 1400 1808 1453 si
1835 1399 2069 1453 ministri

477 1493 598 1560 ejus
613 1491 1068 1558 transfigurantur
1084 1489 1230 1543 velut
1253 1489 1480 1544 ministri
1499 1487 1758 1557 iustitiae?
1776 1489 2064 1559 Sequitur:

477 1580 550 1635 Et
579 1583 635 1635 in
661 1581 888 1635 medium
917 1580 1022 1634 oris
1046 1579 1160 1649 ejus
1179 1580 1295 1649 quis
1315 1580 1527 1632 intrauit
1552 1578 1940 1643 ?-—Subaudis-,
1965 1579 2067 1633 nisi

476 1685 615 1740 ego,
652 1671 758 1740 qui
771 1685 867 1740 per
896 1679 1135 1726 secretas
1162 1669 1460 1724 electorum
1516 1677 1726 1726 mentes
1761 1669 2068 1740 suggestio-

2173 500 2321 556 valet
2375 496 2910 569 tergiversationibus
2955 508 3014 550 se
3063 509 3323 550 excusare
3373 504 3647 562 conatur,
3694 506 3744 550 et

2169 590 2324 660 quasi
2359 589 2619 658 quasdam
2648 585 2979 642 defensionis
3005 600 3115 640 suae
3145 599 3402 653 squamas
3425 583 3616 652 objicit
3636 624 3650 646 ,
3681 601 3742 640 ne

2169 682 2413 752 transfigi
2445 681 2639 751 sagitta
2669 678 2914 734 veritatis
2934 677 3122 746 possit.
3153 675 3409 744 Quisquis
3431 675 3604 740 enim,
3628 675 3745 729 dum

2167 777 2498 847 corripitur,
2538 781 2824 844 peccatum
2853 787 3010 826 suum
3043 770 3209 839 magis
3230 782 3498 824 excusare
3550 767 3749 836 appetit

2167 882 2329 938 quam
2362 865 2588 929 deflere,
2638 863 2796 932 quasi
2845 860 3088 931 squamis
3117 860 3316 928 tegitur
3339 899 3355 922 ,
3388 873 3457 912 ne
3485 873 3518 911 a
3553 857 3751 912 sanctis

2168 955 2614 1029 praedicatoribus
2641 954 2819 1025 gladio
2839 953 2990 1008 verbi
3012 950 3300 1021 jaculetur.
3343 948 3456 1003 Has
3478 947 3746 1002 defensio-

2168 1064 2296 1103 num
2341 1063 2564 1102 suarum
2608 1060 2864 1115 squamas
2911 1044 3095 1098 amisit
3135 1041 3334 1096 Paulus
3372 1040 3426 1094 in
3481 1039 3751 1102 illumina-

2170 1137 2333 1192 tione.
2367 1135 2522 1190 Sicut
2547 1136 2809 1204 scriptum
2834 1141 2919 1188 est
2947 1133 3012 1188 de
3034 1147 3100 1187 eo
3130 1149 3143 1184 :
3181 1149 3201 1182 ‹
3235 1131 3302 1184 Et
3330 1128 3662 1184 ceciderunt
3689 1129 3748 1181 ab

2166 1228 2335 1283 oculis
2378 1229 2493 1298 ejus
2528 1236 2779 1295 tauquam
2821 1239 3058 1294 squama:
3106 1222 3246 1293 (Act.
3302 1237 3357 1274 ix
3385 1261 3400 1284 ,
3442 1219 3560 1290 18).
3612 1237 3632 1270 s
3669 1217 3753 1273 Ha

2168 1332 2436 1387 squamae,
2470 1316 2718 1385 quamvis
2737 1329 2897 1368 omne
2920 1327 3057 1382 pene
3092 1310 3386 1364 humanum
3418 1323 3594 1378 genus
3635 1321 3755 1362 con-

2169 1416 2373 1480 tegant,
2398 1407 2806 1479 hypocritarum
2831 1414 3010 1460 tamen
3035 1403 3346 1472 specialiter
3366 1411 3419 1456 et
3434 1401 3754 1456 callidorum

2169 1501 2444 1555 hominum
2485 1509 2696 1554 mentes
2736 1505 3008 1568 premunt.
3060 1495 3164 1564 Ipsi
3195 1494 3340 1548 enim
3393 1493 3586 1562 culpas
3631 1505 3754 1545 suas

2169 1599 2318 1646 tanto
2358 1590 2733 1645 vehementius
2789 1586 3034 1642 confiteri
3082 1584 3396 1654 refugiunt,
3450 1591 3663 1651 quanto
3706 1589 3758 1634 et

2168 1681 2386 1736 stultius
2413 1680 2584 1734 videri
2615 1679 2684 1734 ab
2718 1678 3028 1732 hominibus
3055 1683 3371 1745 peccatores
3401 1673 3753 1727 erubescunt.

477 1775 607 1814 num
638 1758 756 1828 eius
785 1761 946 1815 verba
976 1759 1240 1823 ἀίδευίίο»
1283 1766 1343 1812 υι
1381 1773 1724 1827 nequaquam
1765 1767 2061 1827 Ρθηδθθιιιι·
2092 1759 2136 1818 Β
2166 1771 2242 1825 De
2276 1769 2472 1838 quibus
2502 1767 2636 1820 bene
2668 1780 2765 1834 per
2797 1765 3112 1836 pr0phetam
3148 1763 3344 1817 dicitur
3376 1780 3389 1815 :
3428 1781 3445 1811 ι
3483 1760 3561 1815 lbi
3592 1759 3758 1815 cuba-

475 1850 620 1922 quod
649 1857 928 1915 resonant,
960 1850 1054 1904 sed
1079 1864 1188 1919 quo
1215 1849 1516 1902 intendant.
1550 1847 1846 1917 Sequitur:

546 1941 709 1995 Vens.
739 1940 794 1994 5.
836 1936 1031 1992 Portas
1058 1938 1230 1991 vultus
1261 1939 1375 2007 ejus
1401 1937 1522 2008 quis
1550 1938 1744 2006 aperiet
1768 1939 1794 1992 .9
1813 1967 1884 1977 -
1919 1938 2061 1993 Sub-

476 2033 653 2097 audis,
670 2032 772 2086 nisi
791 2046 911 2100 ego,
927 2031 1018 2098 qui
1031 2030 1220 2085 electis
1243 2031 1377 2086 meis
1395 2031 1682 2100 magistros
1697 2044 1943 2084 errorum
1963 2032 2062 2086 sub

473 2122 656 2191 specie
685 2120 986 2175 sanctitatis
1012 2119 1378 2185 absconditos,
1422 2120 1704 2189 perspicua
1737 2121 2062 2189 cogitatione

473 2209 809 2266 manifesto?
861 2208 1013 2264 Sicut
1054 2209 1199 2262 enim
1251 2210 1422 2263 sancti
1473 2211 1856 2278 praedicatores
1891 2221 2062 2279 portae

471 2303 607 2360 Sion
636 2311 915 2368 vocantur,
949 2303 1023 2356 ita
1054 2301 1217 2356 etiam
1243 2317 1342 2371 per
1368 2311 1553 2371 portas
1577 2302 1848 2374 leviathau
1878 2302 2058 2369 istius,

473 2409 720 2451 errorum
751 2393 992 2463 magistri
1020 2393 1321 2463 signantur,
1341 2409 1574 2462 quorum
1602 2393 1725 2446 dum
1743 2393 2059 2462 praedicatio

470 2500 728 2556 perversa
756 2486 1012 2553 recipitur
1040 2524 1056 2549 ,
1089 2485 1302 2539 miseris
1341 2482 1681 2537 auditoribus
1735 2483 1818 2535 via
1871 2482 2056 2550 perdi-

475 2573 639 2628 tionis
669 2574 927 2642 aperitur.
966 2572 1224 2642 Sequitur
1253 2589 1266 2625 :
1301 2569 1406 2625 Per
1447 2587 1633 2641 gyrum
1661 2570 1894 2623 dentium
1940 2571 2056 2638 ejus

469 2664 724 2736 formido.
756 2693 827 2703 —
852 2663 909 2717 ld
929 2673 1032 2730 est,
1072 2663 1286 2733 iniquos
1314 2663 1695 2732 praedicatores
1731 2661 2054 2716 Antichristi

470 2769 742 2826 perversae
783 2752 942 2822 hujus
986 2754 1168 2808 εωειιιί
1215 2762 1502 2824 protegunt
1552 2760 1865 2821 potestates.
1919 2751 2053 2805 Nam

471 2861 608 2914 quos
645 2845 720 2899 illi
766 2853 1026 2915 appetunt
1079 2844 1344 2913 loquendo
1402 2844 1708 2908 seducere,
1757 2842 1910 2896 multi
1946 2857 2052 2911 ερο-

471 2936 698 2988 tcutium
713 2936 931 2989 student
953 2935 1220 2988 saeviendo
1244 2944 1466 2988 terrere.
1490 2931 1626 2987 Hinc
1654 2933 1707 2987 in
1727 2932 2050 3003 Apocalypsi

464 3023 733 3091 scriptum
755 3031 836 3077 est
869 3041 882 3077 :
919 3042 936 3074 ι
975 3023 1222 3077 Potestas
1244 3037 1506 3092 equorum
1534 3023 1586 3075 in
1609 3036 1704 3077 ore
1742 3032 1798 3075 et
1837 3022 1891 3076 in
1921 3037 2048 3075 cau-

472 3113 556 3168 dis
607 3111 721 3180 ejus
777 3113 960 3183 (Apoc.
1013 3130 1088 3179 ix,
1145 3113 1254 3182 l9).
1312 3132 1331 3165 ι
1370 3113 1426 3167 ln
1457 3129 1550 3169 ore
1592 3129 1823 3184 namque
1867 3113 2052 3169 docto-
2081 3102 2124 3163 C

462 3217 594 3257 rum
631 3203 894 3266 scientia,
936 3203 991 3256 in
1039 3203 1210 3257 cauda
1242 3217 1370 3256 vero
1419 3201 1761 3257 saecularium
1811 3205 2050 3272 potentia

472 3293 758 3364 ﬁguratur.
785 3291 937 3346 Sicut
962 3293 1106 3346 enim
1135 3301 1337 3346 sanctae
1383 3291 1638 3346 Ecclesiae
1667 3301 1795 3346 sunt
1825 3295 2015 3348 dentes
2034 3333 2048 3359 ,

467 3384 539 3437 de
566 3383 761 3451 quibus
799 3382 995 3436 dicitur
1029 3399 1042 3436 :
1077 3400 1096 3433 ι
1133 3381 1334 3436 Dentes
1358 3381 1433 3434 tui
1467 3380 1608 3434 sicut
1632 3395 1760 3451 grex
1801 3381 2052 3436 detonsa-

469 3490 620 3541 rum,
657 3495 674 3526 ι
704 3483 809 3529 etc.
836 3472 1012 3544 (Cant.
1043 3490 1116 3539 iv,
1143 3475 1200 3546 2)
1260 3476 1334 3530 ita
1386 3474 1655 3530 leviathau
1696 3475 1887 3530 dentes
1927 3483 2054 3528 sunt

473 3578 718 3617 errorum
743 3564 1019 3633 magistri,
1052 3563 1143 3632 qui
1176 3563 1526 3632 reproborum
1553 3563 1717 3617 vitam
1755 3563 2052 3618 mordenda

471 3651 756 3718 dilaniant,
785 3660 839 3706 et
867 3667 961 3707 eos
991 3668 1021 3706 a
1067 3652 1310 3708 veritatis
1355 3651 1668 3722 integritate
1712 3652 2006 3707 subductos
2034 3689 2049 3715 ,

471 3741 528 3797 in
545 3743 816 3798 sacrilicio
841 3743 1090 3798 falsitatis
1126 3751 1388 3797 mactant.
1423 3741 1683 3813 Sequitur
1713 3762 1726 3797 :

541 3827 710 3889 Vens.
741 3833 792 3887 6.
827 3832 1028 3903 Corpus
1073 3833 1216 3888 illius
1253 3835 1407 3904 quasi
1451 3844 1598 3888 scuta
1640 3833 1839 3904 [usi/iu.
1889 3863 1958 3872 —
1996 3832 2052 3886 lu

471 3923 756 3993 Scriptura
802 3938 960 3979 sacra
999 3923 1136 3978 scuti
1167 3923 1384 3978 nomine
1409 3923 1700 3993 aliquando
1739 3938 1836 3992 pro
1868 3923 2052 3977 divina

470 4016 807 4084 protectione
849 4015 1086 4085 ponitur.
1118 4012 1188 4068 Ut
1215 4014 1346 4070 illud
1383 4033 1394 4068 :
1432 4034 1450 4066 ι
1498 4014 1725 4069 Domine
1756 4053 1771 4080 ,
1804 4024 1863 4069 ut
1899 4022 2054 4069 scuto

471 4110 631 4166 bonae
656 4109 950 4164 voluntatis
979 4119 1114 4174 tuae,
1144 4127 1162 4160 ι
1188 4117 1296 4164 etc.
1320 4105 1495 4179 (Psal.
1527 4124 1579 4175 v,
1610 4107 1722 4179 15.)
1751 4107 2055 4178 Aliquando

473 4215 574 4271 pro
605 4201 840 4254 humana
869 4199 1281 4269 repugnatione,
1320 4208 1379 4253 ut
1417 4198 1578 4254 illud:
1607 4219 1624 4249 ε
1658 4198 1735 4254 lbi
1749 4198 2054 4270 confringet

476 4289 776 4359 potentias,
818 4299 873 4344 et
902 4289 1137 4360 gladium
1160 4298 1217 4346 et
1253 4298 1465 4345 scutum
1506 4289 1680 4360 (Psal.
1721 4304 1881 4355 Lxxv,
1913 4287 1990 4357 ι).
2031 4310 2048 4342 ι

477 4382 644 4438 Scuta
673 4383 870 4452 quippe
896 4382 1078 4436 insilia
1114 4383 1220 4437 ictu
1250 4383 1467 4452 quidem
1493 4382 1803 4438 ferientium
1831 4381 2052 4436 minime

476 4483 836 4544 penetrantur
867 4515 881 4542 ,
909 4475 1002 4530 sed
1029 4491 1126 4531 suo
1153 4491 1211 4531 se
1239 4475 1388 4545 lapsu
1420 4474 1841 4546 per'fragmenta
1862 4473 2055 4529 dissol-

475 4579 631 4627 vunt.
660 4569 867 4640 Corpus
910 4585 1040 4641 ergo
1091 4569 1362 4624 leviathau
1393 4570 1570 4635 istius,
1621 4569 1676 4624 id
1719 4576 1825 4634 est,
1865 4582 2054 4623 omnes

478 4659 649 4729 iniqui
677 4700 692 4725 ,
719 4661 846 4729 quia
887 4676 983 4730 per
1016 4659 1434 4716 obstinationem
1462 4659 1582 4714 duri
1613 4667 1776 4723 sunt,
1824 4661 1919 4714 sed
1963 4671 2058 4728 per

479 4749 646 4804 vitam
676 4748 928 4818 fragiles,
969 4749 1136 4804 scutis
1175 4748 1423 4805 iusilibus
1465 4756 1872 4818 comparantur.
1920 4746 2054 4800 Cum

477 4841 620 4896 enim
667 4842 835 4897 verba
881 4841 1279 4912 praedicationis
1329 4840 1595 4905 audiunt,
1668 4838 1816 4893 nullo
1874 4853 2058 4893 corre-

478 4931 680 5002 ptionis
699 4930 883 4999 jaculo
907 4947 965 4986 se
991 4941 1276 5002 penetrare
1314 4930 1655 5000 permittunt,
1682 4927 1808 4998 quia
1838 4927 2058 4982 inomni

479 5032 703 5094 peccato
727 5027 871 5094 quod
905 5023 1111 5079 faciunt
1141 5063 1156 5090 ,
1183 5033 1398 5078 scutum
1449 5021 1693 5090 superbae
1733 5019 2060 5076 defensionis

481 5121 778 5182 opponunt.
829 5112 963 5167 Hinc
1012 5127 1109 5181 per
1156 5110 1449 5166 Jeremiam
1491 5111 1687 5166 dicitur
1738 5128 1804 5162 ε(
1847 5108 2059 5164 Reddes

483 5200 534 5254 ei
565 5201 737 5256 vicem
763 5241 778 5267 ,
826 5201 1051 5256 Domine
1074 5239 1088 5264 ,
1119 5199 1276 5270 juxta
1306 5214 1469 5268 opera
1515 5213 1770 5252 manuum
1805 5211 2058 5261 suarum;

484 5287 639 5342 dabis
687 5290 767 5344 eis
812 5298 1021 5344 scutum
1090 5289 1268 5364 cordis
1325 5287 1562 5341 laborem
1630 5295 1780 5340 tuum
1843 5285 2059 5356 (Threu.

512 5391 549 5400 .-
626 5379 684 5400 ΩΙ
728 5379 814 5400 [δνῖ
899 5397 910 5400 -
961 5378 1220 5400 Ο----2ι....
1273 5396 1284 5400 -
1339 5377 1674 5400 Π-..-----ι-...-
1731 5379 1953 5400 -_-.-_-2-
2013 5393 2060 5400 --

2166 1859 2243 1913 vit
2265 1857 2447 1921 lamia,
2470 1865 2524 1910 et
2549 1855 2755 1909 invenit
2785 1855 2888 1910 sibi
2919 1854 3188 1923 requiem,
3221 1853 3292 1907 ibi
3328 1851 3516 1906 habuit
3541 1851 3755 1905 foveam

2168 1949 2410 2005 hericius
2445 1947 2580 2017 (lsa.
2611 1962 2773 2000 xxxrv
2801 1986 2815 2009 ,
2847 1945 3052 2013 ιιι-ιδ).
3088 1964 3107 1996 ι
3151 1943 3256 1997 Per
3287 1943 3506 1997 Iamiam
3557 1941 3758 2010 quippe

2167 2038 2488 2110 hypocritae,
2512 2050 2608 2105 per
2652 2035 2917 2088 hericium
2948 2049 3077 2087 vero
3118 2033 3372 2087 malitiosi
3411 2033 3616 2101 quique
3671 2031 3757 2100 qui

2166 2129 2396 2185 diversis
2423 2141 2481 2183 se
2533 2124 2940 2180 defensionibus
2983 2132 3324 2194 congerunt,
3376 2123 3754 2194 designantur.

2162 2223 2429 2291 Sequitur
2461 2241 2473 2276 :

2235 2313 2399 2368 Vsus.
2417 2313 2469 2366 7.
2497 2311 2613 2366 Una
2635 2313 2725 2366 uni
2752 2311 3108 2381 conjungitur,
3141 2319 3189 2364 et
3221 2325 3284 2363 ne
3306 2307 3630 2376 spiraculum
3662 2307 3759 2359 iui-

2160 2404 2294 2456 cedit
2318 2419 2411 2472 per
2436 2420 2518 2457 ea.
2548 2431 2615 2442 —
2636 2402 2770 2468 Quia
2798 2401 3172 2469 iniquitatibus
3206 2400 3320 2453 suis
3347 2400 3471 2452 dum
3503 2397 3752 2451 vicissim

2159 2507 2219 2548 se
2245 2492 2476 2562 superba
2504 2491 2817 2546 defensione
2844 2497 3154 2560 protegunt,
3190 2497 3390 2542 sanctae
3416 2488 3757 2541 exhortatio-

2159 2581 2242 2635 nis
2263 2581 2466 2648 spicula
2493 2581 2560 2634 ad
2591 2595 2649 2634 se
2672 2580 2977 2634 nullatenus
2997 2578 3333 2647 permittunt.
3368 2575 3632 2644 Sequitur
3671 2594 3688 2630 :

2229 2669 2392 2724 Vsus.
2420 2669 2472 2724 8.
2501 2667 2621 2723 Una
2646 2669 2796 2723 alteri
2822 2667 3128 2732 adluerebit,
3147 2678 3192 2720 et
3219 2676 3444 2720 tenentes
3470 2683 3522 2718 se
3558 2682 3756 2734 nequa-

2156 2781 2314 2835 quam
2363 2765 2764 2833 separabantur.
2793 2762 2989 2830 —Qui
3035 2761 3178 2815 enim
3223 2761 3378 2814 divisi
3419 2758 3619 2827 corrigi
3665 2773 3757 2827 po-

2161 2861 2359 2917 terant,
2392 2852 2736 2922 iniquitatum
2770 2866 2988 2905 suarum
3019 2849 3315 2917 pertinacia
3346 2847 3510 2900 vincti
3557 2847 3754 2914 perdu-

2156 2951 2314 3007 rant;
2357 2951 2412 2997 et
2452 2951 2603 2996 tanto
2638 2941 2810 3010 magis
2853 2941 3096 3010 quotidie
3128 2954 3157 2991 a
3195 2938 3506 3007 cognitione
3526 2937 3756 3004 justiti:

2157 3033 2570 3102 separabiliores
2604 3032 2735 3084 fiunt
2758 3071 2772 3092 ,
2807 3038 3011 3099 quanto
3040 3045 3069 3082 a
3098 3043 3157 3083 se
3207 3028 3436 3081 invicem
3473 3027 3619 3080 nulla
3658 3027 3742 3078 in-

2155 3123 2471 3192 crepatione
2503 3131 2847 3190 separantur.
2880 3119 3014 3174 illnc
3041 3117 3295 3173 Salomon
3324 3117 3439 3169 ait:
3483 3134 3501 3165 ι
3539 3115 3748 3183 Stuppa

2155 3211 2384 3266 collecta
2443 3226 2712 3280 synagoga
2761 3207 3103 3279 peccantium
3152 3206 3346 3276 (Eccti.
3388 3221 3525 3269 ut,
3566 3205 3675 3272 id).
3727 3222 3743 3253 ι

2153 3301 2289 3356 Hinc
2336 3300 2542 3355 Nahum
2588 3299 2847 3369 prepheta
2891 3299 2967 3351 ait
3009 3316 3022 3350 :
3060 3316 3077 3348 ι
3114 3297 3264 3350 Sicut
3306 3296 3474 3364 spinae
3524 3295 3750 3347 invicem

2155 3391 2609 3461 complectuntur,
2636 3389 2714 3444 sic
2739 3389 3044 3442 convivium
3076 3401 3268 3441 eorum
3309 3385 3520 3454 pariter
3561 3392 3750 3454 potau-

2155 3483 2289 3536 u'um
2320 3478 2488 3548 (Noli.
2529 3479 2632 3549 l0).
2676 3498 2694 3530 ι
2741 3478 2996 3548 Sequitur
3031 3492 3046 3530 :

2226 3571 2389 3626 Vens.
2425 3571 2478 3626 9.
2512 3569 2835 3625 Sternutatio
2863 3569 2976 3638 ejus
3014 3568 3262 3640 splendor
3289 3569 3445 3638 ignis.
3494 3599 3565 3608 ——
3595 3566 3746 3621 Ster-

2155 3665 2363 3723 nutatio
2389 3665 2587 3734 quippe
2615 3663 2798 3717 inllato
2828 3677 2857 3714 a
2885 3670 3106 3732 pectore
3149 3660 3426 3730 exsurgit,
3465 3675 3585 3728 quae
3625 3674 3742 3713 cum

2156 3765 2372 3828 apertos
2401 3752 2467 3808 ad
2495 3751 2856 3809 emanandum
2883 3766 3044 3820 poros
3073 3766 3181 3803 non
3208 3749 3438 3811 invenit,
3465 3748 3743 3802 cerebrum

2157 3846 2348 3916 tangit,
2374 3852 2430 3898 et
2476 3851 2734 3912 congesta
2774 3856 2869 3910 per
2897 3855 3056 3894 nares
3094 3839 3282 3894 exiens
3309 3878 3323 3902 ,
3371 3846 3546 3892 totum
3590 3845 3744 3905 caput

2157 3937 2403 4008 protinus
2458 3932 2716 3989 concutit.
2773 3929 2941 3997 Quasi
2986 3928 3132 3983 enim
3199 3926 3408 3982 inﬂatio
3465 3943 3497 3980 a
3535 3937 3746 3996 pectore

2157 4027 2427 4083 leviathau
2478 4024 2695 4094 surgit,
2744 4023 2869 4076 dum
2941 4019 3104 4075 elatio
3160 4033 3219 4072 se
3273 4019 3442 4087 erigit
3493 4033 3560 4073 es
3612 4032 3742 4086 pne-

2157 4120 2330 4177 sentis
2379 4116 2562 4173 saaculi
2608 4121 2875 4185 potestate
2929 4129 2944 4167 :
2997 4111 3092 4166 sed
3133 4124 3302 4180 poros
3345 4125 3452 4185 non
3504 4108 3740 4167 invenit,

2157 4212 2286 4282 quia
2343 4218 2535 4265 contra
2587 4207 2763 4276 justos
2830 4203 3089 4258 extollere
3163 4211 3430 4270 quantum
3505 4199 3738 4270 appetit,

2157 4301 2497 4373 prohibetur.
2523 4295 2817 4352 Cerebrum
2847 4301 3028 4348 autem
3070 4292 3334 4354 concutit,
3364 4291 3495 4360 quia
3529 4304 3734 4344 sensum

2161 4393 2376 4448 Satanae
2416 4391 2471 4445 in
2520 4389 2626 4443 line
2673 4386 2860 4441 mundi
2916 4384 3120 4439 aret-ius
3157 4381 3446 4452 pertubat,
3497 4392 3552 4434 et
3582 4388 3734 4448 caput

2169 4486 2408 4549 turbat,
2480 4483 2606 4535 dum
2683 4493 2779 4548 per
2846 4477 3239 4531 Antichristum
3318 4475 3736 4546 persecutionem

2159 4575 2404 4630 fidelium
2458 4573 2807 4628 vehementer
2863 4567 3083 4622 excitat.
3153 4565 3306 4620 Tunc
3356 4575 3610 4636 congesta
3661 4564 3734 4615 in-

2167 4663 2314 4719 ﬂatio
2371 4676 2474 4732 per
2540 4658 2657 4728 ejus
2718 4672 2878 4712 nares
2935 4655 3245 4724 egreditur,
3296 4655 3429 4722 quia
3482 4665 3590 4709 tota
3654 4666 3731 4705 su—

2167 4753 2364 4824 perbiae
2389 4750 2505 4818 ejus
2527 4749 2780 4818 iniquitas
2815 4747 3017 4816 apertis
3043 4746 3261 4800 malitia:
3290 4745 3512 4801 flatibus
3533 4747 3733 4799 demon-

2169 4849 2395 4896 stratur.
2431 4837 2764 4894 Sternutatio
2793 4851 2920 4906 ergo
2962 4846 3181 4890 vocatur
3208 4835 3295 4889 illa
3318 4843 3568 4904 extrema
3599 4832 3732 4886 Auti-

2155 4930 2354 4986 christi
2381 4929 2690 4992 commotio,
2717 4926 2769 4980 in
2800 4942 2907 4995 quo
2933 4925 3204 4979 leviathau
3231 4924 3560 4994 ingreditur,
3589 4933 3638 4976 ut
3655 4933 3733 4990 per

2163 5036 2285 5076 eum
2301 5019 2544 5089 rcprobis
2559 5017 2914 5088 principetur;
2939 5015 3052 5069 etsi
3078 5023 3255 5084 potest
3272 5014 3417 5079 ﬁeri,
3443 5023 3503 5068 ut
3517 5015 3730 5068 membra

2163 5111 2328 5164 etiam
2362 5107 2570 5160 Domini
2613 5104 2783 5159 electa
2807 5104 3129 5174 perturbet;
3164 5103 3256 5172 qui
3292 5103 3468 5157 tantis
3499 5103 3663 5173 signis
3691 5107 3734 5151 et

2166 5197 2424 5270 prodigiis
2455 5197 2642 5262 utitur,
2671 5203 2729 5248 ut
2755 5195 3136 5249 miraculorum
3160 5194 3405 5262 potentia
3439 5195 3594 5265 quasi
3618 5204 3734 5260 quo-

2170 5291 2292 5344 dam
2333 5286 2471 5356 ignis
2517 5286 2717 5339 lumine
2763 5283 3110 5354 resplendere
3148 5283 3418 5336 videatur.
3453 5282 3732 5352 Sequitur:

2172 5378 2214 5400 n
2233 5379 2325 5400 __-l.'
2356 5379 2458 5400 -.'--_
2483 5386 2535 5400 --ι
2559 5375 2816 5400 ..-ι..-ι-...
2836 5375 3054 5400 .l.’l-.-..l.'

3219 5371 3323 5400 nn-
3348 5375 3540 5400 ΑΑ--ΙΑΑ
3569 5373 3735 5400 ...ιε-ιιι]
