3934 5400
178 373 285 433 ιθτ

856 372 1159 435 EPITOME
1193 374 1560 434 NORALIUM
1598 372 1659 430 Β.
1697 369 1795 428 GR

1868 368 1908 425 ἶ.
1948 369 2015 425 IN
2052 368 2194 430 JOB.
2234 406 2305 417 —
2342 374 2468 434 LIB.
2508 375 2749 435 XXXIV.

3338 367 3445 428 ωε

180 489 444 559 praebent.
476 485 578 557 Qui
610 495 757 544 recte
783 486 1056 560 palpebris
1093 488 1315 545 diluculi
1355 495 1761 559 comparantur.
1792 491 1838 549 Α
1868 487 2077 544 deatur.
2107 485 2391 555 Quietiam
2413 489 2701 561 aliquando
2720 488 3014 546 electorum
3036 486 3221 546 oculos
3246 491 3447 577 tangit.

180 578 479 649 Palpebras
509 593 742 648 namque
787 578 1011 634 diluculi
1064 588 1340 635 extremas
1386 580 1563 635 noctis
1605 579 1766 633 horas

178 670 499 740 accipimus.
547 669 849 725 Prudentes
902 670 1070 741 igitur
1118 671 1390 742 perversis
1443 668 1766 725 Antichristi

178 758 429 813 consiliis
468 758 818 827 inhaerentes,
864 760 1020 829 quasi
1077 760 1351 831 palpebrae
1371 768 1501 814 sunt
1523 759 1764 825 diluculi,

178 844 312 917 quia
347 847 510 904 iidem
539 863 699 917 quam
728 849 783 904 in
808 849 1029 906 Christo
1061 848 1342 906 inveniunt
1368 850 1524 921 quasi
1562 849 1767 905 erroris

176 938 518 993 uocti........
551 937 667 1009 (66)
698 945 755 994 et
782 940 1183 996 venerationem
1229 939 1551 995 Antichristi
1580 954 1767 994 verum

175 1041 305 1081 esse
334 1042 491 1082 mane
526 1027 868 1098 pollicentur.
914 1028 1195 1099 Spondent
1222 1029 1369 1084 enim
1417 1044 1477 1084 se
1517 1029 1767 1084 tenebras

175 1116 463 1184 repellere,
507 1126 564 1172 et
605 1118 855 1174 veritatis
907 1117 1082 1175 lucem
1130 1118 1300 1191 signis
1344 1118 1770 1175 clarescentibus

173 1207 457 1260 nuntiare.
484 1206 748 1277 Sequitur
787 1225 802 1261 :

249 1297 417 1351 Vsus.
465 1298 550 1352 10.
594 1298 672 1353 De
686 1315 778 1352 ore
799 1298 1518 1370 ejuslampadesproccdunt.
1556 1329 1630 1341 —
1663 1298 1765 1367 Qui

171 1385 321 1440 extim
355 1387 671 1455 procedunt,
701 1388 879 1455 oeuli;
914 1388 1005 1459 qui
1035 1398 1217 1445 autem
1246 1390 1566 1459 praedicant,
1590 1405 1653 1445 os
1674 1404 1768 1445 vo-

174 1484 395 1533 cantur.
424 1478 533 1533 Sed
561 1479 627 1534 de
652 1479 754 1535 hoc
776 1494 871 1534 ore
895 1479 1173 1551 lampades
1200 1491 1422 1548 exeunt,
1449 1483 1578 1552 quia
1607 1498 1764 1538 men-

174 1578 262 1625 tes
282 1572 614 1628 audientium
642 1575 710 1629 ad
730 1589 970 1631 amorem
996 1575 1238 1647 perﬁdiae
1260 1576 1587 1632 accendunt.
1612 1576 1766 1634 Unde

173 1663 331 1718 enim
349 1665 501 1734 quasi
527 1681 623 1735 per
648 1667 969 1738 sapientiam
999 1668 1200 1735 lucent,
1226 1669 1352 1724 inde
1379 1668 1569 1741 procul
1600 1668 1765 1723 dubio

170 1766 277 1823 per
307 1756 603 1826 nequitiam
651 1766 1023 1813 concremant.
1068 1758 1346 1829 Sequitur.
1406 1758 1559 1815 Sicut
1612 1760 1765 1814 ardre

1868 579 2006 637 Hinc
2055 580 2197 635 enim
2243 582 2502 650 scriptum
2548 588 2675 637 est:
2714 599 2733 634 ι
2768 580 3038 637 Turbatus
3080 591 3164 637 est
3203 596 3315 652 pra:
3361 581 3441 636 ira

1866 675 2055 731 oculus
2078 690 2229 730 meus
2259 670 2429 744 (Psdl.
2460 690 2536 739 vi,
2559 673 2635 745 8).
2683 691 2701 727 ›
2733 673 2938 730 Fumus
2961 675 3065 729 iste
3090 673 3442 744 reproborum

1868 766 2121 821 cordibus
2158 775 2289 836 quot
2316 764 2500 821 illicita
2528 765 2792 820 desideria
2818 765 3027 831 inserit,
3055 765 3208 836 quasi
3240 781 3337 837 per
3364 774 3444 822 tot

1868 866 1993 911 ante
2029 857 2212 912 oculos
2260 855 2447 925 globos
2493 856 2878 926 cogitationum
2920 856 3250 912 intumescit.
3305 855 3446 911 Hinc

1866 946 1981 1003 Joel
2014 947 2090 1002 ait
2122 965 2186 1021 :_«
2214 946 2510 1003 Residuum
2538 962 2714 1002 erucae
2736 947 3208 1014 comeditlocusta,
3235 954 3284 1003 et
3311 947 3446 1003 resi—

1867 1038 2031 1094 duum
2059 1036 2279 1092 locustae
2313 1036 2548 1092 comedit
2590 1036 2812 1100 brucus,
2867 1044 2924 1091 et
2973 1035 3246 1093 residuum
3290 1034 3445 1092 bruci

1866 1126 2100 1182 comedit
2140 1126 2331 1197 rubigo
2366 1124 2525 1197 (Joel.
2553 1141 2592 1191 ι,
2620 1124 2701 1197 4).
2741 1144 2761 1178 ι
2796 1125 2899 1182 Ubi
2921 1126 3157 1192 luxuria,
3183 1113 3238 1180 et
3267 1124 3446 1181 inanis
3483 1135 3492 1143 ‘

1867 1217 2060 1289 gloria,
2087 1226 2141 1271 et
2163 1216 2369 1271 ventris
2396 1216 2679 1287 ingluvies,
2702 1225 2756 1273 et.
2789 1218 2865 1272 ira
2895 1217 3226 1286 designatur.
3253 1215 3449 1286 Sequi-

1868 1316 1992 1363 tur:
2020 1306 2166 1363 Sicut
2215 1307 2334 1362 alia:
2370 1324 2633 1363 succensa:
2681 1317 2835 1379 atque
2883 1308 3145 1379 ferventis.
3184 1338 3255 1350 --
3295 1306 3452 1363 Velut

1865 1397 2011 1452 enim
2032 1395 2133 1452 olla
2159 1395 2373 1453 fervens
2397 1405 2480 1451 est
2507 1411 2845 1467 unaquaeque
2875 1406 3002 1454 tunc
3031 1399 3209 1453 anima
3241 1397 3450 1469 cogita-

1869 1491 2072 1544 tionum
2112 1504 2331 1544 suarum
2359 1489 2610 1558 impetus,
2639 1488 2791 1559 quasi
2819 1504 3042 1561 spumas
3064 1488 3330 1543 undarum
3355 1500 3451 1542 ar-

1866 1577 2127 1642 dentium,
2178 1577 2466 1632 sustinens.
2495 1576 2661 1644 Quasi
2701 1576 2837 1648 ignis
2885 1576 2987 1632 zeli
3028 1575 3340 1642 commovit,
3392 1582 3451 1630 et

1867 1669 1983 1739 ipsa
2046 1667 2359 1738 temporalis
2413 1667 2690 1738 oppressio
2745 1682 2893 1723 more
2944 1666 3064 1724 ollae
3118 1667 3452 1722 intrinsecus

1865 1759 2079 1815 clausas
2116 1769 2284 1815 tenet.
2340 1757 2681 1815 Μοιυιιιτειι.
2729 1757 2845 1816 Olla
2893 1758 3039 1815 enim
3079 1759 3451 1825 succenditur,

169 1844 315 1914 ignis
336 1862 589 1902 accenste.
628 1878 701 1888 —
736 1848 897 1904 Tazda
924 1850 1091 1917 enim,
1119 1866 1242 1906 cum
1273 1852 1608 1918 accenditur,
1629 1851 1763 1907 odo-
1794 1840 1838 1899 Β
1866 1864 1987 1904 eum
2021 1863 2173 1922 mens
2203 1849 2436 1903 humana
2467 1847 2685 1919 maligni
2719 1848 2889 1904 nostis
2916 1848 3257 1904 suasionibus
3297 1848 3456 1904 insti-

172 1949 295 1990 rem
340 1938 557 2006 quidem
603 1954 825 1995 suavem
860 1941 1056 2007 habet,
1083 1941 1176 1996 sed
1208 1941 1388 1996 lumen
1427 1940 1759 2008 obscurum;

172 2025 254 2079 ita
317 2026 406 2080 isti
449 2029 831 2096 prtedicatores
880 2031 1223 2099 Antichristi,
1273 2032 1399 2102 quia
1455 2031 1765 2086 sanctitatis

172 2116 414 2186 speciem
445 2119 546 2174 sibi
575 2129 853 2191 arrogant,
897 2122 990 2177 sed
1027 2128 1209 2176 tamen
1249 2137 1413 2191 opera
1461 2121 1767 2191 iniquitatis

170 2217 456 2264 exercent.
485 2209 644 2266 Olent
671 2212 814 2267 enim
835 2228 932 2283 per
960 2212 1366 2267 similitudinem
1392 2212 1638 2282 iustitiae,
1669 2212 1763 2267 sed

171 2297 414 2355 obscure
455 2300 648 2356 ardent
692 2316 791 2372 per
836 2302 1090 2373 nequitia:
1132 2303 1612 2374 perpetrationem.
1661 2300 1763 2357 Se-

168 2386 364 2457 quitur
388 2374 440 2441 τ’

189 2508 193 2512 ›
246 2477 413 2532 Vsus.
456 2480 542 2534 11.
582 2479 662 2535 De
691 2481 907 2536 naribus
927 2482 1041 2553 ejus
1066 2484 1295 2553 procedit
1328 2482 1765 2554 fumum—Ocu-

168 2568 349 2624 lorum
373 2571 573 2640 quippe
594 2571 741 2627 acies
764 2570 910 2626 firmo
927 2574 1223 2640 sauciatur,
1248 2574 1417 2638 idest,
1436 2574 1501 2629 de
1524 2574 1763 2628 miracu-

166 2658 346 2715 lomm
367 2658 484 2728 ejus
514 2660 722 2716 insidiis
741 2662 807 2715 ad
837 2671 1175 2718 momentum
1199 2663 1491 2733 caliginosa
1517 2662 1765 2718 dubietas

166 2754 339 2809 etiam
372 2754 426 2809 in
458 2755 755 2811 electorum
796 2758 960 2812 corde
1007 2768 1323 2828 generatur.
1366 2758 1443 2815 De
1490 2758 1763 2814 leviathan

168 2844 375 2915 quippe
418 2845 645 2901 naribus
671 2845 849 2902 fumus
894 2848 1031 2915 exit,
1073 2848 1200 2918 quia
1240 2861 1309 2902 ex
1350 2848 1466 2918 ejus
1505 2847 1764 2919 prodigiis

169 2934 532 2988 mendacibus
552 2975 568 3001 ,
596 2935 764 2990 etiam
796 2937 1062 2990 bonarum
1090 2937 1350 2991 mentium
1372 2935 1560 2991 oculos
1596 2936 1764 3007 trepi-

1863 1949 2040 2011 gatur.
2076 1938 2191 1995 Olla
2217 1949 2396 1996 autem
2419 1938 2611 2004 fervet,
2637 1955 2758 1996 cum
2777 1940 2889 2010 jam
2915 1940 3078 1995 etiam
3105 1954 3205 2010 per
3230 1953 3455 1996 consen-

1865 2044 1982 2084 sum
2015 2029 2069 2083 in
2098 2029 2383 2085 desideriis
2408 2045 2588 2101 pravm
2609 2029 2978 2099 persuasionis
3019 2031 3354 2096 accenditur,
3399 2037 3458 2086 et

1865 2128 1944 2177 tot
1970 2120 2143 2177 undas
2178 2120 2437 2176 fervendo
2486 2121 2725 2192 projicit,
2768 2135 2867 2190 per
2913 2129 3047 2191 quot
3086 2135 3147 2176 se
3185 2119 3457 2190 nequitias

1864 2227 2034 2283 usque
2054 2212 2119 2267 ad
2146 2212 2416 2268 exteriora
2455 2227 2619 2281 opera
2662 2211 2923 2268 extendit.
2967 2212 3105 2267 Hinc
3139 2213 3283 2267 enim
3314 2210 3457 2266 seris

1864 2310 2015 2373 ptum
2038 2309 2122 2357 est
2160 2320 2173 2354 :
2211 2321 2230 2354 ι
2272 2300 2442 2357 Ollam
2470 2315 2787 2356 succensam
2827 2316 2929 2371 ego
2954 2301 3230 2366 video,‘et
3257 2299 3455 2357 faciem

1864 2390 1982 2461 ejus
2011 2408 2041 2446 a
2065 2391 2202 2446 facie
2229 2376 2511 2460 Aquilonis
2539 2389 2674 2460 (Jer.
2712 2406 2762 2456 ι,
2794 2392 2902 2462 15).
2942 2409 2962 2443 ι
2996 2389 3256 2460 Sequitur
3295 2409 3310 2446 :

1935 2484 2100 2539 Vsus.
2134 2484 2219 2538 12.
2249 2483 2462 2538 Halitus
2484 2483 2598 2554 ejus
2622 2500 2818 2553 prunas
2839 2483 3024 2538 ardere
3044 2482 3193 2553 facit.
3221 2514 3291 2525 —
3314 2483 3458 2551 Quid

1864 2575 2008 2632 enim
2041 2588 2263 2645 prunas,
2298 2573 2405 2629 nisi
2436 2586 2725 2628 succensas
2753 2572 2984 2627 internis
3002 2572 3458 2643 concupiscentiis

1867 2665 2224 2736 reproborum
2249 2664 2528 2719 hominum
2550 2671 2777 2719 mentes.
2792 2663 3062 2733 appellat?
3079 2662 3287 2718 Ardent
3307 2662 3457 2719 enim
3478 2701 3483 2707 -

1867 2774 1988 2814 cum
2022 2757 2301 2831 quodlibet
2333 2754 2628 2825 temporale
2652 2761 2932 2825 appetunt.
2975 2753 3161 2809 Toties
3187 2753 3352 2823 igitur
3379 2752 3458 2807 le-

1866 2848 2084 2902 viathan
2106 2847 2307 2901 halitus
2331 2860 2531 2916 prunas
2561 2845 2830 2916 accendit,
2860 2843 3074 2913 quoties
3103 2843 3219 2914 ejus
3244 2841 3460 2897 occulta

1866 2942 2141 3012 suggestio
2181 2940 2448 2994 humanas
2484 2944 2694 2992 mentes
2720 2936 2787 2991 ad
2813 2935 3201 2990 delectationes
3241 2933 3458 2990 illicitas

167 3020 415 3078 dationis
437 3024 609 3094 caligo
637 3024 939 3081 confundit.
965 3025 1103 3080 Hine
1125 3027 1268 3080 enim
1299 3027 1498 3080 dicitur
1530 3043 1545 3081 :
1582 3045 1600 3078 ι
1631 3026 1764 3081 Sur-
1866 3033 2163 3106 pet-trahit;
2208 3031 2345 3086 alias
2399 3044 2632 3097 namque
2681 3027 2969 3098 superbire,
3002 3026 3161 3096 .alias
3218 3025 3458 3092 invidiae,

166 3122 308 3182 gent
370 3116 764 3184 pseudochristi
794 3158 809 3183 ,
865 3125 921 3171 et
974 3117 1455 3188 pseudoprophetae
1483 3158 1499 3183 ,
1549 3126 1606 3174 et
1669 3119 1765 3173 da-

1868 3125 2002 3179 alias
2023 3123 2249 3178 luxuriae
2270 3120 2478 3177 facibus
2500 3118 2815 3174 inflammat.
2833 3117 3092 3190 Sequitur
3114 3135 3127 3172 :
3153 3114 3222 3169 Et
3240 3118 3461 3187 ﬂamma

164 3204 313 3261 bunt
330 3208 481 3279 signa
507 3218 562 3263 et
582 3211 845 3281 prodigia,
877 3211 950 3265 ita
985 3220 1043 3266 ut
1071 3212 1125 3266 in
1153 3227 1392 3267 errorem
1417 3211 1759 3279 inducantur,
1789 3193 1834 3256 (ἶ
1865 3214 1929 3268 de
1956 3230 2044 3268 ore
2081 3213 2195 3282 ejus
2224 3211 2504 3281 egreditur.
2543 3239 2614 3249 —-
2650 3209 2891 3264 Flamma
2951 3208 3149 3278 quippe
3193 3194 3310 3276 eius
3345 3204 3462 3261 oris

172 3295 222 3351 si
290 3296 404 3352 ileri
440 3308 640 3368 potest,
690 3301 853 3355 etiam
911 3302 1093 3357 eiecti.
1140 3320 1159 3355 ι
1196 3302 1412 3373 (Matth.
1459 3319 1610 3371 sxw,
1645 3304 1763 3376 24.)
1865 3312 1970 3369 est,
2015 3301 2445 3373 ipsalnstigatio
2484 3299 2712 3355 occulta:
2744 3297 3049 3361 locutionis,
3082 3310 3245 3366 quam
3291 3306 3462 3365 prave

166 3386 515 3445 Monam-rea.
554 3391 692 3459 Quia
729 3392 1001 3449 leviathan
1061 3395 1164 3450 iste
1201 3409 1426 3465 serpens
1461 3403 1517 3451 et
1548 3396 1767 3467 regulus
1867 3392 1935 3448 ad
1966 3389 2389 3460 uniuscujusque
2411 3390 2651 3444 animum
2682 3390 2991 3459 pertingere
3015 3386 3165 3444 facit.
3198 3383 3348 3441 Unde
3375 3399 3463 3440 ar-

169 3476 410 3547 dicitur,
434 3482 574 3539 sicut
610 3482 775 3537 Isaias
813 3484 932 3537 ait:
968 3502 986 3535 ‹
1017 3485 1093 3539 De
1129 3484 1310 3540 radice
1352 3484 1562 3539 colubri
1608 3500 1765 3556 egre-
1868 3485 1956 3552 det
1996 3483 2050 3537 in
2096 3482 2382 3537 desideriis
2423 3481 2657 3546 animus,
2700 3496 2823 3535 cum
2870 3478 2986 3547 ejus
3027 3476 3461 3550 suggestionibus

169 3567 359 3623 dietur
384 3571 611 3640 regulus
631 3571 768 3641 (Isa.
801 3588 909 3635 xxv,
938 3572 1052 3642 29),
1088 3591 1107 3624 ι
1140 3580 1195 3627 et
1223 3574 1444 3643 regulus
1486 3588 1591 3627 non
1625 3589 1767 3628 mor.
1870 3575 2179 3645 instigatur.
2241 3573 2370 3628 Hree
2412 3572 2656 3643 quotidie
2707 3570 2969 3641 suggerit,
3006 3571 3121 3625 haec
3177 3581 3347 3637 usque
3388 3565 3463 3622 ad

167 3672 274 3715 sus
314 3660 408 3714 sed
439 3661 566 3716 ilatu
594 3663 834 3733 perimit,
879 3672 1028 3718 recte
1057 3663 1122 3717 de
1153 3663 1375 3718 naribus
1423 3662 1540 3731 ejus
1589 3663 1769 3719 fumus
1874 3665 2161 3735 praesentis
2188 3663 2313 3717 vita:
2340 3662 2630 3717 terminum
2656 3674 2946 3732 suggerere
2968 3675 3076 3714 non
3099 3658 3332 3721 desistit,
3362 3655 3463 3713 sed

166 3750 472 3819 procedere
527 3752 827 3818 asseritur,
879 3751 1036 3820 cujus
1103 3753 1281 3807 noxiis
1325 3751 1767 3825 inspirationibus
1875 3764 2002 3826 tunc
2050 3770 2110 3810 se
2155 3754 2387 3824 nequius
2430 3753 2651 3822 dilatat,
2684 3768 2804 3808 cum
2837 3766 2933 3829 per
2968 3752 3115 3818 illum
3147 3752 3462 3817 damnatum

167 3855 345 3912 prava
383 3839 434 3894 in
471 3842 726 3896 humanis
765 3842 1017 3897 cordibus
1051 3842 1306 3913 cogitatio
1350 3843 1624 3916 nascitur,
1668 3858 1766 3913 per
1872 3844 2149 3916 hominum
2175 3842 2401 3900 veniens
2422 3840 2516 3913 ,'in
2543 3843 2701 3914 hujus
2722 3832 2907 3898 mundi
2934 3856 2995 3897 se
3021 3841 3193 3913 gloria
3214 3842 3459 3913 apertius

165 3948 337 4003 quam
386 3935 536 3990 acies
589 3935 789 3990 mentis
820 3934 1159 4000 obtunditur,
1202 3949 1270 3990 ne
1312 3934 1404 3990 lux
1446 3935 1659 3990 interna
1685 3934 1759 3989 vi-
1867 3935 2139 3990 ostendat.

247 4044 357 4123 (66)
380 4044 591 4103 ﬂerunt
623 4054 949 4116 punctorum
985 4042 1188 4119 loco.in
1217 4042 1342 4112 Ms.,
1379 4043 1643 4120 hac-vox
1661 4044 1893 4119 habetur
1915 4054 2260 4112 etuasserunt,
2289 4045 2383 4101 sed
2407 4060 2526 4117 quae
2548 4018 2740 4101 Latina
2772 4043 2994 4101 minime
3016 4042 3249 4102 videtur.

998 4421 1302 4503 LIBER
1354 4419 1977 4506 TBICESIMUS
2031 4420 2549 4514 QUARTUS.

1649 4594 2030 4619 -—-——_

242 4727 406 4785 Vnus.
438 4728 531 4784 15.
594 4724 663 4781 ιιι
697 4726 832 4782 collo
868 4727 984 4799 ejus
1014 4726 1328 4783 morabitur:
1372 4723 1650 4796 fortitudo.
1693 4752 1767 4766 —
1795 4727 1845 4788 D
1870 4725 2163 4796 designari.
2191 4724 2345 4782 Unde
2371 4724 2632 4795 scriptum
2659 4729 2745 4781 est
2786 4740 2800 4779 :
2842 4740 2862 4776 ι
2891 4721 3082 4781 Facies
3108 4734 3231 4778 mea
3256 4733 3466 4792 praee-

167 4818 316 4888 Qnid
341 4815 664 4873 enimcollo
689 4815 960 4873 leviathan
1010 4817 1165 4874 istius
1187 4857 1203 4885 ,
1247 4816 1353 4873 nisi
1387 4816 1638 4879 elationis
1665 4830 1767 4871 exs
1871 4818 1969 4891 det
1992 4827 2049 4874 te
2070 4815 2270 4890 (Exod.
2302 4831 2496 4882 xxxiii,
2519 4816 2630 4887 14).
2670 4833 2690 4867 ι
2734 4813 3026 4870 Sciendum
3049 4827 3183 4870 vero
3208 4810 3483 4881 estquod

167 4910 353 4965 tensio
374 4907 731 4980 designatur?
759 4907 860 4974 Qui
885 4916 1075 4964 contra
1107 4908 1275 4963 Deum
1298 4922 1358 4963 se
1380 4907 1615 4978 erigens,
1639 4920 1765 4960 cum
1871 4918 2083 4978 egestas
2123 4908 2180 4963 in
2226 4920 2387 4964 sacro
2431 4906 2649 4978 eloquio
2694 4904 2852 4959 aliter
2886 4904 3183 4961 electorum
3225 4902 3469 4971 ponitur,

160 4997 523 5057 simulatione
554 4998 890 5065 sanctitatis,
929 4999 1096 5055 etiam
1125 5006 1338 5054 tumore
1365 4997 1650 5066 potestatis
1675 5007 1772 5048 ex-
1871 5006 2033 5069 atque
2059 4998 2221 5053 aliter
2248 4997 2631 5066 reproborum.
2660 4993 3147 5062 Egestasuamque
3172 4987 3474 5045 electorum

161 5092 406 5146 tollitur.
438 5089 577 5157 Quia
609 5088 759 5145 enim
795 5105 892 5158 per
917 5089 1113 5146 collum
1142 5086 1395 5159 superbia
1423 5088 1766 5159 designatur,
1872 5096 1977 5155 est,
2009 5104 2132 5145 cum
2165 5102 2308 5143 verae
2337 5085 2543 5143 divitia:
2573 5083 2817 5140 coelestia
2832 5085 3024 5152 patriae
3038 5083 3108 5137 ad
3130 5094 3322 5135 eorum
3351 5080 3475 5136 ani-

160 5180 349 5236 lsaias
402 5186 640 5233 testatur
691 5177 879 5234 dicens
938 5175 1511 5234 :.¢.Ambuiaverunt
1551 5182 1773 5232 extento
1878 5193 2029 5234 mum
2057 5178 2308 5244 redeunt,
2340 5183 2398 5230 et
2440 5177 2497 5232 in
2544 5178 2650 5232 hoc
2699 5187 3008 5228 aerumnosa
3039 5170 3321 5244 praesentis
3348 5172 3482 5230 vita

166 5268 318 5294 -..ΙΙΑ
349 5266 463 5294 ΙΙ-..
514 5282 568 5294 ι..
623 5265 715 5294 un
768 5283 787 5294 ι
821 5266 1092 5294 ΛηξΛι-ηέιι

1138 5267 1325 5294 ..σξη-ιιι
1376 5272 1504 5294 inn:-
1538 5262 1772 5294 ηιοηαυιιο
1880 5268 2069 5294 Α-.-ξιὲιι
2096 5268 2258 5294 ---ξιξ

2308 5280 2582 5294 “lucina-nn
2613 5276 2671 5294 IIII
2697 5275 2816 5294 Δβαο
2844 5262 3209 5294 ΜΔηηῖσιΔιηιηθ
3267 5256 3344 5294 nn
3580 5282 3585 5287 ν
