3934 5400
482 417 592 474 699

479 622 607 691 quia
637 629 692 674 tu
721 637 780 676 es
809 622 992 689 miser,
1020 632 1074 678 et
1117 624 1462 691 miserabilis,
1497 641 1722 697 pauper,
1767 637 1823 682 et
1856 642 2054 694 caecus,

479 719 533 765 et
562 711 736 766 nudus
762 709 945 782 (Apoc.
975 728 1058 779 ιιι,
1091 713 1202 783 l7).
1235 733 1254 765 ι
1295 715 1520 786 Egestas
1545 732 1673 787 ergo
1703 717 1894 773 faciem
1922 734 2058 789 pra:-

479 797 654 872 eedet,
678 806 805 875 quia
833 822 990 864 nemo
1019 809 1310 880 cognitioni
1348 809 1464 879 ejus
1484 812 1746 884 jungitur,
1776 815 1880 870 nisi
1910 817 2058 886 prius

478 895 740 951 virtutum
769 897 993 964 divitiis,
1025 900 1107 954 vel
1137 900 1560 970 cogitationibus
1587 905 1791 959 sanctis
1821 905 2060 960 denude-

479 996 590 1040 tur.
624 986 720 1041 Vel
749 997 896 1044 certe
924 991 1048 1059 quia
1080 991 1264 1048 multis
1290 994 1363 1048 ita
1395 993 1766 1049 fraudulenter
1793 997 2056 1066 subrepit,

480 1085 539 1129 ut
563 1077 632 1132 ab
661 1078 738 1132 eis
771 1079 1086 1148 reprehendi
1140 1096 1477 1153 nequaquam
1529 1085 1718 1153 possit.
1770 1085 1835 1140 Et
1863 1086 1942 1141 sic
1970 1102 2060 1142 eo-

482 1183 598 1220 rum
647 1167 873 1224 virtutes
919 1181 1185 1238 evacuat,
1241 1181 1509 1242 quatenus
1552 1174 1764 1230 astutia:
1799 1176 2060 1232 malitiam

482 1273 588 1312 non
613 1261 878 1323 ostendat,
907 1259 1097 1317 faciem
1121 1265 1238 1333 ejus
1263 1273 1476 1335 egestas
1505 1266 1698 1335 praeire
1723 1266 2057 1336 perhibetur.

484 1348 621 1403 llinc
650 1351 794 1404 enim
838 1351 1037 1406 dicitur
1081 1369 1178 1422 per
1220 1355 1538 1423 prophetam
1583 1374 1596 1408 :
1641 1373 1661 1406 ι
1701 1355 2063 1411 Comederuut

483 1440 642 1494 alieni
675 1443 838 1496 robur
867 1441 1013 1511 ejus,
1058 1453 1113 1500 et
1160 1445 1272 1514 ipse
1304 1445 1571 1515 ignoravit
1618 1446 1765 1514 (Ose.
1792 1461 1890 1512 vu,
1916 1446 1994 1517 9).
2036 1464 2056 1498 ι

479 1531 684 1587 Aliter:
703 1533 950 1589 Terribili
977 1535 1191 1606 quidem
1213 1537 1402 1591 ordine
1421 1536 1789 1606 dispositionis
1813 1536 2062 1602 occultae,

480 1623 794 1695 priusquam
851 1624 1121 1680 lcviathan
1174 1627 1277 1682 iste
1323 1627 1378 1681 in
1427 1627 1517 1684 illo
1556 1627 1811 1683 damnato
1847 1629 2064 1684 homine

481 1730 640 1784 quem
671 1715 896 1770 assumit
936 1725 1213 1787 appareat,
1253 1734 1282 1770 a
1313 1726 1497 1773 sancta
1536 1718 1773 1774 Ecclesia
1804 1717 2062 1772 virtutum

479 1809 632 1877 signa
675 1809 1104 1874 subtrahuntur,
1149 1810 1410 1864 doctrinae
1462 1810 1625 1865 verba
1669 1809 2068 1875 conticescunt,

481 1900 864 1955 miraculorum
937 1902 1178 1972 prodigia
1250 1900 1556 1968 tolluntur,
1611 1911 1668 1956 et
1741 1911 1870 1956 tunc
1935 1885 2138 1956 con-3

481 2000 562 2044 tra
612 2005 705 2045 eos
759 1991 1013 2060 antiquus
1068 1991 1158 2046 ille
1204 2005 1303 2060 per
1360 2001 1546 2061 aperta
1598 1991 1837 2064 prodigia
1894 1991 2066 2046 hostis

479 2082 802 2138 ostenditur.
847 2081 1100 2150 Quamvis
1145 2084 1310 2139 etiam
1361 2083 1610 2139 fidelibus
1655 2083 1710 2138 in
1765 2082 1882 2152 ejus
1939 2098 2062 2138 cer-

481 2172 684 2227 tamine
740 2171 892 2242 signa
947 2187 1056 2226 non
1111 2173 1359 2228 deerunt.
1424 2173 1530 2228 Sed
1583 2181 1730 2227 tanta
1785 2181 1946 2226 erunt
1997 2171 2061 2226 il-

480 2264 605 2329 lius,
639 2272 694 2318 ut
741 2273 1047 2321 nostrorum
1078 2277 1170 2322 aut
1202 2281 1393 2337 pauca,
1434 2277 1526 2322 aut
1568 2266 1712 2322 nulla
1756 2266 2061 2324 videantur.

483 2353 742 2421 Sequitur
777 2371 794 2405 ι

552 2441 718 2498 Vens.
754 2443 838 2498 U.
882 2443 1118 2498 Membra
1157 2445 1398 2499 carnium
1431 2443 1546 2514 ejus
1582 2444 1904 2498 cohaerentia
1942 2443 2062 2497 sibi.

480 2563 550 2574 —-
575 2531 780 2588 Carnes
799 2533 942 2588 enim
973 2532 1242 2588 leviathan
1270 2532 1429 2602 hujus
1454 2541 1579 2587 sunt
1604 2546 1794 2588 omnes
1826 2531 2064 2602 reprobi,

480 2627 570 2696 qui
603 2628 669 2682 ad
699 2626 1028 2683 intellectum
1065 2626 1360 2697 spiritualis
1388 2627 1575 2698 patrire
1605 2642 1701 2697 per
1740 2627 2066 2682 desiderium

485 2731 592 2771 non
621 2725 932 2787 assurgunt.
984 2716 1226 2772 Membra
1274 2732 1404 2772 vero
1451 2726 1581 2773 sunt
1623 2717 1680 2771 hi
1725 2717 1818 2786 qui
1865 2716 2068 2771 eisdem

482 2821 740 2876 perverse
784 2807 1097 2878 agentibus,
1142 2815 1196 2862 et
1235 2821 1357 2862 sese
1387 2808 1454 2862 ad
1491 2808 1829 2879 iniquitatem
1866 2822 2068 2878 praece-

483 2897 734 2952 dentibus
780 2897 1193 2968 conjunguntur.
1249 2896 1402 2952 Sicut
1437 2911 1469 2951 e
1497 2906 1688 2954 contra
1719 2913 1816 2968 per
1844 2897 2068 2952 Paulum

485 2987 555 3043 de
595 2987 876 3044 Dominico
919 3004 1144 3058 corpore
1193 2989 1439 3044 dicitur:
1492 3007 1510 3040 ι
1543 2989 1650 3044 Vos
1693 2989 1824 3044 estis
1875 3003 2070 3058 corpus

486 3077 690 3132 Christi
738 3086 793 3131 et
840 3077 1077 3134 membra
1125 3078 1192 3134 de
1240 3079 1483 3133 membro
1531 3077 1582 3147 (I
1605 3077 1728 3132 Cor.
1763 3077 2000 3148 xu,?.7).
2046 3097 2064 3129 ι

489 3168 627 3235 Quia
656 3168 799 3222 enim
839 3168 1104 3239 malignus
1130 3168 1300 3224 hostis
1326 3169 1424 3224 sibi
1456 3169 1509 3222 in
1541 3184 1796 3238 perverso
1835 3183 2000 3238 opere
2038 3183 2066 3220 a

488 3362 668 3402 sermo
699 3348 752 3402 in
780 3363 845 3404 eo
876 3347 1116 3403 membra
1146 3349 1392 3404 carnium
1433 3347 1652 3404 sibimet
1689 3347 2070 3402 cohatrentiam

491 3448 795 3504 memorat;
850 3439 930 3495 sic
980 3454 1212 3509 namque
1267 3453 1520 3508 perversa
1567 3437 1894 3492 unanimiter
1949 3451 2074 3491 sen-

490 3530 654 3597 tiuut,
680 3540 740 3586 ut
766 3532 906 3586 nulla
935 3541 1122 3587 contra
1164 3547 1224 3587 se
1265 3533 1502 3588 vicissim
1545 3529 1908 3600 disputatione
1933 3528 2072 3583 divi-

491 3619 714 3674 dantur.
744 3621 809 3675 Et
835 3621 1036 3676 idcirco
1064 3630 1251 3677 contra
1284 3619 1456 3676 bonos
1485 3621 1835 3676 vehementer
1862 3633 2070 3688 prazva-

489 3710 640 3776 lent,
691 3711 818 3782 quia
866 3712 919 3766 in
965 3711 1106 3767 man
1151 3728 1209 3768 se
1259 3711 1600 3767 concorditer
1648 3719 1854 3766 tenent.
1895 3709 2069 3777 Quam

491 3802 663 3856 scindi
695 3810 848 3873 optat
888 3804 1234 3859 concordiam
1274 3805 1560 3874 pr0pheta,
1595 3803 1782 3859 dicens
1816 3821 1830 3856 :
1877 3823 1895 3856 ι
1927 3803 2072 3858 Prte-

493 3893 656 3962 cipita
685 3935 701 3960 ,
741 3894 1002 3962 Domine,
1049 3903 1106 3951 et
1149 3895 1327 3951 divide
1383 3895 1595 3964 linguas
1639 3910 1827 3951 eorum
1877 3894 2070 3965 (Psal.

491 3999 600 4050 uv,
634 3984 741 4054 10).
777 4005 797 4038 ι
837 3985 1137 4056 Sequitur:
1167 3985 1338 4041 Mitlet
1385 3996 1568 4041 contra
1607 4003 1726 4040 eum
1767 3986 1992 4058 fulmina
2021 3993 2070 4040 et

492 4076 563 4129 ad
593 4075 764 4130 locum
803 4077 968 4131 alium
1002 4094 1106 4131 non
1142 4077 1395 4145 ferentur.
1431 4109 1504 4118 —
1532 4076 1670 4146 Quid
1713 4077 2073 4148 appellatione

495 4163 758 4230 fulminis,
803 4166 906 4220 nisi
955 4167 1246 4220 tremenda:
1292 4166 1394 4222 illa:
1445 4167 1675 4222 extremi
1716 4165 1905 4236 judicii
1951 4182 2074 4222 sen-

495 4257 675 4312 tentia!
709 4256 1096 4326 designantur?
1128 4257 1258 4326 Quae
1299 4259 1499 4315 idcirco
1535 4257 1760 4314 fulmina
1787 4267 2071 4324 vocantur,

493 4349 620 4418 quia
646 4348 901 4404 nimirum
929 4365 1022 4405 eos
1050 4365 1184 4419 quos
1213 4349 1414 4406 feriunt
1438 4352 1495 4407 in
1525 4360 1847 4422 perpetuum
1890 4353 2075 4406 incen-

496 4439 631 4492 dunt
673 4437 901 4494 fulmina
947 4440 1013 4494 ad
1049 4441 1228 4496 locum
1254 4440 1415 4496 alium
1446 4457 1556 4498 non
1587 4443 1914 4511 referentur,
1947 4442 2072 4511 quia

488 4527 655 4628 iustis
705 4531 1100 4602 gaudentibus,
1158 4531 1302 4588 solos
1351 4542 1480 4588 tunc
1536 4536 1794 4606 reprobos
1850 4533 2071 4590 feriunt.
2100 4566 2156 4628 Β

499 4617 760 4689 Sequitur

565 4709 730 4766 Vens.
780 4711 872 4766 15.
908 4711 1013 4766 Cor
1048 4713 1162 4782 ejus
1181 4713 1518 4768 indurabitur
1537 4723 1786 4786 tanquam
1826 4715 1980 4786 lapte.
2007 4744 2078 4754 —

492 4805 602 4860 Cor
629 4803 773 4860 enim
818 4803 1025 4874 antiqui
1051 4805 1253 4870 hostis,
1293 4815 1353 4861 ut
1382 4804 1518 4874 lapis
1561 4805 1920 4872 indurahitur,
1949 4806 2076 4876 quia

493 4897 644 4952 nulla
713 4911 948 4966 unquam
989 4899 1358 4954 conversionis
1408 4897 1726 4967 paenitentia
1782 4896 2074 4952 mollietur.

496 4985 754 5050 Sequitur
782 5028 795 5034 -
829 4986 898 5036 Et
945 4987 1230 5052 stringatur
1272 4987 1423 5052 quasi
1457 4985 1778 5041 malleatoris
1809 4986 1978 5040 incus.
2006 5016 2078 5026 —

1378 456 1390 482 ι
1456 421 1512 477 S.
1557 421 1808 480 ODONIS
1843 425 2134 482 ABBATIS
2173 426 2668 484 CLUNIACENSIS
2707 430 2746 484 ll

480 533 634 587 dives
659 546 778 588 sum
801 541 858 588 et
882 515 1258 602 locupletatus,
1289 543 1346 590 et
1374 536 1576 592 nullius
1601 552 1764 608 egeo;
1791 546 1848 593 et
1877 537 2056 593 nescis
2087 542 2130 600 Α

3636 437 3737 492 500

2235 539 2397 595 Vnus.
2426 539 2510 595 16.
2549 538 2679 594 Cum
2705 540 2941 595 sublatus
2972 540 3148 610 fuerit,
3177 543 3426 598 timebunt
3467 546 3662 616 angeli,
3691 559 3740 603 et

2160 631 2328 696 territi
2339 630 3010 700 purgabantur.—Soletin
3027 630 3299 703 Scriptura
3315 634 3605 704 aliquando
3619 644 3738 690 tem-

2163 736 2261 790 pus
2282 721 2615 790 pmteritum
2645 737 2742 791 pro
2769 720 2971 787 futuro,
2999 731 3054 777 et
3073 721 3307 778 futurum
3339 739 3438 792 pro
3473 725 3740 793 praeterito

2161 809 2309 882 poni.
2352 809 2506 865 Sicut
2550 807 2742 864 Joanni
2790 810 2986 864 mulier
3021 811 3260 880 paritura
3320 812 3626 867 masculum
3655 813 3744 881 qui

2161 911 2306 973 regal
2345 911 2539 972 gentes
2577 903 2629 957 iu
2671 902 2820 973 virga
2851 901 3026 957 ferrea
3050 942 3066 968 ,
3119 917 3207 957 res
3251 916 3400 973 gesta
3434 902 3620 957 futura
3649 905 3741 958 de-

2162 1003 2495 1050 monstratur
2543 993 2726 1065 (Apoc.
2757 994 2981 1065 311,5);
3031 1002 3085 1048 et
3129 993 3414 1050 Psalmista
3460 1013 3473 1048 :
3520 1012 3539 1045 ε
3577 994 3744 1050 Fode-

2163 1096 2308 1149 runt,
2340 1105 2357 1138 ι
2409 1085 2605 1156 inquit,
2644 1105 2661 1138 ι
2692 1101 2883 1141 manus
2913 1101 3062 1142 meas
3097 1095 3150 1141 et
3183 1086 3344 1155 pedes
3376 1101 3528 1141 meos
3575 1085 3742 1141 (Ρωι.

2164 1191 2277 1241 xu,
2303 1175 2415 1246 17),
2465 1195 2483 1227 ι
2536 1190 2624 1231 res
2669 1173 2847 1231 futura
2890 1191 2988 1245 pro
3032 1177 3303 1246 praeterita
3347 1176 3590 1246 ponitur.
3638 1174 3746 1229 Hoc

2163 1281 2293 1336 ergo
2318 1265 2435 1320 loco
2464 1266 2539 1320 nil
2564 1267 2744 1322 obstat
2774 1267 3022 1337 intelligi,
3055 1267 3178 1336 quia
3218 1267 3318 1322 sub
3342 1266 3512 1320 futuri
3547 1275 3746 1335 tempo-

2163 1360 2240 1413 ris
2270 1360 2438 1413 modo
2455 1359 2730 1429 praeterita
2777 1359 3172 1414 describuntur.
3204 1358 3444 1413 Cadente
3473 1359 3657 1427 itaque
3684 1358 3746 1410 ab

2164 1463 2287 1504 arce
2311 1447 2662 1503 beatitudinis
2688 1448 2978 1513 Ieviathau,
3001 1448 3211 1502 ruinam
3242 1447 3358 1518 ejus
3385 1448 3555 1501 etiam
3582 1446 3750 1500 elatos

2164 1539 2382 1610 angelos
2407 1541 2710 1610 expavisse,
2747 1550 2800 1595 ut
2833 1555 2954 1596 cum
2987 1539 3148 1594 istum
3175 1554 3242 1594 ex
3281 1538 3494 1593 illorum
3526 1551 3748 1591 numero

2164 1632 2416 1702 superbia
2442 1632 2658 1703 elapsus
2700 1631 2879 1702 ejeeit,
2917 1631 3035 1686 illos
3068 1631 3136 1685 ad
3185 1631 3460 1686 robustius
3499 1628 3747 1684 standum

2167 1723 2329 1778 timor
2359 1723 2473 1794 ipse
2502 1723 2776 1778 solidaret.
2807 1722 2975 1792 llujus
3003 1723 3183 1790 itaque
3217 1721 3400 1789 lapsus
3437 1734 3538 1774 eos
3568 1726 3624 1774 et
3648 1725 3751 1772 ter-

2169 1815 2276 1870 ruit
2319 1825 2376 1871 et
2423 1815 2668 1884 purgavit
2701 1833 2714 1869 :
2755 1817 2967 1880 terruit,
3012 1829 3080 1869 ne
3109 1814 3441 1870 conditorem
3475 1826 3637 1867 suum
3665 1824 3755 1864 su-

2166 1905 2330 1976 perbe
2356 1905 2696 1976 despicerent
2722 1946 2738 1970 ,
2786 1906 3035 1977 purgavit
3080 1919 3240 1970 vero,
3271 1903 3398 1974 quia
3427 1900 3752 1958 exeuntibus

2168 1996 2416 2067 reprobis
2465 2004 2646 2052 actum
2693 2006 2812 2062 est,
2863 2006 2926 2055 ut
2968 1997 3128 2052 electi
3173 1995 3314 2061 soli,
3349 1994 3442 2064 qui
3492 1995 3656 2048 beate
3698 1991 3749 2045 in

2166 2096 2426 2146 azternum
2461 2089 2735 2156 viverent,
2761 2096 3124 2144 remanerent.
3156 2085 3452 2143 Possumus
3489 2085 3596 2138 hoc
3637 2081 3750 2136 loco

2166 2178 2327 2233 etiam
2377 2176 2596 2248 angelos
2639 2186 2855 2232 sanctos
2881 2176 3263 2246 prmdicatores
3297 2173 3574 2243 accipere.
3620 2171 3750 2225 Hinc

2167 2268 2428 2338 propheta
2468 2267 2544 2322 ait
2593 2285 2606 2320 :
2650 2285 2668 2316 ι
2711 2265 2898 2336 Angeli
2943 2267 3091 2336 pacis
3129 2277 3313 2318 amare
3340 2261 3550 2316 ﬂebunt
3597 2257 3752 2331 (lu.

2166 2371 2362 2421 χχχιιι,
2391 2355 2467 2426 7).
2497 2374 2518 2407 ι
2561 2354 2698 2410 llinc
2726 2354 3018 2409 Malachias
3049 2354 3125 2408 ait
3153 2371 3166 2407 :
3205 2372 3222 2404 ι
3250 2351 3418 2406 Lahia
3454 2348 3750 2404 sacerdotis

2168 2445 2472 2501 eustodieut
2498 2445 2800 2508 scientiam,
2823 2453 2879 2500 et
2901 2443 3067 2514 legem
3097 2443 3371 2512 requirent
3401 2456 3468 2494 ex
3496 2455 3592 2495 ore
3618 2440 3748 2509 ejus,

2168 2537 2294 2604 quia
2348 2535 2572 2606 angelus
2605 2535 2846 2618 [Domini
2911 2534 3243 2590 exercituum
3316 2541 3402 2588 est
3469 2530 3750 2602 (Malach.

2171 2644 2231 2693 ll,
2265 2627 2340 2694 7).
2375 2647 2394 2680 ι
2435 2627 2770 2682 Advenieute
2796 2642 3026 2695 namque
3057 2626 3304 2680 districto
3336 2622 3542 2692 judice,
3571 2632 3746 2676 extre-

2171 2732 2257 2773 ma
2294 2717 2385 2773 hic
2413 2717 2688 2772 leviathan
2720 2715 2999 2772 damnatio
3033 2716 3368 2784 designatur,
3411 2729 3519 2784 qua
3554 2713 3621 2767 de
3647 2712 3743 2766 hoc

2170 2808 2373 2864 mundo
2425 2822 2522 2878 per
2575 2808 2708 2862 iram
2752 2807 2942 2877 judicii
2999 2806 3243 2871 tollitur,
3288 2805 3380 2874 qui
3430 2819 3575 2858 nunc
3615 2803 3748 2858 mira

2170 2898 2606 2954 mansuetudinis
2634 2897 3042 2966 longanimitate
3073 2895 3351 2952 toleratur.
3375 2895 3552 2948 Tanto
3571 2904 3746 2947 autem

2172 2991 2300 3046 hinc
2327 2989 2562 3060 pondere
2595 2989 2820 3044 terroris
2847 2988 3138 3055 excutitur,
3168 2996 3225 3042 ut
3256 2994 3567 3040 sanctorum
3592 2985 3745 3038 etiam

2171 3081 2582 3152 praedicatorum
2623 3079 2878 3135 fortitudo
2900 3119 2916 3144 ,
2958 3080 3050 3149 qui
3099 3078 3152 3134 in
3184 3077 3501 3146 corporibus
3531 3074 3748 3144 reperiri

1856 3183 2000 3238 ipere
2038 3183 2066 3220 a
2115 3228 2139 3248 π
2171 3170 2485 3241 potuerint,
2543 3169 2807 3223 immenso
2855 3176 3062 3224 terrore
3113 3167 3378 3222 turbetur.
3431 3163 3534 3231 Qui
3583 3163 3744 3217 leniti

1856 3256 2070 3311 divinus
2097 3234 2141 3288 (δ
2174 3273 2508 3311 numantur-
2559 3262 2681 3311 nuia
2730 3261 2774 3311 si
2823 3277 2929 3311 oua
2978 3260 3057 3311 eis
3095 3260 3272 3311 inesse
3319 3257 3519 3311 poterit
3560 3256 3744 3309 levium

486 3258 678 3328 primis
727 3272 899 3329 usque
951 3259 1018 3312 ad
1087 3257 1382 3313 maximum
1460 3259 1796 3323 concordat,
1856 3256 2070 3311 divinus

2173 3273 2509 3334 purgantur,
2559 3262 2681 3332 quia
2730 3261 2774 3316 si
2823 3277 2929 3331 qua
2978 3260 3057 3315 eis
3095 3260 3272 3314 inesse
3317 3257 3519 3326 poterit
3560 3256 3746 3309 levium

2175 3355 2368 3425 rubigo
2398 3355 2686 3416 vitiorum,
2735 3351 2840 3408 hoc
2880 3365 3081 3422 pavore
3109 3348 3454 3418 excoquitur.
3494 3345 3750 3402 Conside-

2176 3447 2400 3502 randum
2429 3459 2560 3499 vero
2589 3451 2700 3508 est,
2737 3443 2790 3497 bi
2829 3443 2922 3513 qui
2951 3441 3183 3496 oderunt
3219 3439 3512 3495 adventum
3535 3434 3738 3504 judicis,

2175 3536 2308 3608 quid
2329 3537 2530 3593 facient
2563 3536 2608 3591 si
2642 3546 2905 3590 terrorem
2935 3533 3069 3588 tanti
3089 3531 3282 3604 judicii
3311 3529 3479 3586 etiam
3507 3527 3601 3599 qui
3629 3526 3743 3582 dili-

2175 3635 2305 3698 gunt
2332 3623 2732 3694 expavescunt?
2773 3621 3029 3692 Sequitur
3059 3639 3072 3676 :

2247 3717 2407 3772 Vens.
2429 3717 2513 3770 l7.
2538 3715 2668 3770 Cum
2690 3713 3084 3785 apprehenderit
3108 3727 3223 3765 eum
3238 3707 3746 3780 g!adius,subsistm

2176 3823 2278 3860 non
2302 3805 2486 3875 poterit
2510 3821 2670 3875 neque
2689 3809 2862 3869 hasta,
2887 3819 3047 3873 neque
3069 3801 3276 3854 thorax.
3303 3829 3372 3838 -—
3393 3798 3453 3852 In
3479 3797 3746 3866 Scriptura

2176 3895 2465 3965 aliquando
2491 3909 2587 3964 per
2616 3894 2845 3964 gladium
2868 3904 3053 3948 sancta
3082 3889 3391 3960 praedicatio
3423 3889 3748 3956 designatur,

2175 3997 2234 4045 ιιι
2265 3979 2404 4042 illud
2450 4001 2466 4040 :
2520 4004 2538 4036 ι
2571 3985 2637 4040 Ει
2675 3986 2886 4057 gladius
2923 3984 3142 4053 spiritus
3166 4023 3181 4048 ,
3229 3981 3375 4051 quod
3405 3990 3491 4036 est
3522 3977 3745 4034 Verbum

2176 4077 2270 4132 Dei
2312 4075 2528 4146 (Ephes.
2554 4090 2628 4137 vt,
2663 4075 2772 4144 l7).
2806 4095 2824 4126 ι
2873 4072 3174 4142 Aliquando
3213 4081 3417 4124 mterna
3461 4066 3743 4125 damnatiOs

2175 4168 2393 4224 ut.illud
2429 4186 2442 4220 :
2492 4185 2510 4219 ι
2539 4166 2595 4221 Si
2624 4166 2963 4235 multiplicati
2995 4164 3197 4219 fuerint
3232 4162 3326 4217 lilii
3356 4160 3557 4230 ejus-in
3585 4159 3749 4230 gladio

2176 4270 2336 4316 erunt
2369 4258 2490 4331 (Job
2519 4274 2686 4322 xxvtt,
2722 4258 2828 4328 Η).
2866 4277 2884 4308 ι
2923 4255 3224 4327 Aliquando
3255 4254 3538 4308 tribulatio
3563 4262 3747 4320 tempo-

2176 4349 2329 4415 ralis,
2362 4359 2421 4404 ut
2460 4347 2586 4402 illud
2625 4366 2636 4400 :
2675 4367 2692 4398 ι
2721 4347 2787 4400 Ει
2831 4355 2975 4400 tuam
3013 4345 3181 4415 ipsius
3211 4344 3449 4398 animam
3482 4352 3745 4413 pertrans-

2177 4441 2280 4498 ibit
2308 4439 2517 4511 gladius
2548 4437 2697 4507 (Luc.
2731 4453 2792 4502 ιι,
2823 4437 2936 4508 '55).
2971 4455 2990 4488 ι
3025 4435 3328 4504 Aliquando
3353 4435 3567 4505 antiqui
3595 4433 3746 4489 hostis

2182 4532 2262 4585 ira
2288 4529 2373 4586 vel
2408 4527 2691 4599 persuasio
2719 4527 3051 4598 designatur,
3086 4533 3146 4579 ut
3170 4524 3302 4579 illud
3333 4542 3346 4577 :
3381 4542 3404 4576 ι
3430 4523 3536 4590 Qui
3567 4523 3748 4577 liberas

2184 4621 2352 4678 David
2398 4633 2613 4675 servum
2675 4627 2823 4673 tuum
2894 4618 2959 4671 de
3018 4617 3196 4688 gladio
3256 4615 3496 4686 maligno
3571 4613 3744 4686 (Ῥεαι.

2183 4727 2369 4776 cxuu,
2398 4708 2506 4782 l0).
2538 4727 2562 4761 ι
2615 4707 2838 4777 Antiqui
2882 4722 3010 4778 ergo
3061 4705 3233 4760 hostis
3279 4713 3362 4759 est
3413 4704 3626 4774 gladius
3671 4701 3747 4756 ille

2183 4813 2311 4858 tunc
2347 4801 2632 4856 damnatus
2677 4799 2839 4854 homo
2888 4799 2941 4852 in
2977 4812 3133 4852 usum
3177 4796 3473 4851 ministerii
3521 4795 3637 4866 ejus
3675 4807 3746 4846 as-

2183 4901 2466 4966 sumptus;
2514 4892 2688 4963 ipsum
2739 4891 2937 4960 quippe
2975 4904 3071 4959 per
3109 4888 3371 4942 malitiam
3411 4887 3619 4941 fraudis
3667 4898 3749 4937 ειο

2184 4985 2350 5048 acuit,
2377 4993 2429 5040 et
2456 4983 2790 5039 inﬁrmarent
2811 4983 2974 5036 corda
3004 4979 3290 5049 transfigit.
3317 4978 3376 5033 Si
3401 4986 3583 5032 autem
3599 4972 3747 5047 gladii
