3934 5400
154 325 260 382 501

851 319 1170 404 .EPITOME
1206 319 1572 379 MOMLIUM
1611 318 1670 386 ὃ.
1708 317 1917 374 ϐΒΕϐ.
1954 315 2022 372 IN
2059 304 2307 371 108.;—
2343 311 2473 370 LIB.
2510 309 2749 368 XXXIV.

3321 305 3426 361 302

156 449 392 490 acumen
418 432 700 499 obtundat,
742 413 805 488 ct
848 431 1312 502 longanimitatem
1349 429 1619 501 patientia:
1647 427 1744 484 de-
1770 432 1820 492 Α
1849 438 2004 498 ptura
2032 428 2176 482 enim
2201 442 2354 483 sacra
2381 442 2503 482 cum
2530 425 2756 496 figurate
2775 421 2854 480 sol
2875 420 3113 492 ponitur,
3138 417 3426 488 aliquando

156 532 360 580 struat.
402 523 660 594 Sequitur
691 541 704 577 :

232 601 399 670 Vens.
431 616 516 672 {8.
555 614 829 684 Reputabit
868 631 1005 668 enim
1033 619 1184 684 quasi
1213 613 1392 681 paleas
1433 613 1666 682 ferrum,
1700 618 1748 666 et

152 707 315 775 quasi
343 705 542 774 lignum
571 705 860 774 putridum,
890 721 982 758 res.
1019 733 1092 744 ——
1126 703 1278 770 Quod
1305 703 1553 772 superius
1582 703 1750 756 hasta:

153 810 216 855 et
248 799 490 854 thoracis
517 798 735 852 nomine
772 798 994 866 posuit,
1046 798 1148 851 hoc
1198 794 1423 850 inferius
1451 835 1467 860 ,
1516 794 1647 848 ferri
1697 801 1752 848 et

154 891 289 945 aeris
313 890 672 961 appellatione
702 889 1000 959 replicavit.
1048 888 1217 943 Ferro
1255 902 1383 958 ergo
1418 885 1752 955 praedicatio-

154 984 248 1037 nis
269 981 468 1050 jacula,
507 997 616 1037 tere
647 990 826 1035 autem
866 978 1290 1048 longanimitatis
1328 977 1631 1032 constantia
1661 976 1754 1030 dc-

154 1073 428 1143 signatur.
460 1071 612 1127 Unde
634 1081 689 1127 et
709 1071 810 1139 sub
845 1071 984 1126 Aser
1009 1069 1208 1138 specie,
1241 1069 1307 1122 de
1343 1076 1531 1123 sancta
1569 1065 1756 1121 Eccle-

155 1162 242 1216 sia
273 1177 372 1232 per
398 1162 615 1233 Moysen
643 1161 841 1216 dicitur
873 1180 885 1216 :
925 1180 943 1213 ‹
979 1161 1206 1216 Ferrum
1233 1168 1288 1214 et
1311 1175 1388 1214 ms
1417 1159 1754 1214 calceamen-

157 1265 278 1308 tum
303 1255 422 1324 ejus
447 1254 626 1324 (Deut.
649 1269 842 1317 χχχιιι,
862 1253 977 1323 25).
1017 1273 1034 1304 ι
1061 1251 1162 1307 Ubi
1196 1266 1291 1321 per
1322 1250 1525 1304 ferrum
1555 1250 1751 1313 virtus,

156 1363 259 1418 per
289 1365 365 1403 ωε
393 1363 526 1403 vero
556 1347 954 1417 perseverantia
985 1345 1329 1415 exprimitur,
1361 1344 1454 1398 sed
1484 1343 1752 1397 leviathan

155 1440 269 1496 iste
293 1441 507 1510 quando
535 1439 791 1510 gladium,
823 1440 873 1494 id
894 1446 999 1504 est,
1027 1436 1422 1491 Antichristum
1451 1446 1757 1502 assumpse-

156 1531 256 1595 rit,
289 1531 391 1586 nisi
417 1531 602 1585 divina
625 1531 798 1600 gratia
841 1537 1216 1600 protegantur,
1245 1534 1300 1580 et
1344 1525 1754 1597 praedicandum

154 1619 308 1674 vires
323 1619 466 1674 velut
479 1618 662 1689 paleas
681 1619 934 1689 nequitiae
963 1633 1074 1673 suae
1093 1618 1216 1688 igne
1237 1622 1538 1680 consumet,
1559 1622 1614 1668 et
1633 1629 1757 1667 con-

155 1710 423 1764 stantiam
455 1709 731 1780 patientia:
760 1709 914 1779 quasi
944 1709 1147 1779 lignum
1175 1705 1452 1776 putridum
1487 1705 1540 1759 in
1574 1703 1756 1774 pulve-

157 1816 279 1855 rem
310 1801 538 1872 rediget.
569 1801 827 1871 Sequitur
860 1819 874 1853 :

234 1894 402 1950 Vsus.
442 1896 529 1951 19.
575 1896 701 1950 Non
752 1896 953 1966 fugauit
1009 1911 1128 1950 eum
1171 1895 1251 1949 uir
1301 1892 1626 1964 sagittarius.
1685 1921 1756 1932 --

156 1992 391 2058 Sagittae
432 2005 664 2059 namque
701 1989 867 2045 verba
906 1996 1034 2043 sunt
1085 1987 1500 2058 praedicatorum
1533 1999 1652 2053 qua:
1685 1998 1754 2037 ex

154 2093 298 2136 voce
323 2081 462 2135 bene
485 2079 779 2133 viventium
801 2079 1130 2148 diriguntur,
1154 2084 1210 2132 et
1237 2075 1568 2130 audientium
1593 2072 1755 2127 corda

155 2173 509 2243 transfigant.
568 2169 664 2225 His
701 2169 982 2224 vulnerata
1024 2167 1240 2230 fuerat,
1303 2180 1424 2235 quae
1483 2163 1696 2219 dicebat
1740 2179 1753 2215 :

162 2283 185 2314 ι
228 2262 520 2317 Vulnerata
550 2261 816 2316 cbaritate
857 2274 958 2329 ego
991 2274 1110 2314 sum
1143 2256 1322 2328 (Cant.
1356 2273 1418 2321 ιι,
1451 2254 1528 2326 5).
1569 2274 1589 2308 ι
1621 2253 1758 2308 llinc

157 2355 428 2423 scriptum
481 2361 566 2407 est
618 2371 630 2406 :
683 2369 704 2402 ι
755 2350 976 2420 Sagittze
1021 2348 1373 2420 parvulorum
1436 2345 1590 2401 factae
1635 2353 1761 2400 sunt

158 2443 337 2515 plaga:
363 2457 552 2498 eorum
575 2441 750 2511 (Psal.
779 2456 932 2504 LXIII,
953 2441 1043 2510 8);
1075 2460 1094 2492 ι
1125 2447 1181 2494 et
1200 2453 1417 2494 rursum
1443 2457 1455 2491 :
1491 2457 1508 2488 ι
1539 2436 1760 2506 Sagittae

161 2543 276 2588 tua:
304 2542 498 2598 acutae,
535 2553 553 2585 ι
588 2542 693 2588 etc.
740 2532 912 2604 (Psal.
944 2547 1087 2596 thv,
1117 2532 1194 2601 6.)
1227 2531 1322 2586 Vir
1352 2531 1534 2599 itaque
1555 2539 1640 2583 est
1667 2543 1758 2584 sa-

161 2625 422 2696 gittarius
457 2624 571 2693 qui,
605 2638 702 2693 per
727 2631 929 2678 sanctae
961 2621 1276 2676 intentionis
1297 2635 1508 2683 arcum,
1539 2618 1763 2672 audien-

162 2714 305 2769 tium
336 2715 595 2769 cordibus
617 2713 783 2768 verba
812 2721 976 2768 recta:
1002 2712 1395 2768 exhortationis
1435 2711 1637 2780 inﬁgit,
1666 2711 1760 2765 sed

164 2803 445 2862 leviathan
473 2803 635 2858 istum
657 2818 689 2857 a
718 2802 1073 2872 reproborum
1095 2802 1350 2857 cordibus
1372 2802 1542 2855 sancti
1572 2801 1762 2870 praedi-

162 2895 373 2954 catoris
396 2896 592 2967 sagitta
633 2910 740 2951 non
772 2894 1002 2961 excutit,
1032 2894 1160 2964 quia
1186 2893 1434 2962 quisquis
1460 2893 1528 2948 ab
1554 2892 1646 2947 illo
1669 2907 1765 2962 ap-

161 2987 556 3058 prehenditur,
606 2988 770 3043 verba
797 2985 908 3056 iam
937 2985 1348 3057 praedicandum
1394 2983 1584 3038 audire
1628 2999 1760 3038 con-

165 3079 386 3172 temnit.
416 3077 675 3172 Sequitur
705 3097 720 3132 :
756 3077 823 3132 In
863 3076 1113 3148 stipulam
1158 3076 1291 3135 versi
1319 3083 1441 3133 sunt
1474 3075 1522 3130 ei
1562 3074 1760 3142 lapides
1790 3109 1836 3172 Ο

168 3170 377 3238 fundw.
415 3199 487 3210 —
522 3170 666 3236 Quid
712 3183 810 3239 per
854 3169 1095 3232 fundam,
1133 3168 1240 3222 nisi
1285 3175 1475 3223 sancta
1523 3166 1765 3222 Ecclesia

165 3261 524 3328 designatur?
550 3259 752 3314 Sancta
791 3273 1026 3329 namque
1059 3258 1300 3314 Ecclesia
1341 3257 1469 3311 dum
1518 3256 1766 3312 volubili-

169 3361 288 3406 tate
328 3361 655 3422 temporum,
693 3365 791 3420 per
835 3350 1242 3404 tribulationum
1281 3349 1567 3403 circuitum
1615 3361 1767 3402 more

168 3443 356 3506 fundae
398 3443 634 3508 ducitur,
681 3442 849 3497 fortes
890 3457 954 3495 ex
995 3441 1086 3495 illa
1114 3440 1215 3494 viri
1257 3440 1410 3509 quasi
1460 3439 1663 3508 lapides
1703 3439 1768 3493 de

169 3534 342 3588 funda
397 3533 691 3602 prodeunt,
743 3531 942 3600 quibus
993 3530 1190 3585 ictibus
1235 3528 1543 3597 iniquorum
1601 3526 1765 3581 corda

171 3626 500 3682 tundantur.
532 3626 670 3680 Hinc
713 3640 809 3694 per
834 3622 1152 3693 prophetam
1199 3621 1398 3676 dicitur
1429 3639 1443 3673 :
1477 3639 1494 3670 ι
1528 3619 1767 3674 Devora-

169 3724 314 3779 bunt
341 3731 394 3777 et
418 3720 704 3790 subjicient
744 3717 1009 3789 lapidibus
1039 3715 1225 3788 (Zach.
1265 3732 1319 3770 rx
1340 3755 1354 3780 ,
1383 3714 1496 3782 15).
1531 3733 1550 3766 ι
1581 3712 1772 3771 Levia.-

174 3813 312 3867 than
334 3826 466 3882 ergo
493 3819 800 3867 sanctorum
836 3810 1004 3862 robur
1032 3807 1086 3860 in
1118 3805 1329 3876 stipula:
1358 3803 1641 3858 mollitiem
1679 3802 1771 3856 dc-

173 3901 460 3974 spiciendo
495 3901 723 3971 rediget,
754 3913 985 3968 quorum
1019 3897 1200 3967 lingua
1232 3895 1384 3965 prius
1411 3901 1600 3964 peetus
1631 3891 1774 3947 illius

173 3993 336 4050 duris
365 3993 560 4047 ictibus
584 3991 800 4045 tutudit.
832 3981 1129 4057 Sequitur":

254 4083 420 4138 Vens.
449 4083 542 4138 20.
575 4081 742 4148 Quasi
803 4079 1052 4148 stipulam
1083 4075 1360 4132 (estimabit
1400 4073 1667 4128 malleum.
1707 4101 1776 4112 —-

177 4177 240 4231 1n
285 4174 572 4244 Scriptura
607 4189 759 4229 saera
788 4171 969 4226 mallei
1014 4170 1234 4224 nomine
1264 4167 1559 4237 aliquando
1586 4164 1776 4220 diabo-

177 4267 270 4322 lus
299 4266 638 4337 designatur,
692 4278 791 4333 per
828 4277 990 4332 quem
1037 4259 1462 4328 delinquentium
1501 4256 1670 4326 culpa:
1701 4253 1780 4308 fe-

1787 1771 1834 1829 Β

1851 520 2108 575 Dominus
2149 519 2490 589 intelligitur,
2537 527 2596 572 ut
2639 517 2811 572 illud:
2851 534 2868 567 ι
2914 513 3228 568 Erravimus
3265 526 3298 564 a
3340 510 3426 564 via

1849 614 2117 679 veritatis,
2145 622 2200 668 et
2235 613 2414 668 lumen
2441 611 2666 682 justitizn
2687 626 2794 664 non
2825 607 3003 662 illuxit
3029 606 3184 659 nobis
3207 644 3222 669 ,
3253 611 3312 657 et
3331 601 3426 658 Scl
3514 667 3516 672 τ

1850 720 1954 759 non
1985 713 2138 759 ortus
2167 713 2252 759 est
2295 703 2450 756 nobis
2496 700 2644 771 (Sap.
2669 715 2723 764 v,
2749 699 2824 768 6).
2860 716 2877 749 ι
2905 693 3209 765 Aliquando
3239 705 3426 762 perse-

1849 795 2020 860 cutio,
2060 803 2120 848 ut
2160 793 2288 848 illud
2328 793 2382 848 in
2421 789 2709 860 Evangelio
2741 806 2753 841 :
2791 805 2809 838 ι
2842 785 2973 842 Orto
3011 783 3124 839 sole
3167 788 3431 836 aruerunt

1853 886 2064 957 (Matth.
2091 903 2213 950 xm,
2242 886 2331 952 6);
2364 903 2382 936 ι
2412 883 2698 952 aliquando
2718 881 2784 936 de
2807 895 2864 935 re
2887 878 3124 949 qualibet
3148 873 3432 930 manifeste

1853 978 2074 1034 visionis
2119 977 2380 1040 ostensio,
2421 985 2480 1030 ιιι
2519 975 2646 1029 illud
2695 992 2707 1026 :
2747 990 2766 1024 ι
2809 970 2866 1025 lu
2895 969 3007 1024 sole
3040 967 3218 1038 posuit
3247 962 3431 1020 taber—

1855 1069 2106 1124 naculum
2154 1083 2310 1123 suum
2349 1065 2524 1136 (Psal.
2554 1079 2712 1128 xvnt,
2741 1061 2827 1132 6);
2869 1079 2888 1132 ι
2924 1058 3212 1128 aliquando
3250 1063 3434 1110 autem

1855 1161 2203 1233 intelligentia
2229 1160 2505 1231 sapientia:
2520 1159 2852 1228 designatur,
2871 1162 2931 1208 ιιι
2959 1153 3090 1209 illud
3121 1170 3174 1204 ει
3195 1149 3433 1216 Quartus

1855 1256 2076 1326 angelus
2122 1253 2310 1309 etl'udit
2335 1251 2568 1323 phialam
2593 1264 2744 1304 suam
2774 1249 2826 1302 in
2851 1246 2985 1308 sole,
3035 1254 3091 1300 et
3138 1243 3321 1297 datum
3350 1245 3437 1294 est

1856 1348 1933 1402 illi
1963 1354 2097 1402 astu
2129 1345 2341 1399 allicere
2394 1341 2640 1396 homines
2687 1348 2742 1393 et
2787 1337 2898 1407 igni
2941 1335 3122 1406 (Apoc.
3151 1342 3261 1394 xrt,
3290 1327 3368 1392 8).
3413 1343 3435 1377 ι

1859 1437 1972 1493 lloe
1998 1445 2176 1490 autem
2204 1435 2343 1500 loco,
2370 1432 2499 1502 quid
2523 1446 2618 1500 per
2639 1429 2767 1483 solis
2792 1427 3024 1490 radium,
3054 1423 3159 1476 nisi
3189 1418 3440 1474 acumina

1858 1528 2180 1599 sapientium
2208 1520 2688 1580 demonstrantur?
2716 1518 2848 1585 Quia
2875 1517 3016 1571 enim
3046 1512 3200 1568 multi
3231 1511 3283 1563 in
3314 1523 3439 1562 san-

1859 1631 1945 1674 cta
2002 1605 2466 1673 Ecclesia'lucere
2519 1611 2796 1681 sapientiae
2851 1607 3056 1677 fulgore
3085 1601 3437 1656 videbuntur,

1861 1719 1988 1766 tunc
2017 1708 2099 1764 vel
2129 1703 2570 1779 persuasionibus
2611 1701 2751 1771 capti
2777 1741 2792 1765 ,
2824 1697 2906 1752 vel
2939 1694 3101 1750 minis
3131 1689 3327 1750 territi,
3356 1684 3441 1738 vel

1860 1773 2188 1856 cruciatibus
2218 1794 2412 1862 fracti,
2451 1791 2719 1846 leviathan
2752 1788 2908 1842 istius
2945 1800 3003 1839 se
3048 1778 3236 1836 ditioni
3268 1773 3440 1840 subji-

1858 1892 2026 1945 ciunt.
2059 1889 2226 1944 Recte
2256 1885 2454 1941 dicitur
2489 1903 2500 1937 :
2531 1880 2637 1938 Sub
2666 1882 2776 1950 ipso
2807 1885 2955 1931 erunt
2997 1872 3132 1926 radii
3163 1867 3312 1922 solis.
3343 1862 3443 1917 Sc—

1858 1983 2044 2052 quitur
2078 1999 2090 2035 :
2119 1980 2324 2035 Sternat
2355 1977 2455 2032 sibi
2488 1991 2674 2030 aurum
2719 1971 2870 2042 quasi
2917 1967 3101 2019 lutum.
3142 1991 3211 2002 ——
3247 1955 3443 2028 Appel—

1859 2073 2060 2128 lalione
2088 2072 2283 2141 quippe
2307 2068 2423 2123 auri
2454 2069 2508 2122 in
2537 2080 2695 2122 sacro
2719 2061 2952 2131 eloquio,
2982 2053 3274 2125 aliquando
3306 2048 3446 2105 divi-

1860 2163 2045 2220 nitatis
2095 2138 2314 2218 claritas
2364 2159 2703 2229 designatur,
2754 2161 2814 2206 ut
2858 2150 3029 2205 illud:
3068 2167 3084 2198 ι
3115 2144 3286 2213 Caput
3331 2138 3447 2206 ejus

1861 2270 2050 2310 aurum
2072 2253 2333 2321 optimum
2367 2249 2543 2321 (Cant.
2564 2261 2624 2317 ν,
2657 2245 2774 2315 11);
2815 2263 2830 2293 ι
2868 2237 3156 2309 aliquando
3193 2231 3449 2304 splendor

1859 2360 2104 2417 superna:
2139 2341 2407 2404 civitatis,
2435 2347 2495 2394 ιιι
2536 2337 2709 2392 illud:
2747 2354 2763 2386 ι
2803 2333 2870 2388 Ει
2913 2332 3026 2401 ipsa
3069 2328 3262 2381 civitas
3308 2337 3442 2378 auro

1862 2413 2059 2490 mundo
2085 2433 2398 2489 similivitro
2416 2426 2811 2499 mundo'(Apoc.
2839 2439 2952 2489 xxI,
2972 2419 3056 2488 18)
3078 2436 3093 2483 ;
3117 2438 3135 2471 ι
3157 2413 3446 2486 aliquando

1860 2525 2120 2590 charitas,
2153 2531 2212 2578 ut
2247 2521 2374 2576 illud
2408 2539 2420 2573 :
2465 2540 2482 2571 ι
2530 2517 2610 2571 Ad
2649 2515 2916 2572 mamillas
2949 2509 3276 2583 praecinctus
3309 2519 3448 2560 zona

1861 2630 2021 2671 aurea
2041 2613 2221 2685 (Apoc.
2245 2629 2285 2678 ι,
2309 2612 2396 2682 13)
2419 2631 2432 2675 ;
2456 2607 2743 2679 aliquando
2764 2613 2940 2659 autem
2969 2602 3112 2655 nitor
3140 2597 3324 2668 gloria:
3349 2608 3452 2649 sae-

1861 2700 2082 2769 cularis,
2107 2705 2246 2758 sicut
2270 2717 2365 2773 per
2405 2700 2722 2771 prophetam
2747 2694 2945 2749 dicitur
2972 2710 2984 2745 :
3020 2709 3038 2740 ι
3069 2688 3219 2744 Calix
3251 2697 3451 2739 aureus

1863 2797 2094 2868 Babylon
2121 2795 2334 2865 (larem.
2363 2809 2437 2858 LI,
2460 2788 2550 2860 7);
2592 2809 2609 2841 ι
2637 2784 2925 2855 aliquando
2949 2798 3076 2836 vero
3097 2775 3444 2868 pulchritudo

1864 2864 2169 2940 sanctitatis
2186 2882 2470 2951 accipitur,
2511 2889 2570 2932 ιιι
2614 2877 2740 2931 illud
2773 2872 3022 2930 Ieremia:
3054 2889 3066 2924 :
3112 2886 3130 2920 ι
3166 2864 3447 2934 Quomodo

1865 2977 2210 3033 obscuratum
2250 2981 2333 3028 est
2389 2985 2600 3032 aurum,
2634 2975 2870 3023 mutatus
2908 2971 2991 3019 est
3016 2961 3166 3015 color
3213 2957 3452 3026 optimus

1867 3069 2084 3141 (Threu.
2116 3084 2146 3120 v
2173 3066 2224 3136 1)
2251 3066 2300 3119 ?i
2330 3064 2448 3118 Luti
2481 3073 2695 3131 quoque
2722 3057 2940 3113 nomine
2963 3054 3013 3108 in
3039 3064 3194 3108 sacro
3216 3045 3452 3114 eloquio,

1866 3163 2154 3233 aliquando
2171 3168 2508 3215 terrenarum
2533 3169 2712 3209 rerum
2728 3147 3100 3217 multiplicitas
3115 3141 3448 3210 designatur,

1865 3262 1925 3309 ut
1953 3251 2083 3307 illud
2109 3248 2358 3304 llabaeuc
2392 3265 2404 3302 :
2443 3264 2461 3298 ι
2497 3243 2588 3298 Vae
2623 3243 2673 3298 ei
2700 3241 2792 3311 qui
2833 3236 3154 3305 multiplicat
3192 3245 3297 3285 non
3329 3242 3449 3290 sua,

1869 3355 2149 3412 usquequo
2205 3344 2466 3409 aggravat
2512 3342 2704 3390 contra
2734 3345 2791 3386 se
2821 3329 3049 3384 densum
3091 3323 3263 3376 lutum
3321 3315 3463 3388 (lla.

1869 3409 1981 3486 bac.
2005 3409 2072 3495 ιι,
2099 3430 2175 3498 6);
2213 3447 2230 3480 ι
2269 3425 2558 3496 aliquando
2589 3421 2864 3479 sordidum
2895 3419 3113 3488 sapiens
3147 3413 3330 3480 iniqua
3365 3409 3460 3462 do-

1868 3523 2068 3585 etrina,
2088 3520 2303 3575 utidem
2330 3517 2599 3586 propheta
2621 3513 2698 3568 ait
2735 3530 2747 3565 :
2789 3530 2807 3562 ι
2856 3510 3011 3564 Viam
3037 3503 3210 3561 fecisti
3241 3503 3294 3556 in
3322 3497 3462 3554 mari

1869 3613 2023 3682 equis
2045 3609 2235 3674 tuis,in
2251 3608 2362 3662 luto
2375 3619 2636 3674 aquarum
2654 3601 2943 3654 multarum
2967 3593 3194 3666 (Habac.
3211 3606 3292 3653 ιιι,
3311 3587 3420 3655 15);
3435 3604 3454 3637 ι

1871 3677 2159 3772 aliquando
2183 3695 2509 3754 desiderium
2534 3690 2766 3746 sordidae
2785 3683 3081 3742 voluntatis
3109 3677 3457 3772 exprimitur,

1871 3803 1930 3850 ut
1961 3765 2088 3849 illud
2118 3807 2132 3844 ς
2171 3807 2190 3840 ι
2228 3787 2390 3856 Eripe
2419 3799 2506 3840 me
2535 3782 2602 3837 de
2635 3781 2767 3845 luto,
2799 3787 2858 3832 ut
2888 3791 2994 3832 non
3047 3772 3243 3841 inligar
3283 3765 3459 3856 (Psal.

1875 3898 2062 3947 vaut,
2095 3879 2206 3951 15).
2246 3897 2264 3929 ι
2300 3855 2414 3931 lloc
2452 3874 2614 3945 igitur
2640 3872 2758 3924 loco
2785 3880 2978 3921 aurum
3007 3861 3229 3916 claritas
3259 3855 3466 3911 sancti-

1876 3974 2004 4030 tatis
2054 3970 2353 4039 accipitur;
2419 3967 2592 4018 lutum
2635 3973 2764 4015 vero
2822 3955 2904 4010 vel
2965 3961 3306 4006 terrenarum
3376 3958 3465 3998 re-

1876 4078 1997 4119 rum
2045 4035 2360 4120 avaritiam,
2413 4054 2497 4108 vel
2555 4062 2845 4121 pravarum
2891 4040 3141 4112 contagia
3189 4035 3468 4092 doctrina-

1879 4139 2019 4218 rum,
2075 4152 2161 4207 vel
2208 4151 2397 4206 sordes
2453 4143 2752 4200 carnalium
2809 4136 3148 4206 voluptatum
3175 4128 3253 4186 nil
3283 4128 3468 4194 obstat

1880 4243 2126 4311 intelligi.
2186 4239 2323 4306 Quia
2373 4236 2519 4290 enim
2576 4231 2848 4288 leviathan
2903 4227 3006 4282 iste
3050 4237 3146 4279 eos
3180 4220 3274 4290 qui
3322 4219 3467 4273 intra

179 4310 515 4421 riunturfut
549 4310 985 4425 illnd'propltetze
1027 4371 1041 4408 :
1087 4372 1107 4404 ι
1146 4310 1428 4419 Quomodo
1468 4310 1782 4404 confractus
1881 4347 2126 4394 sanctam
2190 4328 2484 4386 Ecclesium
2556 4324 2763 4425 fulgore
2831 4318 3066 4425 iustitiae
3119 4310 3469 4425 resplendere

115 4476 132 4488 -
179 4458 271 4507 est
296 4457 351 4504 et
380 4448 649 4504 contritus
669 4447 895 4502 malleus
921 4445 1189 4499 universae
1212 4451 1370 4496 terrae
1389 4437 1525 4512 (Jer.
1553 4455 1605 4501 ι,
1625 4437 1770 4508 25);;

181 4539 482 4609 aliquando
507 4554 640 4594 vero
659 4536 936 4608 percussio
959 4534 1198 4590 caelestis
1218 4531 1500 4602 accipitur,
1525 4540 1585 4586 ut
1603 4529 1734 4584 illud
1759 4548 1770 4581 :

186 4652 210 4686 ς
247 4632 475 4687 Malleus
499 4639 556 4686 et
583 4631 810 4695 securis,
837 4637 892 4684 et
915 4643 1075 4684 omne
1097 4627 1482 4681 ferramentum
1510 4640 1616 4680 non
1651 4631 1777 4678 sunt

180 4724 374 4778 audita
400 4722 455 4778 in
481 4722 642 4776 domo
671 4736 796 4776 cum
825 4718 1191 4780 aedificaretur
1216 4715 1342 4788 (III
1365 4715 1492 4786 Reg.
1520 4731 1597 4782 vi,
1632 4715 1710 4777 7).
1753 4731 1771 4764 ι

182 4814 331 4883 Quid
356 4821 439 4869 est
465 4829 594 4884 ergo
619 4812 763 4883 quod
806 4811 1076 4866 leviathan
1105 4809 1210 4864 iste
1237 4807 1491 4863 malleum
1523 4804 1776 4876 despicit,

181 4909 295 4964 nisi
322 4906 466 4977 quod
497 4921 746 4978 supernae
774 4904 1259 4960 animadversionis
1303 4901 1441 4955 ictus
1483 4898 1779 4955 formidare

181 5000 534 5057 contemnit?
565 5009 620 5054 et
645 4997 806 5068 quasi
832 4995 1084 5062 stipulam
1107 4995 1346 5063 deputat,
1374 4991 1502 5062 quia
1528 4992 1593 5046 ad
1617 4989 1782 5058 justas

183 5095 286 5149 ira:
335 5106 395 5145 se
439 5093 673 5157 pondere
720 5087 867 5141 velut
892 5070 1102 5139 °co-ntra
1135 5083 1465 5139 levissimum
1516 5089 1779 5136 terrorem

182 5190 346 5214 νισι-ιιι
402 5180 656 5214 Qesn-niln-
689 5199 701 5210 ο
738 5177 800 5214 ΡΙ
855 5175 1104 5214 deridebis
1145 5177 1429 5214 ςιὸΙινηπΙρηι
1455 5175 1679 5214 bach-In-
1713 5198 1781 5208 —-

1806 4427 2222 4507 Dvidebantur,
2256 4437 2380 4478 cum
2425 4415 2734 4482 carnalibus
2783 4409 3154 4507 voluptatibus
3195 4403 3299 4460 sibi
3345 4400 3470 4500 sul)—

1875 4519 2027 4589 jieit,
2086 4529 2277 4570 aurum
2323 4510 2428 4567 sibi
2475 4505 2663 4578 procul
2707 4502 2870 4558 dubio
2917 4509 2977 4554 ut
3024 4497 3196 4551 lutum
3251 4489 3470 4553 sternit,

1884 4583 1977 4668 sed
2026 4609 2130 4664 hoc
2171 4620 2315 4661 nunc
2359 4604 2414 4659 in
2453 4601 2745 4656 multorum
2786 4594 3044 4651 cordibus
3085 4586 3328 4660 quotidie
3372 4583 3472 4648 ait,

1884 4706 2024 4760 sicut
2044 4699 2244 4756 Paulus
2264 4697 2397 4754 dicit
2448 4713 2462 4748 :
2512 4713 2531 4747 ι
2581 4692 2652 4749 Ut
2687 4687 2957 4744 reveletur
2987 4684 3040 4738 in
3071 4696 3169 4738 suo
3208 4687 3475 4744 tempore.

1886 4795 2020 4851 Nam
2051 4792 2362 4866 mysterium
2390 4784 2714 4858 iniquitatis,
2733 4777 2938 4849 cte.(ll
2976 4775 3153 4828 Thess.
3184 4784 3248 4866 ιι,
3278 4767 3332 4829 6,
3360 4763 3447 4866 ’1)ἱ
3454 4782 3473 4814 ι

1887 4887 2074 4943 Toties
2097 4852 2228 4955 ergo
2268 4881 2370 4937 sibi
2414 4895 2560 4934 nunc
2584 4887 2778 4930 aurum
2805 4867 3042 4955 subiicit,
3072 4858 3282 4956 quoties
3311 4852 3487 4908 casti-

1889 4985 2056 5035 tatem
2088 4954 2324 5034 tidclium
2352 4985 2448 5041 per
2473 4966 2658 5026 carnis
2697 4961 2830 5022 vitia
2874 4954 3088 5019 sternit,
3116 4954 3330 5041 quoties
3353 4957 3498 5041 sett-

1887 5084 2009 5122 sum
2038 5029 2453 5122 continentium.
2473 5074 2572 5130 per
2617 5048 2899 5109 immunda
2945 5037 3207 5100 desideria
3236 5029 3512 5100 dissipa“,

1889 5161 2149 5214 Scauitur
2178 5171 2194 5211 :
