3934 5400
506 307 612 364 505

1510 317 1568 372 ι.
1608 318 1860 376 ODONIS
1897 318 2185 380 ABBATIS
2222 320 2718 386 CLUMACENSIS
2756 321 2800 378 ll

3675 324 3772 383 SOI

508 421 671 474 vitam
734 421 947 476 studeat
1003 421 1210 478 animos
1271 424 1622 494 reproborum
1674 428 1929 484 excitare.
1987 430 2087 483 Se.
2117 434 2163 492 Α
2195 431 2323 486 nulli
2355 433 2575 490 subesse
2597 436 2903 507 concupivit
2927 477 2940 500 ,
2973 436 3156 491 dicens
3195 453 3207 490 :
3246 454 3263 487 ι
3287 434 3776 509 Ascendam'super

507 510 732 578 quitur;
770 509 836 562 Et
861 517 1015 580 ponet
1062 512 1214 581 quasi
1264 529 1382 569 cum
1435 525 1700 586 unguenta
1747 515 1990 571 bulliunt.
2021 547 2087 557 —

507 599 644 666 Quia
668 614 796 670 ergo
818 602 1030 670 reprobi
1059 602 1133 657 ita
1162 603 1510 670 seducuntur,
1535 614 1592 660 ut
1617 606 1874 676 quidquid
1901 618 2086 678 agunt,

505 704 573 744 ex
608 691 892 761 iniquitate
921 691 1197 762 perﬁdiae,
1229 709 1329 763 pro
1375 697 1606 752 veritate
1646 706 1817 752 rectae
1854 697 1976 752 ﬁdei
2028 713 2089 752 se

503 795 664 851 agere
703 783 1066 854 suspicantur,
1113 788 1268 855 quasi
1313 787 1450 843 bene
1477 789 1682 844 redolet
1712 790 1760 844 id
1806 791 1948 860 quod
1975 790 2088 846 zelo

504 870 780 941 religionis
815 883 1092 930 exercent.
1134 875 1266 931 Hinc
1299 879 1560 934 Dominus
1605 879 1720 934 ait:
1752 898 1770 931 ι
1810 881 1874 936 Et
1913 881 2089 936 omnis

500 964 593 1032 qui
634 965 890 1021 interﬁcit
918 983 1015 1022 vos
1041 967 1338 1024 arbitretur
1375 972 1691 1040 obsequium
1743 988 1802 1026 se
1827 983 2088 1042 praestare

503 1058 610 1119 Deo
641 1059 825 1128 (Joan.
850 1077 939 1116 xvi
961 1101 975 1126 ,
1007 1061 1086 1132 2).
1123 1081 1142 1114 ι
1173 1062 1338 1132 Igitur
1378 1065 1518 1120 sicut
1553 1065 1656 1124 olla
1684 1066 1916 1133 fervent,
1958 1066 2085 1121 dum

500 1150 794 1206 crudeliter
821 1163 1218 1222 persequuntur
1240 1195 1254 1220 ,
1287 1155 1381 1210 sed
1419 1156 1558 1226 apud
1606 1171 1700 1212 eos
1752 1167 2084 1228 unguentum

501 1241 706 1297 redolet
731 1243 854 1298 dum
888 1256 1094 1300 mentes
1124 1260 1328 1312 eorum,
1377 1249 1528 1304 vanis
1567 1251 1960 1320 suspicionibus
1995 1252 2088 1306 (1ο-

500 1341 671 1400 ceptte
703 1373 717 1398 ,
761 1334 1030 1389 aestimant
1077 1337 1230 1406 quasi
1262 1336 1371 1394 Deo
1400 1338 1718 1409 obsequium
1754 1340 2079 1412 persolvant.

499 1421 756 1493 Sequitur
789 1444 801 1478 :

569 1557 730 1618 Vsus.
764 1562 856 1617 25.
897 1561 1022 1617 Post
1047 1581 1164 1628 eum
1196 1565 1386 1620 lucebit
1425 1567 1631 1635 semita.
1655 1566 1873 1622 —.Post
1913 1566 2081 1623 levia-

498 1649 624 1706 than
664 1650 860 1721 quippe
888 1654 1080 1716 semita
1111 1654 1295 1710 lucere
1325 1656 1663 1725 perhibetur,
1691 1658 1818 1727 quia
1851 1672 2078 1726 quorum

492 1740 664 1803 corda.
686 1749 952 1809 penetrat,
981 1758 1167 1803 eorum
1193 1745 1453 1816 prodigiis
1492 1745 1744 1801 illustrat.
1777 1745 2032 1815 Sequitur
2062 1766 2072 1800 :

492 1829 798 1888 xEinmabit
852 1835 1104 1904 abyssum,
1155 1839 1306 1906 quasi
1353 1848 1718 1904 senescentem.
1760 1869 1830 1879 —
1865 1837 2074 1894 Judicia

489 1920 584 1975 Dei
617 1922 796 1992 abyssi
829 1924 1087 1993 appellari
1127 1927 1347 1983 nomine
1394 1928 1682 1984 Psalmista
1725 1929 1963 1987 ostendit
1989 1929 2071 1982 di-

489 2025 620 2066 cens
653 2029 678 2081 :_
703 2029 720 2062 ι
754 2011 963 2079 .Iudicia
996 2021 1086 2068 tua
1110 2015 1336 2086 abyssus
1365 2017 1534 2072 multa
1563 2017 1736 2087 (Psal.
1769 2034 1932 2084 xxxv,
1959 2018 2066 2090 7).»

490 2099 753 2156 Senectus
791 2118 920 2159 vero
963 2105 1257 2176 aliquando
1285 2124 1383 2178 pro
1407 2107 1528 2163 ﬁnis
1551 2111 1952 2181 prepinquitate
1971 2125 2072 2180 po-

487 2194 656 2248 nitur.
691 2194 844 2252 Unde
889 2197 965 2252 ait
1012 2199 1302 2269 Apostolus
1341 2218 1354 2255 :
1397 2221 1414 2253 ι
1450 2202 1601 2270 Quod
1656 2203 1970 2274 antiquatur
2020 2213 2075 2258 et

485 2287 752 2357 senescit,
799 2301 966 2360 prepe
1011 2289 1292 2346 interitum
1344 2301 1427 2349 est
1473 2293 1660 2364 (Hebr.
1715 2310 1843 2361 Vili,
1902 2295 2010 2366 15).
2046 2314 2065 2348 s

485 2375 754 2448 Abyssum
790 2395 1024 2452 namque
1051 2397 1336 2446 senescere
1380 2385 1616 2440 :estimat
1653 2387 1744 2457 qui
1790 2389 2070 2443 terminari

483 2468 808 2537 quandoque
835 2469 886 2524 iu
918 2471 1198 2544 suppliciis
1223 2489 1511 2544 supernam
1543 2477 2069 2532 animadversionem

481 2567 656 2629 putat.
710 2561 892 2633 Igitur.
920 2565 1173 2635 antiquus
1201 2566 1300 2622 iste
1343 2583 1723 2637 persuasorum
1762 2568 2067 2638 iniquorum

481 2651 754 2718 mentibus
776 2651 985 2714 futuras
1014 2670 1201 2724 poenas
1229 2658 1385 2727 quasi
1413 2667 1563 2714 certo
1595 2659 1701 2714 ﬁne
1724 2659 2066 2726 determinat,

479 2747 541 2794 ut
569 2755 757 2798 eorum
786 2743 971 2814 culpas
999 2745 1115 2801 sine
1146 2748 1379 2803 termino
1401 2750 1756 2806 correctionis
1791 2752 2064 2816 extendat.

481 2826 621 2883 Sunt
648 2831 792 2885 enim
815 2831 979 2887 etiam
1012 2851 1154 2902 nunc
1175 2837 1263 2906 qui
1287 2839 1526 2907 peccatis
1547 2840 1658 2895 suis
1684 2856 1884 2909 ponere
1907 2842 2066 2897 ﬁnem

479 2917 779 2991 negligant,
805 2922 892 2992 qui
921 2923 1118 2989 habere
1144 2927 1468 2998 quandoque
1500 2929 1660 2985 ﬁnem
1697 2931 1875 2986 Iutura
1906 2949 2068 3003 super

481 3025 539 3075 se
560 3009 762 3086 judicia
793 3016 1158 3086 suSpicantur.
1205 3019 1406 3082 Contra
1447 3038 1583 3092 quos
1620 3023 1838 3079 Veritas
1884 3025 2015 3094 dicit
2049 3045 2060 3079 :

486 3122 513 3158 ι
541 3105 695 3170 Ibunt
723 3108 777 3162 hi
810 3110 1204 3181 insupplieium
1233 3125 1522 3184 internum,
1542 3119 1674 3188 justi
1706 3129 1885 3174 autem
1911 3121 1962 3175 in
1988 3122 2067 3175 vi-
2094 3136 2138 3199 ρ

481 3207 592 3286 tam
640 3209 898 3256 aeternam
939 3203 1153 3274 (Matth.
1191 3223 1320 3276 xxv,
1350 3209 1464 3278 46).
1506 3231 1524 3264 ι
1555 3212 1636 3272 Ad
1665 3213 1890 3270 districti
1935 3229 2066 3286 ergo

478 3285 696 3348 Iudicis.
707 3289 975 3360 justitiam
1004 3295 1238 3362 pertinet
1280 3305 1338 3351 ut
1383 3314 1656 3367 nunquam
1685 3310 1910 3358 careant
1941 3285 2066 3372 snp-

477 3378 679 3448 plicia,
710 3396 941 3451 quorum
990 3399 1142 3440 mens
1193 3386 1247 3441 in
1280 3388 1380 3442 hac
1423 3389 1532 3443 vita
1578 3405 1853 3460 nunquam
1898 3392 2069 3451 voluit

481 3485 670 3528 carere
699 3485 944 3542 peccato,
984 3485 1039 3532 et
1068 3479 1246 3535 nullus
1279 3481 1437 3534 detur
1478 3481 1662 3552 iniquo
1698 3485 1965 3542 terminus
1986 3485 2067 3540 ul-

483 3565 673 3636 tionis,
697 3567 824 3637 quia
857 3569 1098 3638 quandiu
1126 3571 1316 3640 valuit,
1347 3573 1550 3636 habere
1577 3575 1749 3632 noluit
1779 3577 2066 3646 terminum

479 3656 747 3712 criminis.
776 3657 1039 3728 Sequitur
1071 3677 1083 3715 :

552 3785 714 3841 Vens.
747 3787 837 3843 2i.
875 3788 1000 3845 Non
1037 3801 1113 3847 est
1140 3804 1364 3864 potestas
1405 3815 1523 3868 qum
1555 3801 1973 3868 compareturei.
1997 3831 2069 3841 --

479 3875 724 3932 Potestas
746 3879 862 3946 ejus
882 3898 1044 3954 super
1072 3894 1272 3941 terram
1299 3891 1510 3944 cunctis
1532 3892 1860 3948 eminentior
1884 3893 2069 3962 perbi-

477 3965 658 4032 hetur,
689 3970 812 4042 quia
841 3972 1198 4030 etsi'actionis
1251 3992 1362 4032 suae
1406 3979 1602 4034 merito
1651 3981 1792 4035 infra
1821 3982 2068 4038 homines

477 4056 691 4122 cecidit,
715 4073 876 4116 omne
899 4070 1073 4118 tamen
1091 4065 1372 4122 hominum
1393 4083 1564 4137 genus
1587 4080 1793 4125 natura:
1814 4072 2068 4143 angelica:

480 4149 790 4206 conditione
823 4158 1155 4212 transcendit
1181 4201 1194 4226 ,
1221 4159 1346 4214 licet
1377 4161 1585 4218 sanctis
1617 4163 1925 4219 hominibus
1953 4178 2068 4219 me-

475 4237 709 4294 ritorum
736 4257 954 4299 suorum
975 4248 1275 4317 dejectione
1306 4253 1599 4322 sulijaceat.
1634 4255 1891 4326 Sequitur
1925 4273 1936 4309 τ
1965 4256 2068 4320 Qui

479 4329 652 4398 factus
675 4344 750 4388 est
774 4346 827 4389 ut
850 4337 1052 4393 nullum
1075 4342 1372 4399 timeret.—-
1390 4345 1666 4416 Siquidem
1698 4362 1796 4418 per
1817 4357 2067 4403 naturam

477 4418 656 4476 factus
696 4432 778 4478 est
806 4465 819 4489 ,
851 4434 910 4486 ut
947 4427 1296 4487 Conditorem
1339 4450 1493 4490 suum
1533 4446 1680 4492 caste
1735 4439 1928 4493 timere
1968 4439 2065 4493 dc-

476 4509 682 4570 buisset
701 4557 716 4581 ,
749 4517 941 4575 timore
971 4522 1220 4580 videlicet
1244 4527 1333 4596 qui
1363 4545 1382 4578 ε
1409 4537 1687 4598 permanet
1730 4529 1784 4584 in
1807 4529 2060 4585 saeculum

476 4605 660 4661 sreculi
686 4605 860 4678 (Psal.
904 4628 1060 4679 χνιιι,
1087 4617 1176 4686 10)
1201 4636 1218 4667 ι
1241 4658 1256 4682 ,
1302 4619 1398 4675 sed
1427 4635 1523 4674 sua
1555 4621 1915 4690 perversitate
1943 4622 2065 4677 talis

476 4694 652 4752 factus
681 4708 784 4763 est,
816 4710 872 4755 ut
898 4704 1101 4759 nntium
1133 4708 1353 4764 timeret.
1385 4709 1446 4764 Ei
1479 4696 1674 4781 quippe
1695 4726 1725 4765 a
1755 4727 1862 4782 quo
1888 4711 2066 4768 factus

475 4783 654 4842 fuerat
712 4790 933 4848 subesse
980 4794 1276 4867 despexit,
1310 4799 1439 4854 dum
1475 4814 1709 4870 prieesse
1745 4801 1988 4868 caeteris,
2012 4812 2068 4859 et

2192 523 2528 580 altitudinem
2571 527 2790 581 nubium
2816 565 2832 591 ,
2862 525 3053 583 similis
3077 541 3171 582 ero
3200 526 3483 584 Altissimo
3506 526 3642 600 (lsa.
3666 545 3773 597 ne,

2193 613 2302 685 M).
2340 635 2358 668 ι
2403 615 2660 685 Sequitur
2694 635 2706 678 ;

2260 704 2421 760 Vens.
2455 707 2546 762 25.
2586 707 2752 763 Omne
2785 708 3004 764 sublime
3030 711 3190 765 videt.
3220 741 3288 751 --
3313 711 3368 766 Id
3406 719 3526 776 est,
3558 721 3776 770 cunctos

2189 795 2334 850 velut
2371 797 2509 851 infra
2538 813 2597 852 se
2629 799 2835 869 positos
2854 800 3006 869 quasi
3036 800 3103 856 de
3133 801 3348 856 sublimi
3381 803 3630 872 respicit,
3656 805 3776 873 quis

2189 887 2314 942 dum
2345 903 2441 957 per
2468 888 2822 945 intentionem
2851 899 3039 945 contra
3069 891 3364 946 Auctorem
3399 893 3617 957 nititur,
3642 896 3776 948 aesti-

2189 992 2338 1048 mare
2381 979 2483 1033 sibi
2519 979 2816 1049 quemlibet
2851 980 3083 1036 similem
3127 981 3446 1051 designatur
3476 983 3624 1052 quod
3661 991 3776 1052 apte

2185 1069 2348 1124 etiam
2377 1071 2492 1140 ejus
2520 1072 2780 1128 membris
2806 1074 3078 1144 congruit,
3118 1074 3243 1144 quia
3267 1091 3460 1130 omnes
3486 1076 3660 1145 iniqui
3689 1091 3776 1146 per

2188 1168 2449 1215 tumorem
2477 1161 2657 1216 cordis
2675 1162 2824 1227 elati,
2847 1172 3072 1218 cunctos
3095 1179 3230 1232 quos
3255 1172 3490 1219 cernunt
3513 1166 3776 1236 superbiae

2185 1250 2326 1306 fastu
2352 1254 2679 1324 despiciunt,
2703 1257 2899 1325 quibus
2917 1257 3055 1312 bene
3076 1271 3172 1326 per
3189 1257 3518 1326 prophetam
3539 1259 3774 1315 dieitur:

2190 1361 2208 1392 ι
2250 1342 2341 1396 Vae
2374 1343 2464 1412 qui
2505 1345 2783 1414 sapientes
2807 1346 2942 1401 estis
2980 1346 3033 1400 in
3063 1345 3234 1400 oculis
3261 1347 3482 1410 vestris,
3509 1356 3569 1402 et
3593 1361 3776 1401 coram

2184 1432 2581 1503 vobismetipsis
2617 1433 2914 1503 prudentes
2961 1434 3096 1506 (Isa.
3126 1452 3179 1500 v,
3223 1435 3337 1504 2|).
3379 1455 3398 1489 ι
3433 1436 3502 1490 Ει
3534 1437 3772 1491 Paulus:

2189 1544 2208 1576 ι
2245 1521 2418 1580 Nolite
2445 1524 2738 1593 prudentes
2764 1526 3048 1597 esseapud
3077 1527 3438 1597 vosmetipsos
3463 1526 3651 1597 (Rom.
3680 1543 3772 1592 ιιι,

2183 1614 2292 1684 16).
2323 1634 2340 1666 ι
2368 1615 2437 1669 Εῐ
2477 1616 2772 1671 notandum
2817 1618 2962 1687 quod
2999 1617 3272 1672 ieviathan
3314 1619 3415 1674 iste
3445 1635 3550 1688 per
3586 1633 3774 1688 corpo-

2186 1722 2335 1762 reum
2363 1707 2561 1762 animal
2598 1709 2949 1780 designatur,
2993 1718 3048 1766 et
3103 1711 3284 1766 cordis
3325 1711 3608 1780 superbia,
3658 1725 3773 1765 cum

2109 1787 2150 1845 Β
2180 1799 2424 1854 exterius
2463 1814 2634 1870 usque
2659 1801 2726 1855 ad
2756 1815 2954 1872 corpus
2989 1803 3322 1866 extenditur,
3350 1803 3502 1873 prius
3530 1818 3638 1873 per
3655 1818 3775 1857 ocu-

2179 1889 2260 1945 los
2290 1889 2582 1946 indicatur.
2624 1891 2728 1960 Ipsi
2757 1891 2955 1963 quippe
2985 1907 3081 1962 per
3113 1892 3308 1947 fastum
3345 1893 3584 1948 tumoris
3607 1891 3772 1946 inﬂati

2180 1979 2337 2051 quasi
2362 1995 2431 2036 ex
2470 1979 2688 2035 sublimi
2737 1980 3074 2050 respiciunt,
3107 1990 3162 2038 et
3196 1996 3302 2052 quo
3331 1997 3391 2036 se
3418 1981 3772 2050 deprimunt.

2177 2069 2339 2124 altius
2389 2069 2677 2124 extollunt.
2729 2069 2867 2125 [line
2927 2070 3182 2127 Salomon
3236 2072 3315 2126 ait
3362 2089 3375 2125 :
3416 2089 3436 2122 ι
3475 2071 3774 2127 Generatie

2176 2160 2329 2231 cujus
2359 2161 2560 2216 excelsi
2584 2169 2712 2216 sunt
2737 2161 2904 2228 oculi,
2932 2171 2988 2218 et
3007 2163 3277 2232 palpebrae
3298 2163 3416 2233 ejus
3455 2163 3630 2218 multo
3656 2180 3774 2219 sur.

2176 2251 2543 2322 recta?(Prov.
2574 2268 2704 2316 xxx,
2746 2252 2858 2324 15).
2892 2274 2912 2308 ι
2954 2253 3212 2323 Sequitur
3240 2272 3253 2308 :
3287 2253 3410 2325 Ipse
3445 2263 3518 2308 est
3560 2270 3660 2309 rea:
3684 2271 3772 2308 su-

2173 2357 2266 2411 per
2292 2341 2556 2395 universos
2595 2342 2733 2410 ﬁlios
2771 2343 3049 2414 superbire.
3075 2375 3145 2385 —-—
3176 2343 3249 2400 Ut
3275 2343 3549 2399 leviatban
3580 2344 3693 2399 iste
3723 2344 3771 2398 in

2174 2431 2385 2485 cunctis
2433 2446 2552 2500 quae
2593 2433 2841 2501 superius
2873 2433 3015 2488 dicta
3043 2443 3206 2498 sunt,
3244 2434 3506 2500 caderet,
3545 2434 3668 2488 sola
3712 2449 3770 2489 se

2173 2521 2424 2589 superbia
2456 2523 2710 2590 percutit.
2755 2521 3028 2594 Scriptum
3061 2538 3294 2593 namque
3329 2532 3412 2578 est
3452 2541 3466 2576 :
3499 2541 3519 2578 ι
3549 2522 3772 2578 Initium

2172 2611 2350 2666 omnis
2379 2612 2581 2680 peccati
2614 2613 2865 2682 superbia
2911 2613 3104 2685 (Eccli.
3158 2630 3230 2681 χ,
3263 2613 3370 2684 15).
3413 2633 3431 2666 ι
3476 2613 3585 2669 Per
3625 2615 3771 2670 hanc

2172 2704 2320 2759 enim
2347 2702 2434 2757 ille
2455 2703 2759 2768 succubuit,
2799 2719 2900 2773 per
2945 2704 3084 2762 hanc
3124 2721 3184 2761 se
3228 2715 3546 2775 sequentem
3595 2706 3772 2760 hoi-

2171 2807 2298 2848 nem
2328 2793 2538 2848 stravit.
2565 2792 2643 2848 Eo
2662 2793 2806 2848 enim
2831 2795 2936 2850 telo
2966 2795 3192 2851 salutem
3221 2805 3422 2852 nostra:
3442 2797 3769 2851 immortalis

2172 2884 2301 2938 tatis
2335 2883 2599 2954 impetiit,
2630 2900 2736 2954 quo
2771 2885 2940 2940 vitam
2981 2902 3092 2942 suae
3127 2887 3478 2943 beatitudinis
3511 2888 3767 2945 extinxit.

2173 2973 2279 3030 Sed
2317 2975 2521 3031 idcirco
2553 2977 2695 3032 hanc
2723 2976 2986 3033 Dominus.
3009 2978 3269 3034 doctrinae
3298 2977 3764 3034 suzelocutieneul

2171 3065 2423 3131 inseruit,
2457 3074 2518 3120 ut
2543 3081 2667 3121 cum
2711 3076 2832 3137 post
2872 3067 3013 3122 mala
3047 3069 3226 3123 omnia
3280 3068 3558 3124 leviatban
3610 3068 3766 3124 istius

2171 3155 2478 3224 superbiam
2524 3155 2749 3222 diceret,
2779 3157 2906 3228 quid
2936 3168 3082 3214 esset
3123 3160 3281 3216 malis
3329 3159 3586 3216 omnibus
3611 3159 3764 3215 dete-

2175 3245 2290 3301 rius
2325 3247 2609 3303 indicaret.
2638 3247 2792 3304 Nulla
2820 3250 3017 3320 quippe
3055 3250 3194 3304 mala
3236 3251 3303 3305 ad
3340 3249 3619 3320 publicum
3639 3264 3763 3321 pro,

2171 3337 2384 3404 derent,
2411 3340 2514 3394 nisi
2546 3340 2660 3394 hac
2705 3349 2940 3397 mentem
2971 3341 3025 3396 in
3073 3341 3284 3397 occulto
3331 3341 3768 3412 constringeret;

2173 3429 2280 3484 alia
2311 3430 2510 3500 quippe
2540 3430 2669 3486 vitia
2695 3444 2790 3488 eas
2830 3431 3166 3488 solummodo
3199 3433 3431 3490 virtutes
3471 3433 3761 3503 irupetunt,

2172 3523 2368 3594 quibus
2387 3523 2502 3592 ipsa
2521 3522 2938 3594 distinguuntur,
2967 3532 3021 3578 ut
3047 3524 3300 3582 videlicet
3316 3526 3394 3580 ira
3416 3526 3757 3596 patientiam,

2171 3615 2608 3687 gastrimargiam
2658 3616 3003 3684 abstinentia,
3039 3617 3206 3674 libido
3233 3619 3631 3677 continentiam
3664 3635 3758 3676 e1-

2171 3713 2392 3776 pugnet.
2439 3704 2703 3775 Superbia
2751 3713 2954 3773 autem,
3006 3722 3167 3778 quam
3223 3709 3482 3764 vitiorum
3524 3710 3762 3766 radicem

2172 3794 2427 3862 diximus,
2457 3810 2800 3865 nequaquam
2831 3797 3234 3856 uniusvirtutis
3253 3799 3618 3855 exstinctioue
3634 3814 3765 3854 con—

2175 3897 2345 3955 tenta,
2377 3897 2563 3944 contra
2601 3902 2794 3944 cuncta
2835 3891 3030 3946 animae
3082 3891 3324 3949 membra
3368 3905 3431 3947 se
3479 3893 3661 3962 erigit,
3705 3901 3761 3947 et

2173 3981 2326 4051 quasi
2379 3979 2651 4050 generalis
2695 3995 2761 4035 ac
2805 3980 3031 4051 pestifer
3070 3981 3314 4049 morbus,
3357 3997 3557 4054 corpus
3602 3996 3760 4038 omne

2172 4069 2489 4139 corrumpit.
2543 4069 2746 4125 Contra
2784 4086 2922 4139 quos
2969 4070 3249 4142 Scriptura
3278 4073 3521 4129 clamat:
3559 4093 3579 4126 ι
3622 4073 3759 4128 Deus

2173 4159 2420 4230 superbis
2486 4160 2730 4228 resistit,
2786 4161 3078 4218 humilibus
3141 4174 3323 4219 autem
3381 4165 3477 4219 dat
3529 4166 3753 4236 gratia

2172 4250 2312 4322 (Jac.
2348 4265 2418 4314 tv,
2452 4250 2528 4322 6).
2570 4269 2588 4302 ι
2631 4251 2845 4312 Contra
2865 4251 3025 4322 bujus
3056 4252 3330 4323 languoris
3359 4264 3571 4325 pestem
3605 4255 3743 4312 Veri-

2171 4350 2256 4396 tas
2285 4341 2418 4396 dicit
2445 4360 2457 4396 :
2503 4361 2522 4394 ι
2553 4341 2758 4400 Discite
2776 4358 2806 4397 a
2831 4359 2917 4402 me
2941 4345 3067 4414 quia
3103 4345 3252 4402 mitis
3298 4361 3444 4412 sum,
3465 4357 3524 4402 et
3546 4345 3754 4402 humilis

2175 4433 2338 4490 corde
2370 4432 2588 4506 (Matth.
2639 4449 2715 4499 si,
2749 4433 2863 4506 29).
2902 4454 2924 4494 ι
2965 4435 3046 4493 Ne
3089 4435 3253 4508 igitur
3293 4437 3453 4498 nobis
3488 4438 3750 4493 Ieviathan

2177 4527 2334 4583 istius
2381 4527 2647 4594 membra,
2688 4527 2773 4581 vel
2814 4529 2962 4583 mira.
2997 4527 3244 4584 faciendo
3289 4527 3564 4596 fallerent,
3605 4541 3752 4599 aper-

2177 4626 2290 4673 tum
2318 4617 2530 4690 signum
2553 4619 2812 4676 Dominus
2831 4634 2940 4690 quo
2965 4620 3292 4690 deprehendi
3315 4621 3517 4687 valeat,
3540 4621 3751 4676 demon-

2173 4709 2393 4777 stravit,
2421 4710 2605 4766 dieeus
2631 4728 2643 4764 :
2677 4709 2702 4764 1
2706 4727 2795 4780 pse
2819 4720 2894 4764 est
2917 4727 3010 4766 rea:
3030 4727 3187 4782 super
3210 4713 3480 4769 uniuersos
3509 4711 3644 4781 ﬁlios
3663 4725 3749 4765 so-

2173 4801 2382 4870 perbite.

1340 5193 1644 5281 LIBER
1699 5195 2316 5280 TRICESIMUS
2374 5200 2885 5296 QUINTUS.
