3934 5400
101 369 189 424 505
823 361 1121 419 EBITOME
1161 361 1522 425 MORALIUM
1559 361 1616 416 S.
1655 357 1860 416 GREG.
1903 357 1969 413 1N
2009 355 2152 415 JOB.
2187 388 2256 400 —
2293 358 2420 418 LIB.
2458 358 2674 415 XXXV.

649 475 873 531 CAPUT
925 475 1082 530 XLII.

169 589 319 647 Vens.
355 587 406 651 l,
445 586 498 640 Ω.
541 585 666 641 Scio
696 586 820 655 quia
849 586 1028 645 omnia
1056 594 1219 654 potes.
1248 613 1320 626 —-
1347 584 1546 640 Contra
1572 598 1663 638 oe«

107 678 260 733 cultas
292 689 419 730 vero
461 675 892 730 machinationes
923 674 1064 730 illius
1093 673 1400 742 subiunxit,
1433 684 1479 728 et
1516 673 1664 726 nulla

108 781 148 821 te
172 767 287 819 latet
315 765 578 835 cogitatio.
611 794 684 806 —
710 765 862 820 Unde
907 774 964 820 et
1009 781 1132 822 mox
1179 766 1367 822 eadem
1393 766 1441 822 ei
1473 780 1665 836 expro-

107 857 228 920 brat,
268 855 449 910 dicens
478 871 496 908 :

165 968 320 1022 Vens.
377 968 431 1021 3.
486 959 717 1033 Quis'est
762 970 858 1023 iste
881 969 970 1039 qui
995 969 1126 1023 celat
1170 969 1449 1025 consilium
1473 969 1667 1039 absque

107 1057 344 1112 scientia!
377 1085 451 1105 -ι-
489 1057 706 1125 Absque
752 1058 976 1113 scientia
1008 1059 1153 1112 enim
1205 1058 1478 1113 leviathan
1525 1059 1667 1114 celat

109 1146 392 1210 rosisilium,
423 1147 513 1215 qui
539 1148 787 1216 quamvis
817 1157 1007 1203 contra
1030 1148 1395 1204 infirmitatem
1425 1159 1665 1203 nostram

110 1235 270 1290 multis
308 1234 587 1290 fraudibus
638 1237 966 1303 occultetur,
995 1241 1322 1307 protectoris
1352 1249 1528 1293 tamen
1572 1255 1669 1293 no-

109 1327 194 1380 stri
238 1335 421 1380 sancta
464 1327 618 1382 nobis
665 1328 1019 1398 inspiratione
1047 1329 1335 1399 detegitur.
1369 1329 1664 1399 Sequitur:

109 1414 222 1469 Ideo
261 1416 561 1484 insipienter
607 1415 814 1470 locutus
879 1433 1017 1482 sum,
1045 1427 1093 1471 et
1123 1435 1240 1488 qua:
1269 1417 1410 1471 ultra
1455 1419 1668 1472 modum

110 1507 386 1561 excederent
429 1509 703 1562 scientiam
748 1525 937 1562 meam.
969 1509 1257 1564 -—-Otnnis
1301 1511 1533 1564 humana
1581 1525 1670 1564 sa-

110 1599 308 1668 pientia,
339 1599 676 1667 quantolibet
704 1600 953 1654 acumine
978 1599 1202 1670 polleat,
1233 1599 1427 1654 divina:
1457 1600 1671 1670 sapien-

113 1692 189 1745 tize
235 1698 568 1761 comparata,
612 1690 918 1759 insipientia
963 1699 1066 1744 est.
1114 1689 1312 1745 Beatus
1346 1691 1528 1760 itaque
1572 1689 1671 1745 Joh

3243 355 3347 419 506

1687 472 1738 532 Α
1768 468 1818 522 in
1878 468 2055 524 cilicio
2103 449 2178 524 et.
2206 467 2390 524 cinere
2430 466 2800 538 paenitentiam
2835 463 3072 536 egissent
3115 462 3265 524 (Luc.
3290 449 3356 529 x,'

1767 559 1874 631 15).
1909 578 1927 611 ι
1959 558 2254 628 Sequitur:

1836 647 1998 702 Vens.
2059 649 2111 702 7.
2157 647 2226 702 Et
2268 649 2399 702 dixit
2434 646 2687 700 Dominus
2724 647 2790 705 ad
2821 645 3044 715 Elipltaz
3069 645 3348 699 Tltemani-

1766 748 1866 792 tem
1895 753 1914 792 :
1949 737 2130 791 Iratus
2163 747 2237 791 est
2280 737 2432 806 [uror
2472 753 2614 791 meus
2651 736 2702 790 in
2735 746 2782 790 te
2809 746 2854 789 et
2897 735 2949 788 in
2988 736 3120 788 duos
3150 735 3352 788 anticos

1767 840 1904 895 tuos,
1953 838 2059 884 etc.
2101 860 2172 870 —
2200 829 2468 895 Quantum
2505 827 2721 898 quidem
2753 827 2818 880 ad
2868 827 3102 880 humana
3146 824 3349 893 judicia

1767 921 1974 981 attinet,
2017 919 2070 973 in
2095 919 2275 972 verbis
2301 918 2412 972 suis
2439 917 2598 971 amici
2625 917 2682 969 Β.
2713 915 2813 970 Job
2839 913 3005 968 multa
3031 913 3120 967 illo
3150 913 3350 967 rectius

1767 1012 1966 1067 dixisse
2006 1011 2374 1068 crederentur.
2409 1009 2513 1064 Sed
2557 1007 2792 1070 Veritas,
2837 1007 2995 1060 aliam
3025 1021 3089 1059 ex
3137 1005 3351 1061 occulto

1769 1101 2005 1170 regulam
2056 1099 2358 1170 proferens,
2385 1099 2498 1152 ait:
2532 1098 2654 1152 Non
2693 1098 2815 1151 estis
2861 1096 3020 1149 locuti
3061 1111 3234 1149 coram
3268 1111 3350 1148 me

1769 1203 1990 1256 rectum,
2010 1193 2141 1244 sicut
2173 1207 2350 1244 seruus
2387 1205 2531 1242 meus
2557 1188 2680 1242 Job.
2720 1188 2910 1242 Coram
2934 1204 3036 1251 me,
3068 1187 3164 1250 ait,
3193 1185 3242 1238 id
3267 1193 3352 1238 est

1770 1282 1936 1348 intus,
1985 1282 2072 1336 ubi
2101 1296 2242 1350 saepe
2273 1281 2562 1338 multorum
2602 1281 2709 1334 vita
2741 1279 3007 1349 displicet,
3038 1293 3156 1347 quze
3186 1278 3349 1330 etiam

1770 1371 1902 1428 foris
1949 1372 2255 1427 hominibus
2293 1373 2487 1441 placet.
2543 1371 2694 1427 Unde
2742 1379 2796 1424 et
2840 1369 2908 1424 de
2933 1369 3120 1424 electis
3146 1368 3349 1421 dictutn

1771 1472 1893 1519 est:
1959 1483 1974 1512 ι
2012 1462 2178 1517 Erant
2225 1459 2535 1528 amhojusti
2586 1468 2710 1514 ante
2739 1460 2908 1513 Deum
2955 1457 3102 1529 (Luc.
3144 1473 3184 1521 ι,
3215 1455 3290 1525 6).
3326 1474 3350 1508 ι

1773 1551 1909 1606 Hinc
1929 1551 2212 1605 Psaltnista
2246 1558 2436 1605 exorat
2458 1551 2642 1604 dicens
2671 1567 2682 1602 :
2722 1569 2739 1600 ι
2778 1548 2957 1618 Dirige
2985 1548 3037 1601 in
3061 1555 3352 1618 conspectu

1774 1655 1866 1700 tuo
1896 1647 2035 1700 viam
2094 1660 2269 1699 meam
2306 1643 2478 1712 (Psnt.
2518 1643 2647 1712 ux).
2682 1661 2700 1696 ι
2758 1642 2824 1696 Ει
2868 1640 3160 1695 notandum
3209 1638 3354 1708 quod

1774 1751 1880 1794 non
1910 1735 2106 1792 dicitur
2153 1735 2293 1790 sicut
2329 1732 2466 1798 Job,
2509 1733 2602 1788 sed
2653 1733 2990 1787 sicutservus
3036 1746 3180 1784 mens
3225 1728 3349 1794 Job,

111 1782 1055 1895 T3333".i‘lf‘ffffifi‘ffef'ff'flif’f
1075 1783 1668 1895 δὶεἷῗξῗῗῖῗίζῗὶῗζῗῖῗῗ
1704 1814 1744 1872 Β
1774 1826 1899 1880 licet
1925 1825 1978 1879 in
2007 1825 2274 1895 positione
2304 1824 2600 1888 servitutis.
2627 1823 2750 1877 dum
2773 1837 2893 1876 cum
2920 1821 3072 1892 quasi
3098 1821 3196 1875 sub
3219 1835 3354 1890 qua-

112 1873 382 1942 superioris
405 1871 682 1942 sapientiae
711 1887 817 1926 non
842 1871 1073 1937 audiret,
1101 1873 1152 1926 in
1179 1871 1333 1940 cujus
1359 1873 1671 1942 operatione

113 1962 310 2016 stultum
335 1971 425 2017 est
447 1970 692 2016 nostrum
716 1976 878 2016 omne
899 1962 1040 2030 quod
1069 1963 1228 2032 sapit.
1251 1963 1384 2016 lline
1396 1962 1671 2016 Abraham

111 2053 209 2108 ait:
257 2071 274 2105 ι
310 2053 528 2122 Loquar
563 2052 630 2106 ad
678 2052 959 2106 Dominum
989 2066 1189 2116 meum,
1218 2065 1336 2106 cum
1369 2052 1470 2106 sim
1496 2051 1671 2121 pulvis

112 2142 245 2213 (Gen.
309 2159 472 2209 xvtn,
533 2143 646 2214 27).
687 2160 706 2194 ι
741 2141 878 2197 llinc
915 2141 1150 2213 Moyses,
1199 2143 1346 2196 omni
1407 2143 1671 2213 sapientia

111 2237 469 2307 Egyptiorum
518 2238 836 2302 instructus,
875 2236 950 2290 ait
988 2253 1001 2289 :
1049 2253 1067 2288 ι
1113 2234 1370 2300 Obsecro,
1428 2235 1671 2299 Domine,

113 2343 204 2382 non
261 2343 378 2383 sum
439 2329 715 2398 eloquens,
759 2328 827 2382 ab
883 2327 998 2382 heri
1058 2327 1205 2381 enim
1259 2335 1316 2382 et
1363 2327 1673 2382 nudiuster-

113 2418 239 2482 tius;
275 2433 339 2472 ex
400 2434 509 2487 quo
571 2419 780 2473 locutus
837 2431 897 2472 es
953 2417 1019 2470 ad
1059 2433 1272 2472 servum
1313 2424 1462 2471 tuum
1501 2417 1675 2487 impe-

112 2509 296 2564 ditioris
315 2519 370 2566 et
402 2509 654 2564 tardioris
689 2508 886 2578 linguto
906 2522 1007 2577 ego
1025 2522 1144 2563 sum
1168 2507 1364 2577 (Exod.
1395 2523 1471 2575 tv,
1499 2507 1608 2580 10).
1650 2527 1668 2561 ι

113 2597 339 2668 Sequitur
362 2617 378 2653 :

171 2713 322 2768 Vens.
353 2712 416 2765 4.
458 2711 597 2766 Audi
631 2720 679 2765 et
725 2728 817 2783 ego
856 2710 1075 2784 loquar,
1119 2710 1447 2782 interrogabo
1497 2718 1581 2776 te,
1627 2720 1674 2764 et

116 2807 342 2876 responde
381 2805 534 2860 mihi.
557 2835 628 2847 -—-
647 2788 970 2859 Audire'Dei
998 2814 1079 2859 est
1111 2804 1210 2864 sub
1234 2803 1525 2872 semetipso
1553 2815 1676 2856 sur-

113 2898 270 2968 gentia
310 2906 502 2960 nostra
534 2895 830 2966 percipere.
869 2894 952 2948 Ad
987 2893 1152 2948 Deum
1189 2907 1318 2962 ergo
1339 2933 1354 2958 ,
1387 2891 1477 2961 qui
1508 2898 1561 2945 et
1593 2898 1675 2943 ta-

115 2990 328 3044 centium
373 2987 543 3042 corda
591 2985 886 3056 cognoscit,
939 2984 1084 3053 loqui
1123 2991 1366 3038 nostrum
1417 2990 1518 3046 est,
1570 2995 1677 3034 non

112 3082 270 3146 vocis,
320 3080 418 3136 sed
463 3095 562 3150 pro
597 3078 796 3133 mentis
835 3077 902 3132 ad
950 3077 1096 3131 illum
1127 3074 1409 3130 desideriis
1442 3074 1676 3129 inhiare.

1775 1916 1896 1970 dam
1931 1915 2302 1985 peculiaritate
2345 1922 2754 1977 commemorat,
2794 1921 2984 1968 cuncta
3014 1927 3132 1981 qua:
3175 1911 3228 1964 in
3257 1911 3352 1965 de-

1774 2007 2019 2062 fensione
2050 2020 2145 2060 sua
2173 2005 2405 2067 dixerat,
2443 2003 2568 2072 quia
2584 2018 2702 2058 ~non
2733 2001 3038 2056 contumaci
3074 2000 3349 2070 superbia,

1773 2097 1867 2153 sed
1899 2096 2088 2152 humili
2115 2096 2341 2150 veritate
2371 2094 2528 2160 dixit,
2565 2093 2823 2148 ostendit.
2857 2092 2966 2146 Sed
2985 2092 3113 2161 quid
3138 2099 3222 2146 est
3248 2091 3355 2145 hoc

1775 2185 1920 2255 quod
1951 2183 2010 2238 Β.
2036 2183 2137 2238 Job
2166 2191 2220 2236 et
2270 2182 2524 2236 laudatur
2568 2183 2734 2248 hosti,
2785 2191 2838 2236 et
2871 2183 2924 2236 in
2965 2182 3145 2252 seipso
3173 2195 3360 2252 repre-

1776 2277 2052 2341 henditur,
2080 2284 2134 2329 et
2166 2283 2343 2329 tamen
2373 2274 2564 2328 amicis
2590 2273 2910 2339 antefertur,
2935 2273 3036 2328 nisi
3062 2274 3202 2342 quod
3231 2289 3359 2329 san-

1776 2377 1896 2422 ctus
1939 2367 2023 2421 vir
2066 2374 2292 2422 cunctos
2330 2365 2645 2418 meritorum
2693 2380 2916 2419 suorum
2961 2366 3161 2419 virtute
3207 2375 3358 2419 tran-

1775 2459 2005 2523 scendit,
2031 2459 2124 2514 sed
2149 2473 2214 2513 eo
2237 2457 2351 2527 ipso
2377 2456 2519 2526 quod
2543 2455 2705 2511 homo
2749 2455 2869 2520 fuit,
2911 2464 3035 2508 ante
3059 2455 3152 2510 Dei
3173 2454 3364 2510 oculos

1776 2567 1896 2608 esse
1933 2552 2050 2606 sine
2095 2550 2514 2620 reprehensione
2555 2565 2662 2604 non
2706 2549 2920 2619 potuit?
2950 2549 3010 2602 B.
3047 2548 3211 2619 igitur
3256 2547 3364 2604 Job

1777 2659 1875 2715 pro
1905 2643 2060 2712 culpa
2086 2657 2145 2697 se
2186 2641 2417 2696 credidit
2440 2649 2495 2695 et
2521 2655 2627 2695 non
2667 2656 2763 2709 pro
2792 2639 2964 2706 gratia
2991 2637 3279 2710 flagellari;
3307 2645 3364 2693 et

1778 2735 1830 2789 in
1892 2747 1956 2787 co
2006 2731 2418 2802 reprehenditur
2461 2731 2603 2802 quod
2665 2731 2961 2786 intentione
3031 2729 3361 2801 ﬁagellatum

1779 2824 1943 2879 fuisse
2010 2824 2113 2876 alia
2164 2822 2492 2892 suspicatur,
2538 2830 2592 2876 et
2639 2830 2823 2878 tamen
2869 2819 3056 2874 amicis
3101 2818 3358 2873 resisten-

1781 2915 1922 2970 tibus
1978 2914 2174 2970 interni
2231 2913 2416 2985 judicii
2455 2913 2768 2968 definitione
2814 2911 3068 2981 praelatus
3118 2915 3219 2981 cst,
3260 2908 3360 2965 Se-

1779 3008 1963 3078 quitur
1985 3023 1998 3058 :

1851 3097 2015 3159 Vens.
2040 3097 2092 3152 8.
2153 3096 2353 3154 Sumite
2405 3096 2544 3151 vobis
2585 3104 2778 3165 septem
2825 3103 3025 3158 tauros,
3070 3100 3116 3146 et
3171 3099 3364 3160 septem

115 3168 170 3223 Et
195 3170 312 3240 ίιυίθ
347 3170 471 3224 ideo
512 3167 773 3260 quisqui?
802 3167 1100 3260 Ῐ¹Ῐ¹θ¹τ⁰ῧίῗί
1146 3173 1208 3219 ιη
1254 3165 1463 3220 discere
1499 3163 1675 3260 Vale?“
1703 3181 1747 3244 C
1778 3189 1984 3254 arietes,
2005 3198 2061 3243 et
2088 3188 2269 3260 oﬂ'ertc
2297 3187 2607 3242 holocausta
2629 3163 2723 3257 pro
2751 3186 2911 3246 vobis.
2936 3215 3005 3225 —
3027 3184 3164 3240 Ecce
3183 3181 3364 3252 justus

113 3260 238 3327 quod
284 3260 518 3330 ignorat,
571 3258 777 3313 homini
843 3258 1010 3312 Deum
1059 3259 1395 3329 interrogare
1440 3266 1562 3323 est,
1620 3258 1674 3312 in

113 3360 386 3420 conspectu
435 3351 554 3427 ejus
598 3351 926 3405 nescientem
957 3366 1015 3405 se
1044 3367 1391 3422 cognoscere.
1427 3351 1674 3422 Respon-

115 3445 229 3499 dere
275 3445 370 3500 Dei
418 3453 522 3511 est,
553 3459 676 3502 eum
701 3445 792 3518 qui
824 3460 882 3500 se
921 3445 1201 3502 humiliter
1228 3447 1555 3502 nescientem
1587 3461 1678 3502 co-

114 3538 341 3604 gnoverit
379 3537 610 3594 occultis
638 3537 1081 3607 inspirationibus
1113 3539 1350 3593 erudire.
1380 3538 1472 3592 Ait
1500 3539 1676 3594 enim:

114 3625 240 3681 Audi
280 3637 326 3681 et
357 3627 566 3703 loquar.
613 3627 690 3682 Ac
730 3626 775 3682 si
821 3627 1024 3682 diceret
1056 3627 1519 3683 :Misericorditer
1542 3625 1678 3681 desi-

115 3715 248 3777 deria
275 3733 393 3772 mea
421 3717 660 3788 percipe,
691 3725 748 3771 ut
770 3717 894 3771 dum
927 3718 1040 3772 ht'ec
1061 3717 1234 3785 pietas
1264 3725 1353 3770 tua
1384 3716 1681 3786 percipiens

116 3807 282 3862 audiat
303 3823 333 3861 a
360 3816 433 3873 te,
459 3807 840 3878 multipliciora
864 3815 1215 3877 consurgant.
1243 3804 1587 3875 Interrogabo
1609 3814 1678 3870 te,

117 3895 161 3948 id
175 3905 269 3960 est,
297 3889 629 3952 nescientem
654 3910 738 3949 me
759 3909 825 3956 ex
850 3904 953 3950 tua:
967 3896 1204 3951 scientiae
1226 3895 1683 3966 contemplatione

115 3999 401 4055 cognosco,
431 3995 481 4040 et
521 3987 793 4055 responde,
841 3987 892 4041 id
938 3994 1051 4053 est,
1085 3987 1366 4041 stultitiam
1410 3987 1681 4057 propriam

117 4073 381 4133 humiliter
408 4085 821 4146 cognoscentem
847 4077 1002 4132 doce.
1034 4076 1290 4146 Sequitur
1317 4094 1328 4131 ς

177 4189 340 4246 Vsus.
373 4191 428 4246 5.
457 4190 655 4244 Audita
681 4191 859 4245 audivi
881 4201 951 4256 te,
976 4207 1111 4248 nunc
1132 4202 1303 4246 autem
1335 4190 1516 4245 oculus
1539 4208 1682 4253 meus

116 4281 237 4333 ridet
273 4291 342 4346 te.
366 4311 444 4338 —.-.
475 4280 578 4337 His.
604 4283 859 4346 nimirum
883 4283 1065 4339 verbis
1093 4290 1278 4351 aperte
1305 4281 1526 4348 indicat,
1556 4283 1681 4352 quia

117 4383 308 4440 quanto
336 4374 488 4430 visus
522 4375 768 4446 superior
790 4367 874 4430 εει
905 4374 1088 4430 auditu
1107 4415 1122 4438 ,
1152 4383 1308 4439 tanto
1325 4373 1500 4430 differt
1528 4375 1596 4430 ab
1617 4389 1683 4430 eo

115 4463 246 4532 quod
293 4464 445 4534 prius
487 4466 732 4530 exstitit,
761 4473 820 4520 et
846 4466 948 4520 hoc
973 4464 1316 4534 postmodum
1353 4479 1449 4535 per
1475 4463 1680 4537 ﬂagella

114 4554 340 4622 proficit.
369 4555 628 4624 Sequitur
653 4573 666 4609 :

181 4642 342 4702 Vens.
371 4643 426 4699 6.
471 4645 680 4706 Idcirco
709 4705 713 4707 _
737 4647 846 4716 ipse
892 4661 973 4700 me
1011 4646 1347 4718 reprehendo.
1371 4677 1440 4688 —
1470 4646 1686 4715 Quanto

117 4736 249 4792 enim
271 4739 502 4809 quisque
520 4739 700 4794 minus
719 4738 888 4805 videt,
912 4746 1062 4793 tanto
1088 4738 1189 4794 sibi
1216 4739 1395 4795 minus
1417 4737 1682 4809 displicet,

117 4833 165 4878 et
195 4836 397 4896 quanto
429 4809 651 4898 majoris
683 4828 869 4898 gratiae
898 4827 1078 4883 lumen
1103 4828 1350 4898 percipit,
1387 4835 1537 4884 tanto
1567 4843 1686 4883 am-

115 4913 246 4988 plius
283 4919 764 4988 reprehensibilem
809 4933 869 4974 se
911 4933 1030 4986 esse
1065 4920 1358 4989 cognoscit.
1392 4919 1681 4992 Sequitur:

122 5005 180 5060 Et
227 5024 327 5078 ago
374 5010 724 5079 paenitentiam
772 5009 826 5072 in
867 5008 1050 5076 fauilla
1096 5022 1143 5063 et
1188 5010 1379 5066 cinere.
1424 5043 1496 5052 -~-
1532 5011 1613 5073 Ac
1639 5009 1683 5078 si

119 5107 294 5167 aperte
323 5099 465 5155 dicat
493 5117 504 5154 :
546 5101 624 5155 De
668 5099 814 5154 nullo
841 5099 1079 5161 auctoris
1106 5100 1208 5154 mei
1236 5100 1377 5158 dono
1408 5100 1682 5172 superbia,

1781 3287 1836 3334 et
1870 3279 2180 3334 misericors
2212 3279 2352 3333 Deus
2383 3293 2482 3332 nec
2506 3276 2692 3348 culpas
2720 3277 2835 3330 sine
2863 3274 3234 3344 increpatione
3263 3272 3362 3326 de-

1782 3370 1940 3435 serit,
1985 3384 2084 3423 nec
2132 3377 2341 3424 reatum
2385 3368 2500 3424 sine
2527 3366 2878 3422 conversione
2923 3363 3266 3434 derelinquit.
3296 3360 3366 3415 Et

1780 3460 1928 3531 prius
1954 3459 2290 3528 putredinem
2318 3457 2554 3512 vulneris
2597 3455 2852 3520 innotuit,
2883 3462 2937 3508 et
2974 3461 3094 3522 post
3123 3450 3364 3507 remedia

1782 3550 2174 3618 consequenda:
2199 3547 2390 3604 salutis
2422 3545 2698 3600 indicavit.
2729 3545 2834 3599 Sed
2860 3543 2986 3612 quia
3011 3541 3244 3598 diximus
3264 3555 3368 3610 per

1783 3639 1988 3695 amicos
2035 3638 2094 3691 Β.
2142 3637 2241 3692 Job
2278 3636 2560 3691 luereticos
2589 3632 2881 3703 designari,
2907 3632 2998 3701 qui
3032 3631 3201 3684 Deum
3233 3629 3361 3683 dum

1783 3730 2072 3786 defendere
2101 3731 2380 3792 nituntur,
2406 3726 2717 3790 offendunt,
2748 3737 2882 3792 quos
2916 3723 3253 3791 omnipotens
3281 3728 3366 3773 ta-

1782 3837 1904 3876 men
1937 3821 2078 3875 Deus
2104 3834 2245 3888 szepe
2273 3817 2484 3887 corpori
2515 3825 2717 3870 sanctae
2748 3812 3004 3868 Ecclesiae
3042 3825 3140 3881 per
3170 3809 3361 3881 cogni-

1784 3914 1981 3969 tionem
2006 3912 2249 3967 veritatis
2281 3910 2591 3972 inviscerat,
2618 3905 2718 3962 Joh
2747 3904 2945 3975 quippe
2989 3913 3170 3974 typum
3198 3901 3365 3972 gessit

1782 4002 2062 4068 Ecclesiae,
2103 4015 2200 4071 per
2228 4009 2434 4064 tauros,
2477 3996 2657 4052 cervix
2701 3993 2994 4064 superbize,
3021 4002 3138 4062 'per
3165 3991 3371 4045 arietes.

1783 4110 1912 4151 vero
1942 4095 2170 4148 ducatus
2215 4091 2556 4164 exprimitur.
2584 4090 2660 4144 De
2706 4085 2976 4142 luereticis
3003 4097 3236 4154 namque
3274 4096 3366 4136 su-

1785 4185 2155 4258 perbicntibus
2201 4184 2438 4239 dicitur:
2493 4200 2510 4232 ι
2547 4179 2841 4235 Consilium
2894 4185 3173 4231 taurorum
3223 4175 3376 4251 inter.

1783 4289 1979 4328 vaccas
2022 4273 2340 4343 populorum
2385 4268 2559 4341 (Psal.
2591 4283 2760 4334 vatt,
2785 4267 2897 4338 52).
2937 4285 2954 4318 ι
3003 4267 3070 4321 Et
3107 4267 3233 4336 quia
3281 4279 3362 4320 se-

1785 4373 2015 4434 quentes
2036 4378 2093 4417 se
2121 4361 2345 4430 populos
2375 4360 2519 4416 velut
2539 4373 2731 4430 greges
2765 4357 3021 4422 trahunt,
3051 4356 3249 4410 arietes
3269 4353 3367 4408 ali-

1789 4455 2001 4526 quando
2037 4453 2401 4508 nominantur.
2434 4451 2572 4506 Hinc
2599 4449 2862 4505 Jcrcmias
2888 4449 3004 4504 ait:
3042 4467 3059 4500 ι
3088 4447 3367 4516 Principes

1710 4513 1763 4573 Β
1793 4513 1866 4604 ιιιιί
1915 4545 2060 4602 velut
2113 4545 2312 4608 arietes
2358 4543 2574 4614 {Tltren.
2626 4541 2758 4613 xvi).
2799 4559 2816 4594 ι
2863 4539 3070 4595 Tauros
3121 4513 3288 4593 enim—
3311 4545 3369 4592 et

1782 4639 1982 4700 arieles
2015 4639 2068 4694 in
2120 4635 2387 4692 sacrificio
2413 4634 2630 4700 offerre,
2677 4642 2755 4688 est
2794 4633 3084 4704 superbum
3110 4632 3364 4684 ducatum

1785 4731 2158 4788 conversionis
2197 4727 2505 4790 humilitate
2553 4733 2814 4789 mactare,
2859 4734 2940 4790 ut,
2977 4721 3214 4778 edomita
3245 4734 3364 4775 cer-

1784 4825 1900 4879 vice
1924 4823 2211 4896 superbize,
2268 4823 2479 4879 discant
2517 4819 2818 4878 obediendo
2848 4817 2997 4888 sequi
3035 4816 3125 4888 qui
3168 4815 3367 4870 dudum
3463 4850 3474 4859 ο

1787 4915 2035 4971 ducendo
2057 4915 2248 4985 praeire
2273 4914 2629 4969 conabantur.
2674 4910 2842 4965 Recte
2889 4923 3101 4981 quoque
3137 4907 3252 4961 haec
3273 4920 3369 4960 eo-

1787 5023 1908 5062 rum
1948 5006 2198 5078 superbia
2228 5013 2436 5074 septem
2468 5001 2752 5059 sacrificiis
2792 5003 3060 5073 expiatur,
3096 4997 3219 5068 quia
3246 4997 3373 5066 [hrc-

1790 5095 1943 5149 retici
1987 5095 2054 5150 ad
2099 5093 2397 5148 Ecelesiam
2438 5098 2775 5148 revertentes
2801 5107 2900 5161 per
2928 5085 3246 5145 humilitatis
3273 5085 3380 5139 ho-

1790 5185 1946 5210 ιιΙξΑ...
1977 5188 2106 5210 οιΑ-,Α
2135 5183 2368 5210 απαξ-ειιιιι
2405 5184 2590 5210 ~—Al:~\
2626 5181 2957 5210 Bn\n':rnnn:s:n
2987 5177 3254 5210 ﬁﬂh:n:IIn'
