3934 5400
555 385 657 442 567

1434 366 1437 369 ’
1482 382 1538 440 s.
1579 383 1830 440 ODONlS
1856 357 2160 439 'ABBATIS
2194 381 2690 443 ccuuucsnsrs
2729 384 2769 441 ιι
2800 394 2811 401 ι

552 510 712 571 ptura
734 515 890 554 sacra
914 498 1050 554 solet
1072 501 1380 570 septenario
1399 517 1622 558 numero
1637 501 1927 573 aliquando
1947 516 2139 557 secura
2170 505 2215 563 Α
2244 500 2502 557 Mrsrtcu.
2532 501 2728 558 Sancta
2765 504 2962 574 quippe
2991 504 3231 561 Ecclesia
3261 521 3330 562 ex
3355 519 3414 562 se
3447 503 3650 562 multos
3673 522 3805 564 nunc

555 592 770 661 requies
801 592 1093 663 designari,
1128 602 1185 648 ιιι
1217 593 1345 648 illud
1379 614 1390 650 :
1433 614 1451 648 ι
1481 596 1549 651 Et
1579 595 1844 666 requievit
1872 596 2015 652 Deus
2049 595 2136 652 die

553 683 779 753 septima
822 681 975 751 (Gen.
1018 700 1075 747 ιι,
1116 683 1194 756 2).
1232 706 1251 738 ι
1295 685 1597 756 Aliquando
1636 689 1959 744 universitas
2001 702 2138 758 prae-

553 775 721 831 sentis
754 777 1012 847 temporis
1043 776 1222 847 hujus.
1253 777 1391 835 Hinc
1418 789 1504 836 est
1539 781 1681 852 quod
1710 798 1892 837 muros
1924 782 2137 838 Hierico

555 867 700 920 tubis
744 865 1121 937 clangentibus
1166 884 1291 924 arca
1342 869 1436 925 Dei
1482 880 1688 942 septem
1732 873 1980 928 circuivit
2025 874 2138 929 dies

553 955 760 1020 (Iosue,
788 971 866 1022 vr,
901 957 955 1021 5,
988 957 1065 1028 4).
1116 957 1253 1014 llinc
1299 958 1566 1029 Propheta
1607 961 1721 1016 ait:
1769 979 1788 1014 ‹
1829 961 2040 1031 Septies
2083 962 2136 1017 in

553 1045 641 1100 die
667 1044 884 1102 laudem
917 1048 1025 1101 dixi
1063 1048 1154 1102 tibi
1186 1049 1357 1120 (Psal.
1388 1066 1576 1118 cxvnt,
1609 1052 1753 1121 164).
1793 1073 1811 1105 ι
1840 1051 2140 1122 Aliquando

555 1144 737 1189 autem
773 1144 984 1190 sancta:
1024 1137 1283 1193 Ecclesia:
1330 1140 1662 1194 universitas
1697 1142 2040 1212 designatur,
2082 1149 2141 1195 ut

553 1226 683 1281 illud
713 1226 768 1281 in
803 1226 1166 1299 Apocalypsi:
1220 1249 1238 1281 ε
1273 1229 1508 1287 Joannes
1541 1241 1748 1302 septem
1800 1231 2080 1295 Ecclesiis,
2117 1252 2135 1284 ι

555 1326 610 1372 et
642 1317 848 1386 reliqua
904 1319 1087 1388 (Apoc.
1114 1336 1154 1383 ι,
1188 1318 1284 1391 tv).
1353 1321 1588 1375 Veniant
1621 1337 1749 1391 ergo
1779 1322 2022 1377 haeretici
2048 1322 2140 1391 qui

554 1416 706 1460 extra
738 1416 865 1461 sunt
907 1409 1102 1476 positi,
1150 1419 1205 1464 et
1242 1411 1394 1479 prius
1442 1426 1501 1467 se
1551 1412 1895 1467 universitati
1940 1423 2141 1467 sanctae

554 1496 812 1551 Ecclesiae
851 1498 1137 1564 misceant,
1160 1506 1217 1554 et
1244 1507 1371 1553 tunc
1398 1497 1617 1554 demum
1647 1500 1860 1554 veniam
1889 1500 1955 1554 de
1987 1512 2139 1554 reatu

554 1586 795 1656 pristinae
823 1588 1077 1644 elationis
1118 1590 1428 1659 exquirant.
1470 1589 1577 1645 Pro
1613 1590 1771 1660 culpa
1802 1605 1896 1645 sua
1934 1600 2139 1660 septem

553 1682 819 1737 sacrificia
851 1682 1100 1750 offerant,
1129 1685 1254 1755 quia
1284 1694 1469 1740 reatus
1500 1686 1581 1740 sui
1613 1684 2003 1741 absolutionem
2034 1702 2140 1741 non

554 1770 847 1840 accipiunt,
882 1773 986 1828 nisi
1015 1774 1206 1843 gratiae
1240 1774 1573 1844 scptiformis
1602 1772 1810 1843 Spiritu
1845 1774 2140 1830 universali

553 1861 698 1930 paci,
730 1877 834 1932 qua
889 1864 1057 1919 excisi
1118 1865 1353 1931 fuerant,
1404 1874 1787 1936 aggregentur.
1843 1864 2139 1937 Sequitur:

552 1949 654 2003 Job
696 1968 872 2007 servus
900 1970 1045 2007 meus
1085 1955 1253 2009 orabit
1282 1972 1377 2023 pro
1403 1955 1566 2019 vobis,
1613 1956 1803 2025 [aciem
1825 1957 1940 2026 ejus
1979 1959 2145 2011 susci-

551 2042 697 2110 piam
725 2052 779 2094 ut
805 2059 910 2096 non
937 2044 1079 2097 vobis
1102 2044 1387 2114 imputetur
1407 2044 1661 2102 stultitia.
1691 2077 1762 2088 --
1797 2046 1875 2102 Ac
1902 2048 1949 2103 si
1975 2048 2145 2103 heare-

558 2128 681 2184 ticis
717 2130 1073 2187 redeuntibus
1105 2143 1291 2201 aperte
1332 2135 1608 2191 diceretur
1644 2154 1656 2190 :
1691 2135 2000 2193 Universali
2048 2153 2144 2194 vos

556 2217 815 2274 ECCICaiIP.
842 2238 937 2290 per
967 2222 1327 2280 humilitatem
1352 2228 1687 2296 poenitentiae
1714 2227 1951 2300 jungite,
1984 2239 2146 2302 atque

556 2323 653 2377 per
678 2325 818 2374 eam,
864 2326 968 2381 qua
1004 2327 1100 2381 per
1129 2315 1483 2385 vosmetipsos
1527 2318 1677 2388 digni
1721 2333 1825 2373 non
1864 2320 2016 2387 estis,
2053 2336 2146 2375 ve—

556 2399 701 2455 niam
721 2401 839 2470 ejus
874 2417 904 2455 a
944 2418 1030 2457 me
1056 2405 1305 2474 precibus
1325 2406 1585 2462 obtinete.
1608 2405 1853 2474 Quicum
1884 2424 1983 2478 per
2006 2411 2144 2465 hanc

555 2491 824 2545 veraciter
873 2506 1065 2562 sapere
1129 2495 1358 2563 discitis,
1400 2498 1599 2568 prioris
1636 2499 1777 2567 apud
1819 2515 1905 2554 me
1955 2511 2146 2555 vestrae

555 2582 838 2650 sapientia:
926 2583 1212 2639 stultitiam
1297 2585 1508 2642 deletis.
1586 2586 1898 2659 Sequitur:
1965 2588 2148 2659 Neque

554 2675 691 2727 enim
727 2672 888 2727 locuti
923 2677 1047 2729 estis
1092 2692 1269 2730 coram
1324 2695 1403 2732 me
1462 2679 1597 2732 sicut
1637 2696 1813 2734 servus
1848 2697 1993 2734 meus
2017 2679 2139 2734 Job.

554 2795 624 2804 —
646 2762 771 2820 Η.υο
820 2764 980 2834 paulo
1005 2777 1128 2821 ante
1160 2767 1417 2823 Dominus
1447 2769 1692 2837 protulit,
1728 2780 1783 2824 et
1816 2776 1993 2823 tamen
2032 2770 2145 2824 haec

556 2855 800 2910 iterando
829 2854 1123 2924 subjunxit.
1155 2857 1293 2924 Quid
1324 2872 1409 2914 e5t
1446 2859 1551 2914 hoc
1596 2860 1697 2913 nisi
1749 2861 1890 2929 quod
1929 2869 2146 2915 sentcn-

559 2943 685 2996 tiam
728 2960 889 3014 quam
928 2946 980 3000 in
1023 2947 1189 3001 semel
1212 2946 1509 3016 judicando
1548 2948 1800 3015 dixerat,
1833 2950 2029 3004 iterum
2061 2964 2146 3006 re-

556 3035 804 3105 plicando
835 3038 1161 3093 conﬁrmat?
1203 3040 1460 3109 Sequitur
1494 3058 1508 3094 :

632 3127 792 3180 Vens.
826 3128 876 3183 9.
924 3129 1169 3183 Abierant
1215 3147 1335 3200 ergo
1389 3142 1492 3184 tres
1545 3132 1701 3185 amici
1748 3130 1868 3196 Job,
1919 3130 2145 3201 Eliphas

561 3216 604 3270 Τ
605 3219 908 3282 Itemanitcs,
940 3230 989 3272 et
1013 3218 1220 3272 Baldud
1261 3188 1492 3284 Sit/rites,
1514 3230 1561 3273 et
1589 3220 1791 3289 Sophat
1826 3188 2142 3295 linantatlti-
2170 3188 2215 3249 Ο

558 3316 652 3372 tes,
685 3318 733 3363 et
772 3308 1006 3377 fecerunt
1051 3310 1182 3363 sicut
1213 3309 1416 3364 locutus
1439 3310 1611 3380 fuerat
1658 3310 1909 3366 Dominus
1937 3312 2007 3366 ad
2034 3328 2144 3377 eos,

557 3407 607 3452 et
634 3384 858 3468 suscepit
896 3398 1151 3455 Dominus
1184 3400 1374 3471 faciem
1417 3398 1541 3454 Job.
1570 3431 1639 3440 —
1661 3400 1980 3456 intuendum
2018 3417 2148 3456 vero

555 3496 643 3545 est
662 3490 802 3559 quod
824 3490 895 3544 ita
919 3500 1075 3545 caute
1096 3491 1234 3545 sicut
1258 3491 1547 3560 przcdictus
1563 3490 1739 3546 fuerat
1758 3491 1892 3547 ordo
1911 3499 2149 3560 acceptas

559 3581 734 3651 venite
765 3584 1089 3647 custoditur,
1121 3584 1258 3638 utin
1290 3583 1573 3640 sacrificiis
1611 3584 1869 3639 Dominus
1894 3599 2000 3638 non
2032 3583 2148 3639 illo-

558 3686 702 3737 rum,
730 3673 824 3729 sed
864 3674 1008 3729 beati
1048 3672 1149 3730 Job
1187 3673 1386 3730 faciem
1428 3676 1732 3747 suscepisse
1756 3674 2010 3733 refertur.
2046 3674 2147 3732 Se-

558 3765 743 3832 quitur
772 3782 785 3818 :
1872 3827 1875 3830 .

631 3851 795 3907 Vens.
822 3853 908 3907 10.
940 3852 1192 3910 Dominus
1216 3872 1418 3926 quoque
1461 3872 1734 3911 conversus
1773 3867 1851 3911 est
1884 3857 1952 3911 ad
1985 3858 2150 3928 paeni-

558 3947 777 4003 tentiam
797 3947 918 4011 Job,
942 3966 1061 4004 cum
1080 3960 1253 4004 oraret
1276 3966 1372 4020 pro
1396 3951 1579 4005 amicis
1598 3952 1730 4005 suis.
1752 3982 1818 3991 —
1835 3949 1955 4005 Jam
1978 3951 2146 4018 enim,

558 4036 700 4091 sicut
728 4038 975 4109 superius
1001 4046 1293 4106 memorat,
1331 4054 1428 4108 pro
1472 4037 1663 4094 amicis
1709 4039 1926 4095 auditus
1953 4038 2147 4094 fuerat.

559 4124 660 4181 Hic
699 4136 878 4183 autem
920 4136 1106 4198 aperte
1132 4129 1454 4193 ostenditur,
1483 4129 1609 4200 quia
1635 4128 1798 4184 etiam
1827 4144 1925 4199 pro
1952 4137 2150 4185 semet-

561 4216 678 4284 ipso
704 4219 995 4287 paenitens,
1031 4228 1177 4274 tanto
1221 4218 1383 4275 citius
1425 4218 1671 4275 exaudiri
1700 4220 1916 4285 meruit,
1947 4229 2151 4290 quanto

561 4304 757 4362 devote
801 4322 899 4377 pro
939 4308 1061 4364 aliis
1095 4310 1421 4366 intercessit.
1452 4309 1734 4366 Libentius
1758 4311 1954 4381 quippe
1981 4311 2152 4366 sacri-

466 4388 473 4397 ”
562 4397 744 4452 licium
786 4399 1049 4456 orationis
1077 4400 1360 4471 accipitur,
1390 4400 1532 4471 quod
1574 4401 1627 4456 in
1668 4411 1959 4472 conspectu
1992 4401 2151 4458 mise-

560 4486 790 4544 ricordis
835 4487 1032 4559 judicis
1090 4489 1321 4559 proximi
1368 4490 1655 4547 dilectione
1703 4491 1967 4546 conditur.
2012 4491 2150 4548 Hinc

562 4579 821 4635 Dominus
847 4580 923 4636 ait
956 4598 970 4636 :
1005 4600 1023 4634 ι
1053 4580 1216 4637 Orate
1248 4597 1347 4652 pro
1374 4584 1824 4654 persequentibus
1849 4593 1905 4638 et
1937 4584 2145 4640 calum-

563 4673 841 4729 niantibus
881 4688 978 4729 vos
1027 4673 1244 4743 (Matth.
1268 4689 1323 4742 v,
1350 4674 1476 4745 tu);
1516 4694 1534 4728 ι
1571 4684 1628 4730 et
1669 4690 1884 4730 rursum
1916 4689 1932 4729 :
1963 4694 1982 4727 t
2013 4672 2150 4731 Cum

561 4765 778 4821 stabilis
821 4764 888 4819 ad
935 4764 1221 4832 orandum,
1269 4765 1523 4821 dimittite
1561 4765 1607 4820 si
1650 4766 1780 4836 quid
1809 4765 2020 4822 habetis
2051 4766 2148 4821 ad-

562 4871 754 4912 versus
783 4856 1040 4928 aliquem,
1072 4877 1092 4911 ι
1128 4865 1236 4913 etc.
1270 4855 1488 4930 (Matth.
1526 4872 1581 4911 ιι
1610 4898 1625 4924 ,
1666 4850 1781 4927 25).
1841 4856 2098 4926 Sequitur
2133 4875 2148 4912 :

560 4949 780 5005 Addidit
811 4945 1064 5003 Dominus
1096 4948 1273 5002 omnia
1301 4964 1620 5020 quacunque
1647 4947 1858 5017 fuerant
1886 4944 2020 5013 Job,
2051 4946 2152 5000 du-

563 5038 1067 5109 plicia.-—Cnncta
1097 5054 1218 5109 quae
1264 5038 1566 5107 amiserat,
1614 5037 1849 5110 duplicia
1898 5040 2141 5110 recepit,

564 5130 688 5197 quia
714 5145 810 5198 per
834 5129 1092 5199 pietatem
1115 5129 1333 5199 benigni
1350 5127 1570 5199 judicis,
1602 5127 1915 5185 teutationis
1940 5126 2147 5186 nostra:

566 5221 907 5290 dispendium
939 5221 1164 5276 vincunt
1189 5219 1446 5292 suffragia
1481 5220 1934 5276 consolationum.
1972 5220 2150 5276 Minus

566 5312 711 5386 enim
741 5321 913 5387 tentat
941 5312 1192 5383 probatio
1216 5300 1377 5382 quam
1418 5313 1787 5370 remuneratio
1815 5313 2145 5370 consolatur.

2237 593 2588 659 percussione
2625 593 2938 649 tentatiouis
2966 594 3189 660 amittit,
3215 593 3271 648 in
3301 593 3408 649 fine
3442 602 3632 649 tamen
3657 593 3808 664 hujus

2238 679 2417 734 saeculi
2445 720 2461 746 ,
2486 694 2550 734 ea
2584 695 2705 751 qua:
2731 690 2859 737 sunt
2886 697 2983 738 sua
3012 682 3244 754 duplicia
3275 683 3470 754 recipit
3495 724 3513 751 ,
3556 685 3769 755 quando
3791 726 3806 750 ,

2239 774 2501 842 susceptis
2529 775 2596 829 ad
2625 774 2839 844 plenum
2865 775 3132 846 gentibus,
3173 778 3240 832 ad
3271 776 3390 847 ejus
3410 776 3578 834 fidem
3598 791 3810 838 Currere

2238 883 2448 936 omnes,
2466 884 2586 938 quae
2611 878 2738 925 tunc
2767 869 2982 925 inventa
3007 869 3185 936 fuerit,
3214 871 3377 927 etiam
3396 869 3670 937 Judaaam,
3701 888 3812 928 cou-

2239 960 2424 1016 sentit.
2455 958 2594 1015 Hinc
2622 961 2768 1016 enim
2806 960 3067 1031 scriptum
3105 968 3188 1017 est
3218 978 3232 1016 :
3270 980 3290 1014 ‹
3321 961 3510 1017 Donec
3545 961 3811 1032 plenitudo

2240 1053 2481 1122 gentium
2512 1052 2772 1119 intraret,
2804 1059 2859 1108 et
2909 1053 2989 1107 sic
3046 1052 3223 1108 omnis
3273 1051 3443 1108 Israel
3495 1052 3689 1109 salvus
3735 1054 3817 1110 ﬁet

2242 1143 2417 1215 (Rom.
2455 1160 2511 1199 x1
2539 1184 2554 1208 ,
2579 1145 2695 1214 ‘25).
2732 1165 2751 1197 ι
2788 1144 2854 1198 Et
2884 1143 3096 1200 Veritas
3133 1145 3209 1200 ait
3240 1163 3255 1200 :
3288 1164 3308 1198 ι
3339 1145 3493 1202 Elias
3542 1147 3729 1202 veniet
3768 1156 3817 1202 et

2241 1232 2489 1288 restituet
2516 1234 2716 1288 omnia.
2750 1252 2771 1286 ι
2806 1232 2898 1288 Vel
2936 1242 3085 1289 certe
3121 1242 3320 1290 sancte
3346 1234 3614 1291 Ecclesia:
3643 1236 3701 1290 in
3726 1235 3821 1292 line

2242 1336 2340 1377 suo
2360 1321 2580 1392 duplum
2611 1322 2855 1393 recipere
2880 1330 2965 1378 est
2991 1323 3046 1377 in
3070 1323 3297 1394 singulis
3323 1325 3484 1381 nobis
3520 1333 3583 1380 et
3611 1325 3683 1381 de
3708 1326 3818 1381 bea-

2243 1411 2472 1468 titudine
2519 1413 2714 1467 animae
2737 1422 2794 1468 et
2822 1413 2889 1469 de
2916 1414 3102 1469 carnis
3130 1415 3538 1485 incorruptione
3566 1418 3818 1486 gaudere.

2242 1502 2381 1558 llinc
2409 1504 2672 1572 propheta
2699 1503 2832 1559 dicit
2866 1523 2881 1558 :
2918 1523 2936 1556 ι
2963 1503 3020 1559 In
3070 1513 3215 1561 terra
3244 1521 3342 1561 sua
3372 1506 3621 1578 duplicia
3654 1509 3819 1577 possi-

2242 1593 2443 1649 debunt
2471 1592 2604 1665 (lsa.
2641 1608 2751 1658 Lm,
2780 1593 2861 1664 2).
2900 1613 2922 1646 ι
2949 1593 3206 1664 Sequitur
3236 1613 3253 1651 :

2314 1682 2481 1738 Vens.
2515 1683 2604 1737 11.
2642 1682 2904 1738 Venerunt
2928 1685 3013 1738 ad
3058 1700 3178 1739 eum
3219 1701 3398 1741 omnes
3435 1687 3639 1755 fratres
3676 1686 3821 1741 suiet

2243 1774 2501 1828 universis
2543 1788 2749 1827 sorores
2784 1788 2918 1837 sunt,
2967 1784 3015 1829 et
3060 1776 3234 1829 cuncti
3262 1775 3353 1846 qui
3402 1784 3668 1831 noverant
3716 1791 3823 1830 ests

2177 1843 2219 1901 Β
2245 1863 2415 1933 prius,
2434 1871 2484 1916 et
2506 1862 2839 1917 comederunt
2863 1878 3048 1932 panem
3073 1879 3190 1918 cum
3212 1843 3285 1918 eoi
3299 1864 3355 1918 in
3377 1863 3563 1925 domo,
3589 1875 3640 1919 et
3662 1880 3819 1918 nese-

2247 1960 2369 2005 rttnt
2403 1967 2559 2022 super
2583 1967 2701 2006 eum
2743 1962 2919 2022 caput.
2941 1981 3011 1993 -—
3032 1953 3239 2010 Divina:
3263 1954 3484 2025 pietatis
3511 1955 3821 2013 muneribus

2244 2042 2580 2108 consolatus,
2604 2042 2772 2097 etiam
2802 2043 3036 2098 humana
3065 2043 3226 2100 debet
3254 2044 3528 2101 charitate
3572 2046 3820 2111 refoveri,

2246 2138 2305 2184 ut
2326 2129 2559 2200 undique
2577 2131 2628 2186 ei
2651 2130 2815 2186 etiam
2831 2130 3215 2189 consolationis
3231 2133 3424 2204 gaudia
3442 2135 3820 2203 respondeant,

2245 2234 2407 2289 quem
2438 2219 2676 2290 undique
2703 2219 2949 2279 dolorum
2998 2221 3221 2277 tristitia
3259 2224 3490 2279 adversa
3533 2224 3821 2280 lacerabat.

2245 2309 2305 2365 ln
2336 2310 2666 2368 comestione
2690 2310 2836 2365 enim
2857 2309 3016 2380 panis
3053 2310 3399 2376 charitas,-in
3426 2313 3681 2369 motione
3708 2327 3823 2367 vero

2245 2401 2464 2472 capitis,
2496 2400 2784 2457 admiratio
2809 2400 3143 2473 designatur.
3176 2400 3437 2459 Mrsrtcu.
3467 2401 3627 2458 Tunc
3653 2411 3824 2465 autem

2246 2493 2446 2550 fratres
2471 2494 2557 2551 sui
2581 2508 2647 2549 ac
2667 2507 2884 2551 sorores
2909 2493 2977 2548 ad
2998 2501 3308 2563 correptum
3334 2494 3588 2557 veniunt,
3617 2493 3823 2563 quando

2246 2600 2313 2641 ex
2341 2584 2496 2654 plebe
2518 2583 2742 2639 Judaica
2771 2591 2905 2653 quot
2933 2583 3140 2638 inventi
3178 2581 3381 2637 fuerint
3408 2582 3477 2638 ad
3510 2582 3679 2640 ﬁdem
3703 2599 3821 2640 eon-

2246 2680 2554 2736 vertuntur,
2586 2672 2703 2742 ipsa
2741 2671 2886 2727 enim
2932 2686 3032 2742 per
3071 2671 3450 2743 cognationem
3493 2669 3695 2741 juncta
3729 2682 3821 2736 est,

2247 2765 2331 2821 vel
2361 2765 2455 2836 qui
2493 2763 2661 2819 fortes
2700 2752 2867 2818 futuri
2898 2773 3025 2819 sunt
3050 2762 3196 2818 velut
3235 2762 3473 2829 fratres,
3504 2762 3593 2819 vel
3630 2764 3821 2819 inﬁrmi

2246 2856 2394 2911 velut
2437 2868 2655 2912 sorores
2682 2852 2751 2908 ad
2777 2867 2899 2908 eum
2933 2866 3034 2922 per
3075 2852 3401 2923 cognitionis
3441 2851 3612 2908 fidem
3654 2853 3820 2908 debita

2247 2944 2606 3017 gratulatione
2652 2950 3001 2998 concurrunt.
3034 2936 3184 2996 Tunc
3210 2942 3264 2997 in
3294 2942 3455 2998 domo
3490 2940 3614 3010 ejus
3639 2956 3823 3012 panem

2248 3038 2555 3101 comedunt,
2573 3051 2694 3091 cum
2718 3034 3017 3109 postposita
3036 3033 3417 3089 observatione
3437 3032 3825 3105 super-jacentis

2249 3128 2441 3184 littera:
2470 3126 2524 3181 in
2554 3134 2740 3181 sancta
2774 3122 3014 3181 Ecclesia
3061 3123 3272 3194 mystici
3299 3122 3505 3193 eloquii
3544 3123 3703 3193 quasi
3724 3121 3821 3176 frn-

2246 3220 2329 3291 gis
2352 3218 2581 3273 medulla
2612 3226 2928 3287 pascuntur.
2971 3213 3117 3270 Bene
3164 3222 3345 3269 autem
3377 3214 3585 3270 dicitur
3616 3255 3632 3279 ,
3661 3231 3821 3270 ouum

2243 3314 2331 3384 qui
2358 3319 2606 3367 noverunt
2627 3326 2746 3365 eum
2765 3309 2935 3379 prius.
2959 3308 3116 3363 Prius
3138 3308 3335 3379 quippe
3359 3317 3655 3377 noverant,
3676 3323 3819 3379 quem

2246 3400 2301 3456 in
2350 3399 2598 3471 passione
2652 3413 2750 3453 sua
2799 3397 2955 3469 quasi
3002 3396 3334 3468 incognitum
3368 3407 3818 3468 contempserant.

2247 3487 2381 3543 Nam
2426 3488 2758 3544 nasciturum
2806 3486 3082 3542 Christum
3132 3486 3309 3543 nullus
3336 3488 3429 3559 qui
3475 3487 3641 3558 plene
3668 3488 3818 3561 legem

2247 3576 2470 3646 didicit,
2503 3578 2791 3651 ignoravit,
2830 3576 3062 3648 Quorum
3091 3590 3145 3633 et
3174 3579 3367 3634 notitia
3415 3581 3573 3649 prior
3600 3590 3657 3637 et
3682 3582 3814 3653 igno-

2249 3672 2423 3727 rantia
2468 3671 2734 3741 posterior
2786 3666 2923 3725 bene
2972 3685 3036 3726 ac
3087 3670 3330 3726 breviter
3365 3670 3525 3728 Isaac
3570 3673 3818 3745 caligante

2247 3761 2642 3833 signatur.'Qui
2673 3761 2798 3816 dum
2834 3759 2998 3817 Jacob
3031 3764 3394 3827 benediceret,
3428 3772 3487 3819 et
3533 3765 3670 3835 quid
3709 3778 3815 3821 ere-

2249 3846 2393 3912 niret
2420 3855 2472 3910 in
2497 3853 2676 3908 futuro
2705 3852 3054 3923 przevidebat,
3095 3855 3299 3925 etquis
3330 3854 3408 3910 illi
3440 3871 3686 3926 praesens
3708 3857 3817 3911 assi-

2249 3953 2419 4001 steret
2448 3943 2745 3999 nesciebat.
2787 3940 2894 3997 Sed
2925 3957 3051 3998 ecce
3085 3943 3141 3997 in
3189 3942 3294 3997 fine
3336 3944 3532 4000 mundi
3572 3946 3812 4009 veniunt,

2249 4044 2304 4090 et
2346 4049 2468 4089 eum
2517 4048 2677 4103 quem
2722 4030 2873 4103 prius
2908 4028 3169 4087 noverant
3224 4044 3651 4104 recognoscunt.
3700 4035 3814 4090 Ecce

2250 4128 2302 4181 in
2326 4126 2484 4179 domo
2502 4122 2618 4193 ejus
2640 4138 2831 4193 panem
2856 4123 3162 4186 comedunt,
3191 4123 3318 4192 quia
3349 4123 3405 4177 in
3438 4134 3633 4181 sancta
3652 4124 3815 4181 Eode-

2249 4216 2329 4271 sia
2362 4214 2499 4269 sacri
2541 4213 2742 4283 eloquii
2770 4211 2922 4283 fruge
2949 4221 3260 4282 pascuntur.
3296 4212 3354 4267 lu
3381 4214 3569 4284 capite
3610 4229 3815 4284 namque

2252 4307 2547 4377 principale
2593 4305 2791 4361 mentis
2827 4304 3129 4374 accipitur,
3174 4304 3317 4359 sicut
3362 4320 3465 4375 per
3493 4305 3813 4361 Psalmistsm

2251 4398 2489 4452 dicitur:
2520 4417 2537 4448 ι
2563 4394 2913 4466 lmpingnasti
2962 4393 3017 4449 in
3060 4393 3181 4449 oleo
3220 4403 3383 4464 caput
3426 4410 3614 4450 meum
3663 4395 3811 4468 (Pal.

2252 4501 2398 4550 χιιι,
2459 4484 2536 4556 5).
2572 4505 2590 4538 ι
2641 4483 2752 4539 Hoc
2798 4483 2979 4552 itaque
3027 4482 3148 4538 loco
3193 4490 3357 4553 caput
3402 4498 3632 4539 movere
3671 4490 3813 4539 estet

2253 4576 2681 4632 immobilitatem
2730 4574 2925 4629 mentis
2970 4573 3244 4638 excutere,
3280 4582 3336 4629 et
3373 4575 3446 4630 ad
3473 4577 3811 4646 cognitionem

2254 4670 2375 4725 fldei
2408 4668 2746 4725 crudelitatis
2766 4666 3039 4739 gressibus
3067 4665 3456 4737 propinquare.
3478 4667 3659 4741 Caput
3679 4670 3812 4740 igitur

2252 4770 2520 4827 movetur,
2566 4775 2690 4816 cum
2743 4747 2839 4830 per
2882 4758 3225 4815 formidinem
3268 4760 3531 4816 veritatis
3581 4771 3718 4817 tacta
3760 4760 3812 4813 ab

2252 4854 2667 4910 insensibilitate
2714 4867 2812 4909 sua
2865 4867 3018 4909 mens
3055 4853 3316 4924 quatitur.
3388 4851 3659 4924 Sequitur
3703 4873 3717 4907 :
3759 4851 3812 4906 Et

2254 4944 2510 5000 consolati
2557 4953 2677 4998 sunt
2730 4959 2849 4998 eum
2891 4948 3051 5012 super
3104 4943 3246 4997 omni
3309 4942 3454 4996 malo
3495 4944 3642 5015 quod
3692 4945 3813 4996 iutu-

2252 5034 2382 5088 lerat
2410 5032 2664 5087 Dominus
2685 5046 2841 5102 super
2859 5029 3333 5087 eum—Percussi
3362 5031 3514 5086 enim
3548 5044 3812 5087 maerorem

2198 5136 2203 5139 ‘
2253 5124 2520 5180 consolari
2546 5131 2661 5190 est,
2703 5122 2753 5179 ei
2783 5131 2904 5195 post
2944 5123 3345 5194 percussionem
3370 5122 3465 5177 de
3505 5124 3668 5179 venia
3705 5137 3810 5178 m-

2256 5217 2509 5288 gaudere.
2559 5214 2695 5270 Nam
2734 5222 2996 5285 quantum
3049 5215 3277 5285 quisque
3324 5215 3582 5269 cernitur
3629 5215 3695 5270 de
3741 5225 3812 5266 re-

2257 5309 2450 5363 stituta
2474 5307 2705 5380 proximi
2742 5304 2915 5362 salute
2944 5306 3299 5372 hilarescere,
3348 5313 3509 5361 tanto
3548 5322 3610 5362 se
3643 5302 3815 5361 indicat
