3934 5400
103 362 204 421 ,³509

105 481 353 538 diturum.
400 481 680 539 Revetatio
727 499 958 554 namque
1008 476 1269 550 dicentis,
1324 495 1406 541 est
1465 485 1659 538 imrnu-
1689 484 1745 544 Δ

105 572 242 625 talio
290 572 634 641 pro-ficieutis.
698 573 801 641 Qui
852 574 920 628 ad
970 576 1354 631 consolandum
1399 585 1519 645 post
1562 573 1661 628 lla-

100 660 237 728 gella
297 662 552 727 veniunt,
605 664 734 732 quia
797 664 1050 720 nimirum
1104 666 1370 736 passionis
1427 673 1669 733 tempore

97 751 507 818 medicamenta
555 752 680 809 ﬁdei
723 764 1155 825 contemnentes,
1205 774 1364 828 quem
1394 759 1666 814 hominem

98 855 166 894 ex
205 851 371 897 morte
408 844 795 911 probaverunt,
825 849 993 903 Deum
1023 849 1667 918 credereodexpexcrunt.

100 926 257 985 Unde
285 931 539 989 Dominus
581 933 714 990 dicit
743 953 757 990 :
795 955 813 988 ι
845 936 1088 993 Sustinui
1124 938 1214 1008 qui
1254 937 1414 992 simul
1457 953 1668 992 mecum

95 1023 533 1092 contristaretur,
559 1034 612 1080 et
631 1043 739 1083 non
761 1028 885 1096 fuit,
917 1049 935 1081 ι
961 1037 1016 1084 et
1043 1030 1246 1100 reliqua
1275 1010 1448 1099 (Ῥεαι.
1477 1045 1666 1097 vatu,

94 1113 214 1184 2|).
257 1112 320 1169 In
365 1114 473 1170 fine
509 1117 675 1186 igitur
699 1121 884 1176 mundi
913 1121 1198 1178 credentes
1225 1120 1434 1176 llebrtei
1467 1135 1667 1175 conve-

97 1209 272 1273 niant,
305 1218 355 1264 et
375 1209 598 1265 humani
628 1212 842 1282 generis
865 1212 1211 1283 Redemptori
1241 1214 1292 1268 in
1322 1213 1560 1284 potentia
1587 1213 1670 1268 di-

93 1298 337 1356 vinitatis
374 1300 529 1370 quasi
574 1315 711 1356 sano
748 1301 851 1358 Job
897 1303 1226 1358 oblationum
1273 1319 1490 1358 suarum
1548 1313 1671 1358 vota

93 1388 494 1456 persolvantur.
529 1388 790 1461 Sequitur
819 1410 833 1445 :
864 1391 933 1444 Et
957 1393 1209 1446 dederunt
1240 1393 1288 1445 ei
1318 1393 1671 1462 unusquisque

90 1495 241 1533 onem
267 1496 420 1534 unam
449 1490 496 1536 et
518 1483 756 1536 inaurem
776 1499 954 1536 unam.
979 1511 1050 1523 —
1073 1482 1362 1552 llrecjuxta
1387 1482 1669 1536 historiam

91 1571 360 1626 veraciter
408 1572 552 1627 dicta
597 1573 887 1630 credimus.
938 1573 1045 1630 Sed
1087 1574 1218 1643 quid
1259 1590 1354 1645 per
1382 1590 1537 1630 ovem
1561 1589 1672 1645 my-

89 1661 251 1725 stice,
293 1661 394 1716 nisi
427 1663 776 1720 innocentia?
819 1665 949 1736 quid
975 1682 1073 1737 per
1104 1667 1372 1733 inaurem,
1407 1669 1511 1723 nisi
1535 1671 1667 1725 obe-

89 1753 296 1808 dientia
325 1755 675 1825 designatur?
711 1757 816 1812 Per
841 1773 998 1813 ovem
1041 1760 1238 1831 quippe
1279 1761 1507 1831 simplea
1551 1762 1669 1816 ani-

91 1859 236 1909 mus,
259 1859 356 1914 per
403 1845 648 1901 inaurem
696 1861 826 1902 vero
865 1859 1088 1904 ornatus
1123 1849 1446 1905 humilitatis
1489 1853 1662 1920 gratia
1694 1831 1745 1894 Β

89 1934 310 1990 auditus
364 1935 706 2003 exprimitur.
762 1935 1066 1992 Notandum
1113 1939 1257 2008 quod
1305 1955 1428 1994 cum
1483 1941 1671 1994 inaurc

85 2025 232 2089 ovis,
271 2035 328 2081 et
373 2041 493 2081 cum
535 2042 638 2082 ove
683 2028 888 2083 inauris
935 2027 1184 2093 oll‘ertur,
1233 2030 1359 2099 quia
1412 2030 1668 2085 nimirum

86 2115 339 2171 innocuis
374 2119 644 2173 mentibus
681 2128 1062 2174 ornamentum
1095 2135 1319 2191 semper
1349 2121 1671 2176 obedientia:

75 2205 354 2275 jungitur,
401 2206 626 2262 Domino
653 2218 970 2276 attestantc,
1015 2210 1106 2280 qui
1151 2211 1266 2266 ait:
1311 2211 1491 2266 «Oves
1536 2228 1670 2266 mea:

82 2313 278 2353 vocem
318 2313 493 2354 meam
535 2302 783 2367 audiunt,
829 2311 888 2357 et
926 2317 1025 2373 ego
1053 2319 1324 2375 cognosco
1355 2319 1465 2368 eas,
1506 2314 1560 2359 et
1586 2322 1671 2360 se-

79 2399 330 2458 quuntur
359 2406 445 2446 me
479 2391 661 2461 (Joan.
689 2411 746 2458 ι,
772 2394 884 2464 27).
916 2414 934 2447 ι
970 2396 1205 2450 Auream
1239 2397 1481 2451 inaurem
1511 2397 1672 2451 obtu-

76 2479 212 2535 lisse
258 2480 590 2551 perhibetur,
637 2494 696 2538 nt
734 2484 985 2541 videlicet
1017 2488 1072 2542 in
1108 2503 1171 2542 ea
1215 2503 1336 2557 quas
1381 2487 1670 2543 exhibetur

73 2570 414 2637 obedientia,
463 2574 706 2630 charitas
753 2576 979 2646 fulgeat,
1033 2593 1152 2648 qua:
1196 2579 1424 2635 virtutes
1475 2595 1666 2635 omnes

69 2664 197 2718 auri
266 2680 420 2720 more
467 2677 662 2721 caetera
718 2669 935 2734 metalla
981 2671 1337 2726 transcendit.
1391 2671 1498 2727 Sed
1538 2673 1667 2740 quia

68 2754 227 2809 nulla
256 2770 379 2810 esse
409 2755 741 2824 innocentia,
786 2759 932 2814 nulla
961 2775 1084 2816 esse
1113 2777 1244 2817 vera
1273 2762 1581 2817 obedientia
1609 2763 1663 2816 in

63 2843 474 2914 multiplicibus
512 2847 894 2904 haereticorum
941 2850 1297 2907 divisionibus
1349 2861 1552 2922 potest,
1580 2854 1671 2924 {ad

61 2935 450 3002 cognitionem
472 2938 593 2992 tldei
623 2939 900 2996 venientes
913 2939 1143 2996 offerant
1162 2957 1341 3008 ovem,
1355 2943 1448 2998 sed
1465 2958 1625 2997 unam
1647 2960 1661 3008 ;

57 3024 312 3079 offerant
343 3026 611 3094 inaurem,
636 3031 730 3085 sed
755 3045 936 3096 unam,
965 3031 1018 3085 id
1041 3041 1147 3096 est,
1175 3031 1309 3088 tales
1329 3033 1550 3088 veniant
1570 3035 1661 3104 qui

56 3118 118 3169 in
175 3117 396 3174 unitate
441 3127 647 3174 sanctae
693 3119 947 3177 Ecclesia
993 3123 1209 3178 innocui
1240 3125 1661 3196 obedientesque

53 3207 395 3276 persistant.
423 3209 682 3279 Sequitur
714 3230 732 3267 :

135 3297 318 3351 Vnus.
355 3298 444 3353 l2.
495 3299 754 3356 Dominus
824 3313 1002 3359 autem
1050 3305 1312 3362 benedixit
1367 3309 1664 3365 novissimis

45 3385 190 3450 Job,
227 3387 403 3456 magis
442 3405 602 3458 quam
645 3392 899 3461 principio
927 3393 1062 3462 ejus.
1093 3424 1164 3434 —
1191 3394 1316 3451 limo
1354 3397 1408 3451 in
1438 3397 1664 3454 historia

46 3476 213 3530 facta
262 3478 574 3544 credimus,
624 3480 741 3536 haec
794 3485 1022 3554 mystice
1071 3485 1318 3541 facienda
1358 3502 1662 3557 speramus.

46 3567 356 3631 Quantum
405 3568 552 3622 enim
589 3570 656 3625 ad
704 3569 985 3627 lsraelitici
1035 3574 1215 3644 populi
1266 3579 1665 3646 susceptionem

42 3657 338 3723 pertinet,
383 3668 612 3729 urgente
662 3660 769 3716 line
819 3661 875 3716 in
924 3665 1210 3732 praesentis
1258 3667 1440 3722 saeculi
1480 3669 1666 3725 dolore

36 3756 262 3802 sancta
321 3748 565 3805 Ecclesia
621 3752 929 3808 animarum
993 3757 1279 3825 multiplici
1347 3759 1665 3816 collectione

32 3838 415 3895 consolatur.
432 3840 606 3898 Tanto
623 3845 821 3916 quippe
835 3845 1156 3918 locupletius
1168 3850 1449 3918 dilabitur,
1463 3862 1666 3922 quanto

31 3938 103 3982 et
151 3929 518 3988 manifestius
561 3936 850 3992 innotescit
893 3939 1035 4007 quod
1081 3941 1148 3994 ad
1195 3941 1355 3998 linem
1383 3945 1665 4012 prtesentis

29 4017 185 4072 vita:
243 4023 627 4091 temporalitas
681 4035 923 4097 urgetur.
995 4027 1383 4087 Praedicatores
1429 4049 1664 4103 namque

23 4120 278 4167 sancta:
316 4112 572 4170 Ecclesia:
611 4116 985 4173 benedictione
1025 4119 1185 4188 primi
1224 4122 1480 4192 temporis
1510 4123 1664 4178 Psal-

21 4200 226 4256 mista
287 4201 455 4258 ditari
503 4214 887 4273 conspexerat,
944 4222 1067 4261 cum
1125 4208 1378 4264 dicebat:
1426 4212 1663 4269 «Adhuc

20 4291 578 4362 multiplicabuntur
621 4297 676 4352 in
722 4305 940 4353 senecta
988 4298 1160 4354 uberi.
1202 4299 1267 4354 Et
1307 4301 1666 4372 beneplacen-

21 4392 125 4437 tes
171 4393 358 4439 erunt
406 4392 468 4440 ut
504 4388 826 4442 annuntient
878 4387 1052 4458 (Psal.
1094 4406 1316 4458 Lxxxxt,
1352 4391 1506 4465 20).»
1564 4393 1662 4450 Se-

19 4473 273 4543 quitur.
302 4515 308 4519 .

109 4567 308 4621 Vsus.
354 4568 442 4623 15.
485 4569 554 4623 Et
587 4571 731 4640 facta
783 4582 904 4627 sunt
950 4573 1000 4627 ei
1045 4577 1440 4644 quatuordecim
1489 4576 1657 4632 millia

19 4659 260 4724 ovium,
301 4670 352 4713 et
383 4677 476 4715 se:
502 4662 667 4716 millia
688 4664 1026 4732 camelorum,
1057 4676 1104 4720 et
1134 4667 1277 4722 mille
1308 4668 1441 4740 juga
1482 4671 1656 4738 boum,

19 4761 71 4804 rt
111 4751 296 4807 mille
325 4755 514 4809 asinis.
548 4754 616 4809 Et
648 4757 860 4825 fuerunt
887 4761 934 4814 ei
953 4770 1146 4831 septem
1181 4762 1279 4829 ﬁlii
1303 4774 1352 4818 et
1374 4775 1476 4821 tres
1505 4767 1654 4836 ﬁlia’.

19 4871 98 4881 ——
127 4839 298 4896 Cum
349 4857 542 4900 cuncta
587 4847 750 4904 beato
794 4848 896 4905 Joh
938 4852 1205 4920 duplicata
1258 4864 1403 4924 sunt,
1437 4873 1538 4912 cur
1561 4859 1655 4913 lilii

19 4933 298 4988 totidem
345 4947 476 4990 sunt
505 4939 724 5005 redditi,
757 4949 883 5009 quot
921 4942 1144 4999 amissi?
1182 4938 1287 4999 Sed
1318 4955 1372 5000 et
1397 4947 1536 5004 ﬁlios
1558 4946 1697 5002 du-'

19 5024 287 5091 pliciter
335 5026 561 5093 addidit,
611 5043 734 5083 eum
789 5031 977 5087 decem
1027 5034 1369 5102 postmodum
1404 5039 1456 5091 in
1489 5051 1652 5093 carne

19 5115 334 5170 restituit.
367 5117 558 5174 Decem
587 5135 718 5176 vero
748 5121 839 5189 qui
869 5125 1054 5180 amissi
1083 5125 1318 5188 fuerant,
1360 5128 1413 5182 in
1439 5129 1650 5184 occulta

1687 3175 1735 3239 C

588 5211 819 5238 ΑΑ-Ωοη-ιῖ.
895 5210 1184 5240 “Ann-omnin
1232 5222 1410 5242 ΛιιΙΑι-ια
1463 5217 1513 5242 ε..
1567 5215 1649 5244 Ιιῖα

793 366 1094 453 EPI'l‘OME
1131 368 1493 426 MORALIUM
1531 367 1588 424 Β.
1623 366 1832 424 GREG.
1878 371 1942 425 ΙΝ
1981 373 2123 431 JUB.
2162 380 2393 451 -—_LlB.
2435 379 2649 435 XXXV.

3239 375 3345 432 5l0

1770 487 1992 544 camelis
2039 490 2310 560 simplices
2335 508 2398 548 ex
2425 494 2723 564 gentilitate
2756 493 3050 558 venientes,
3083 493 3175 565 qui
3197 497 3348 563 prius

1769 577 1869 632 sub
1918 580 2023 634 ritu
2065 583 2328 656 sacrilego
2365 585 2530 655 quasi
2551 583 2781 654 quadam
2809 584 3147 640 deformitate
3177 602 3347 640 ntem-

1768 667 1990 724 brorum
2018 672 2170 728 valde
2196 683 2380 746 turpes
2404 677 2609 731 ostensi
2640 686 2767 732 sunt
2791 676 3036 731 fceditate
3063 677 3343 731 vitiorum.

1769 755 2002 815 Possunt
2045 777 2261 818 rursum
2312 765 2366 819 in
2416 765 2588 820 bobus
2635 765 2890 820 Israelita:
2943 765 3138 834 accipi,
3192 767 3348 835 quasi

1763 848 1892 921 jugo
1921 851 2053 922 legis
2083 857 2290 922 attriti;
2325 857 2466 912 asini
2497 872 2625 912 vero
2656 857 2884 928 gentiles
2919 856 3211 926 designari.
3243 857 3349 924 Qui

1770 943 1896 998 dum
1945 959 2003 1000 se
2055 947 2294 1004 colendis
2341 949 2613 1020 lapidibus
2661 949 3010 1012 inclinabant,
3071 950 3348 1019 supposito

1769 1035 2099 1103 quibuslibet
2160 1039 2317 1095 idolis
2364 1041 2524 1096 bruto
2572 1056 2734 1096 sensu
2779 1041 3105 1096 serviebant.
3149 1039 3348 1096 Sancta

1771 1127 2188 1194 ergo'Ecclesia,
2226 1145 2347 1200 quae
2369 1131 2422 1185 in
2451 1133 2692 1186 exordiis
2713 1132 2825 1187 suis
2849 1131 3146 1185 innumeris
3177 1141 3350 1184 tenta-

1773 1213 2006 1270 tionibus
2043 1231 2251 1285 pressa,
2284 1219 2368 1274 vel
2399 1219 2758 1275 lsraeliticum
2792 1219 3071 1290 populum,
3100 1219 3182 1273 vel
3210 1220 3350 1274 mul-

1773 1311 1855 1356 tos
1907 1318 1972 1357 ex
2001 1305 2249 1374 gentibus
2293 1307 2501 1375 amisit,
2550 1308 2800 1362 videlicet
2842 1323 2978 1377 quos
3006 1307 3205 1362 lucrari
3242 1324 3350 1362 non

1771 1393 1964 1460 potuit,
2015 1395 2247 1465 duplicia
2294 1397 2349 1452 in
2395 1399 2500 1454 line
2535 1398 2745 1468 recipit,
2784 1399 2909 1468 quia
2938 1399 2990 1452 in
3012 1414 3077 1452 ea
3105 1413 3172 1452 ex
3199 1408 3349 1453 utra-

1771 1498 1876 1551 que
1903 1484 2183 1540 nationum
2221 1486 2457 1542 fidelium
2494 1488 2867 1558 multipliciter
2909 1489 3194 1544 excressit.
3222 1488 3355 1543 Pos-

1775 1579 1901 1625 sunt
1919 1571 2250 1645 perjugatos
2266 1576 2432 1632 boves
2465 1576 2847 1646 praedicatores
2869 1577 3113 1646 intelligi;
3131 1585 3356 1646 possunt

1771 1679 1867 1733 per
1886 1664 2071 1719 asinas
2099 1676 2310 1722 mentes
2332 1668 2658 1737 simplicium
2681 1669 2975 1738 designari.
3000 1667 3200 1722 Sancta
3225 1683 3354 1721 vero

1773 1753 2018 1809 Ecclesia
2047 1755 2285 1826 duplicia
2312 1759 2527 1828 recipit,
2549 1759 2642 1829 qui
2670 1759 2794 1813 dum
2823 1757 3203 1828 praidicatores
3228 1774 3354 1812 san-

1771 1845 1981 1914 cti,qui
2001 1846 2178 1916 pressi
2207 1845 2496 1902 formidine
2523 1849 2575 1902 in
2597 1847 2716 1917 ejus
2739 1848 2937 1902 dudum
2966 1847 3260 1902 tentatione
3278 1856 3357 1899 ta-

1771 1947 2026 2003 cuerunt,
2049 1946 2106 1993 et
2137 1948 2347 1994 mentes
2383 1939 2708 2009 simplicium
2737 1954 2856 2010 quae
2879 1937 3035 1992 victae
3057 1937 3356 1992 terroribus

1771 2029 2060 2084 veritatem
2115 2031 2260 2085 illius
2303 2032 2557 2086 conﬁteri
2596 2031 2994 2094 formidabant,
3056 2039 3202 2086 tanto
3240 2030 3356 2100 jam

1771 2137 1914 2175 nunc
1969 2121 2246 2177 robustius
2277 2123 2330 2176 in
2374 2121 2714 2178 confessione
2756 2121 3001 2178 veritatis
3041 2136 3154 2175 suae
3194 2134 3356 2175 voces

1771 2225 1896 2266 suas
1916 2218 2163 2274 exerunt,
2193 2221 2397 2280 quanto
2429 2210 2658 2265 debilius
2690 2219 2817 2264 ante
2849 2210 3161 2264 timuerunt.
3189 2207 3357 2261 Mille-

1773 2300 1961 2354 narius
1987 2315 2246 2356 numerus
2272 2299 2412 2370 apud
2462 2298 2781 2355 szncularem
2828 2298 3113 2354 scientiam
3149 2297 3355 2352 idcirco

1770 2390 2040 2460 perfectus
2069 2391 2330 2456 habetur,
2372 2391 2498 2461 quia
2527 2389 2737 2446 denarii
2781 2389 2993 2444 numeri
3029 2388 3354 2458 quadratum

1769 2483 2001 2537 solidum
2049 2481 2269 2548 reddit;
2313 2481 2499 2537 decem
2548 2481 2745 2550 quippe
2781 2479 2960 2535 decies
3005 2477 3168 2532 ducta
3217 2477 3356 2530 tium

1767 2580 2007 2639 centum,
2039 2587 2158 2644 quae
2190 2571 2301 2641 jam
2327 2571 2498 2643 ﬁgura
2528 2571 2810 2642 quadrata,
2845 2569 2936 2624 sed
2964 2568 3117 2639 plena
3146 2577 3248 2624 est.
3286 2567 3356 2623 Ut

1767 2673 1948 2718 autem
1983 2663 2040 2718 in
2078 2663 2417 2718 altitudinem
2448 2671 2653 2732 surgat,
2683 2673 2738 2717 et
2774 2661 2946 2716 solida
2986 2659 3102 2725 liat,
3133 2673 3348 2713 rursum

1767 2765 1986 2811 centum
2014 2755 2195 2810 decies
2220 2753 2668 2824 multiplicantur,
2697 2759 2754 2807 et
2780 2751 2926 2806 mille
2969 2751 3121 2803 ﬁunt.
3155 2749 3350 2818 Septe-

1767 2846 1951 2902 narius
1981 2853 2165 2902 autem
2194 2861 2256 2902 ea
2287 2846 2497 2901 ratione
2526 2842 2798 2914 perfectus
2828 2842 3083 2905 habetur,
3115 2839 3252 2908 quod
3285 2855 3356 2893 ex

1766 2935 1943 3006 primo
1969 2935 2109 3005 pari,
2140 2942 2195 2991 et
2222 2950 2290 2990 ex
2313 2935 2487 3004 primo
2514 2934 2704 3003 impari
2731 2940 3161 2988 consummatur.
3196 2928 3352 2985 Prius

1766 3027 1911 3082 enim
1948 3026 2142 3097 impar,
2184 3027 2453 3082 ternarius
2478 3034 2591 3089 est,
2635 3024 2952 3094 primusque
2997 3038 3096 3092 par
3126 3030 3351 3092 quater-

1769 3119 1978 3184 narius,
2019 3133 2088 3175 ex
2124 3119 2320 3189 quibus
2349 3117 2562 3173 duobus
2589 3115 2934 3185 septenarius
2960 3121 3194 3177 constat,
3224 3114 3353 3181 quia

1766 3223 1831 3264 ex
1862 3210 2067 3266 eisdem
2107 3210 2352 3281 partibus
2398 3209 2511 3264 suis
2546 3208 2934 3279 multiplicatus
2977 3207 3030 3261 in
3078 3205 3354 3260 duodena-

1769 3299 1910 3354 rium
1937 3299 2130 3370 surgit.
2160 3299 2417 3355 Senarius
2449 3313 2580 3354 vero
2607 3299 2726 3354 ideo
2766 3296 3037 3368 perfectus
3081 3306 3185 3362 est,
3225 3297 3353 3365 quia

1767 3391 1974 3460 primus
2017 3390 2315 3446 innumeris
2359 3389 2658 3460 completur
2704 3389 2948 3460 partibus
2975 3389 3120 3451 suis,
3151 3388 3202 3441 id
3233 3394 3350 3452 est,

1765 3489 1916 3535 sexta
1950 3481 2032 3536 sui
2053 3487 2228 3550 parte,
2253 3488 2308 3534 et
2330 3480 2486 3535 tertia
2511 3488 2565 3534 et
2593 3479 2810 3534 dimidia
2838 3496 2958 3549 quae
2985 3489 3127 3542 sunt,
3161 3494 3350 3542 unum,

1767 3571 1891 3636 duo,
1918 3570 2049 3636 tria,
2071 3581 2127 3626 et
2157 3571 2292 3626 ﬁunt
2325 3570 2376 3624 in
2405 3585 2615 3626 summa
2645 3585 2754 3625 sex.
2792 3569 2898 3624 Sed
2924 3571 2978 3623 in
3014 3585 3166 3624 sacra
3201 3567 3350 3622 Scri-

1765 3671 1922 3732 ptura
1968 3662 2214 3718 senarius
2255 3677 2512 3717 numerus
2545 3662 2663 3716 ideo
2707 3661 2978 3731 perfectus
3003 3670 3107 3724 est,
3136 3660 3261 3728 quia
3296 3660 3352 3714 in

1769 3752 1954 3805 mundi
1999 3751 2211 3821 origine
2255 3753 2516 3806 Dominus
2558 3766 2620 3806 ea
2671 3765 2790 3820 quae
2815 3750 3015 3819 cmpit,
3069 3758 3223 3803 sexto
3262 3749 3350 3802 die

1764 3859 1928 3914 opere
1952 3843 2212 3914 implevit.
2239 3842 2592 3913 Septenarius
2620 3843 2673 3896 in
2709 3857 2771 3898 ea
2800 3841 3068 3913 perfectus
3092 3849 3194 3906 est,
3223 3841 3349 3910 quia

1767 3949 1928 3990 omne
1961 3933 2161 3989 bonum
2204 3948 2341 4003 opus
2387 3941 2591 4004 septem
2621 3932 2911 3988 virtutibus
2955 3931 3134 4001 agitur
3158 3971 3172 3995 ,
3205 3939 3262 3984 ut
3292 3939 3348 3983 et

1766 4024 1869 4079 fide
1897 4023 2055 4079 simul
2084 4033 2139 4080 et
2165 4038 2329 4094 opere
2357 4032 2727 4078 consumetur.
2767 4021 3031 4076 Dcnarius
3056 4034 3270 4089 quoque
3292 4018 3347 4072 in

1767 4133 1829 4174 ea
1860 4116 2131 4188 perfectus
2169 4127 2290 4182 est,
2323 4117 2444 4184 quia
2471 4115 2555 4170 lex
2596 4115 2648 4168 in
2679 4115 2862 4170 decem
2902 4120 3169 4184 praecepta
3211 4127 3352 4178 cou-I

1765 4208 2022 4272 cluditur,
2047 4207 2330 4275 omnisque
2358 4205 2513 4275 culpa
2557 4220 2662 4260 non
2691 4203 2920 4274 amplius
2943 4218 3104 4272 quam
3133 4217 3228 4272 per
3254 4202 3347 4258 de-

1767 4315 1884 4356 cem
1897 4299 2062 4354 verba
2083 4299 2388 4363 cohibetur,
2412 4307 2574 4367 atque
2592 4305 2847 4352 narrante
2870 4297 3108 4351 Veritate
3125 4294 3344 4368 (Matth.

1764 4407 1854 4453 xx,
1889 4388 1997 4460 10),
2028 4399 2340 4458 Operatores
2367 4387 2538 4443 vinea:
2567 4387 2787 4443 denario
2817 4397 3253 4444 remunerantur.
3285 4385 3346 4444 in

1767 4480 1989 4536 denario
2016 4480 2211 4549 quippe
2239 4479 2342 4534 tria
2373 4477 2677 4550 junguntur
2703 4486 2757 4533 et
2782 4489 3008 4548 septem.
3053 4477 3226 4533 Homo
3257 4493 3349 4531 au-

1771 4573 2016 4642 tem,qui
2059 4587 2127 4626 ex
2175 4572 2354 4626 anima
2402 4579 2613 4646 constat
2657 4577 2712 4625 et
2745 4585 3008 4640 corpore,
3040 4569 3094 4624 in
3142 4578 3350 4638 septem

1766 4663 2117 4734 qualitatibus
2162 4662 2488 4717 continetur.
2515 4660 2674 4722 Nam
2721 4649 2897 4716 tribus
2939 4659 3267 4730 specialiter,
3294 4666 3352 4712 et

1767 4762 2002 4823 quatuor
2027 4752 2376 4822 corporaliter
2401 4752 2566 4823 viget.
2599 4750 2707 4806 Sed
2730 4751 2894 4806 homo
2922 4751 3144 4806 denario
3171 4764 3351 4804 remu-

1764 4852 2006 4909 neratur,
2063 4842 2188 4912 quia
2238 4842 2290 4895 in
2341 4839 2429 4894 illa
2480 4839 2812 4910 perfectione
2862 4853 3110 4910 supernae
3157 4834 3348 4906 patriae

1763 4941 1973 5001 septem
2014 4941 2196 4987 nostra
2229 4932 2297 4984 ad
2331 4930 2430 4984 tria
2474 4929 2777 4999 junguntur
2814 4938 3058 4993 teterna,
3106 4932 3165 4978 ut
3187 4922 3353 4976 homo

1758 5025 2268 5094 contemplationem
2292 5021 2573 5076 Trinitatis
2594 5018 2853 5086 accipiat,
2877 5020 2963 5076 vel
2983 5027 3126 5072 certe
3147 5020 3380 5078 septem-

1761 5115 1990 5173 virtutes
2013 5125 2158 5179 sunt,
2184 5113 2384 5182 quibus
2411 5113 2464 5167 in
2504 5113 2609 5166 hac
2642 5108 2749 5161 vita
2786 5107 3094 5168 laboratur,
3122 5100 3363 5166 dumque

1761 5207 1840 5244 nia
1872 5207 1925 5244 in
1958 5203 2392 5246 rnmnnprnlinnn
2423 5197 2811 5246 mntmnnlatio
2845 5193 3130 5246 Trinitatis
3171 5187 3359 5241 TBdtl‘lv
