3934 5400
567 450 662 506 bl!

1529 455 1589 512 Β.
1625 453 1875 514 ODONIS
1912 453 2200 511 ABBATIS
2238 454 2726 515 CLUNIACENSIS
2763 456 2805 513 ll

3717 452 3821 507 512

569 563 623 616 in
640 563 782 618 mille
801 565 1174 634 generationes
1193 564 1364 639 (Psal.
1389 545 1618 642 crv,8).t
1638 571 1834 628 Beatus
1854 570 2147 643 igiturJob,
2180 573 2227 630 Α
2256 570 2496 629 intlrmos
2532 580 2589 627 et
2619 569 2848 625 humiles
2883 569 2949 622 ad
2990 574 3190 623 sortem
3221 547 3816 636 supernalbzreditatis

570 654 966 724 quatuordecim
1016 657 1181 713 millia
1229 661 1404 715 ovium
1463 664 1702 733 recepit,
1755 664 2060 734 quia~dum
2091 660 2145 718 in

568 753 752 797 sancta
802 745 1040 801 Ecclesia
1096 749 1355 804 virtutum
1410 752 1671 821 perfectio
1729 755 1797 809 ad
1857 764 2147 825 utrumque

568 848 755 891 sexum
798 835 1050 901 ducitur,
1086 842 1427 908 septenarius
1476 843 1529 898 in
1574 858 1637 900 ea
1672 860 1927 900 numerus
1973 846 2149 916 dupli-

568 931 740 976 catur.
772 921 838 975 Et
862 940 953 978 sex
977 926 1142 980 millia
1170 931 1505 996 camelorum,
1532 933 1655 1000 quia
1684 934 2067 1002 plenitudinem
2092 936 2145 991 in

570 1010 657 1065 illa
697 1012 878 1080 operis
921 1015 1216 1085 accipiunt,
1252 1019 1343 1089 qui
1392 1019 1460 1073 ab
1509 1020 1597 1074 illa
1649 1023 1845 1077 dudum
1891 1025 2146 1079 vitiorum

568 1115 787 1154 suorum
812 1102 1055 1158 fmditate
1082 1107 1380 1182 perierunt.
1407 1109 1554 1166 Mille
1582 1127 1793 1181 quoque
1808 1114 1940 1184 juga
1971 1115 2145 1180 boum,

570 1207 632 1243 ac.
654 1190 793 1246 mille
814 1193 992 1248 asinus
1021 1198 1248 1269 recepit,
1275 1200 1401 1267 quia
1422 1200 1690 1257 lsraelitas
1713 1211 1875 1273 atque
1897 1205 2145 1276 gentiles,

570 1282 755 1338 doctos
801 1300 864 1339 ac
890 1286 1179 1357 simplices,
1221 1300 1341 1359 post
1372 1294 1727 1347 tentationum
1758 1310 1918 1350 casus
1946 1297 1997 1350 in
2031 1296 2147 1351 cul-

571 1371 715 1426 mine
751 1373 1095 1442 perfectionis
1139 1380 1387 1436 assumit.
1440 1379 1646 1451 Septem
1686 1398 1899 1453 quoque
1936 1385 2076 1453 ﬁlios
2102 1397 2148 1440 et

570 1473 674 1517 tres
697 1465 838 1529 ﬁlias
870 1469 1086 1537 recepit,
1114 1471 1242 1540 quia
1271 1488 1457 1527 eorum
1483 1474 1751 1531 mentibus
1779 1492 1913 1545 quos
1946 1486 2148 1546 septem

570 1551 861 1609 virtutibus
891 1570 1133 1623 generat,
1169 1561 1235 1613 ad
1260 1562 1643 1629 perfectionem
1672 1579 1964 1630 summam,
1990 1568 2148 1623 fidem

569 1641 1002 1713 cbaritatemqne
1031 1646 1341 1719 conjungit,
1376 1659 1434 1705 ut
1465 1661 1615 1706 tanto
1658 1654 1841 1708 verius
1868 1656 2019 1726 prole
2050 1672 2144 1711 sua

570 1732 825 1803 gaudeat,
860 1745 1063 1802 quanto
1116 1739 1229 1794 suis
1263 1738 1514 1796 ﬁdelibus
1563 1741 1639 1796 nil
1694 1743 1883 1799 deesse
1934 1746 2148 1801 virtutis

494 1839 502 1842 κ
568 1828 777 1891 pensat.
811 1822 1072 1891 Sequitur
1114 1843 1128 1879 :

641 1911 811 1967 Vnus.
840 1914 924 1968 ll.
960 1915 1026 1969 Et
1054 1918 1251 1972 vocavit
1279 1935 1464 1974 nomen
1504 1922 1660 1977 unius
1685 1922 1855 1990 Diem,
1884 1933 1931 1978 et
1964 1940 2151 1979 nomen

570 2004 819 2057 secunda:
868 2003 1138 2071 Cassiam,
1180 2018 1227 2062 et
1273 2026 1462 2065 nomen
1500 2015 1664 2068 tertia:
1712 2016 2053 2073 Cornustibii.
2080 2045 2153 2057 -—

573 2092 674 2146 Per
701 2094 841 2149 ﬁlios
859 2094 959 2150 Job
980 2098 1287 2153 universum
1311 2116 1481 2174 genus
1510 2103 1802 2160 humanum
1832 2108 2148 2177 accipimus.

573 2180 746 2239 llomo
771 2198 1002 2255 namque
1023 2188 1175 2256 quasi
1200 2189 1314 2244 dies
1337 2205 1405 2246 ex
1441 2192 1749 2250 conditione
1782 2195 2000 2263 claruit,
2022 2199 2151 2268 quia

572 2270 717 2335 hunc
770 2281 961 2328 auctor
1006 2290 1135 2332 suus
1184 2277 1434 2347 ingenitae
1494 2280 1813 2339 innocentia:
1866 2286 2152 2357 Splendore

573 2362 851 2430 respersit,
885 2364 979 2418 sed
1011 2372 1202 2435 sponte
1228 2382 1323 2423 sua
1348 2371 1412 2424 ad
1444 2374 1652 2440 peccati
1694 2376 1945 2434 tenebras
1971 2378 2152 2449 lapsus

573 2460 673 2505 est.
710 2451 861 2509 Unde
903 2453 1036 2509 alias
1083 2456 1323 2512 dicitur:
1365 2459 1589 2517 Secutus
1635 2474 1710 2518 est
1740 2467 1997 2522 umbram.
2045 2468 2153 2524 Sed

571 2558 694 2599 eum
735 2556 925 2601 auctor
953 2549 1203 2619 pietatis,
1252 2567 1411 2622 quem
1441 2555 1591 2624 prius
1618 2564 1867 2625 potenter
1891 2562 1958 2615 ad
1995 2559 2153 2630 justi-

576 2637 703 2690 tiam
737 2637 1014 2706 condidit,
1048 2642 1321 2709 potentius
1371 2645 1683 2707 redimendo
1707 2651 2047 2718 postmodum
2087 2652 2154 2707 ab

572 2739 761 2780 errore
808 2730 1101 2783 revocavit.
1156 2722 1223 2784 Et
1271 2733 1398 2811 quia
1439 2733 1607 2795 multa
1653 2752 1800 2793 nunc
1849 2737 2153 2795 exhibenda

573 2823 701 2873 sunt
724 2831 842 2885 qua:
872 2817 924 2871 in
950 2816 1200 2887 paradiso
1223 2825 1530 2880 necessaria
1562 2842 1668 2881 non
1705 2826 1941 2896 fuerunt,
1973 2841 2033 2886 ut
2070 2840 2155 2888 est

575 2905 747 2959 virtus
780 2906 1053 2975 patientia:
1077 2948 1092 2973 ,
1142 2908 1364 2977 laboris,
1397 2914 1632 2971 eruditio
1677 2916 1956 2984 doctrinae,
1988 2920 2153 2975 casti-

574 2995 717 3067 gatio
749 2997 1013 3067 corporis,
1044 3000 1332 3058 assiduitas
1357 3020 1599 3076 precum,
1637 3007 1908 3065 confessio
1930 3010 2155 3068 delicto-

577 3098 720 3149 rum,
748 3085 1024 3143 inundatio
1053 3088 1436 3162 laerymarum,
1470 3097 1594 3165 quia
1640 3098 1835 3155 salutis
1863 3101 2063 3157 bonum
2087 3119 2155 3159 ex

2246 661 2501 716 admittit.
2544 659 2681 715 Hinc
2721 659 2980 714 Dominus
3023 657 3140 711 ait:
3177 676 3194 707 ι
3222 656 3277 710 lu
3313 656 3476 709 domo
3510 651 3688 708 Patris
3717 653 3816 707 mei

2247 750 2555 805 mansiones
2585 749 2766 803 multat
2800 756 2927 803 sunt
2956 745 3138 817 (Joan.
3171 760 3283 809 xxv,
3309 743 3389 813 2).
3438 763 3458 796 ι
3496 741 3645 809 Quas
3680 740 3817 796 bene

2244 837 2445 892 Paulus
2474 837 2782 892 mansiones
2818 835 2970 904 juxta
2997 835 3188 890 merita
3233 832 3556 888 distributas
3583 830 3821 885 insinuat

2246 944 2367 984 cum
2404 928 2519 981 alt:
2557 944 2575 977 ι
2610 925 2729 980 Alia
2774 925 2992 980 claritas
3019 925 3182 990 solis,
3222 923 3326 978 alia
3375 921 3607 978 claritas
3644 920 3816 986 lunae,

2248 1018 2347 1072 alia
2376 1017 2597 1073 claritas
2621 1016 2900 1072 stellarum
2929 1032 2942 1069 :
2971 1014 3122 1071 stella
3152 1012 3295 1069 enim
3325 1027 3357 1066 a
3378 1010 3539 1068 stella
3568 1007 3750 1065 diﬂ‘ert
3770 1009 3819 1064 ia

2247 1110 2494 1165 claritate
2524 1108 2576 1180 (l
2608 1107 2731 1162 Cor.
2753 1124 2844 1172 xv,
2876 1108 2991 1177 41).
3027 1126 3046 1161 ι
3088 1106 3375 1175 Sequitur:

2318 1200 2482 1255 Vsus.
2519 1199 2605 1254 l6.
2652 1197 2793 1253 Vixit
2837 1207 3011 1252 autem
3037 1196 3137 1251 Job
3166 1205 3279 1265 post
3307 1196 3421 1248 hinc
3459 1202 3671 1249 centum
3694 1208 3821 1263 qu-

2246 1290 2489 1360 draginta
2518 1291 2694 1354 annis,
2723 1299 2771 1343 et
2796 1289 2923 1343 vidit
2945 1286 3085 1356 filios
3121 1284 3354 1355 ﬁliorum
3393 1299 3640 1347 suorum,
3667 1299 3820 1351 usque

2248 1381 2317 1434 ad
2353 1389 2595 1449 quartam
2636 1378 3053 1448 generationem,
3083 1384 3134 1429 et
3179 1386 3418 1429 mortuus
3456 1381 3539 1426 est
3585 1387 3746 1426 me:
3776 1378 3819 1425 et

2246 1469 2428 1539 plenus
2455 1470 2751 1522 dierum.—
2770 1468 2824 1521 In
2848 1466 3124 1537 Scriptura
3147 1480 3300 1521 sacra
3328 1479 3437 1519 non
3460 1462 3625 1518 facile
3648 1462 3821 1532 piem

2246 1561 2448 1613 dierum
2469 1558 2705 1628 ponitur,
2729 1557 2830 1611 nisi
2858 1558 2910 1611 in
2934 1556 3086 1625 cujus
3101 1570 3198 1624 per
3214 1553 3463 1610 eamdem
3488 1550 3818 1621 Scriptum

2245 1651 2354 1704 vita
2379 1649 2644 1703 laudatur.
2670 1648 2885 1704 Vacuus
2905 1647 3101 1717 quippe
3126 1646 3334 1701 dierum
3366 1652 3476 1708 est,
3499 1644 3621 1713 qui,
3647 1658 3822 1713 quam-

2246 1738 2379 1794 libet
2426 1739 2654 1793 multnm
2702 1737 2922 1801 vixerit,
2962 1736 3137 1792 aetatis
3171 1749 3280 1790 sua:
3310 1742 3567 1803 tempora
3598 1732 3656 1786 in
3682 1731 3819 1785 vani-

2250 1836 2369 1883 tate
2386 1826 2673 1883 consumit.
2714 1825 2788 1882 At
2824 1833 3016 1882 contra
3044 1824 3224 1895 plenus
3249 1823 3459 1880 dierum
3485 1822 3724 1887 dicitur,
3746 1822 3821 1876 cui

2183 1912 2226 1970 Β
2255 1932 2591 1989 nequaquam
2618 1917 2734 1974 dies
2755 1917 2838 1972 sui
2861 1916 3134 1986 pereundo
3156 1913 3587 1981 transeunt,,sed
3608 1927 3680 1967 ex
3704 1926 3823 1981 quo-

2254 2011 2453 2065 tidiana
2483 2007 2732 2064 mercede
2759 2006 3087 2077 boni-operis
3126 2005 3267 2075 apud
3304 2004 3523 2073 justum
3561 2001 3820 2071 iudicem.

2253 2109 2307 2157 et
2342 2109 2625 2171 postquam
2651 2100 2905 2155 transacti
2927 2099 3149 2163 fuerint,
3171 2104 3544 2152 reservantur.
3570 2095 3820 2150 lusum.

2253 2189 2310 2245 Si
2336 2188 2744 2260 quatuordecim
2791 2203 2890 2258 per
2917 2187 3201 2244 denarium
3242 2186 3519 2251 ducimus,
3552 2187 3626 2239 ad
3658 2193 3823 2239 cente-

2252 2280 2447 2336 simum
2475 2288 2531 2336 et
2557 2279 3029 2352 quadragesimum
3053 2292 3336 2333 numerum
3368 2276 3744 2347 pervenimus.
3768 2273 3824 2327 Et

2252 2377 2400 2424 recte
2428 2368 2539 2423 vita
2590 2376 2790 2423 sancta;
2837 2366 3091 2423 Ecclesia
3119 2380 3217 2435 per
3257 2364 3627 2434 multiplicata
3656 2362 3824 2416 decen

2253 2471 2485 2533 quatuor
2534 2468 2916 2532 computatur,
2961 2460 3090 2529 quia
3123 2469 3399 2527 utcunque
3450 2460 3826 2511 testamentum

2252 2551 2581 2618 custodiens,
2610 2560 2668 2607 et
2694 2559 2805 2605 tam
2833 2549 3126 2606 secundum
3147 2548 3281 2619 legis
3301 2544 3655 2613 decalogum.
3679 2556 3827 2612 wall

2253 2643 2547 2698 secundum
2573 2649 2806 2711 quatuor
2828 2638 3103 2709 Evangelii
3129 2637 3294 2692 libros
3319 2636 3537 2701 vivens,
3565 2646 3745 2702 usque
3762 2630 3825 2685 ad

2252 2730 2604 2802 perfectionis
2643 2730 2856 2785 culmen
2889 2726 3218 2784 extenditur.
3245 2724 3394 2781 Bene
3421 2730 3609 2778 autem
3651 2722 3828 2776 beatus

2252 2822 2352 2878 Job
2377 2830 2501 2893 post
2541 2820 2748 2891 ﬂagella
2794 2819 2978 2875 vivere
2998 2817 3228 2882 dicitur,
3266 2815 3396 2886 quia
3433 2822 3491 2870 et
3521 2819 3721 2869 sancta
3742 2809 3828 2864 Ec-

2254 2912 2418 2968 clesia
2447 2913 2596 2982 prius
2643 2908 2945 2980 disciplinae
2982 2906 3191 2977 ﬂagello
3216 2905 3542 2976 percutitur,
3590 2909 3654 2957 et
3694 2907 3828 2971 βοει-

2254 3004 2474 3060 modum
2499 3005 2624 3058 vitae
2660 3000 2992 3073 perfectione
3028 2997 3337 3053 roboratur.
3370 2992 3549 3064 Usque
3575 2992 3652 3045 ad
3684 3005 3827 3062 qur-

2254 3105 2362 3149 tam
2387 3092 2769 3164 generationem
2788 3089 2930 3145 lllios
2949 3086 3235 3156 conspicit,
3260 3084 3387 3154 quia
3413 3083 3521 3137 hac
3535 3090 3706 3137 aetate
3722 3094 3831 3150 qua

580 3180 695 3250 ipsa
753 3184 1000 3239 conditus
1047 3186 1209 3241 homo
1258 3190 1567 3246 conditione
1613 3193 1898 3264 percepit,
1956 3212 2151 3252 nomen

2257 3186 2384 3241 anni
2427 3191 2661 3255 quatuor
2692 3181 3023 3250 temporibus
3050 3177 3319 3241 volvitur,
3356 3187 3534 3244 usque
3575 3172 3649 3227 ad
3680 3171 3827 3226 tinem

575 3271 825 3325 secunda:
854 3271 975 3328 filiae
999 3274 1142 3329 velut
1164 3274 1349 3331 Cassia
1377 3292 1444 3332 ex
1472 3250 1665 3336 merilo
1693 3250 1919 3350 redolet,
1947 3250 2154 3354 utiqu'ia
2183 3250 2227 3309 (ἶ
2260 3250 2461 3334 mundi-
2476 3291 2573 3347 per
2591 3288 2686 3331 ora
2711 3271 3118 3343 praedicandum
3147 3274 3435 3323 nascentes
3463 3263 3576 3318 sibi
3597 3260 3830 3331 quotidie

575 3358 747 3429 prima
792 3361 897 3415 lilia
925 3364 1077 3432 quasi
1109 3366 1223 3421 dies
1252 3368 1457 3424 exstitit
1487 3384 1584 3441 per
1621 3370 1939 3441 dignitatem
1967 3377 2158 3431 condi-

540 3452 545 3457 ’
578 3449 767 3516 tionis,
798 3454 1028 3508 secunda
1077 3453 1263 3515 Cassia
1311 3458 1382 3513 sit
1415 3474 1512 3529 per
1546 3460 1898 3531 fragrantiam
1937 3463 2152 3519 fortitu-

540 3547 545 3551 '
581 3538 722 3594 diuis
745 3556 809 3595 ex
840 3544 1010 3612 gratia
1034 3545 1457 3618 lledemptionis.
1489 3550 1642 3608 Unde
1668 3560 1724 3607 et
1750 3553 2154 3618 idemvenienti

578 3631 927 3727 Redemptori
956 3652 1050 3709 per
1081 3640 1397 3708 praphetam
1423 3643 1642 3697 dicitur.
1684 3643 1891 3701 Μῖνι-Λα
1921 3654 1972 3700 et
2004 3657 2154 3727 gutta
2192 3712 2202 3725 θ

573 3730 623 3778 ct
650 3724 840 3789 cassia,
873 3734 925 3779 et
970 3727 1197 3808 reliqua.
1226 3729 1362 3806 Quia
1393 3746 1523 3795 vero
1552 3733 1710 3789 tertio
1736 3735 1926 3790 ordine
1966 3724 2155 3791 buma-

574 3827 703 3866 num
737 3830 907 3881 genus
939 3818 1104 3879 etiam
1146 3822 1327 3875 carnis
1362 3825 1763 3891 resurrectione
1803 3836 2057 3881 revocato
2097 3828 2150 3881 in

572 3902 665 3958 illo
707 3916 972 3961 conventu
1013 3916 1229 3969 aeterna:
1272 3910 1447 3965 laudis
1476 3915 1772 3968 assumitur
1798 3956 1813 3979 ,
1850 3916 2008 3970 tertia
2042 3916 2152 3971 illia

572 3992 905 4049 Cornustibii'
924 4007 1164 4051 vocatur.
1190 3997 1327 4065 Quid
1351 4015 1447 4069 per
1468 4000 1817 4067 Cornustibii,
1835 4004 1938 4058 nisi
1966 4003 2155 4059 lmtan-

573 4083 704 4137 tium
721 4095 912 4141 cantus
930 4087 1253 4157 exprimitur
1266 4087 1374 4144 ilbi
1398 4089 1540 4144 enim
1556 4092 1729 4146 veraci
1739 4100 1821 4147 ter
1832 4093 2156 4165 adimpletur

572 4174 715 4242 quod
755 4177 1017 4247 scriptmu
1066 4187 1150 4234 est
1190 4193 1206 4234 :
1262 4197 1282 4231 ί
1329 4179 1556 4237 Cantate
1607 4183 1835 4239 Domino
1881 4185 2151 4250 canticum

572 4279 790 4331 novum,
822 4277 929 4323 etc.
969 4269 1139 4337 (Psal.
1173 4287 1294 4336 xcv,
1330 4272 1403 4344 l).
1441 4292 1460 4325 ι
1495 4270 1796 4343 Sequitur:

643 4355 807 4411 Vens.
840 4357 925 4411 15.
969 4358 1093 4414 Non
1118 4371 1238 4416 sunt
1274 4372 1451 4417 autent
1492 4365 1717 4420 inventae
1758 4365 2001 4422 mulieres
2030 4384 2151 4438 spe-

570 4446 726 4500 ciosa:
754 4447 886 4505 sicut
909 4448 1036 4517 ﬁlia:
1063 4450 1165 4504 Job
1185 4452 1241 4504 in
1267 4453 1507 4508 universa
1535 4463 1698 4509 terra.
1729 4485 1802 4498 --
1837 4452 2150 4513 Eleetorum

570 4536 769 4646 quippe
793 4539 988 4600 animae
1012 4556 1175 4598 omne
1210 4541 1505 4601 humanum
1533 4562 1727 4619 genus,
1756 4549 1899 4618 quod
1924 4550 1977 4605 in
2005 4559 2161 4607 terra
2179 4584 2230 4646 Β

569 4631 861 4690 secundum
894 4634 1164 4699 hominem
1191 4647 1563 4708 conversatur,
1595 4656 1706 4697 suae
1730 4641 2150 4712 pulchritudinis

567 4721 763 4778 decore
808 4727 1213 4785 transcendunt.
1248 4728 1460 4801 Quanto
1503 4734 1742 4788 exterius
1768 4732 2052 4804 allligendo
2089 4749 2158 4791 se~

566 4812 909 4884 despiciunt,
954 4825 1104 4873 tanto
1152 4819 1299 4877 intus
1343 4823 1524 4879 verius
1567 4836 1979 4895 componuntur.
2012 4826 2149 4883 Hinc

562 4903 708 4958 enim
740 4906 999 4976 scriptmn
1030 4919 1115 4964 est
1147 4927 1159 4963 :
1198 4928 1216 4961 ι
1254 4910 1570 4985 Concupivit
1604 4931 1696 4975 rex
1719 4914 1971 4972 decorem
1997 4927 2146 4973 tuum

498 5070 517 5085 .
566 4994 737 5067 il’sal.
771 5016 914 5067 κων,
946 5002 1014 5056 12
1034 5043 1049 5068 ,
1077 5003 1201 5074 li);
1243 5024 1260 5055 ι
1291 5015 1383 5072 et;
1423 5025 1441 5057 ‹
1469 5004 1658 5063 Omnis
1682 5009 1857 5078 gloria
1879 5010 1995 5080 ejus
2025 5011 2149 5067 ﬁlia:

570 5090 709 5160 regis
738 5091 805 5146 ab
833 5093 1000 5159 intus,
1032 5113 1051 5147 ι
1071 5104 1177 5150 etc.
1207 5094 1395 5168 (Ibid.,
1434 5096 1547 5170 M.)
1565 5097 1824 5170 Sequitur
1849 5118 1862 5154 :
1897 5084 2151 5173 Deditque

571 5178 639 5233 eis
662 5190 811 5247 pater
831 5199 957 5238 suus
970 5185 1324 5240 Itmreditatem
1337 5188 1473 5242 inter
1497 5187 1688 5257 fratres
1709 5207 1973 5245 earnm.—-
1987 5190 2152 5247 Pater

564 5268 708 5321 enim
740 5279 925 5327 noster
952 5274 1097 5329 inter
1134 5277 1403 5331 masculos
1429 5279 1589 5333 etiam
1631 5278 1845 5336 feminis
1864 5281 1989 5351 jura
2024 5297 2149 5337 suc-

568 5358 827 5390 οιιαηῖΛηῖο
861 5362 1044 5390 .-ζιιιοζί
1117 5366 1236 5390 ηιιξιι

1282 5377 1423 5390 ἰ...Α-.
1454 5377 1552 5390 r.._n

2224 3396 2227 3399 -
2257 3368 2471 3425 soboles
2503 3362 2914 3434 contemplatur.
2945 3359 3098 3428 Quod
3134 3358 3180 3414 si
3219 3372 3319 3428 per
3359 3364 3474 3411 tres
3508 3350 3831 3423 propagines

2258 3458 2458 3529 Josepb
2484 3458 2757 3528 pincernte
2792 3466 3040 3508 somnum
3072 3449 3379 3504 edisserens
3404 3444 3647 3514 spatium
3676 3441 3829 3495 trium

2259 3552 2467 3608 dierum
2496 3545 2758 3604 intellexit
2795 3543 2952 3616 (Gen.
2986 3554 3054 3596 xx.
3079 3579 3096 3605 ,
3140 3536 3252 3608 12),
3280 3551 3380 3591 cur
3404 3548 3513 3590 non
3552 3532 3724 3588 etiam
3744 3541 3831 3598 per

2258 3649 2493 3713 quatuor
2521 3635 2901 3711 generationes
2941 3644 3118 3686 annua
3155 3635 3392 3699 quatuor
3436 3632 3686 3693 tempora
3708 3619 3828 3687 ﬁglo

2258 3734 2481 3793 rentur?
2508 3734 2705 3790 Sancta
2728 3729 2925 3799 quippe
2944 3721 3186 3780 Ecclesia
3215 3718 3355 3775 vidit
3379 3715 3519 3772 illius
3540 3728 3699 3778 suos,
3717 3724 3829 3766 cum

2256 3829 2491 3901 primum
2518 3823 2754 3880 ﬁdelium
2794 3817 3033 3874 sobolem
3054 3810 3358 3901 conspexit,
3541 3803 3689 3901 Ιίξίοθ

2256 3890 2394 3985 rum,
2425 3933 2547 3973 cum
2568 3915 2635 3970 ab
2661 3913 2863 3969 eisdem
2887 3906 3133 3963 fidelibus
3169 3902 3238 3957 ad
3259 3900 3420 3954 fidem
3445 3893 3601 3965 gigni
3626 3900 3688 3947 et
3707 3890 3830 3985 alios

2256 3983 2519 4083 agnoscit.
2555 4004 2685 4072 Quae
2712 4002 2877 4059 etiam
2903 4012 3059 4053 senex
3085 4005 3139 4050 et
3162 3992 3318 4065 plena
3353 3990 3563 4043 dierum
3590 3983 3831 4041 moritur.

2257 4078 2382 4173 quia
2420 4099 2786 4167 subsequente
2830 4092 2947 4147 luce
2992 4103 3060 4145 ex
3094 4083 3348 4144 mercede
3394 4078 3831 4173 quotidianam

2254 4168 2501 4263 operum,
2551 4185 2797 4257 deposito
2822 4179 3186 4250 corruptionis
3214 4168 3501 4247 pondere,
3548 4169 3622 4263 ad
3665 4168 3834 4263 inccr-

2256 4259 2561 4356 rnptionem
2592 4276 2851 4351 spiritalis
2880 4273 3073 4346 patria:
3101 4276 3366 4327 mutatur.
3414 4264 3524 4356 Per
3550 4262 3673 4317 haec
3695 4259 3835 4314 enin

2256 4353 2592 4430 transeuntia
2631 4379 2896 4437 tempora,
2930 4365 2985 4421 id
3009 4361 3152 4434 quod
3193 4372 3302 4414 non
3339 4353 3830 4447 transit

2256 4465 2411 4523 Unde
2436 4459 2691 4534 apostolis
2711 4458 2910 4515 dicitur
2937 4471 2951 4508 :
2988 4471 3008 4506 ι
3051 4447 3366 4522 Operamini
3404 4459 3515 4502 non
3541 4442 3727 4534 cibus?
3744 4442 3831 4507 qi

2257 4554 2431 4627 perit,
2469 4529 2565 4608 sed
2599 4549 2693 4620 qui
2734 4552 3018 4619 permanet
3054 4542 3108 4598 in
3140 4540 3308 4596 vitam
3352 4544 3622 4628 teterrima
3654 4529 3826 4628 (Jun.

2256 4624 2330 4712 ὗι,
2353 4644 2466 4718 27).
2500 4663 2518 4697 ο
2549 4642 2688 4698 Mori
2711 4647 2893 4695 autem
2925 4635 3144 4699 dicitur,
3175 4631 3323 4703 quia,
3352 4642 3481 4683 cum
3515 4624 3827 4718 tractetur

2216 4766 2217 4771 π
2257 4709 2384 4799 tatis
2412 4709 2794 4804 contemplatio
2843 4726 3206 4791 absorbuerit,
3239 4721 3308 4777 ab
3335 4722 3439 4776 hac
3463 4709 3826 4774 mutabilitatis

2255 4844 2367 4884 suae
2394 4826 2637 4882 funditus
2663 4820 2978 4892 exstinguit,
3017 4824 3081 4873 ut
3114 4816 3171 4871 in
3198 4828 3264 4868 ea
3299 4812 3416 4884 jam
3441 4806 3592 4878 quod
3615 4813 3823 4859 acumen

2254 4919 2482 4976 visionis
2501 4917 2706 4972 intima:
2724 4911 3003 4983 impediat,
3028 4907 3136 4963 ullo
3156 4904 3316 4995 modo
3330 4900 3486 4995 nihil
3491 4900 3666 4970 juvat.

2256 5012 2439 5083 itaque
2475 5015 2737 5071 mortem,
2773 5004 2916 5059 banc
2960 5000 3171 5055 dierum
3218 4991 3738 5083 plenitudinemer
3774 4991 3823 5036 ω

2253 5077 2414 5159 beato
2441 5098 2563 5165 Job,
2591 5098 2644 5153 id
2674 5106 2759 5152 est
2787 5108 2897 5148 uno
2943 5090 3188 5146 membro
3214 5083 3483 5140 Ecclesiae
3509 5123 3528 5147 ,
3555 5077 3824 5165 eratsi-us

2253 5192 2473 5255 factam,
2494 5164 2632 5245 etin
2667 5193 2783 5241 tota
2830 5181 2988 5239 simul
3020 5176 3262 5234 Ecclesia
3292 5185 3582 5244 speremus
3748 5164 3821 5214 fa-

2252 5281 2517 5338 ciendam.
2549 5277 2829 5346 Quatenus
2875 5274 2953 5328 ita
2987 5276 3232 5327 teneatur
3284 5264 3367 5319 rei
3417 5270 3588 5333 gestae
3620 5262 3820 5312 veritas.

2509 5385 2568 5390 _.-
2584 5384 2642 5390 --_
2654 5375 2771 5390 -a..-
2796 5364 2871 5390 ..Αὲ
2913 5358 3158 5390 ’Λ-Αιιλω
3181 5354 3472 5390 σηιΛηΙιριῖει
