3934 5400
85 179 192 232 513

1405 177 1624 234 ΗΥΜΝΙ
1662 176 2014 245 QIIA'I‘L'OR.

3242 177 3348 228 ΒΗ

85 376 2106 404 W—

527 557 709 669 DE
795 557 922 666 B.
967 565 972 576 ’
1016 554 1666 669 MARTINO

1803 551 2630 672 tNTlPHONfE
2712 557 2919 673 XII

1309 792 1694 856 AUCTORE
1731 793 1795 854 S.
1842 793 2144 857 ODONE.

1011 974 1177 1042 (Apud
1205 978 1428 1039 Marrier,
1453 976 1754 1028 Bibliotheca
1783 977 2132 1039 Cluniacensis,
2153 990 2266 1041 pag.
2287 977 2422 1042 261.)

1483 1149 1862 1164 ψ.

149 1299 192 1359 Ι.
256 1303 496 1359 Sanctus
546 1300 808 1355 Martinus
855 1299 1059 1355 obitum
1111 1312 1267 1355 suum
1333 1315 1488 1371 longe
1540 1309 1666 1355 ante
1699 1308 1743 1362 Α
1773 1314 1934 1355 carne
1975 1313 2189 1369 quoque
2221 1307 2553 1353 monstratus
2620 1309 2704 1355 est
2735 1315 2943 1370 gemma
2977 1304 3339 1360 sacerdotum.

79 1393 392 1464 praeseivit,
442 1392 532 1461 qui
576 1399 632 1444 et
664 1389 954 1460 discipulos
1003 1389 1056 1443 in
1114 1405 1279 1443 unum
1329 1391 1676 1462 congregavit

80 1496 250 1554 atque
296 1485 379 1540 sui
411 1483 815 1539 dissolutionem
845 1482 1127 1536 imminere
1153 1482 1422 1550 praedixit.

149 1577 221 1630 ιι.
269 1577 408 1632 Cum
451 1584 670 1646 repente
712 1574 919 1630 viribus
947 1574 1192 1644 corporis
1237 1575 1403 1643 coepit
1432 1572 1672 1638 destitui,

81 1677 215 1723 tunc
262 1682 469 1721 mceror
516 1674 571 1721 et
613 1665 790 1720 luctus
839 1663 1102 1728 omnium,
1133 1679 1235 1718 vox
1284 1662 1673 1733 plangentium,

80 1775 314 1829 unaque
351 1757 687 1828 precantium
719 1775 730 1810 :
764 1755 863 1823 Ne,
887 1765 1095 1826 pastor,
1134 1770 1262 1811 oves
1291 1756 1530 1810 deseras.

149 1849 242 1903 Ill.
299 1849 511 1902 Scimus
552 1847 769 1917 quidem
824 1854 910 1911 te,
937 1845 1120 1908 Pater,
1167 1845 1478 1898 desiderare
1514 1842 1674 1897 Chri-

79 1949 260 2000 stum,
309 1936 402 1990 sed
450 1936 595 1990 salva
631 1943 758 1989 sunt
798 1935 891 1988 tibi
930 1934 1154 2002 przcmia
1198 1942 1309 1999 tua,
1356 1931 1527 1987 nostri
1579 1946 1676 2001 po-

81 2032 190 2083 tius
226 2028 495 2083 miserere
523 2034 658 2096 quos
687 2027 912 2089 deseris,
941 2025 1121 2080 Pater.

150 2119 254 2174 IV.
301 2119 547 2182 Domine,
571 2117 681 2186 jam
709 2117 840 2171 satis
861 2126 945 2170 est
972 2117 1113 2185 quod
1146 2112 1422 2185 hucusque
1447 2115 1671 2178 certavi,

79 2212 182 2264 sed
224 2209 413 2280 quoad
447 2208 562 2278 ipse
587 2207 814 2277 jusseris
840 2206 1112 2271 militabo;
1141 2220 1204 2259 ac
1231 2206 1274 2258 si
1304 2203 1483 2276 parcis
1506 2207 1672 2270 aetati,

85 2301 305 2354 bonum
340 2305 421 2352 est
451 2298 580 2350 mihi
606 2314 620 2362 ;
656 2298 755 2351 hos
782 2297 974 2366 quibus
1001 2297 1183 2360 timeo,
1209 2295 1321 2365 ipse
1343 2296 1636 2350 custodias.

154 2387 227 2442 Υ.
276 2390 442 2442 Artus
473 2385 622 2441 febre
662 2386 979 2441 fatiscentes
1023 2387 1235 2456 spiritui
1281 2387 1488 2440 servire
1514 2400 1674 2455 coge-

80 2481 198 2543 bat,
237 2486 528 2547 stratuque
564 2492 669 2531 suo
713 2477 803 2532 illo
837 2477 999 2531 nobili
1043 2477 1220 2532 cilicio
1263 2477 1548 2540 recubans,
1578 2490 1677 2529 nec

79 2579 305 2625 terram
349 2569 534 2623 videre
559 2567 672 2635 jam
708 2568 980 2636 dignatus,
1009 2567 1147 2622 caelo
1176 2575 1317 2621 totus
1345 2565 1602 2620 inhiabat.

1853 1386 1983 1442 VIII.
2049 1386 2345 1441 Glorillcati
2401 1387 2639 1442 hominis
2692 1390 2940 1445 viderunt
2988 1393 3212 1460 gloriam
3256 1397 3348 1464 qni

1777 1475 2064 1531 adfuerunt
2088 1490 2102 1528 :
2134 1491 2256 1529 nam
2291 1491 2418 1530 caro
2451 1493 2607 1545 quam
2635 1479 2771 1534 cinis
2797 1495 3012 1550 semper
3040 1483 3342 1551 obtexerat,

1776 1565 1854 1619 ita
1881 1565 2236 1634 resplenduit,
2269 1574 2326 1618 ut
2362 1567 2629 1635 quoddam
2657 1571 3074 1626 resurrectionis
3108 1573 3270 1628 decus
3297 1583 3350 1629 et
3399 1633 3402 1640 ,

1776 1653 2041 1708 exstincta
2069 1652 2357 1722 proferret.

1845 1742 1938 1797 1X.
1979 1744 2143 1799 Adest
2199 1745 2486 1801 multitudo
2523 1749 2910 1805 monachorum
2948 1764 3013 1805 ac
3056 1751 3346 1822 virginum,

1777 1841 1830 1894 hi
1881 1842 2100 1911 speciali
2142 1842 2310 1913 gloria
2351 1844 2621 1913 praecipue
2661 1844 2880 1912 ﬂebant,
2913 1862 3034 1901 cum
3084 1849 3350 1902 sentirent

1778 1933 1949 2002 magis
1979 1946 2099 1987 esse
2139 1934 2501 2002 gaudendum,
2529 1936 2575 1990 si
2619 1936 2880 1990 rationem
2912 1939 2992 1992 vis
3029 1937 3227 1992 doloris
3255 1938 3349 1992 ad-

1777 2024 2040 2078 mitteret.

1857 2115 1925 2169 Χ.
1966 2115 2249 2184 Exsequiae
2297 2113 2512 2171 Martini
2566 2130 2670 2172 non
2720 2117 2970 2172 dicantur
3010 2115 3234 2184 funeris,
3258 2122 3352 2174 sed

1779 2205 2035 2274 triumphi
2065 2220 2079 2258 :
2116 2222 2236 2259 nam
2261 2217 2451 2276 greges
2478 2221 2604 2260 suos
2631 2208 2722 2275 qui
2753 2207 2916 2261 ductu
2948 2207 3065 2276 ejus
3091 2210 3350 2264 mundum

1778 2299 2022 2353 vicerant
2049 2299 2240 2366 agebat
2272 2306 2396 2352 ante
2431 2313 2488 2352 se
2532 2308 2718 2367 pastor
2745 2299 3076 2362 exstinctus,
3105 2301 3197 2368 qui
3232 2315 3347 2354 cor-

1779 2404 1876 2458 pus
1903 2388 1969 2441 ad
1997 2387 2302 2457 sepulcrum
2329 2397 2617 2457 sequentes
2643 2386 2944 2456 psallebant
2973 2397 3026 2441 et
3051 2387 3274 2442 ﬂebant.

1849 2477 1939 2532 XI.
1983 2477 2244 2533 Martinus
2285 2479 2640 2548 signiputens,
2683 2478 2892 2548 fulgore
2921 2478 3181 2532 virtutum
3234 2479 3350 2546 ipsa

1785 2569 2093 2624 reverberat
2137 2578 2304 2634 astra,
2336 2570 2425 2624 hic
2469 2570 2680 2625 diversa
2735 2571 3024 2623 multorum
3069 2569 3355 2638 complevit

155 2659 260 2713 Vl.
309 2658 483 2712 Sinite
530 2673 638 2722 me,
679 2659 874 2727 inquit,
898 2658 1092 2712 coelum
1123 2657 1328 2720 videre,
1361 2666 1416 2711 ut
1454 2658 1677 2728 spiritus
1706 2651 1751 2710 Β
1780 2675 1939 2723 unus,
1974 2659 2113 2713 unde
2142 2668 2196 2714 et
2239 2659 2494 2728 apostolis
2533 2675 2596 2714 ac
2625 2660 2926 2730 prophetis,
2957 2674 3092 2729 pace
3129 2669 3354 2713 sancto-

81 2753 370 2822 dirigatur
398 2751 464 2805 ad
501 2751 809 2816 Dominum,
844 2751 976 2805 nihil
1012 2751 1065 2804 in
1112 2765 1197 2804 me
1237 2750 1472 2820 reperiet
1500 2749 1676 2804 inimi-

79 2860 208 2907 cus,
242 2842 343 2897 sed
369 2841 517 2897 sinus
535 2841 767 2895 Abrahae
793 2856 878 2894 me
898 2841 1176 2910 suscipiet.

157 2931 283 2985 VII.
325 2930 497 2986 Media
527 2938 685 2985 nocte
723 2931 998 2985 Dominica
1027 2940 1248 2986 sanctus
1287 2931 1557 2998 discessit,
1587 2931 1675 2986 cui

105 3023 249 3077 cet-li
303 3023 450 3077 cives
515 3036 639 3077 mox
703 3023 940 3077 ohviant.
987 3022 1137 3076 Multi
1190 3023 1679 3078 audierunt’voces

82 3116 140 3168 in
205 3112 455 3179 sublimi,
511 3113 604 3183 qui
647 3123 701 3167 et
730 3111 870 3168 vitro
925 3113 1131 3184 purior,
1173 3113 1310 3168 lacte
1374 3112 1676 3179 candidior,

1780 2766 1900 2805 rum
1933 2750 2195 2816 omnium,
2225 2760 2507 2806 consertus
2533 2759 2634 2806 est.

1852 2837 1965 2893 XII.
2005 2838 2050 2894 Ο
2071 2853 2198 2893 vere
2229 2840 2466 2903 beatum,
2496 2854 2529 2894 ο
2559 2837 2899 2902 ineffabilem,
2929 2839 3150 2908 pietate,
3198 2836 3355 2891 mise-

1784 2931 2038 2993 ricordia,
2069 2930 2370 2984 charitatel
2426 2945 2656 2999 quarum
2694 2940 2753 2984 ut
2798 2931 3098 2985 visceribus
3144 2942 3358 2995 semper

1786 3030 1930 3076 totus
1958 3019 2210 3074 afﬂuebat
2248 3020 2304 3074 in
2338 3019 2588 3101 Domino,
2613 3019 2690 3076 sic
2733 3035 2843 3075 non
2873 3019 3012 3075 desit
3044 3017 3221 3083 nobis,
3247 3029 3354 3070 non

1785 3111 1926 3167 desit
1955 3111 2011 3165 in
2036 3125 2228 3166 aevum.

681 3435 799 3596 s.
893 3485 1414 3600 ODONIS
1497 3486 1975 3600 I-IYMNI
2061 3486 2779 3620 QUATUOB.

873 3914 915 3972 I.

237 4047 315 4103 De
345 4057 681 4103 sacramento
704 4047 933 4116 corporis
963 4059 1008 4102 et
1034 4048 1299 4119 sanguinis
1328 4047 1556 4102 Domini.

331 4179 490 4244 [Apud
517 4182 743 4244 Marrier,
772 4180 1072 4231 Bibliotheca
1107 4181 1476 4244 CluniacensisJ

255 4301 528 4356 Convivas
559 4302 701 4374 epuli
726 4303 954 4357 mundos
976 4301 1117 4358 Deus
1141 4319 1260 4358 esse
1285 4304 1502 4373 superni

169 4390 412 4453 Educet,
435 4399 489 4445 et
517 4391 689 4444 servis
718 4390 978 4445 Dominus
999 4393 1224 4461 vestigia
1259 4392 1405 4445 lavit.

177 4478 506 4534 Muneribus
537 4481 720 4539 variis,
754 4489 810 4534 et
836 4481 1081 4550 pluribus
1109 4483 1232 4537 inde
1272 4482 1512 4551 rejectis,

169 4568 546 4623 Frumentum
569 4578 624 4623 et
649 4570 832 4623 vinum
861 4570 1072 4625 cunctis
1095 4570 1197 4625 hoc
1229 4570 1450 4640 protulit
1474 4587 1659 4624 unttm.

171 4657 304 4712 Hoc
324 4670 526 4725 sacrat,
545 4660 645 4714 hoc
664 4661 911 4727 nimium,
933 4663 1072 4732 quod
1092 4662 1346 4730 litbreve,
1368 4663 1507 4732 quod
1533 4665 1694 4720 nimis

1481 4751 1691 4824 [ιιιευιηιν

174 4837 324 4892 Tam
342 4838 613 4892 modicum
629 4848 926 4909 sumptum,
942 4848 1049 4894 tam
1066 4841 1222 4896 facile
1237 4850 1397 4911 atque
1420 4852 1691 4912 paratum;

176 4928 326 4983 Tam
359 4931 590 4986 sublime
625 4940 805 4986 tamen
833 4934 974 5001 quod
999 4941 1165 4987 totam
1193 4933 1391 4988 habeat
1417 4936 1694 5003 deitatem,

179 5018 403 5075 SuIIicit
430 5021 532 5074 hoc
562 5021 733 5077 solum
765 5023 950 5075 mttndi
972 5036 1202 5094 purgare
1226 5024 1480 5093 piaclum.

178 5109 333 5140 υἷι-η
356 5110 526 5140 “Iona!
559 5114 657 5140 I\l\l\
686 5127 878 5140 ιιι-..ιιιει
926 5114 1064 5140 ιιι-Α..
1099 5114 1152 5140 ΩΟ
1177 5115 1238 5140 1³η
1269 5113 1506 5140 νιΙη..ζΙι..-
1534 5133 1693 5140 -..,--..

2202 4049 2280 4105 De
2307 4049 2372 4106 Β.
2402 4049 2576 4105 Μανία
2603 4049 2930 4120 Magdelena.

2499 4183 2666 4246 [lbid.]

2148 4305 2351 4372 Lauda,
2366 4306 2544 4362 mater
2566 4307 2831 4374 Ecclesia,

2075 4399 2257 4454 Lauda
2286 4399 2487 4454 Christi
2517 4400 2856 4454 clementiam
2887 4417 2904 4456 :

2078 4489 2178 4556 Qui
2209 4498 2413 4560 septem
2442 4501 2635 4560 purgat
2661 4492 2788 4546 vitia

2077 4579 2182 4633 Per
2205 4581 2573 4649 septiformem
2603 4584 2854 4653 gratiam.

2152 4670 2319 4724 Maria
2361 4687 2516 4725 soror
2542 4674 2733 4727 Lazari

2083 4765 2212 4833 Quae
2245 4775 2322 4820 tot
2343 4770 2616 4823 commisit
2641 4767 2906 4836 crimina,

2081 4860 2162 4912 Ab
2187 4859 2300 4927 ipsa
2329 4859 2482 4914 fauce
2505 4859 2698 4914 tartari

2087 4947 2248 5001 Redit
2277 4949 2343 5000 ad
2373 4948 2498 5003 vitae
2530 4948 2774 5019 prmmia.

2154 5035 2283 5090 Post
2307 5033 2465 5090 ﬂuxae
2492 5037 2676 5091 carnis
2707 5033 3073 5112 scandala
