3934 5400
595 204 702 261 M5

1566 195 1626 247 ε.
1665 189 1911 249 ODONIS
1948 185 2236 243 ABBATIS
2271 179 2772 240 CLUNIACENSIS
2804 178 2844 232 ll
3685 179 3750 238 HG

885 315 952 371 Et
976 329 1005 370 a
1031 313 1220 368 morbo
1247 309 1533 379 multiplici

885 406 1060 461 Verbo
1086 412 1308 460 curatur
1331 401 1542 456 Medici.

954 517 1183 576 Contriti
1217 518 1398 572 cordis
1426 513 1646 584 punctio

881 613 1016 668 Cum
1054 612 1416 682 lacrymarum
1443 607 1626 671 ﬂuvio,

883 704 952 760 Et
983 702 1202 774 pietatis
1228 700 1388 761 actio,

883 795 1050 850 Reatn
1079 791 1242 846 solvit
1270 805 1300 843 a
1330 789 1482 842 vitio.

956 895 1273 963 Surgentem
1304 905 1426 944 cum
1456 886 1679 941 victoria

883 984 1068 1041 Jesum
1098 982 1234 1038 vidit
1270 983 1336 1034 ab
1365 978 1587 1043 inferis;

882 1076 1062 1131 Prima
1089 1082 1327 1128 meretur
1355 1069 1575 1140 gaudia,

884 1168 1016 1234 Quae
1045 1166 1164 1236 plus
1199 1163 1408 1227 ardebit
1430 1159 1668 1215 caneris.

959 1257 1063 1313 Uni
1097 1253 1256 1328 [Soli]
1286 1253 1394 1307 Deo
1431 1250 1500 1304 sit
1531 1248 1701 1320 gloria

882 1349 989 1404 Pro
1013 1345 1299 1417 multiplici
1323 1343 1495 1412 gratia
1527 1358 1542 1394 :

886 1437 988 1506 Qui
1018 1436 1205 1506 culpas
1229 1443 1282 1488 et
1309 1430 1506 1502 ﬂagitia
1537 1424 1846 1501 [supplicia]

889 1528 1135 1584 Remittit
1164 1535 1219 1581 et
1248 1524 1343 1580 dat
1381 1520 1625 1594 praemia.
1701 1519 1896 1572 Amen.

1314 1745 1488 1817 [Ibid]

749 1858 827 1912 De
865 1855 927 1914 S.
971 1855 1208 1910 Μαιοιὶηο
1239 1851 1570 1906 Turonorum
1597 1841 2006 1912 archiepiscoyo.

964 1996 1077 2050 Rex
1107 1993 1321 2048 Christe
1352 1989 1569 2046 Martini
1600 1988 1764 2042 decus

888 2084 990 2138 llic
1018 2083 1136 2137 laus
1165 2090 1276 2146 tua,
1305 2090 1360 2134 ttt
1385 2079 1527 2134 illius
1552 2095 1565 2131 :

897 2173 978 2228 Tu
1015 2188 1113 2228 nos
1147 2174 1198 2225 in
1227 2171 1372 2225 hunc
1407 2177 1457 2223 te
1485 2167 1685 2230 colere,

895 2261 1036 2330 Quin
1064 2262 1237 2333 ipsum
1265 2261 1316 2314 in
1343 2267 1416 2322 te,
1451 2257 1648 2312 tribue.

968 2373 1072 2440 Qui
1102 2372 1200 2428 das
1223 2387 1320 2442 per
1346 2368 1495 2424 orbis
1524 2365 1802 2432 cardines,

898 2465 1050 2534 Quod
1078 2478 1289 2535 gemma
1312 2460 1480 2529 fulget
1506 2456 1797 2529 praesulum
1825 2473 1839 2509 :

897 2558 975 2614 Da
1003 2572 1128 2628 quo,
1155 2561 1408 2627 premunt
1439 2552 1608 2622 culpa:
1635 2564 1828 2620 graves

901 2651 1089 2708 Solvat
1113 2651 1407 2723 peringens
1437 2647 1712 2701 meritum.

969 2769 1052 2822 En
1089 2781 1294 2838 pauper
1319 2765 1408 2820 hic
1436 2772 1490 2818 et
1513 2761 1779 2816 modicus.

905 2858 1116 2916 Caelum
1143 2858 1293 2912 dives
1321 2854 1618 2926 ingreditur
1650 2869 1662 2906 :

898 2947 1037 3004 Coeli
1065 2948 1316 3003 cohortes
1340 2943 1583 3007 obviant,

899 3041 1145 3110 Linguae,
1175 3040 1370 3103 tribus,
1400 3046 1608 3109 gentes,
1642 3043 1827 3090 ovaut.

974 3151 1042 3208 Ut
1063 3151 1195 3215 vita,
1223 3148 1393 3220 fulget
1417 3147 1697 3212 transitus,

897 3243 1063 3300 Custis
1087 3252 1141 3298 et
1168 3257 1298 3297 arvo
1327 3239 1638 3311 splendidus
1663 3256 1676 3292 :

899 3335 1148 3394 Gaudere
1174 3334 1384 3389 cunctis
1410 3332 1558 3402 pium
1589 3339 1694 3395 est,

900 3425 1123 3482 Cunctis
1147 3425 1293 3480 salus
1316 3426 1389 3477 sit
1411 3423 1528 3478 hmc
1549 3421 1684 3476 dies.

973 3533 1204 3588 Martine
1244 3547 1345 3602 par
1368 3530 1646 3603 apostolis,

908 3625 1130 3681 Festum
1161 3625 1402 3680 colentes
1433 3631 1491 3677 tu
1521 3621 1674 3686 fove;

905 3715 1010 3784 Qui
1040 3717 1226 3772 vivere
1247 3713 1527 3784 discipulis

902 3807 1020 3874 Vis,
1052 3816 1146 3862 aut
1174 3807 1334 3872 mori,
1369 3820 1469 3860 nos
1493 3803 1722 3872 respice.

977 3920 1085 3976 Fac
1113 3933 1259 3974 nunc
1288 3918 1433 3988 quod
1460 3916 1589 3972 olim
1614 3929 1883 3986 gesseras,

906 4015 1059 4072 Nunc
1082 4013 1186 4087 [tu]
1216 4011 1474 4084 praesules
1499 4009 1738 4066 clariﬁca
1773 4027 1786 4062 :

909 4106 1063 4176 Auge
1094 4103 1260 4158 decus
1285 4101 1565 4164 Ecclesiae,

905 4195 1152 4251 Fraudes
1180 4194 1347 4248 relide
1374 4189 1603 4265 [relega]
1632 4188 1867 4244 Satanm.

976 4307 1078 4375 Qui
1107 4316 1186 4361 ter
1209 4307 1375 4361 chaos
1401 4305 1650 4360 eviceras
1681 4321 1694 4357 :

910 4397 1117 4453 Mersus
1139 4405 1290 4451 reatu
1315 4395 1518 4450 suscita
1545 4412 1558 4448 :

914 4488 1190 4544 Diviseras
1216 4495 1273 4541 ut
1299 4485 1656 4557 chlamydem,

918 4578 1027 4636 Nos
1059 4579 1222 4637 indue
1243 4577 1531 4648 justitiam.

2206 304 2254 361 Α
2638 295 2708 350 Ut
2730 291 2982 362 specialis
3013 289 3196 361 gloria:
3217 285 3483 360 [spiritalis
3511 287 3670 362 gratia]

2539 381 2842 450 ‘Quondam
2873 379 3169 434 recorderis
3199 387 3296 432 tua:
3326 397 3340 431 :

2568 471 2864 527 Monastico
2895 483 3038 524 nunc
3061 468 3240 523 ordini

2559 561 2680 616 Jam
2713 575 2850 631 pene
2875 560 3295 642 lapsonsubveni.
3371 560 3549 616 Amen.

3029 714 3116 770 Ν.

2357 847 2596 919 Hymnus
2627 849 2681 901 in
2710 849 2959 928 honorem
2983 847 3150 928 sancti
3194 846 3430 928 Martini,
3457 865 3485 900 a
3513 845 3562 902 S.
3586 846 3715 905 Odm

2758 919 2812 971 in
2837 919 3080 970 extremis
3107 919 3436 986 comPositus.

2348 1050 2528 1122 [Apud
2554 1049 2778 1115 Mabill.,
2807 1047 3002 1104 Annal.
3031 1045 3164 1103 tom.
3194 1047 3279 1111 lll,
3310 1047 3543 1119 Append.
3569 1063 3613 1118 p.
3633 1049 3733 1121 ili}

2425 1187 2641 1242 Martini
2669 1187 2866 1242 renitet
2891 1201 2958 1242 eu
2983 1186 3226 1257 speciosa
3259 1186 3396 1246 dies,

2422 1278 2542 1345 Qua
2564 1278 2778 1334 scandit
2800 1278 3049 1332 modicus
3079 1276 3230 1332 dives
3254 1274 3485 1331 Abraha:
3509 1276 3650 1341 sinus,

2427 1369 2842 1438 Concentusque
2868 1366 2976 1437 poli
2999 1367 3191 1424 obvius
3222 1366 3437 1422 astatei
3467 1383 3480 1418 :

2500 1460 2610 1516 Nos
2631 1460 2850 1533 hymnis
2875 1461 3018 1515 hunc
3047 1460 3395 1515 honoremus.

2427 1579 2524 1633 Est
2542 1576 2702 1632 Jesus
2724 1578 3018 1632 vehemens
3045 1575 3183 1641 laus,
3217 1575 3395 1629 honor
3418 1581 3566 1643 atque
3587 1572 3717 1627 decus.
3820 1573 3821 1643 ξ

2218 1661 2262 1718 Β
2431 1668 2565 1723 Nam
2604 1669 2770 1724 caelos
2798 1668 3044 1732 decorat,
3080 1681 3325 1735 arvaque
3349 1654 3607 1727 clariﬁcat,
3820 1651 3821 1710 l

2435 1759 2732 1830 Emergens
2769 1757 2927 1828 quasi
2958 1757 3040 1812 sol
3071 1757 3208 1813 alter
3237 1758 3307 1812 ab
3336 1757 3569 1812 occiduo.

2505 1851 2859 1924 Splendorem
2893 1852 2984 1907 dat
3007 1851 3154 1906 hunc
3185 1851 3329 1906 diem
3367 1849 3460 1923 [αι.
3489 1851 3718 1925 invidiam].

2432 1961 2711 2018 Cultorcm
2741 1959 2952 2014 Domini
2983 1961 3070 2016 hic
3109 1969 3260 2015 tener
3289 1961 3581 2026 imbiberat,

2436 2052 2498 2106 Et
2525 2051 2596 2105 nil
2623 2061 2821 2122 praeter
2844 2067 2968 2106 eum
2998 2065 3212 2105 sumere
3232 2050 3348 2119 jam
3375 2061 3571 2122 poterat
3594 2071 3604 2104 :

2436 2143 2619 2213 Signis
2645 2158 2672 2196 a
2704 2157 2872 2213 puero
2898 2142 3089 2212 plenus
3111 2151 3165 2197 et
3194 2143 3248 2197 in
3281 2144 3436 2198 senio

2507 2237 2629 2308 Ipso
2660 2235 2764 2290 ﬁde
2795 2235 2855 2290 ﬁt
2877 2235 3133 2306 inclytus.

2431 2347 2535 2415 Qui
2566 2347 2796 2403 necdum
2826 2347 3076 2402 madidus
3108 2347 3258 2403 fonte
3285 2363 3447 2405 sacro
3467 2348 3619 2404 laticis

2441 2439 2667 2494 Vestivit
2695 2439 2982 2494 Dominum
3007 2448 3160 2509 parte
3184 2456 3297 2496 suae
3320 2441 3627 2511 chlamydis:

2441 2531 2508 2586 Et
2537 2539 2709 2587 semet
2739 2531 2942 2602 gelidat
2961 2531 3172 2601 algidus
3199 2541 3257 2586 ut
3291 2540 3491 2602 tepeat,

2512 2622 2731 2694 Nosque
2754 2639 2900 2678 nunc
2922 2623 3135 2678 meritis
3173 2631 3347 2694 tegat.

2444 2739 2551 2793 Ter
2575 2741 2773 2795 virtute
2794 2747 2988 2807 potens
3017 2738 3285 2793 mortibus
3322 2738 3592 2808 imperitat,

2443 2827 2732 2897 Siguorum
2763 2827 2934 2882 titulis
2957 2836 3100 2882 totus
3127 2828 3334 2896 ubique
3373 2827 3546 2892 micat,

2442 2919 2514 2975 Ut
2535 2919 2679 2989 quod
2701 2919 2951 2974 Christus
2983 2919 3148 2972 habet
3175 2933 3378 2974 nomen
3407 2917 3476 2971 ibi
3499 2915 3672 2972 nitescit

2223 3002 2273 3067 C
2516 3011 2586 3066 Ut
2607 3018 2891 3065 consertus
2919 3008 3196 3079 aposmlis.

2445 3123 2710 3180 lnstinctu
2743 3139 2939 3194 supero
2967 3122 3186 3180 cardine
3213 3122 3516 3194 quadriﬁdo

2447 3215 2616 3280 Gens,
2645 3217 2862 3288 linguae,
2887 3215 3072 3288 populi
3108 3215 3254 3271 hunc
3280 3216 3549 3271 celebrant
3565 3208 3704 3272 seduli,

2448 3308 2818 3380 Certatimque
2841 3307 2957 3364 ﬂuit
2985 3309 3128 3365 illius
3154 3309 3221 3365 ad
3247 3308 3510 3364 tumulum
3536 3326 3550 3362 :

2519 3402 2808 3458 Martinum
2839 3404 2996 3459 decet
3025 3404 3129 3458 hoc
3153 3403 3342 3458 decus.

2449 3515 2594 3583 llaec,
2627 3517 2876 3582 Martine,
2907 3517 3023 3572 dies
3056 3530 3188 3570 arva
3215 3516 3478 3586 polosque
3510 3512 3663 3582 replet,

2448 3607 2532 3664 Sit
2551 3625 2648 3678 per
2672 3619 2727 3682 te
2751 3607 2983 3663 salubris
3005 3608 3092 3662 his
3117 3607 3314 3678 quibus
3350 3615 3435 3662 est
3454 3602 3663 3660 celebris.

2453 3700 2534 3757 Sit
2564 3701 2801 3773 gaudere
2828 3700 2997 3770 pium,
3025 3699 3096 3754 sit
3120 3698 3379 3770 generale
3400 3697 3583 3752 bonum

2525 3791 2638 3847 lloc
2665 3807 2764 3860 per
2789 3799 2860 3857 te,
2890 3789 3053 3844 Pater
3081 3789 3308 3858 inclyte.

2450 3902 2530 3958 Tu
2558 3916 2744 3972 pacem
2775 3915 2999 3970 reparas
3026 3915 3040 3952 :
3068 3899 3158 3954 hic
3189 3907 3245 3953 et
3273 3899 3343 3952 ad
3373 3903 3511 3951 astra
3544 3890 3717 3960 migrat:

2448 3991 2601 4046 Nunc
2631 4007 2730 4047 nos
2763 4001 2815 4046 te
2842 3990 3020 4045 medio
3041 3988 3299 4044 concilies
3323 3985 3556 4047 Domino,

2454 4084 2659 4141 Odonis
2687 4082 2874 4138 famuli
2899 4083 3003 4137 hoc
3024 4095 3162 4150 opus
3189 4079 3283 4150 qui
3307 4074 3542 4133 condidit

2519 4177 2808 4247 Emigrans
2829 4173 2897 4228 de
2926 4171 3146 4227 saeculo.

2455 4293 2708 4348 Misertus
2731 4289 3140 4362 Domine,.quos
3169 4282 3422 4340 enutristi
3450 4279 3530 4350 pie

2232 4365 2287 4426 D
2456 4386 2687 4455 Semper
2707 4382 3044 4445 misericors,
3072 4373 3582 4433 misericordissima.

2457 4475 2736 4532 Tetolonis
2764 4474 2905 4530 servi
2929 4471 3253 4541 ueterisque
3277 4469 3382 4525 tuis

2534 4567 2814 4636 Miserere,
2837 4583 2870 4624 ο
2897 4566 3144 4622 Martiae.
