3934 5400
550 286 656 340 519

1549 278 1602 334 s.
1643 279 1894 336 onoms
1932 277 2224 334 ABBATIS
2259 259 2756 336 cwmscsﬁs‘ts
2793 279 2833 334 ιι
3719 277 3812 333 εει)

547 386 792 464 neglecto
821 391 936 459 ejus
979 388 1157 458 jussu,
1214 386 1364 443 adire
1422 388 1791 444 confundaris.
1851 389 2131 454 Arctatus,
2163 393 2207 451 A
2238 390 2374 446 bene
2416 393 2781 458 commemini,
2858 391 3143 464 lugebatis,
3200 393 3360 464 hujus
3405 389 3812 460 computationis

544 483 738 546 fateor,
783 481 1030 537 tabellam
1075 480 1316 550 arripui;
1370 479 1463 535 sed
1495 479 1748 548 quidnam
1780 478 2128 534 scribendum

547 588 762 645 quoque
786 571 976 626 ordine
1002 571 1170 640 prima
1191 569 1274 625 vel
1300 579 1569 639 postrema
1595 569 1925 639 disponenda
1949 578 2132 624 essent

546 666 830 720 hebetatus
866 664 1202 719 htesitabam.
1256 661 1390 717 Cum
1433 663 1612 718 subito
1654 663 1968 716 recordatus.
2011 676 2130 716 sum

545 752 691 809 illius
716 764 910 808 vestra:
947 753 1320 823 querimoniae,
1349 768 1513 822 quam
1559 753 1624 807 de
1650 752 1807 822 hujus
1837 752 1960 804 vitre
1999 767 2131 821 qna-

544 842 698 898 litate
717 843 998 914 profundis
1043 844 1366 916 singultibus
1414 852 1704 898 contexere
1743 857 1840 897 vos
1870 842 1919 895 iu
1953 842 2128 912 prima

538 933 786 1005 jussione
816 934 1124 990 audieram:
1172 935 1425 990 videlicet
1464 934 1530 989 de
1559 933 1912 1003 perversitate
1941 947 2136 1002 pravo-

544 1039 688 1090 rum,
717 1024 809 1094 qui
856 1039 1071 1095 semper
1099 1025 1152 1080 in
1190 1024 1392 1078 malum
1439 1031 1843 1078 succrescentes
1867 1030 1922 1074 et
1964 1020 2132 1075 eccle-

543 1113 822 1168 siasticam
851 1128 1136 1169 censuram
1161 1114 1374 1184 penitus
1407 1119 1837 1175 contemnentes,
1864 1110 2132 1180 quoslibet

545 1203 811 1260 invalidos
853 1204 1146 1259 crudeliter
1191 1203 1452 1275 affligunt.
1497 1202 1778 1257 Postremo
1827 1200 1894 1255 de
1924 1201 2009 1255 his
2037 1199 2129 1270 qui

545 1297 744 1352 divinae
775 1297 1023 1353 servituti
1061 1297 1358 1366 mancipari
1398 1296 1720 1358 debuerant,
1752 1308 1874 1348 sese
1906 1306 2129 1363 prorsus

544 1402 699 1443 vanae
742 1387 928 1458 glorias
976 1388 1224 1444 dedicant
1244 1403 1309 1442 ac
1337 1386 1519 1441 divino
1550 1375 1712 1441 cultui
1742 1382 1992 1438 simulate
2023 1383 2121 1436 de-

547 1480 808 1536 serviunt.
841 1481 916 1536 De
943 1479 1028 1535 bis
1057 1479 1220 1551 igitur
1259 1485 1314 1533 et
1340 1474 1666 1545 hujusmodi,
1707 1489 1844 1547 quos
1893 1481 2040 1538 tunc,
2073 1470 2119 1526 si

2241 483 2522 537 materiam
2573 483 2787 551 scripsi.
2821 482 2923 537 Per
2981 497 3195 538 omnem
3257 482 3373 552 ejus
3425 495 3714 536 excursum
3764 481 3809 535 id

2240 586 2399 642 agere
2429 573 2626 638 nitens,
2650 572 2792 627 umie
2819 573 2988 642 possit
3015 574 3339 630 alllictorum
3370 575 3606 646 dejectio
3633 591 3814 632 conso-

2239 660 2359 726 lari,
2383 677 2778 732 pravornmque
2802 664 3092 718 curiositas
3137 664 3482 734 aliquatenus
3531 669 3803 721 contundi.

2237 749 2567 820 Opnsculum
2612 769 2742 808 sane
2789 753 3238 824 qualitercunque
3285 756 3578 825 digestum,
3633 766 3809 811 vestra

2228 839 2458 908 iussioni
2505 841 2867 908 satisfaciens,
2907 841 3060 898 vobis
3090 845 3429 908 transmitte;
3493 853 3553 899 ut
3601 845 3648 899 si
3696 845 3814 900 forte

2238 931 2453 1000 penitus
2482 931 2714 986 utilitate
2765 932 3022 996 caruerit,
3070 947 3154 987 me
3203 943 3381 988 tamen
3433 934 3576 1003 apud
3636 949 3731 988 vos
3761 937 3814 990 ds

2241 1021 2604 1078 inobedientia
2651 1031 2894 1078 excuset.
2925 1023 3133 1078 Poterit
3171 1034 3351 1080 autem
3397 1025 3574 1081 lector
3618 1026 3693 1080 ob
3723 1036 3812 1081 tam

2241 1112 2588 1182 imperiosam
2603 1111 2902 1182 jussioncm
2925 1129 3059 1170 mete
3089 1117 3496 1186 praesumptioni
3521 1117 3811 1188 ignoscere.

2238 1202 2490 1256 Auctoris
2527 1217 2655 1256 vero
2707 1217 2900 1257 nomen
2949 1204 3018 1257 oh
3069 1205 3123 1258 id
3171 1206 3566 1275 supprimatur,
3597 1222 3671 1261 ne
3699 1206 3816 1261 forte

2239 1295 2283 1347 si
2346 1295 2576 1350 materia
2623 1294 2850 1362 sordet,
2896 1295 3002 1350 mei
3054 1309 3269 1367 quouue
3329 1298 3569 1354 nominis
3630 1297 3817 1352 vilitate

2241 1394 2516 1456 gravetur.

1093 1620 2524 1652 .——.——_—_—l———-Ih_

1814 1750 2115 1830 LIBER
2189 1741 2608 1831 PRIMUS.

617 2022 821 2076 Auctor
857 2015 1023 2088 igitur
1072 2019 1127 2069 et
1165 2013 1328 2083 judex
1376 2009 1652 2066 hominum
1701 2009 1858 2074 Deus,
1904 2006 2027 2064 licet
2070 2007 2135 2064 ab
2171 2016 2210 2074 Β
2241 2011 2508 2084 negligere
2533 1995 2840 2082 lectiunem,
2877 2015 3038 2088 quale
3071 2026 3210 2073 esset
3237 2005 3284 2073 si
3319 2017 3445 2088 quis
3487 2003 3544 2074 in
3601 2021 3819 2075 tenent-is

545 2111 636 2168 illa
675 2109 930 2166 felicitate
957 2105 1191 2176 paradisi
1217 2117 1385 2175 genus
1416 2111 1657 2157 nostrum
1675 2101 1820 2169 juste
1844 2101 2133 2172 rcpuicrit;

548 2217 660 2257 sum
702 2209 880 2254 tamen
925 2197 1180 2252 bonitatis
1230 2210 1456 2258 memor,
1509 2209 1578 2248 ne
1635 2200 1777 2248 totus
1818 2207 1944 2247 reus
1979 2193 2140 2247 homo

547 2290 692 2360 quod
743 2296 980 2344 meretur
1027 2288 1286 2350 incurrat,
1315 2283 1474 2354 hujus
1500 2283 1947 2355 peregrinationis
1974 2283 2140 2339 mole-

549 2383 684 2437 stias
729 2379 911 2435 multis
952 2377 1228 2434 beneﬂciis
1264 2375 1552 2430 demulcet.
1595 2374 1728 2440 Quia
1757 2389 1884 2429 vero
1911 2389 2007 2429 nos
2034 2374 2144 2431 eis-

549 2471 671 2526 dem
703 2467 976 2524 bencficils
1004 2466 1228 2521 nimium
1259 2463 1611 2528 delectamur,
1639 2463 1754 2532 ejus
1779 2462 2005 2519 consilio
2035 2464 2144 2519 fre-

549 2561 731 2632 quenti
778 2557 1182 2630 perturbatione
1225 2555 1338 2611 haec
1390 2555 1577 2610 eadem
1626 2563 1806 2610 nostra
1858 2554 2142 2609 delectatio

547 2653 844 2710 conteritur
873 2690 889 2716 ,
929 2664 998 2704 ne
1050 2646 1450 2703 transeuntibus
1493 2645 1649 2701 bonis
1687 2686 1699 2710 ,
1748 2659 1867 2715 quae
1923 2645 2142 2713 perinde

546 2741 742 2808 ﬂuunt,
770 2741 932 2796 nimis
961 2739 1284 2794 inhzerentes
1310 2776 1327 2802 ,
1375 2736 1442 2790 ad
1485 2737 1707 2790 interna:
1753 2735 1941 2790 salutis
1990 2733 2140 2789 defe-

549 2844 698 2891 ctum
743 2831 1033 2887 nesciendo
1081 2829 1382 2883 trahamnr.
1425 2825 1515 2882 Sic
1551 2827 1692 2882 enim
1738 2839 1841 2881 non
1881 2827 2144 2880 sentimus

549 2926 819 2997 quomodo
843 2923 1041 2980 crescit
1058 2935 1276 2990 corpus,
1306 2919 1389 2974 vel
1417 2919 1647 2989 qualiter
1673 2916 1910 2987 ejusdem
1944 2931 2140 2987 corpo-

547 3016 628 3070 ris
657 3013 864 3084 species
895 3013 947 3065 in
979 3016 1309 3066 senectutem
1339 3014 1721 3062 commutatur.
1781 3005 2140 3085 Sic_et'mens

550 3115 736 3161 nostra
786 3104 944 3160 nobis
980 3100 1344 3158 nescientibus
1389 3101 1456 3154 ab
1495 3108 1637 3154 statu
1669 3097 2007 3152 rectitudinis
2033 3094 2140 3150 fre-

510 3193 1139 3265 rquenterincurvatur,
1169 3198 1223 3244 et
1250 3205 1280 3242 a
1307 3188 1478 3242 forma
1524 3187 1818 3257 religionis,
1874 3187 2000 3241 dum
2049 3199 2145 3239 ne-

552 3283 680 3350 scit,
742 3282 996 3346 senescit,
1048 3281 1204 3352 juxta
1244 3278 1371 3333 illud
1410 3295 1423 3332 :
1475 3276 1768 3330 Traxerunt
1815 3293 1911 3337 me,
1953 3287 2000 3329 et
2042 3292 2143 3328 non

2228 2099 2442 2177 lumen,
2491 2101 2542 2155 in
2585 2109 2721 2157 testu
2770 2102 2901 2158 solis
2950 2105 3218 2169 umbram,
3278 2106 3362 2160 vel
3411 2106 3466 2161 in
3515 2108 3819 2176 aegritudine

2239 2193 2564 2247 medicinam
2601 2203 2895 2264 respueret.
2951 2193 3076 2250 “i130
3121 2205 3226 2261 est,
3277 2197 3516 2266 inquam,
3571 2214 3680 2252 vox
3722 2197 3818 2257 Dei.

2239 2295 2359 2350 qua:
2409 2280 2716 2338 desertores
2779 2297 2907 2338 suos
2971 2293 3231 2350 revocat,
3296 2285 3488 2340 dicens
3549 2301 3654 2356 per
3719 2301 3823 2355 pro-

2241 2371 2458 2440 phetam
2509 2391 2520 2425 :
2575 2371 2966 2439 Couvertimiui,
3018 2375 3135 2444 lilii,
3193 2388 3500 2432 revertentes
3552 2377 3694 2449 (λεν.
3741 2392 3824 2442 ιιι,

2242 2460 2329 2530 14)
2361 2502 2377 2526 ,
2418 2471 2473 2516 et
2517 2465 2646 2518 item
2691 2475 2876 2520 contra
2929 2468 3166 2520 virorum
3217 2469 3674 2523 consuetudinem
3725 2480 3823 2524 stuc

2241 2558 2448 2619 pratam
2497 2552 2779 2623 conjugem
2823 2567 3084 2609 revocans
3129 2555 3204 2610 ait
3263 2573 3276 2610 :
3338 2555 3501 2621 Audi,
3553 2558 3815 2620 meretrix,

2243 2640 2447 2694 verbum
2508 2640 2718 2695 Domini
2775 2642 2992 2711 (Ezeclt.
3040 2659 3150 2708 xvt,
3205 2645 3296 2714 53)
3325 2686 3339 2709 ,
3385 2656 3440 2700 et
3491 2655 3723 2700 caetera.
3767 2645 3825 2702 l't

2241 2738 2422 2783 autem
2449 2729 2602 2800 longe
2640 2731 2802 2786 nimis
2833 2733 3088 2788 mortales
3114 2749 3142 2786 a
3176 2747 3233 2787 se
3261 2733 3557 2789 recessisse
3586 2749 3696 2788 lion
3721 2734 3822 2788 loco

2243 2818 2486 2888 quidem,
2519 2820 2614 2874 sed
2657 2821 2851 2874 merito
2883 2822 3250 2886 demonstret,
3278 2837 3383 2876 non
3419 2836 3518 2892 per
3545 2823 3718 2876 verba
3755 2824 3820 2876 sic

2243 2919 2540 2980 praesentes
2587 2910 2700 2981 jam
2759 2927 2852 2967 eos
2907 2912 3218 2982 alloquitur,
3271 2914 3412 2969 sicut
3469 2913 3602 2969 olim
3651 2924 3822 2984 patres

2244 2998 2451 3055 fecerat
2505 3018 2517 3054 :
2569 3001 2663 3056 sed
2715 3017 2811 3072 per
2847 3002 3208 3072 Scripturam,
3239 3004 3385 3059 velut
3428 3020 3527 3076 per
3573 3007 3821 3075 quasdam

2243 3091 2530 3162 epistolas,
2561 3093 2719 3163 longe
2745 3093 2952 3164 positos
2975 3109 3256 3160 revocans,
3288 3097 3443 3167 quasi
3469 3098 3678 3152 veteris
3703 3098 3823 3151 ami-

2245 3179 2388 3235 citiae
2413 3182 2717 3237 desertores
2747 3197 2874 3238 suos
2902 3185 3174 3240 recordari
3205 3187 3417 3241 suadet.
3460 3185 3590 3241 Haec
3633 3188 3701 3242 ad
3737 3203 3820 3242 er-

2245 3273 2554 3328 cntiendum
2587 3272 2796 3344 legendi
2843 3275 3122 3331 fastidium
3153 3277 3454 3346 praemissa
3504 3286 3652 3339 sunt,
3702 3291 3822 3346 quo.

552 3375 692 3431 sensi
723 3373 904 3446 (Prov.
929 3387 1088 3436 χχιιι,
1112 3369 1202 3440 55)
1234 3387 1247 3423 :
1288 3377 1344 3423 et
1396 3368 1591 3422 iterum
1620 3383 1632 3419 :
1668 3365 1798 3420 Cani
1826 3365 1978 3434 eﬂ'ust'
2025 3373 2144 3417 sunt
2175 3374 2219 3434 ς
2251 3363 2419 3428 niam,
2452 3364 2593 3434 quod
2622 3380 2754 3434 pace
2791 3374 2975 3421 vestra
3025 3366 3287 3434 dixerim,
3313 3366 3500 3422 cibum
3534 3381 3709 3422 sacra
3753 3367 3820 3422 lc-

560 3466 620 3521 in
647 3481 789 3531 eum,
827 3473 873 3517 et
906 3463 1012 3533 ipse
1047 3477 1148 3514 non
1178 3460 1336 3514 sensit
1375 3458 1520 3528 (Ose.
1551 3471 1648 3520 vn,
1679 3455 1756 3525 9).
1816 3454 1920 3509 Sed
1957 3467 2143 3507 rursus

555 3570 629 3611 ne
671 3555 1042 3625 increpatione
1070 3551 1338 3624 prtedictaz
1363 3547 1782 3620 perturbationis
1809 3546 2142 3610 deficiamus,

555 3646 944 3702 sanctificatam
994 3641 1349 3712 Scripturam,
1398 3654 1518 3709 qum
1561 3637 1777 3692 dissolvi
1810 3651 1914 3689 non
1945 3643 2140 3704 potest,

553 3737 746 3809 majori
777 3735 950 3807 gratia
995 3733 1141 3789 misit
1191 3733 1245 3787 iu
1292 3731 1552 3786 mundum
1585 3745 1597 3782 :
1629 3737 1913 3798 quatenus,
1967 3733 2024 3778 ut
2070 3725 2146 3778 ait

551 3829 767 3893 Petrus,
801 3829 854 3882 in
877 3825 1170 3895 caliginoso
1190 3823 1313 3877 vita:
1340 3820 1500 3889 hujus
1527 3819 1646 3875 loco
1682 3817 1908 3888 pedibus
1943 3823 2143 3870 nostrae

555 3917 788 3974 actionis
825 3913 1184 3985 resplendeat,
1215 3920 1271 3966 et
1308 3912 1452 3965 inter
1478 3907 1728 3978 qualibet
1777 3907 2000 3960 adversa
2043 3919 2141 3975 pa-

555 4009 798 4065 tientiam
827 4014 881 4062 et
904 4003 1343 4066 consolationem,
1368 4000 1522 4068 juxta
1564 3998 1714 4052 Pauli
1764 4011 1970 4059 vocem,
2016 3995 2143 4050 sub-

553 4099 844 4154 ministret.
890 4095 947 4150 Si
993 4108 1126 4165 ergo
1168 4091 1458 4162 quidquam
1511 4097 1594 4144 est
1647 4086 1789 4156 quod
1844 4085 2141 4159 sapientem

552 4189 732 4243 virum
767 4199 921 4255 :equo
957 4184 1136 4238 animo
1180 4181 1319 4234 inter
1345 4178 1644 4232 mundanos
1690 4173 1932 4229 turbines
1971 4172 2142 4227 conti-

555 4292 686 4333 nere
712 4277 902 4348 possit,
945 4275 998 4328 id
1031 4288 1153 4328 esse
1193 4269 1648 4340 quamplurimum
1678 4281 1803 4320 reor
1839 4265 2142 4319 meditatio-

558 4383 684 4425 nem
733 4366 1154 4436 Scripturarum.
1204 4361 1392 4418 Omnis
1430 4373 1659 4429 namque
1713 4358 1870 4436 ratio,
1910 4372 2014 4425 qua
2058 4355 2142 4410 vel

558 4459 750 4522 Deum,
778 4456 863 4511 vel
894 4471 992 4510 nos
1031 4454 1422 4524 cognoscimus,
1468 4436 1663 4506 divinis
1705 4449 1856 4504 libris
1901 4448 2146 4503 contine-

558 4557 666 4602 tur.
708 4546 774 4600 Et
803 4547 858 4600 in
888 4546 986 4599 hoc
1015 4559 1119 4597 non
1164 4543 1335 4596 solum
1365 4557 1394 4594 a
1422 4541 1632 4596 czcteris
1675 4539 2016 4602 animalibus,
2047 4537 2142 4593 sed

559 4637 718 4690 etiam
743 4651 770 4688 a
797 4632 1034 4704 quolibet
1055 4631 1218 4686 stulto
1244 4631 1474 4684 maxime
1499 4630 1789 4684 distamus:
1817 4638 1870 4682 et
1899 4627 2037 4682 sicut
2066 4627 2142 4681 ait

2243 3452 2440 3509 ctionis
2474 3470 2580 3511 non
2611 3457 2744 3511 satis
2769 3457 3061 3512 esurimus.

2314 3545 2356 3599 l.
2386 3544 2574 3602 Omnis
2605 3563 2732 3602 vero
2753 3547 2995 3616 ejusdem
3037 3548 3336 3620 Scriptum
3377 3549 3612 3606 intentio
3643 3559 3748 3614 est,
3769 3558 3820 3602 ut

2205 3677 2217 3732 ό
2246 3650 2345 3692 nos
2367 3637 2433 3692 ab
2459 3637 2617 3706 hujus
2644 3639 2767 3693 vitae
2793 3639 3153 3710 pravitatibus
3193 3651 3525 3712 compescat.
3579 3641 3715 3697 Nam
3755 3641 3821 3694 id-

2245 3728 2390 3783 circo
2421 3729 2753 3785 terribilibus
2785 3729 2899 3786 suis
2929 3732 3211 3787 sententiis
3242 3748 3340 3789 cor
3378 3743 3632 3788 nostrum
3676 3735 3819 3804 quasi

2245 3819 2565 3888 quibusdam
2605 3819 2839 3875 stimulis
2881 3822 3088 3893 pungit,
3123 3833 3181 3877 ut
3235 3823 3400 3880 homo
3447 3835 3660 3880 terrore
3717 3823 3820 3892 pal-

2245 3917 2396 3965 satus
2423 3919 2768 3980 expavescat,
2799 3920 2855 3966 et.
2889 3913 3070 3967 divina
3105 3913 3306 3984 judicia
3365 3929 3489 3984 quae
3539 3923 3632 3968 aut
3675 3912 3818 3967 vola.

2246 4007 2394 4071 ptate
2460 4001 2680 4065 carnis,
2733 4008 2827 4056 aut
2883 4011 3101 4058 terrena
3162 4003 3530 4059 sollicitudine
3577 4005 3820 4059 discissus

2244 4087 2488 4142 oblivisci
2543 4088 2701 4143 facile
2755 4089 2913 4155 solet,
2963 4091 3030 4145 ad
3080 4094 3396 4148 memoriam
3451 4095 3693 4150 reducat.
3745 4093 3816 4147 Ad

2245 4178 2347 4234 hoc
2375 4194 2608 4249 namque
2644 4196 3083 4252 unumquemque
3107 4195 3348 4240 nostrum
3374 4187 3675 4241 secundum
3689 4184 3814 4254 quod

2245 4269 2472 4339 gesserit
2507 4270 2559 4323 in
2597 4269 2684 4324 die
2707 4269 2898 4340 judicii
2927 4283 3266 4343 recepturum
3295 4277 3638 4345 pronuntiat.
3680 4275 3815 4342 Quod

2243 4373 2364 4412 cum
2398 4358 2687 4428 Apostolus
2735 4368 3136 4428 protestaretur
3193 4361 3497 4432 snhjunxit,
3547 4366 3811 4419 nescientes

2242 4449 2521 4505 suademus
2556 4451 2849 4505 hominibus
2896 4452 3132 4506 timorem
3166 4453 3261 4508 Dei
3312 4453 3400 4524 (II
3453 4454 3583 4512 Cor.
3618 4472 3676 4522 v,
3716 4455 3808 4522 ll).

2243 4541 2380 4596 llinc
2417 4541 2570 4606 alias,
2597 4540 2761 4596 Deum
2785 4541 2905 4596 time
2937 4552 2984 4597 et
3021 4544 3268 4597 mandata
3296 4545 3411 4614 ejus
3440 4547 3689 4611 observa;
3731 4546 3810 4597 hoc

2243 4642 2318 4688 est
2340 4633 2511 4686 omnis
2533 4633 2686 4685 homo
2709 4631 2901 4700 (Eccli.
2934 4648 3033 4698 xu,
3059 4632 3168 4704 l5).
3201 4632 3412 4699 Quibus
3438 4635 3625 4690 verbis
3652 4645 3808 4689 osten-

561 4725 834 4787 Salomon,
863 4724 988 4778 illuc
1013 4722 1102 4776 ubi
1135 4722 1241 4776 vita
1266 4731 1369 4785 est,
1406 4723 1472 4776 ad
1500 4721 1858 4791 cognitionem
1889 4719 2139 4774 videlicet
2169 4716 2215 4774 D
2241 4725 2408 4790 ditur,
2433 4725 2577 4794 quod
2613 4724 2658 4778 is
2716 4724 2806 4793 qui
2835 4723 3004 4778 Deum
3037 4739 3142 4779 non
3169 4725 3348 4790 timet,
3377 4726 3546 4781 homo
3588 4742 3704 4782 esse
3739 4725 3808 4778 dc-

560 4816 985 4886 Scripturarum,
1011 4815 1368 4884 perreximus.
1422 4812 1555 4866 Nam
1591 4811 1735 4880 quod
1761 4811 1812 4864 in
1840 4809 2137 4878 Scripturis
2175 4843 2196 4876 q
2240 4816 2350 4870 siit.
2381 4815 2507 4870 Haac
2531 4829 2744 4884 quoque
2801 4814 3042 4884 ejusdem
3097 4814 3397 4885 Scriptura:
3435 4817 3671 4872 intentio
3709 4825 3803 4874 est,

557 4907 669 4961 vita
720 4906 808 4969 sit,
841 4913 1070 4960 testatur
1113 4903 1368 4958 Dominus
1420 4903 1604 4957 dicens
1639 4919 1652 4952 :
1697 4898 1862 4953 Verba
1904 4915 2021 4970 qua:
2063 4899 2141 4952 lo-
2186 4891 2202 4904 ’

557 5012 690 5066 quor
710 4997 871 5060 vobis,
904 4995 1117 5064 spiritus
1140 5002 1185 5048 et
1222 4994 1328 5046 vita
1350 5001 1469 5046 sunt
1500 4990 1680 5062 (Joau.
1717 5004 1827 5055 xxv,
1860 4989 1971 5060 l0).
2019 4987 2136 5056 Ipsa

559 5099 642 5142 est
679 5096 734 5141 et
761 5086 1058 5156 speculum,
1086 5100 1183 5154 per
1204 5084 1345 5153 quod
1373 5099 1516 5139 nunc
1546 5083 1598 5137 in
1635 5081 1921 5152 aanigmate
1957 5080 2136 5134 divina

561 5181 816 5251 mysteria
862 5180 1160 5241 videamus,
1215 5191 1279 5230 ac
1323 5192 1421 5231 nos
1479 5177 1666 5246 quales
1713 5175 1882 5230 simus
1936 5172 2134 5228 intueri

2242 4905 2442 4974 utquia
2468 4905 2692 4959 caeleste
2713 4906 2965 4976 gaudium
2995 4921 3100 4960 non
3137 4906 3240 4960 nisi
3272 4921 3370 4975 per
3406 4915 3660 4961 terrenas
3681 4920 3804 4960 ams-

2240 4995 2501 5051 ritudines
2534 5010 2853 5068 recuperare
2884 5012 3193 5068 possumus,
3216 4997 3284 5052 ad
3319 4997 3662 5053 tolerandam
3685 5010 3802 5068 qua-

2241 5085 2367 5140 libet
2401 5086 2627 5142 adversa
2652 5102 2746 5158 spe
2775 5087 3072 5152 felicitatis,
3115 5103 3235 5157 quae
3285 5089 3549 5158 przesenti
3602 5087 3804 5143 miseri:

2243 5177 2504 5242 succedit,
2530 5192 2630 5233 nos
2658 5177 2976 5232 corroboret
3007 5192 3020 5230 :
3051 5186 3110 5232 ut
3135 5192 3258 5246 spes
3304 5177 3586 5233 manenti:
3632 5176 3803 5233 !:stitiz
