3934 5400
138 232 230 289 Sil

1091 178 1577 277 coturtosuu
1613 209 1788 267 unm
1822 213 2020 269 rues.
2057 244 2125 253 -
2159 211 2283 270 Lm.
2326 212 2365 267 ι.

3268 205 3374 264 522

138 339 389 412 discipulis
435 334 975 407 enumeraretzlpsi,
1022 336 1228 407 inquit,
1278 333 1424 390 scitis
1466 330 1605 403 quod
1643 328 1697 381 in
1728 328 1771 386 Α
1872 322 1956 377 lll.
1996 322 2183 377 Refert
2231 338 2444 412 quoque
2484 330 2631 394 gesta
2690 322 2930 377 virorum
2988 312 3231 387 fortium,
3286 330 3380 412 qut

135 432 228 484 hoc
248 430 388 499 positi
410 445 593 484 sumus
643 426 694 498 (I
716 426 896 481 Thess.
926 442 1007 490 ιιι,
1037 425 1115 497 5).
1149 425 1279 480 Item
1308 422 1408 478 Job
1460 439 1474 475 :
1524 419 1699 474 Homo

138 519 338 576 rsoietus
364 518 540 573 multis
588 518 810 571 miseriis
860 514 982 585 (Job
1035 514 1244 584 xuv,l).
1302 512 1454 579 Quod
1496 509 1700 564 idcirco

136 611 334 677 dicitur,
358 611 481 681 quia
514 609 669 665 valde
696 606 1022 677 impossibile
1045 615 1128 661 est
1150 613 1204 659 ιιι
1251 619 1362 659 sua:
1389 599 1698 673 peregrina-

137 701 286 756 tionis
305 710 536 770 tempora
553 700 669 755 sine
692 697 875 753 dolore
895 703 1194 767 percurrat.
1220 692 1356 747 llinc
1376 691 1490 761 ipse
1513 696 1702 744 auctor

134 790 296 845 dixit:
325 789 381 845 Si
406 791 461 844 in
492 789 647 845 uiridi
671 787 813 858 ligno
837 789 947 842 lucc
974 786 1130 856 ﬁunt,
1162 785 1219 837 in
1246 782 1397 836 arido
1422 780 1546 853 quid
1576 777 1703 849 ﬁet?

133 879 277 952 (Luc.
302 878 451 944 uin,
473 878 587 948 5|.)
614 876 745 931 Nam
776 876 891 946 ipse
914 885 998 931 est
1019 873 1220 947 lignum
1244 871 1413 927 viride
1436 870 1576 941 quod
1600 885 1699 938 pu—

131 971 280 1027 tredo
301 969 508 1041 peccati
538 982 646 1024 non
676 966 936 1037 corrupit,
960 965 1086 1036 quia
1112 973 1392 1035 peccatum
1414 976 1518 1017 non
1549 959 1697 1015 fecit.

130 1060 235 1116 Nos
248 1076 364 1115 vero
385 1074 594 1125 sumus,
615 1067 675 1112 ut
696 1057 864 1113 ludas
881 1056 1153 1127 perhibet,
1175 1057 1398 1111 arbores
1412 1060 1701 1107 autumna-

1806 413 1972 469 multa
2004 412 2272 483 patienter
2300 411 2628 466 tolerarunt:
2657 421 2715 466 ut
2735 411 2819 467 bis
2845 413 3045 467 auditis
3068 411 3201 467 nihil
3227 411 3382 467 nobis

1805 505 1857 560 in
1882 505 1964 557 via
1982 502 2320 559 rectitudinis
2337 502 2999 574 impossibilejudicemns.
3024 504 3175 560 Unde
3195 503 3385 559 beatus

1802 591 1903 647 Job
1934 611 1945 621 ·
1982 590 2260 646 Instauras
2293 602 2442 646 testes
2466 601 2581 646 tuos
2608 604 2787 647 contra
2810 611 2888 647 me
2914 593 3034 667 (Job
3077 611 3129 659 ι,
3149 594 3258 666 1⁸7).
3283 592 3388 649 Tot

1803 685 2001 739 etenim
2060 692 2230 740 testes
2291 691 2477 739 contra
2542 698 2639 738 nos
2696 682 2837 739 Deus
2897 685 3196 752 instaurat,
3255 692 3392 755 quot

1803 773 2119 844 patientium
2170 773 2417 845 exempla
2473 783 2659 828 contra
2708 783 2948 829 nostram
2995 775 3387 846 impatientiam

1802 864 2038 936 exponit.
2068 864 2218 931 Quod
2248 873 2429 918 autem
2466 874 2521 920 et
2566 864 2762 919 divinis
2811 864 3389 930 admouitionibus,.et

1801 955 2219 1026 prtecedentium
2263 954 2527 1025 exemplis
2582 953 2776 1025 adjuti,
2830 956 2896 1010 de
2940 955 3057 1010 lacu
3106 957 3392 1011 mundana:

1803 1048 2037 1103 miseria:
2096 1047 2316 1103 liberari
2364 1048 2679 1114 debeamus,
2739 1048 2827 1103 illa
2882 1049 3090 1120 ereptio
3139 1048 3392 1104 Jeremia:

130 1152 224 1218 les,
247 1151 600 1216 infructuosae,
620 1150 705 1205 bis
726 1157 969 1213 mortuas,
993 1148 1303 1203 eradicatte.
1326 1147 1405 1201 Ac
1429 1146 1474 1201 si
1498 1144 1760 1231 diceret;
1803 1140 2049 1211 designat
2083 1158 2097 1193 :
2129 1140 2253 1209 quia
2295 1148 2354 1193 ut
2398 1140 2463 1194 de
2514 1147 2677 1209 puteo
2725 1140 3018 1205 levaretur,
3073 1138 3225 1194 funes
3270 1155 3392 1191 eum

72 1227 81 1234 r
128 1242 375 1298 Dominus
412 1260 427 1297 :
470 1242 527 1297 Si
556 1256 656 1313 ego
685 1242 820 1310 ipse,
846 1240 939 1310 qui
966 1248 1247 1310 peccatum
1286 1254 1392 1293 non
1414 1235 1541 1302 feci,
1575 1235 1693 1290 sine

126 1333 384 1403 passionis
409 1335 532 1404 igne
563 1334 631 1388 ab
662 1332 767 1386 hac
786 1333 897 1385 vita
926 1346 1031 1385 non
1063 1344 1219 1396 exeo,
1244 1328 1371 1398 quid
1400 1326 1699 1398 putandum

126 1433 210 1479 est
248 1423 360 1479 illos
400 1423 620 1488 mereri,
657 1422 750 1493 qui
806 1438 913 1477 non
965 1421 1140 1477 solum
1197 1418 1568 1490 originalibus,
1609 1418 1702 1473 sed

124 1516 284 1570 etiam
327 1513 626 1569 actualibus
665 1512 839 1583 culpis
884 1519 1138 1566 tenentur
1183 1509 1430 1565 astricti?
1468 1508 1546 1562 Ne
1574 1521 1705 1561 vero

122 1614 336 1675 propter
361 1592 639 1679 angustias
681 1616 801 1673 quae
831 1600 1226 1670 dispensatoris
1254 1598 1412 1653 nobis
1440 1596 1527 1651 hic
1554 1596 1697 1665 inge-

1803 1234 1996 1305 pannis
2027 1233 2302 1287 veteribus
2331 1232 2396 1286 ad
2423 1247 2545 1286 eum
2571 1233 2823 1288 submissi
2856 1242 3000 1286 sunt.
3051 1230 3231 1286 Funes
3278 1232 3388 1285 llo-

1805 1325 2003 1380 minica
2033 1334 2157 1381 sunt
2186 1338 2616 1395 prarcepta,qu;e
2646 1342 2743 1381 nos
2772 1327 2927 1396 quasi
2971 1327 3234 1389 vinciunt,
3260 1326 3391 1379 dum

1805 1419 1920 1474 suis
1981 1432 2079 1473 nos
2118 1418 2287 1488 jussis
2333 1436 2363 1473 a
2412 1419 2572 1474 malis
2621 1420 2831 1475 actibus
2880 1418 3179 1475 refrenaut.
3225 1416 3394 1472 Panni

1805 1517 2021 1563 veteres
2043 1522 2209 1579 opera
2229 1508 2455 1577 justitia:
2481 1519 2627 1576 sunt,
2656 1510 2855 1580 quibus
2884 1511 3062 1565 sancti
3120 1507 3310 1564 Patres
3338 1523 3398 1563 se

1811 1603 2132 1668 vestierunt,
2159 1618 2228 1657 ne
2256 1602 2386 1657 nudi
2410 1594 2663 1672 supernis
2693 1602 2867 1657 oculis
2906 1609 3248 1672 apparerent.
3295 1599 3402 1655 Sa-

122 1689 420 1761 rnntur,in
470 1693 917 1749 murmurationis
955 1692 1159 1747 malum
1218 1691 1564 1754 excedamus,
1611 1695 1706 1742 aut
1733 1689 1778 1748 Β
1808 1694 2274 1763 cerdotes,inquit,
2302 1694 2380 1747 tui
2400 1694 2691 1749 induantur
2708 1694 2977 1763 justitiam
3002 1691 3173 1764 (Psal.
3206 1707 3397 1758 cxxxr,

119 1787 413 1857 pravitates
459 1795 674 1840 nostras
717 1784 819 1840 sub
865 1783 997 1854 ipsis
1048 1781 1310 1853 angustiis
1358 1793 1702 1849 compescere

118 1876 473 1948 negligamus,
526 1883 787 1931 atternam
846 1875 1152 1945 gehennam
1209 1868 1703 1940 transgressoribus

115 1966 517 2032 comminatur,
569 1966 757 2021 dicens
816 1982 830 2018 :
894 1963 1041 2017 Mors
1092 1970 1423 2032 peccatorum
1476 1959 1702 2029 pessima

114 2055 295 2127 (Psal.
320 2070 519 2120 sunt,
542 2054 656 2124 21).
682 2053 752 2109 Ει
777 2055 905 2109 item
930 2061 1120 2127 contra
1160 2055 1593 2103 mnrmuratores
1638 2049 1704 2099 de

112 2126 245 2200 ﬁliis
273 2145 435 2200 lsrael
467 2162 480 2198 :
515 2143 687 2199 Cesset
710 2126 1060 2198 murmuratio
1100 2156 1279 2195 eorum
1312 2155 1373 2193 ne
1401 2137 1705 2192 moriantur

113 2235 313 2305 (Num.
339 2251 431 2301 xx,
459 2235 535 2306 6).
565 2235 633 2288 Et
664 2234 792 2289 item
825 2251 837 2286 :
875 2231 1110 2298 Quidam
1139 2246 1317 2284 eorum
1350 2242 1707 2283 murmurare-

111 2337 267 2387 runt.
286 2338 331 2382 et
356 2345 387 2382 a
410 2326 733 2397 serpentibus
763 2324 1027 2395 perierunt
1063 2322 1115 2395 (Ι
1138 2319 1260 2377 Cor.
1290 2337 1345 2384 ι,
1377 2319 1484 2390 10).

183 2418 251 2472 ll.
283 2417 449 2488 Igitur
472 2424 692 2488 pr0pter
731 2416 846 2471 htec
871 2414 995 2480 tria,
1025 2428 1145 2485 qua:
1185 2412 1420 2467 maxime
1459 2411 1572 2465 haec
1615 2425 1706 2465 ea-

106 2498 239 2565 dem
268 2507 548 2577 Scriptura
585 2508 903 2574 denuntiat,
950 2506 1231 2576 angustias
1281 2504 1533 2559 videlicet
1572 2519 1708 2573 quas

106 2598 204 2653 hic
234 2596 495 2668 patimur,
533 2604 589 2650 et
629 2595 868 2650 lzetitiam
898 2610 1017 2664 qua:
1044 2593 1291 2648 succedit
1334 2591 1617 2657 correctis,
1653 2601 1710 2645 et

103 2685 519 2741 damnationem
541 2700 703 2755 quam
723 2683 1122 2753 incorrigibiles
1143 2682 1436 2747 incurrent,
1457 2680 1710 2735 Ezechiel

100 2777 316 2831 librum
362 2789 424 2830 se
461 2774 666 2829 vidisse
714 2782 962 2838 testatur,
1017 2773 1071 2826 in
1121 2787 1229 2841 quo
1276 2771 1491 2842 scripta:
1555 2777 1713 2825 erant

99 2867 559 2934 lamentationes,
592 2875 646 2921 et
672 2881 911 2931 carmen,
937 2874 992 2921 et
1020 2864 1117 2920 vie.
1163 2864 1280 2931 Quo
1302 2864 1551 2920 videlicet
1574 2864 1711 2918 libro

98 2968 317 3017 cuncta
343 2959 526 3015 divina
558 2959 772 3030 eloquia
802 2958 1126 3029 figurantur,
1150 2971 1379 3027 qua‘que
1428 2955 1586 3010 nobis
1632 2954 1710 3008 la-

1802 1784 1878 1853 9).
1926 1782 2027 1850 Qui
2075 1784 2264 1854 panni,
2293 1783 2346 1838 id
2392 1792 2497 1851 est,
2530 1799 2717 1839 eorum
2762 1784 3028 1853 exempla,
3076 1798 3199 1838 cum
3244 1783 3392 1837 funi-

1804 1874 1907 1927 bus
1946 1882 2341 1944 prmceptorum
2386 1873 2453 1929 ad
2500 1889 2599 1929 nos
2647 1875 2713 1929 de
2754 1887 2911 1929 emno
2953 1873 3080 1927 vitae
3118 1873 3406 1943 praesentis

1804 1960 2075 2016 cruendos
2103 1960 2424 2027 mittuntur;
2460 1962 2611 2031 quia,
2636 1976 2703 2015 ne
2739 1962 2917 2017 divina
2950 1970 3219 2032 prmeepta
3243 1958 3403 2014 nobis

1805 2053 1937 2107 dura
1971 2053 2608 2119 videantur,eorumdem
2637 2063 3035 2125 praeceptorum
3067 2053 3401 2126 possibilitas

1804 2143 2023 2199 Patrum
2044 2143 2303 2214 exemplis
2331 2160 2452 2200 esse
2478 2144 2651 2199 facilis
2691 2148 3117 2201 demonstratur.
3163 2144 3297 2200 Nam
3341 2145 3393 2199 si

1806 2237 1998 2290 durum
2034 2244 2117 2290 est
2147 2235 2290 2304 quod
2319 2234 2521 2289 dicitur
2549 2253 2563 2286 :
2597 2233 2779 2289 Estote
2822 2235 2879 2288 in
2913 2221 3252 2289 tribulatione
3304 2252 3401 2305 pa-

1808 2327 1989 2379 tientes
2038 2325 2217 2396 (Rom.
2264 2340 2361 2391 xu,
2402 2325 2515 2397 12),
2575 2326 2816 2381 occurrit
2867 2323 3099 2391 Paulus,
3141 2323 3234 2394 qui
3291 2340 3399 2379 non

1809 2413 1984 2470 solum
2013 2415 2225 2485 patiens
2252 2425 2354 2480 est,
2381 2416 2476 2472 sed
2504 2424 2558 2469 et
2604 2415 2867 2485 gloriatur
2900 2416 3086 2471 dicens
3109 2433 3128 2470 :
3156 2414 3407 2470 Libenter

1809 2506 2079 2576 gloriabor
2100 2506 2187 2578 (ll
2221 2505 2345 2562 Cor.
2377 2522 2473 2572 xu,
2508 2507 2584 2576 9).
2610 2507 2875 2577 ‘Ligcmur
2917 2521 3048 2577 ergo
3093 2507 3402 2577 praeceptis,

1810 2597 1963 2668 quasi
1995 2598 2318 2668 quibusdam
2353 2597 2594 2653 funibus.
2633 2597 2741 2653 Sed
2766 2606 2821 2652 et
2850 2598 3013 2668 panni
3061 2605 3274 2653 veteres
3323 2598 3405 2651 iu-

1811 2690 2027 2755 tersint,
2061 2690 2286 2759 utquod
2319 2706 2383 2745 ex
2418 2699 2606 2745 nostra
2658 2688 3033 2745 imbecillitate
3083 2704 3183 2743 nos
3238 2703 3403 2758 posse

1794 2768 1918 2835 'non
1949 2794 2111 2851 agere
2134 2778 2505 2842 formidamus,
2534 2792 2655 2835 esse
2688 2780 2964 2851 possibilia
3014 2796 3112 2851 per
3157 2777 3406 2847 exempla

1814 2871 2034 2927 Patrum
2064 2871 2418 2927 conﬁdamus.
2449 2870 2753 2927 Notandum
2779 2886 2909 2927 sane
2931 2880 3015 2926 est
3041 2886 3204 2941 quam
3241 2869 3405 2925 misc-

1814 2963 2104 3017 ricorditer
2127 2961 2268 3016 Deus
2297 2962 2569 3031 praedicta
2609 2977 2720 3017 sua:
2748 2961 3047 3032 Scriptura:
3079 2962 3245 3016 verba
3270 2969 3408 3015 tem-

97 3068 337 3126 crymas
362 3051 648 3121 luctusque
678 3051 1023 3122 praecipiunt.
1074 3048 1493 3104 lamentationes
1542 3047 1597 3101 in
1646 3033 1785 3101 θῦε
1817 3069 2045 3124 parans,
2113 3054 2273 3109 modo
2331 3069 2430 3109 nos
2478 3055 2686 3125 asperis
2739 3054 3147 3110 incitationibus
3197 3064 3407 3117 terret,

93 3144 339 3213 scriptae
368 3141 698 3198 referuntur.
734 3141 840 3197 Sed
883 3141 1013 3212 quid
1069 3141 1182 3211 ipse
1242 3140 1531 3196 verborum
1580 3137 1713 3195 ordo

95 3235 374 3306 designat
408 3243 536 3306 post
569 3234 1006 3299 lamentationes,
1037 3247 1291 3299 carmen,
1323 3241 1379 3286 ct
1406 3246 1486 3285 vae
1536 3228 1714 3285 conti-

91 3336 279 3382 netur
303 3342 318 3379 :
344 3326 600 3397 quoniam
630 3333 751 3396 post
779 3324 902 3379 vitae
927 3323 1086 3399 hujus
1108 3322 1377 3387 miserias,
1403 3330 1495 3376 aut
1516 3332 1714 3377 aeterna

90 3417 311 3473 laetitia
358 3417 618 3472 succedet
662 3415 819 3472 bonis
871 3423 925 3471 et
967 3415 1320 3484 patientibus,
1364 3421 1457 3468 aut
1511 3420 1714 3467 aeterna

84 3504 408 3564 damnatio
429 3507 586 3562 malis
620 3515 678 3562 et
722 3506 1214 3560 murmurantibus.
1254 3504 1393 3559 llinc
1437 3501 1716 3572 discipulis

85 3598 375 3653 Salvator
417 3597 634 3652 dicebat
686 3615 699 3649 :
763 3594 830 3650 In
876 3612 957 3649 me
1007 3612 1189 3665 pacem
1247 3593 1595 3660 habeatis,et
1660 3594 1713 3646 in

78 3691 320 3745 mundo
370 3705 672 3755 pressuram
717 3684 971 3742 habebitis
1015 3684 1198 3757 (Joan.
1228 3701 1340 3750 xvi,
1373 3684 1486 3755 '55).
1543 3684 1621 3738 Ac
1668 3683 1714 3739 si

80 3783 327 3838 diceret
363 3798 375 3833 :
420 3780 537 3835 Erit
564 3779 717 3834 vobis
753 3777 995 3833 exterius
1045 3776 1113 3831 de
1161 3776 1386 3841 mundo,
1422 3775 1564 3844 quod
1610 3788 1712 3829 sa:-

1817 3147 1979 3201 modo
2043 3145 2256 3202 blandis
2316 3146 2783 3202 consolationibus
2848 3145 3093 3211 refovet,
3144 3154 3409 3201 terrorem

1817 3226 2069 3292 fomentis
2097 3237 2307 3303 miscet,
2339 3235 2576 3292 fomenta
2610 3239 2825 3304 terrori,
2859 3246 2913 3292 et
2957 3237 3119 3293 corda
3152 3245 3405 3306 peccato-

1817 3344 1936 3383 rum
1966 3329 2217 3385 indicatis
2248 3330 2548 3385 terroribus
2578 3328 2644 3384 ad
2673 3329 3035 3385 humilitatem
3087 3329 3329 3395 inclinet,
3354 3337 3411 3382 et

1816 3416 2073 3472 humilem
2112 3431 2404 3473 maerorem
2435 3418 2707 3474 enarratis
2738 3418 3166 3474 consolationum
3194 3419 3406 3472 fomen-

1819 3507 1889 3563 tis
1915 3508 2125 3563 attollat
2155 3527 2169 3560 :
2203 3518 2475 3577 quatenus
2514 3508 2640 3563 dum
2665 3519 2960 3579 utrumque
2987 3509 3134 3562 circa
3175 3521 3276 3561 nos
3304 3508 3379 3559 mi

1821 3611 1879 3650 ra
1926 3606 2048 3652 arte
2088 3597 2387 3667 magisterii
2410 3604 2764 3668 temperatur,
2797 3612 2897 3652 nec
2923 3596 3209 3666 desperate
3252 3596 3413 3650 iuve-

1818 3687 2033 3743 niamur
2056 3688 2249 3751 territi,
2276 3703 2376 3744 nec
2398 3688 2614 3743 incaute
2637 3693 2837 3742 securi.

1886 3782 1975 3839 1V.
2007 3783 2469 3849 Lamentationes,
2488 3785 2541 3840 id
2562 3794 2647 3840 est
2668 3785 2949 3856 angustiae,
2971 3786 3039 3840 ad
3064 3784 3403 3840 tolerandum

79 3872 323 3929 viendo
361 3879 589 3941 gravet;
629 3868 723 3923 sed
752 3867 823 3921 sit
852 3866 1081 3921 interius
1113 3865 1178 3920 de
1207 3880 1312 3930 me,
1342 3864 1485 3934 quod
1525 3876 1704 3917 conso-

1817 3891 2009 3947 graves
2036 3888 2193 3946 sunt;
2249 3880 2397 3949 quia,
2436 3878 2592 3948 juxta
2634 3880 2971 3949 Apostolum,
3005 3881 3183 3936 omnis
3238 3882 3404 3937 disci-

73 3962 279 4018 laudo
339 3959 572 4016 reﬁciat.
616 3958 847 4029 Propter
899 3958 1016 4011 haec
1052 3970 1266 4027 quoque
1323 3955 1425 4008 tria
1476 3955 1715 4019 dicitur,

69 4053 256 4125 quod
308 4061 449 4107 rota:
470 4065 592 4122 quae
618 4049 792 4106 eidem
818 4048 1091 4104 Ezechieli
1120 4040 1440 4103 monstratae}
1461 4047 1513 4101 in
1546 4045 1717 4118 ﬁgura

70 4146 357 4199 duorum
402 4149 853 4197 testamentorum
883 4146 1104 4205 sunt,et
1134 4146 1398 4194 staturam
1445 4151 1545 4207 pro
1595 4135 1719 4190 alti-

70 4235 303 4290 tudine
347 4241 406 4287 et
438 4232 759 4288 horribilem
794 4239 1073 4301 aspectum
1122 4230 1434 4286 habuerint.
1478 4228 1717 4296 Quarum

61 4324 382 4380 videlicet
419 4332 632 4379 statura
658 4322 817 4392 hujus
849 4323 975 4377 vita:
1009 4321 1325 4392 qualitatem
1357 4321 1598 4376 adversis
1632 4319 1717 4375 vel

56 4414 404 4486 prosperis
425 4413 787 4470 alternantem
809 4412 1099 4484 signiﬁcat.
1120 4413 1212 4468 Ait
1232 4415 1374 4469 enim
1398 4415 1511 4469 haec
1528 4413 1716 4467 eadem

56 4508 430 4578 Scriptura,
463 4506 706 4577 ejusdem
734 4513 907 4561 status
929 4506 1246 4576 qualitatem
1270 4507 1424 4578 quasi
1451 4516 1715 4562 staturam

54 4602 510 4656 detnonstrans
536 4615 552 4653 :
591 4597 783 4652 Omnes
810 4598 900 4666 qui
930 4596 1102 4652 uolunt
1125 4598 1208 4667 pie
1228 4599 1392 4653 vivere
1417 4600 1471 4652 in
1508 4598 1716 4653 Christo

48 4690 539 4761 persecutionem
587 4688 864 4758 patiuntur
906 4687 995 4759 (II
1032 4688 1167 4741 Tim.
1193 4705 1276 4754 ιιι,
1309 4689 1418 4758 l2).
1470 4690 1601 4758 Quae
1663 4696 1718 4744 et

49 4777 469 4832 altitudinem
494 4776 798 4833 ccelestium
826 4777 1170 4846 praemiorum
1209 4776 1490 4847 proferens
1534 4778 1670 4834 dicit
1701 4794 1713 4829 :

50 4868 395 4938 Quotquot
426 4877 600 4922 autem
640 4877 941 4936 receperunt
974 4884 1111 4934 eum,
1142 4870 1282 4923 dedit
1307 4869 1383 4924 eis
1412 4879 1720 4938 potestatem

42 4959 235 5027 ﬁlios
274 4957 393 5011 Dei
421 4957 541 5028 fieri
572 4956 760 5029 (Joan.
796 4972 837 5023 ι,
870 4957 976 5029 12).
1010 4957 1148 5026 Quid
1188 4961 1351 5015 altius
1380 4975 1539 5031 quam
1573 4961 1720 5018 ﬁlios

46 5050 175 5104 Dei
222 5049 407 5105 fieri?
433 5049 752 5105 horribilem
777 5058 1047 5117 aspectum
1076 5053 1312 5113 exhibet,
1361 5068 1482 5108 cum
1523 5055 1589 5109 de
1640 5030 1745 5105 re-'

38 5142 301 5212 probis
334 5142 469 5198 dicit
494 5160 508 5196 :
534 5140 698 5196 Ibunt
721 5138 781 5191 hi
803 5138 857 5191 in
878 5140 1186 5210 supplicium
1213 5154 1462 5199 (cternum
1495 5142 1717 5218 (Matth.

835 5233 1018 5284 vermis
1070 5250 1250 5289 eorum
1305 5252 1405 5289 non
1462 5239 1723 5292 morietur

32 5323 314 5395 (Marc.
353 5340 434 5388 rx,
463 5323 572 5395 45).
607 5324 683 5378 Ει
711 5319 855 5390 quod
901 5324 1118 5392 proprie
1165 5326 1455 5383 luxuriosis
1508 5332 1717 5387 manet,

36 5249 224 5298 xxv,
260 5231 395 5305 46).
451 5233 519 5288 Ει
578 5235 715 5287 item
767 5246 781 5281 :

1747 4382 1796 4442 Ι)

1817 3969 1960 4039 plina
2019 3970 2071 4025 in
2112 3973 2362 4042 praesenti
2403 3972 2618 4041 quidem
2670 3986 2777 4026 non
2837 3971 3051 4027 videtur
3102 3986 3223 4027 esse
3274 3987 3405 4042 gau-~

1819 4060 1913 4124 dii,
1949 4061 2043 4116 sed
2070 4061 2339 4117 maeroris.
2386 4061 2614 4117 Carmen
2665 4076 2815 4127 vero,
2867 4062 2920 4116 id
2975 4070 3077 4127 est,
3130 4062 3411 4133 gaudium,

1819 4150 1961 4219 quod
1999 4152 2261 4217 succedit,
2315 4152 2670 4207 desiderabile
2719 4160 2820 4219 est,
2876 4153 3015 4208 sicut
3059 4153 3134 4208 ibi
3180 4169 3410 4210 securus

1819 4242 2101 4313 adjnngit;
2141 4243 2266 4313 quia
2303 4243 2532 4298 fructum
2576 4244 2977 4314 pacatissimam
3022 4246 3199 4301 reddit
3252 4263 3417 4303 exer-

1821 4334 2006 4389 citatis
2041 4350 2139 4406 per
2186 4335 2473 4406 justitiam.
2528 4335 2620 4390 Va:
2658 4346 2837 4393 autem
2874 4339 3036 4394 nimis
3070 4338 3415 4398 formidabile

1821 4431 1925 4488 est,
1959 4425 2236 4493 quoniam,
2278 4435 2337 4480 ut
2363 4425 2561 4482 Paulus
2592 4428 2665 4481 ait
2694 4445 2706 4480 :
2732 4428 3052 4483 horrendum
3080 4440 3153 4485 est
3183 4430 3414 4484 incidere

1819 4516 1874 4570 in
1898 4534 2083 4572 manus
2108 4516 2207 4572 Dei
2227 4516 2415 4589 (Hebr.
2448 4534 2502 4583 χ,
2532 4518 2644 4589 ⁸51).
2702 4517 2759 4573 Si
2788 4528 2969 4574 autem
3000 4520 3249 4591 displicet
3269 4525 3413 4589 quod

1821 4607 2075 4675 patimur,
2107 4622 2477 4683 percussorem
2503 4617 2746 4665 nostrum
2766 4608 2971 4676 justum
3010 4617 3066 4664 et
3098 4609 3417 4665 misericor-

1822 4697 1941 4750 dem
1975 4699 2291 4770 cogitemus.
2334 4697 2468 4753 Nam
2501 4701 2628 4770 quia
2651 4698 2830 4767 justus
2859 4709 2965 4766 est,
3002 4717 3112 4757 non
3145 4699 3251 4755 nisi
3273 4697 3419 4766 juste

1821 4790 2075 4858 percutit,
2120 4798 2181 4845 ut
2216 4800 2300 4846 est
2339 4789 2471 4846 illud
2507 4812 2520 4846 :
2556 4790 2811 4860 Nunquid
2847 4791 3065 4863 iniquus
3112 4793 3280 4854 Deus,
3326 4787 3441 4856 quis

1828 4877 1994 4934 infert
2031 4881 2215 4936 iram?
2277 4879 2447 4936 Valde
2500 4883 2670 4955 igitur
2714 4878 2974 4949 injustum
3017 4892 3119 4949 est,
3171 4877 3240 4931 de
3281 4876 3429 4946 ἱυειᾶ

1825 4974 2173 5039 percussione
2202 4987 2567 5031 murmurare.
2628 4969 2745 5026 Non
2788 4971 2979 5041 itaque
3001 4980 3430 5029 murmuremus.

1828 5076 1897 5115 ne.
1945 5062 2084 5119 forte
2141 5064 2267 5118 illud
2326 5077 2408 5118 vae
2453 5065 2605 5137 quod
2653 5060 3019 5118 comminatur
3067 5062 3427 5117 ineurramus.

1828 5148 2140 5222 Cogitemus
2162 5167 2376 5226 quoque
2413 5159 2545 5225 quia
2583 5151 2898 5210 misericors
2918 5160 3022 5218 est,
3051 5166 3119 5207 ne
3144 5161 3246 5205 nos
3282 5146 3438 5201 dere—

1830 5238 1987 5297 lictos
2024 5246 2092 5300 ab
2129 5260 2195 5299 eo
2224 5242 2540 5314 credamus,
2565 5251 2629 5300 ut
2658 5237 2805 5294 stulti
2846 5236 3081 5306 faciunt,
3124 5240 3192 5294 de
3239 5234 3437 5304 quibus

1827 5328 2028 5388 dicitur
2053 5354 2066 5389 :
2094 5335 2163 5389 In
2188 5333 2414 5389 miseriis
2438 5351 2547 5391 non
2568 5327 2849 5389 subsistent
2875 5326 3051 5397 (Psal.
3076 5341 3298 5389 cxxxtx,
3327 5323 3443 5394 ll).
