3934 5400
522 306 630 361 523

1494 306 1551 363 8.
1594 308 1842 368 ouoms
1880 309 2171 368 ABBATIS
2209 288 2704 376 CLUNI'ACENSIS
2741 320 2784 376 ll

3682 324 3779 386 δὶα

522 429 635 475 tate
661 416 907 474 reﬂectit.
963 416 1077 473 Hoc
1130 417 1313 489 itaque
1360 421 1700 478 attendentes
1752 422 1956 495 ﬂagella
2002 439 2107 479 non
2135 426 2187 487 Α
2213 424 2416 494 bertas,
2440 437 2498 483 ut
2522 430 2685 485 etiam
2712 447 2743 485 a
2769 428 3094 496 vermiculis,
3126 435 3201 495 et,
3224 430 3363 500 quod
3393 434 3563 505 magis
3587 448 3670 491 est
3691 441 3778 495 tui-

522 509 850 580 rcfugiamus
880 548 895 574 ,
955 508 1050 564 sed
1095 523 1159 563 ea
1212 508 1360 565 velut
1410 512 1655 580 quaedam
1714 513 2105 568 medicamenta

521 600 716 654 anima:
758 599 929 670 magis
959 607 1223 670 optemus.
1278 599 1413 655 Nam
1462 610 1518 656 et
1563 617 1706 672 aeger
1756 611 1882 657 tunc
1936 616 1996 657 se
2039 603 2108 657 ad

518 694 813 751 secandum
838 695 1087 751 manibus
1112 694 1303 750 medici
1335 695 1568 752 libenter
1606 697 1900 763 submittit,
1932 707 1983 753 et
2011 713 2105 768 po-

519 788 639 843 cula
683 787 929 857 quamvis
964 801 1144 842 amara
1174 787 1353 843 votive
1386 784 1540 853 bibit,
1567 803 1688 842 cum
1715 788 1908 843 exinde
1938 789 2104 844 bene-

519 876 701 935 ﬁcium
729 876 1114 935 incolumitatis
1143 893 1465 950 recuperare
1492 891 1550 934 se
1580 877 1771 933 credit.
1822 877 1936 933 Non
1976 894 2105 950 ergo

518 972 843 1028 resultemus
896 970 1146 1027 manibus
1194 970 1388 1026 medici
1440 971 1609 1025 nostri
1661 970 1773 1025 Dei.
1824 969 1957 1025 Nam
2002 971 2103 1025 etsi

518 1061 885 1116 tribulationis
911 1059 1250 1116 adustionem
1276 1059 1579 1130 prolongat,
1612 1075 1717 1114 non
1760 1067 1937 1113 tamen
1963 1073 2105 1129 aeger

516 1150 677 1205 debet
705 1149 1023 1216 vociferari;
1048 1150 1302 1219 quoniam
1330 1150 1443 1219 ipse
1473 1148 1616 1203 videt
1647 1163 1809 1218 quam
1837 1147 2103 1218 profunda

516 1241 585 1295 ad
619 1240 970 1296 resecandum
1009 1239 1237 1311 putredo
1282 1239 1443 1294 lateat
1486 1239 1537 1293 in
1584 1238 1899 1294 vulneribus
1943 1237 2103 1293 vitio-

514 1347 657 1389 rum.
716 1329 825 1387 Nec
866 1330 1012 1388 velut
1052 1331 1296 1386 indomiti
1352 1339 1607 1401 tanquam
1660 1330 1729 1385 ad
1784 1329 2102 1385 inusitatum

513 1424 769 1493 quiddam
787 1432 880 1479 aut
896 1440 1092 1480 novum
1115 1423 1579 1494 obstupescamus,
1599 1423 1853 1494 quoniam
1875 1437 1905 1475 a
1927 1421 2102 1492 primo

507 1515 657 1585 justo
685 1515 817 1572 Abel
848 1532 1015 1588 usque
1061 1516 1130 1570 ad
1178 1514 1429 1571 ultimum
1474 1515 1706 1571 electum
1754 1526 1978 1568 necesse
2017 1521 2100 1568 est

511 1619 702 1660 omnes
731 1606 832 1661 bac
869 1605 1177 1660 conditione
1233 1604 1425 1659 teneri.
1484 1603 1621 1659 Hinc
1667 1603 1919 1674 princeps
1967 1615 2096 1671 apo-

510 1696 772 1752 stolorum
827 1696 1012 1752 fideles
1065 1696 1277 1751 monuit
1308 1734 1325 1762 ,
1377 1709 1445 1749 ne
1507 1695 1839 1749 mirarentur
1885 1693 1938 1747 in
1991 1689 2098 1746 fer-

2210 531 2412 584 serum,
2446 534 2475 573 a
2511 520 2691 591 seipso
2719 521 2886 575 multa
2931 520 3185 591 patiatur.
3216 521 3384 578 Porro
3422 523 3513 580 ille
3558 542 3775 598 magnus

2208 608 2405 675 honor,
2433 624 2539 678 quo
2561 610 2703 666 inter
2727 619 2953 667 caeteras
2976 625 3262 682 corporeus
3288 621 3570 669 creaturas
3592 614 3779 674 ditatus

2206 704 2312 763 est,
2350 700 2628 754 rationalis
2671 699 2924 756 videlicet
2957 701 3166 757 acuitas
3206 701 3260 757 iu
3296 716 3363 757 eo
3404 690 3488 758 sic
3541 703 3777 761 hebetata

2206 796 2308 854 est,
2339 795 2397 842 ut
2447 805 2570 845 cum
2622 790 2769 845 omni
2800 799 3063 845 creatura:
3102 791 3298 847 visibili
3331 806 3569 862 pnecsse
3596 794 3781 849 debue-

2207 876 2302 943 rit,
2338 893 2480 933 nunc
2530 879 2776 948 exemplo
2803 877 3046 935 formica:
3087 880 3271 936 vivere
3304 881 3581 952 iubeatur.
3620 880 3775 949 Vade,

2205 967 2404 1037 inquit,
2435 968 2505 1021 ad
2536 968 2831 1037 formicam,
2860 986 2889 1024 ο
2919 972 3065 1042 piger
3088 970 3271 1042 (Prov.
3308 987 3383 1038 Vl,
3410 972 3490 1043 6).
3524 972 3681 1029 Mens
3705 989 3781 1029 au-

2206 1064 2311 1111 tem
2352 1072 2472 1128 quae
2510 1057 2651 1113 ﬂuxa
2694 1060 3051 1115 mutabilitate
3078 1077 3263 1129 unum,
3293 1064 3384 1132 qui
3437 1063 3493 1117 ei
3539 1062 3781 1119 suffiere

2202 1155 2433 1216 poterat,
2468 1149 2634 1203 Deum
2677 1150 2889 1206 scilicet
2918 1152 3119 1218 amisit,
3150 1168 3295 1208 nunc
3324 1169 3421 1224 per
3450 1153 3779 1210 diversa‘de-

2202 1237 2396 1293 sidcria
2428 1239 2692 1306 variatur,
2723 1250 2779 1297 et
2829 1242 2936 1296 huc
2976 1242 3209 1313 illucque
3247 1245 3400 1300 avida
3435 1245 3781 1301 delectatione

2202 1333 2415 1402 quaerit,
2469 1333 2524 1388 in
2560 1350 2666 1404 quo
2707 1344 2986 1405 pausetur.
3029 1336 3135 1393 Sed
3184 1339 3439 1408 quoniam
3493 1342 3565 1396 ad
3620 1340 3781 1397 solum

2202 1423 2370 1478 Deum
2400 1426 2756 1496 appetendum
2788 1434 2967 1482 creata
2998 1437 3104 1494 est,
3146 1438 3433 1500 postquam
3496 1432 3567 1487 ab
3596 1432 3689 1487 illo
3711 1448 3784 1488 re-

2200 1516 2389 1580 cessit,
2416 1515 2553 1569 nihil
2584 1516 2808 1579 invenit,
2840 1517 2986 1587 quod
3029 1518 3078 1572 ei
3124 1517 3380 1585 sufficiat,
3417 1519 3596 1575 donec
3624 1521 3692 1576 ad
3715 1523 3783 1591 ip-

2200 1619 2319 1659 sum
2351 1606 2552 1661 redeat.
2582 1604 2736 1661 Unde
2770 1622 2911 1663 nunc
2949 1622 3046 1676 per
3084 1607 3325 1665 diversos
3353 1609 3587 1667 affectus
3615 1612 3783 1666 varia-

2202 1702 2308 1761 tur,
2370 1703 2429 1749 ut
2479 1709 2604 1749 cum
2659 1709 2841 1749 rerum
2893 1695 3152 1765 qualitate
3194 1698 3381 1753 satiari
3438 1715 3546 1753 non
3590 1709 3782 1770 potest,

509 1805 642 1846 vore
698 1790 1011 1847 tculationis
1076 1798 1338 1861 tanquam
1395 1789 1520 1845 novi
1575 1789 1778 1859 aliquid
1841 1766 2391 1858 corttigis-Bsaltem
2448 1786 2712 1841 varietate
2777 1787 3013 1857 ipsarum
3037 1802 3219 1842 rerum
3267 1766 3780 1859 expiatum—Victa

510 1891 610 1939 83!.

580 1975 648 2029 V.
707 1973 1068 2030 Aﬂlictionum
1105 1989 1235 2031 vero
1271 1974 1478 2045 species
1530 1982 1639 2029 tam
1693 1973 1919 2029 diversae
1951 1983 2099 2041 sunt,

510 2078 671 2133 quam
722 2064 965 2119 diversos
1008 2063 1290 2134 culparum
1324 2064 1513 2119 modos
1550 2063 1785 2119 caelestis
1813 2064 1901 2119 ille
1930 2064 2098 2119 medi-

511 2169 608 2209 cus
635 2153 787 2210 nobis
833 2154 1011 2211 inesse
1050 2156 1233 2222 videt;
1273 2165 1507 2227 quatuor
1532 2165 1710 2211 tamen
1747 2156 1919 2211 modis
1948 2171 2098 2211 com-

508 2247 934 2316 prehenduntur.
980 2248 1280 2320 Aliquando
1314 2263 1546 2318 namque
1571 2256 1825 2319 peccator
1845 2246 2098 2319 afﬂigitur

506 2352 607 2405 pro
635 2338 872 2407 peccatis
901 2338 1211 2408 praeteritis,
1259 2338 1400 2393 sicut
1447 2338 1537 2394 ille
1575 2339 1661 2395 cui
1692 2339 1930 2395 dicitur:
1961 2339 2096 2394 Ecce

505 2443 666 2479 sanus
696 2426 866 2495 [actus
887 2444 962 2492 es,
989 2427 1104 2497 jam
1141 2426 1249 2483 noli
1275 2444 1511 2498 peccare,
1540 2445 1602 2482 ne
1627 2429 1852 2483 deterius
1873 2428 1967 2482 tibi
1994 2428 2095 2482 ali-

504 2518 629 2589 quid
659 2520 924 2589 contingat
953 2517 1136 2590 (Joan.
1169 2518 1356 2589 v,14).
1399 2517 1529 2585 Quae
1560 2518 1733 2587 jussio
1760 2520 1913 2575 docet
1946 2520 2094 2590 quod
2142 2557 2149 2563 .

504 2624 603 2678 pro
650 2609 823 2680 culpis
863 2611 1153 2682 praeteritis
1202 2611 1311 2666 vim
1360 2610 1562 2667 doloris
1608 2612 1920 2667 incurrerit.
1975 2611 2091 2666 Ali.

504 2701 720 2769 quando
759 2715 858 2769 pro
894 2701 1147 2757 cavendis
1192 2701 1411 2768 futuris,
1453 2701 1594 2771 quod
1640 2700 1805 2755 Paulo
1848 2701 2089 2772 contigit,

504 2794 618 2862 qui,
650 2809 717 2847 ne
742 2792 1113 2859 extolleretur,
1154 2793 1430 2849 stimulum
1474 2793 1655 2848 carnis
1692 2792 1917 2863 accepit.
1970 2791 2093 2859 Qui-

504 2884 629 2936 dam
665 2882 914 2939 doctores
948 2883 1156 2953 antiqui
1182 2883 1421 2941 dolorem
1469 2884 1661 2955 capitis
1710 2872 1859 2939 aiunt
1904 2883 2089 2939 fuisse.

502 2973 805 3044 Aliquando
850 2976 1079 3045 quisque
1116 2975 1439 3046 percutitur,
1470 2984 1531 3030 ut
1557 2976 1684 3030 dum
1719 2975 1996 3046 inapinata
2026 2975 2092 3030 li-

502 3064 712 3119 beratio
760 3066 1057 3134 periculum
1103 3067 1472 3136 subsequitur,
1512 3066 1791 3121 ardentius
1833 3065 2088 3123 salvantis

501 3155 600 3209 Dei
635 3155 809 3211 virtus
834 3165 1063 3211 ametur.
1118 3156 1177 3210 In
1230 3171 1333 3226 qua
1374 3157 1722 3227 percussione
1772 3154 2086 3211 meritorum
2113 3128 2158 3193 δ

502 3246 674 3315 gratia
708 3248 1023 3313 succrescit,
1045 3263 1166 3303 cum
1197 3263 1295 3318 per
1321 3250 1637 3319 patientiam
1673 3248 1929 3304 fortitudo
1960 3263 2085 3318 pro-

500 3340 635 3394 ﬁcit.
680 3338 833 3406 Quod
862 3338 914 3393 in
942 3341 1097 3395 beato
1120 3337 1220 3396 Job
1241 3339 1566 3410 completum
1593 3348 1696 3406 est,
1722 3340 1814 3411 qui
1836 3338 1988 3410 prius
2015 3339 2088 3393 ita

500 3431 771 3497 laudatus,
801 3440 856 3487 et
898 3440 1085 3503 postea
1135 3432 1215 3488 sic
1262 3442 1640 3487 remuneratus
1682 3437 1787 3486 est.
1836 3430 2090 3485 Nonnun-

501 3535 663 3591 quam
685 3535 814 3575 vero
839 3521 892 3575 in
921 3537 1024 3575 una
1055 3520 1293 3591 qualibet
1316 3535 1545 3591 persona
1592 3519 1693 3575 tria
1738 3520 1854 3575 haec
1889 3525 2088 3591 genera

501 3610 662 3665 simul
710 3620 1062 3676 concurrunt,
1133 3618 1193 3665 ut
1254 3611 1308 3665 in
1364 3625 1431 3666 eo
1488 3624 1587 3680 per
1641 3606 1983 3665 aﬂiictionem
2036 3617 2091 3663 et

497 3701 772 3771 prietcrita
812 3681 1126 3771 puniantur,
1150 3708 1205 3755 et
1229 3698 1409 3754 futura
1435 3699 1846 3770 prohibeantur,
1886 3706 1942 3754 et
1970 3696 2087 3751 lau-

500 3794 596 3848 des
624 3793 931 3848 liberatoris
958 3792 1052 3847 Dei
1095 3807 1162 3847 ex
1204 3792 1454 3862 adempto
1481 3790 1723 3860 periculo
1750 3789 2087 3845 suecendan-

498 3891 610 3937 tur.
665 3881 931 3948 Quartum
984 3895 1153 3952 genus
1207 3890 1310 3945 est,
1356 3879 1569 3951 quando
1618 3880 1848 3950 quisque
1899 3882 1979 3937 sic
2033 3880 2089 3935 in

495 3972 747 4042 pnesenti
791 3966 1149 4041 percutitur,
1175 3978 1236 4023 ut
1274 3968 1435 4023 etiam
1483 3968 1536 4022 in
1584 3967 1767 4024 futuro
1810 3971 2082 4040 puniatur.

498 4064 653 4132 Quod
687 4063 791 4118 illis
814 4061 1150 4118 solummodo
1176 4061 1402 4126 accedit,
1451 4076 1679 4130 quorum
1729 4070 1939 4117 mentes
1983 4063 2086 4117 tri-

497 4153 703 4208 bulatio
733 4169 839 4208 non
867 4151 1135 4208 convertit
1167 4169 1179 4204 :
1214 4151 1281 4205 de
1308 4148 1675 4220 qualibus‘illa
1702 4165 1808 4205 vox
1845 4165 2085 4220 conque-

498 4243 672 4298 rentis
699 4243 791 4297 Dei
819 4251 947 4299 est:
975 4241 1202 4296 Frustra
1244 4240 1476 4310 percussi
1504 4240 1643 4309 ﬁlios
1674 4250 1812 4307 tuos,
1852 4240 2088 4311 discipli-

499 4349 624 4387 nam
647 4349 748 4386 non
774 4342 1070 4403 receperunt
1092 4330 1232 4403 (Jer.
1262 4347 1326 4396 ιι,
1352 4331 1463 4403 50).
1522 4330 1675 4398 Quod
1717 4346 1886 4401 genus
1919 4332 2088 4387 miser

498 4424 801 4479 Antiochus
837 4434 893 4479 et
924 4423 1165 4478 Herodes
1190 4423 1440 4479 incurrit.
1479 4421 1613 4479 Nam
1655 4425 1799 4494 quod
1853 4424 2082 4480 diversis

499 4514 755 4583 cultibus,
780 4514 973 4584 quibus
999 4514 1188 4584 utique
1212 4513 1493 4569 diversitas
1522 4527 1803 4584 prunarum
1831 4513 2080 4579 debetur,

500 4612 594 4658 aut
616 4618 715 4674 per
737 4603 1121 4674 ignorantiam,
1152 4608 1245 4656 aut
1271 4615 1370 4671 per
1394 4600 1768 4672 fragilitatem,
1799 4610 1893 4656 aut
1918 4602 2091 4656 inter-

500 4697 627 4751 dum
663 4709 761 4767 per
800 4693 1076 4749 audaciam
1120 4691 1482 4761 subjacemus,
1527 4708 1635 4748 non
1681 4692 1748 4747 de
1783 4692 2088 4749 conditione

497 4798 708 4845 naturae
733 4786 888 4844 nobis
915 4785 1130 4853 accidit,
1169 4785 1266 4841 sed
1293 4784 1360 4840 de
1390 4784 1521 4841 vitio
1566 4784 1754 4854 prima:
1789 4792 2086 4853 transgres-

498 4859 689 4939 sionis.

572 4974 659 5029 Vl.
696 4971 832 5028 Nam
876 4978 1161 5043 postquam
1205 4966 1294 5023 ille
1320 4968 1529 5039 primus
1575 4979 1774 5037 parens
1801 4963 2081 5019 Conditori

499 5080 599 5112 nar
653 5063 1071 5112 innhedientiam
1101 5061 1406 5112 contrarius
1432 5059 1658 5112 exstitit.
1687 5057 1755 5111 ad
1789 5057 1891 5111 hoc
1920 5069 2082 5112 tzrave

2204 1879 2361 1933 ttedio
2388 1878 2503 1949 ipsa
2540 1888 2731 1934 natura
2759 1894 2790 1934 a
2840 1880 3169 1951 cogitatione
3194 1881 3249 1936 in
3280 1883 3673 1954 cogitationem
3695 1885 3779 1939 du-

2198 1971 2368 2037 citur;
2405 1972 2547 2042 quod
2595 1971 2908 2028 fastidiebat
2957 1973 3182 2043 appetit,
3228 1982 3284 2030 et
3314 1976 3458 2043 quod
3503 1978 3781 2046 appetebat

2199 2063 2422 2130 fastidit,
2458 2079 2579 2135 qum
2622 2064 2747 2119 dum
2796 2063 3036 2135 quolibet
3081 2065 3277 2136 posita,
3326 2066 3576 2138 profecto
3633 2071 3779 2124 docet

2197 2155 2340 2227 quod
2363 2154 2580 2210 aliunde
2636 2154 2855 2225 pendet.
2885 2153 3050 2226 Cujus
3092 2156 3266 2226 prima
3295 2157 3581 2212 damnatio
3606 2168 3709 2223 est,
3728 2167 3779 2213 ut

2194 2243 2528 2316 Augustinus
2561 2243 2715 2309 dicit,
2752 2244 3025 2300 horrenda
3072 2245 3411 2316 profunditas
3438 2248 3779 2318 ignorantia,

2195 2351 2315 2405 quae
2354 2336 2524 2407 gignit
2551 2335 2815 2390 malarum
2847 2352 3218 2408 variarumque
3247 2354 3429 2395 rerum
3455 2341 3777 2410 multiplices

2195 2442 2432 2493 amores,
2460 2442 2560 2497 per
2579 2442 2717 2497 quos
2750 2436 3078 2497 appetuntur
3110 2445 3249 2485 vana
3278 2430 3498 2502 gaudia,
3537 2441 3596 2487 et
3625 2432 3779 2487 luxu-

2194 2517 2275 2573 ria
2304 2526 2358 2573 et
2388 2518 2672 2574 innumera
2723 2517 3029 2586 itujusmodi
3057 2537 3069 2573 :
3113 2534 3181 2575 ex
3207 2518 3403 2590 quibus
3427 2535 3777 2578 succrescunt

2193 2607 2478 2663 mordaces
2506 2623 2673 2675 curae,
2711 2607 3173 2679 perturbationes,
3218 2625 3505 2677 mmrores,
3542 2611 3778 2668 formidi-

2192 2712 2313 2763 nes,
2342 2707 2399 2753 et
2421 2706 2615 2754 caetera
2654 2699 2778 2755 talia
2803 2715 2924 2771 qua:
2970 2700 3027 2755 in
3073 2700 3206 2772 ipsis
3237 2699 3537 2757 infantibus
3566 2702 3639 2757 ita
3668 2702 3775 2774 pul-

2192 2788 2382 2857 lulant,
2414 2799 2471 2845 ut
2498 2791 2543 2846 si
2571 2791 2914 2847 dimittantur
2938 2790 3119 2848 facere
3145 2792 3288 2863 quod
3314 2792 3526 2861 volunt,
3554 2794 3645 2849 vix
3673 2810 3771 2848 un-

2193 2896 2354 2950 quam
2380 2880 2447 2936 ad
2489 2881 2692 2953 aliquid
2723 2882 2849 2938 boni
2879 2883 3219 2952 perveniant.
3262 2882 3464 2939 Contra
3491 2899 3631 2954 quos
3656 2899 3773 2940 eru-

2193 2971 2326 3026 ditio
2376 2971 2757 3041 magistrorum
2809 2970 3069 3027 divinitus
3127 2982 3474 3042 procuratur,
3524 2982 3585 3027 ut
3619 2989 3772 3044 prava

2192 3062 2459 3132 cupiditas
2528 3060 2850 3129 infrenetur,
2906 3071 2962 3118 et
3009 3064 3137 3119 boni
3186 3065 3458 3136 appetitus
3509 3076 3771 3134 utcunque

2190 3154 2534 3209 suadeantur.
2556 3151 2611 3207 Si
2634 3161 2814 3207 tamen
2830 3152 3024 3223 aliquis
3044 3153 3443 3226 magistrorum,
3470 3153 3629 3225 juxta
3652 3153 3769 3207 illud

2190 3246 2426 3302 Danielis
2477 3246 2708 3302 inveniri
2755 3246 2869 3316 jam
2906 3249 3098 3316 possit,
3146 3249 3238 3318 qui
3268 3250 3335 3304 ad
3354 3247 3629 3319 justitiam
3655 3264 3767 3304 eru-

2190 3337 2302 3395 diat
2325 3353 2532 3394 omnes.
2568 3338 2779 3393 Etenim
2803 3339 2930 3393 huic
2976 3337 3173 3394 saeculo
3207 3339 3384 3410 magis
3413 3346 3611 3394 contra
3636 3339 3767 3407 Apo-

2189 3431 2387 3487 stolum
2422 3429 2683 3500 eligentes
2706 3428 3003 3484 informant
3047 3446 3063 3497 ;
3094 3444 3215 3483 cum
3245 3428 3347 3484 Job
3376 3429 3508 3485 licet
3560 3429 3765 3500 gentilis

2190 3520 2264 3574 ita
2291 3520 2430 3576 filios
2457 3520 2623 3576 etiam
2654 3518 2864 3574 adultos
2892 3517 3284 3584 sanctificabat,
3317 3527 3376 3573 ut
3404 3534 3509 3576 nec
3531 3519 3588 3575 in
3616 3520 3766 3576 corde

2189 3611 2404 3681 quidem
2432 3618 2741 3681 peccarent.

2261 3699 2369 3755 VII.
2404 3700 2475 3757 Ut
2502 3701 2633 3770 quid
2678 3708 2858 3755 autem
2902 3700 3068 3756 multa
3099 3701 3166 3757 de
3192 3699 3457 3770 ejusmodi
3483 3700 3642 3757 malis
3659 3715 3765 3770 qua:

2190 3794 2394 3850 laedunt
2443 3794 2658 3849 dicam?
2691 3792 2916 3861 Quando
2963 3794 3180 3864 quidem
3234 3794 3283 3849 si
3334 3794 3613 3849 subtiliter
3645 3809 3762 3849 cou-

2188 3888 2393 3945 sideres
2433 3890 2599 3945 etiam
2650 3898 2843 3946 cuncta
2895 3904 3015 3959 quae
3057 3903 3155 3958 pro
3181 3887 3355 3944 salute
3406 3888 3650 3959 gerimus
3675 3888 3761 3941 bu-

2182 3976 2272 4048 jus
2301 3981 2445 4046 vita}.
2473 3980 2650 4050 ptenis
2688 3988 2742 4036 et
2769 3979 3004 4035 miseriis
3058 3978 3366 4033 intertnista
3396 3978 3659 4048 reperies.
3686 3976 3757 4030 Att

2188 4087 2293 4128 non
2341 4070 2561 4125 miseria
2616 4078 2699 4126 est
2738 4068 3070 4139 corruptioni
3114 4069 3299 4124 carnis
3348 4069 3418 4124 ad
3470 4066 3761 4124 necessaria

2187 4172 2348 4233 atque
2402 4176 2661 4218 concessa
2711 4160 3028 4217 deservire?
3055 4159 3198 4230 quod
3238 4160 3434 4216 eadem
3494 4175 3628 4216 caro
3662 4158 3759 4215 exi-

2186 4256 2350 4327 gitur,
2393 4262 2454 4309 ut
2504 4261 2691 4308 contra
2744 4251 2916 4324 frigus
2943 4252 3284 4316 vestimenta,
3335 4260 3531 4306 contra
3582 4250 3759 4305 famem

2186 4343 2465 4406 alimenta,
2497 4350 2687 4397 contra
2735 4349 2926 4396 aestum
2979 4338 3179 4411 frigora
3220 4340 3599 4409 requirantur.
3626 4336 3759 4406 Quod

2185 4433 2353 4488 multa
2380 4430 2588 4487 cautela
2620 4430 2923 4486 custoditur
2947 4430 3090 4485 salus
3115 4430 3360 4498 corporis
3388 4446 3404 4483 :
3438 4430 3587 4499 quod
3612 4428 3754 4484 etiam

2190 4523 2458 4579 custodita
2511 4521 2796 4586 amittitur,
2834 4520 3032 4575 amissa
3056 4535 3176 4575 cum
3209 4520 3361 4590 gravi
3401 4518 3593 4573 labore
3621 4530 3756 4586 rep:-

2192 4620 2360 4668 ratur.
2386 4611 2454 4666 Et
2477 4619 2657 4667 tamen
2677 4617 2930 4680 reparata
2950 4624 3164 4679 semper
3185 4608 3238 4663 in
3255 4608 3426 4663 dubio
3448 4618 3532 4664 est
3559 4608 3756 4679 :quippe

2190 4717 2311 4759 cum
2339 4716 2534 4771 corpus
2580 4708 2659 4755 tot
2704 4715 2772 4756 ex
2803 4714 2862 4756 se
2907 4697 3125 4755 morbos
3149 4699 3355 4770 gignat,
3389 4707 3452 4753 ut
3480 4715 3587 4754 nec
3612 4696 3757 4753 medi-

2186 4808 2377 4849 corum
2419 4792 2635 4863 quidem
2691 4789 2844 4846 libris
2887 4790 3069 4845 cuncti
3123 4790 3496 4854 nominentur,
3547 4801 3753 4859 quorum

2189 4882 2355 4952 aliqui
2388 4879 2475 4934 vix
2505 4880 2623 4935 sine
2651 4878 3008 4933 amaritudine
3034 4885 3309 4933 curantur.
3347 4877 3434 4932 An
3459 4893 3569 4934 non
3594 4887 3645 4932 et
3670 4876 3757 4931 hoc

2185 4973 2402 5030 miseria
2432 4979 2535 5034 est,
2563 4969 2704 5039 quod
2738 4977 2950 5024 amatus
2984 4970 3189 5024 amicus
3232 4970 3588 5039 suspectione
3612 4968 3753 5024 odeu-

2183 5066 2234 5112 di
2272 5063 2450 5112 valet?
2497 5060 2875 5112 Formidamus
2904 5075 3135 5112 namque
3179 5060 3459 5112 inimicos.
3514 5059 3751 5112 atnuede
