3934 5400
174 346 280 412 5‘13

1114 347 1598 407 COLLATIONUM
1637 346 1817 402 LIBRI
1855 344 2056 402 TRES.
2098 377 2166 387 -—
2197 346 2325 403 LIB.
2367 347 2406 402 I.

3314 351 3419 407 520

175 468 433 525 miseria?
461 464 591 521 Nam
616 471 671 520 ct
707 463 817 534 ipse
873 463 1035 517 homo
1081 463 1152 516 ita
1211 462 1324 517 suis
1367 460 1744 515 aﬂlictionibus
1773 467 1818 522 Α
1850 457 1956 513 Sed
1994 464 2177 511 tamen
2226 458 2292 512 de
2342 458 2505 512 humo
2544 472 2649 513 non
2688 460 2993 531 egredietur
3041 459 3233 529 dolor;
3291 466 3417 534 quia

176 565 419 614 assuetus
444 564 549 621 est,
578 562 637 608 ut
673 567 767 608 eas
807 568 913 607 non
958 551 1256 615 molestias,
1308 550 1400 604 sed
1450 548 1749 618 voluptates

175 654 341 719 putet.
371 645 582 700 Amissa
610 657 844 712 namque
896 642 1103 697 caelesti
1150 642 1345 711 patria,
1396 654 1495 693 suo
1532 638 1747 703 exsilio,

176 737 230 791 in
256 750 361 806 quo
386 732 632 803 repulsus
668 740 772 823 est,
811 731 1153 787 delectatur:
1182 738 1443 801 gravatur
1477 730 1650 793 curis,
1696 738 1752 783 et

176 835 352 881 tamen
407 839 514 879 non
553 818 752 893 cogitat
797 837 958 891 quam
1005 835 1169 892 grave
1205 820 1276 875 sit
1327 818 1469 889 quod
1513 819 1751 889 ipsarum

176 931 428 973 curarum
486 914 857 985 multiplicitas
910 922 1145 967 mentem
1189 912 1307 981 ejus
1364 908 1593 965 suﬂ‘ocat
1624 948 1638 973 ,
1694 917 1754 963 ut

175 1008 433 1078 scriptum
455 1015 575 1061 est:
609 1005 864 1075 Deprimit
923 1014 1130 1058 terrena
1183 1001 1498 1057 inhabitatio
1544 1016 1752 1055 sensum

174 1098 338 1152 multa
370 1098 684 1168 cogitantem
711 1094 860 1167 (Sep.
898 1111 975 1159 Ix,
999 1093 1111 1165 15).
1144 1092 1394 1148 Privatus
1413 1101 1497 1148 est
1540 1092 1752 1146 interno

175 1187 398 1252 lumine,
439 1194 496 1241 et
523 1193 706 1240 tamen
738 1184 793 1238 in
826 1184 930 1238 hac
952 1184 1059 1238 vita
1097 1183 1186 1238 diu
1231 1182 1346 1237 vult
1386 1180 1595 1253 perpeti
1642 1196 1749 1235 ca:-

175 1277 390 1331 citatent
418 1289 591 1330 suam.
616 1274 684 1329 Et
711 1288 835 1327 cum
886 1273 1105 1327 interim
1154 1271 1484 1342 quotidianis
1535 1270 1752 1327 casibus

176 1364 599 1420 innumerabiles
643 1364 694 1417 ei
741 1372 944 1418 mortes
989 1363 1349 1428 immineant,
1398 1361 1512 1415 vult
1568 1371 1751 1416 tamen

174 1455 276 1511 sub
305 1456 499 1510 timore
533 1463 615 1510 tot
641 1454 894 1508 mortium
924 1453 1015 1508 diu
1046 1453 1218 1524 magis
1245 1452 1447 1517 vivere,
1479 1467 1639 1521 quam
1661 1467 1750 1507 se-

185 1546 289 1603 mel
313 1545 589 1602 moriendo
625 1543 828 1599 nullam
873 1544 1129 1614 deinceps
1170 1544 1382 1599 timere.
1430 1540 1565 1596 Nam
1624 1541 1752 1612 quia

181 1645 512 1708 prxceptum
568 1633 876 1690 Conditoris
926 1634 1198 1704 trangredi
1246 1631 1632 1703 praesumpsit,
1685 1631 1753 1685 ad

174 1726 321 1781 hunc
347 1725 544 1780 suimet
580 1723 852 1779 defectum
877 1723 1002 1793 jure
1038 1721 1276 1786 devenit,
1304 1729 1361 1774 ut
1416 1720 1542 1790 quia
1598 1735 1751 1774 suam

1851 565 2191 621 nequaquam
2221 564 2402 621 poena,
2436 564 2555 621 qua:
2575 566 2639 605 ex
2668 568 2724 607 re
2753 554 3054 610 insensibili
3078 556 3147 610 ad
3178 564 3421 612 nostram

1851 640 2194 696 aﬂlictionem
2229 640 2520 707 excitatur,
2550 642 2615 696 de
2645 658 2709 698 ea
2732 645 2975 700 nascitur
3001 658 3252 701 creatura
3301 661 3422 717 quae

1850 736 2104 804 percutit,
2132 733 2225 789 sed
2254 748 2317 787 ea
2348 748 2467 803 quae
2494 736 2767 803 peccando
2796 736 2903 790 vim
2937 739 3303 807 percussionis
3324 753 3423 794 ex-

1854 826 2029 882 torsit.
2057 825 2194 881 Hine
2221 826 2350 880 item
2377 825 2634 896 scriptum
2658 837 2740 882 est
2768 846 2779 881 :
2807 828 2918 898 Ego
2960 828 3215 883 Dominus
3240 846 3426 885 creans

1851 916 2049 971 malum
2078 915 2236 986 (Isai.
2267 931 2390 982 va,
2416 915 2492 986 7).
2526 916 2662 972 Mala
2690 918 2887 989 quippe
2914 918 3054 972 nulla
3080 929 3273 974 natura
3299 918 3430 973 sub-

1853 1006 2070 1060 sistunt.
2118 1004 2234 1061 Non
2265 1020 2394 1076 ergo
2429 1017 2685 1063 creantur
2709 1025 2738 1064 a
2765 1012 3028 1077 Domino,
3076 1013 3171 1067 sed
3220 1014 3424 1071 idcirco

1854 1095 1993 1149 mala
2018 1109 2203 1150 creare
2229 1111 2288 1151 se
2314 1096 2529 1163 asserit,
2563 1099 2686 1166 quia
2713 1112 2799 1154 res
2828 1114 2964 1169 quas
2987 1099 3075 1156 ille
3104 1102 3240 1156 bene
3293 1117 3425 1158 con-

1855 1187 2012 1251 didit,
2044 1189 2137 1243 sed
2168 1203 2268 1243 nos
2295 1188 2435 1245 male
2461 1191 2915 1259 concupiscimus,
2941 1191 2996 1245 in
3043 1190 3274 1262 ﬂagella,
3306 1208 3428 1262 qua:

1855 1293 2048 1348 aspera
2086 1279 2355 1345 videntur,
2397 1288 2453 1335 et
2482 1280 2621 1334 mala
2655 1282 2829 1348 nobis,
2861 1282 3148 1337 convertit.
3181 1282 3307 1337 lude
3346 1293 3432 1337 est

1853 1371 1994 1440 quod
2030 1371 2192 1426 homo
2220 1372 2285 1426 de
2312 1387 2520 1428 veneno
2549 1375 2797 1440 moritur,
2831 1375 2897 1430 de
2928 1390 3036 1445 quo
3084 1388 3310 1445 serpens
3350 1377 3421 1430 vi-

1854 1460 1951 1513 vit.
1977 1459 2107 1515 Inde
2129 1460 2272 1530 quod
2320 1460 2435 1529 ipse
2487 1461 2641 1516 cibus
2685 1472 2740 1517 et
2791 1471 2950 1532 potus
3010 1463 3437 1533 intemperanter

1855 1557 2101 1618 sumptus
2131 1548 2367 1602 resoluta
2398 1563 2624 1619 corpora
2656 1547 2809 1614 facit,
2840 1559 2896 1604 et
2944 1551 3291 1605 immaturam
3344 1565 3438 1605 se-

1856 1648 2129 1695 nectutem
2158 1640 2394 1705 adducit,
2421 1640 2551 1709 quin
2597 1640 2759 1695 etiam
2796 1649 2851 1695 et
2900 1649 3152 1707 mortem,
3202 1650 3260 1695 ut
3303 1642 3434 1697 item

1858 1730 2137 1802 Scriptura
2166 1731 2296 1786 dicit
2321 1749 2334 1784 :
2366 1729 2469 1795 Qui
2498 1741 2673 1785 autem
2704 1731 2965 1786 abstinens
2994 1741 3069 1786 est
3092 1772 3107 1798 ,
3147 1731 3337 1801 adjicit
3362 1731 3439 1784 vi-

174 1817 609 1883 delcctationem,
640 1831 804 1886 quam
830 1815 885 1870 in
920 1815 1082 1869 rebus
1128 1813 1492 1869 exterioribus
1539 1810 1750 1877 habuit,
1786 1809 1828 1867 Β
1857 1830 1967 1875 tam
2003 1820 2197 1892 (Eccli.
2224 1835 2432 1885 xxxvii,
2464 1819 2577 1890 54).
2606 1820 2748 1876 Deus
2777 1831 2954 1876 autem
2979 1820 3169 1876 videns
3196 1819 3339 1891 quod
3364 1835 3430 1875 ea

176 1908 354 1964 eidem
386 1906 666 1963 Conditori
704 1905 1020 1976 praeposuit,
1054 1920 1199 1960 nunc
1226 1912 1281 1958 et
1303 1903 1357 1957 iu
1404 1902 1540 1972 ipsis
1593 1904 1759 1958 rebus

173 2009 230 2055 et
260 2000 314 2054 in
337 2000 515 2070 seipse
544 1998 820 2055 molestias
851 1998 1074 2064 sentiat,
1106 2011 1246 2067 quas
1291 1996 1598 2065 voluptates
1636 2009 1759 2050 esse

173 2098 483 2159 contempto
504 2090 613 2146 Deo
638 2088 839 2146 stultus
865 2088 1091 2159 putavit.

245 2179 383 2236 Vlll.
417 2180 486 2237 Ut
514 2189 695 2236 autem
720 2188 777 2236 et
805 2180 871 2235 de
896 2179 983 2234 his
1008 2193 1128 2250 qua:
1150 2195 1180 2233 a
1231 2177 1365 2235 foris
1412 2177 1636 2233 veniunt
1661 2176 1760 2231 ali-

172 2285 282 2341 qua
303 2285 585 2340 ponamus,
614 2270 892 2325 sciendum
921 2278 1007 2324 est
1056 2269 1184 2339 quia
1240 2268 1342 2322 alia
1393 2275 1519 2323 sunt
1559 2280 1679 2336 quae
1727 2281 1758 2321 a

173 2361 288 2417 Deo
311 2360 567 2431 patimur,
592 2359 840 2414 videlicet
862 2357 1068 2429 ﬂagella
1096 2376 1110 2411 :
1171 2358 1312 2413 sicut
1344 2356 1433 2411 ille
1499 2356 1754 2411 Lazarus.

171 2450 293 2504 Alia
318 2463 437 2520 quae
498 2463 529 2502 a
570 2446 857 2518 proximis,
904 2446 1339 2516 persecutiones,
1391 2452 1487 2499 aut
1534 2445 1755 2508 damna,

171 2550 269 2596 aut
290 2539 681 2596 contumelias:
714 2538 857 2593 sicut
882 2536 1162 2608 apostolus
1189 2535 1411 2592 Paulus.
1468 2534 1588 2589 Alia
1636 2549 1759 2603 qum

170 2632 242 2685 ab
284 2630 504 2699 antiquo
532 2628 710 2694 hoste,
742 2635 1072 2682 tentamenta
1112 2625 1319 2681 scilicet
1359 2626 1569 2680 diversa
1598 2640 1611 2678 :
1647 2624 1755 2679 sic-

170 2731 233 2775 ut
266 2719 390 2776 Job.
440 2718 567 2774 Sive
594 2726 783 2791 autem.
816 2730 914 2786 per
963 2715 1259 2782 hominem,
1317 2729 1414 2771 seu
1465 2727 1562 2783 per
1612 2713 1753 2768 anti~

169 2825 340 2881 quum
368 2808 582 2864 hostem
613 2807 843 2863 adversa
866 2806 1105 2873 veniant,
1131 2821 1161 2859 a
1205 2805 1316 2861 Deo
1370 2805 1557 2875 utique
1600 2804 1757 2875 juxta

166 2910 417 2958 nostrum
443 2899 699 2956 meritum
721 2898 1136 2954 modiﬁcantur.
1170 2897 1306 2953 Nam
1337 2905 1511 2952 status
1572 2895 1756 2950 mundi

166 3012 239 3053 ex
266 2996 464 3053 merito
490 3004 681 3052 nostro
694 2995 1039 3065 pertubatur,
1055 3001 1108 3049 et
1129 3007 1225 3063 per
1246 2992 1491 3047 occultas
1512 2990 1755 3045 cordium

164 3086 489 3144 insolentias
542 3095 733 3156 aperta
815 3085 1088 3156 prodeunt
1162 3082 1372 3153 ﬂagella
1444 3096 1752 3153 pennarum.

1858 1927 1979 1981 quae
2009 1912 2166 1967 nobis
2191 1912 2380 1979 donat,
2404 1920 2458 1967 et
2488 1926 2594 1967 non
2621 1912 2795 1982 ipsum
2821 1914 2913 1983 qui
2959 1912 3118 1967 dator
3161 1922 3266 1977 est,
3311 1926 3438 1981 per-

1859 2017 2014 2057 verso
2037 2003 2230 2057 ordine
2258 2002 2553 2073 diligimus,
2575 2017 2641 2057 ex
2675 2003 2761 2057 his
2796 2017 2917 2071 quae
2962 2002 3013 2058 ei
3060 2003 3435 2072 praeponimus

1859 2091 2147 2148 salubriter
2173 2106 2272 2147 nos
2296 2091 2447 2157 ferit,
2470 2104 2529 2146 ut
2552 2100 2701 2148 tanto
2722 2094 2887 2148 citius
2910 2094 2979 2147 ad
3037 2093 3155 2163 ejus
3194 2107 3436 2147 amorem

1860 2183 2263 2252 resipiscamus,
2292 2191 2496 2252 quanto
2523 2184 2736 2253 plenius
2766 2184 3099 2239 senserimus
3123 2183 3279 2254 plena
3315 2198 3441 2239 esse

1858 2275 2134 2331 doloribus
2158 2287 2220 2328 ea
2257 2290 2378 2344 quae
2403 2273 2738 2330 aﬂ‘ectamus.
2763 2273 2949 2345 Neque
2969 2275 3115 2330 enim
3158 2275 3289 2330 solis
3335 2290 3437 2329 ex-

1862 2368 2156 2425 terioribus
2185 2368 2323 2423 male
2349 2368 2704 2424 oblectamur.
2734 2368 2869 2422 Nam
2912 2377 2971 2422 ut
3016 2369 3084 2423 ad
3136 2383 3237 2422 nos
3292 2367 3439 2436 ipsos

1857 2459 2158 2522 veniamus,
2187 2458 2238 2511 in
2268 2458 2399 2526 ipsis
2428 2458 2631 2513 nostris
2688 2457 2968 2522 membris,
3018 2471 3141 2526 qua:
3189 2456 3346 2510 nobis
3403 2471 3434 2508 a

1858 2551 2000 2605 bono
2036 2546 2245 2603 artifice
2271 2548 2383 2602 Deo
2405 2548 2541 2602 bene
2566 2547 2824 2603 attributa
2846 2554 2994 2612 sunt,
3019 2545 3163 2601 male
3184 2544 3441 2614 frequen-

1858 2647 1943 2694 ter
1976 2639 2198 2705 utimur,
2232 2644 2291 2691 ut
2314 2636 2487 2692 oculis
2510 2637 2576 2692 ad
2598 2636 2950 2707 petulantiam
2972 2634 3433 2705 conspiciendam.

1857 2726 1963 2783 Per
1998 2730 2145 2799 ipsos
2171 2742 2403 2798 namque
2425 2743 2574 2783 mors
2604 2728 2773 2783 intrat
2820 2729 2888 2782 ad
2935 2726 3147 2782 animas
3198 2734 3434 2782 nostras.

1858 2822 1925 2876 Et
1959 2820 2389 2891 quandocnnque
2421 2820 2625 2876 eisdem
2654 2820 2826 2875 oculis
2878 2820 3088 2890 species
3140 2818 3434 2889 concupis-

1858 2911 2034 2966 cibilis
2059 2920 2305 2981 apparet,
2359 2911 2517 2980 quasi
2570 2910 2797 2966 vetitum
2843 2910 3046 2981 lignum
3098 2909 3270 2964 Adam
3324 2923 3438 2979 pne

1857 3000 2030 3057 oculis
2051 3001 2232 3055 habet.
2271 3000 2488 3069 Lingua
2534 3008 2785 3071 prompta
2807 3008 2893 3055 est
2933 2999 3002 3054 ad
3048 2997 3439 3069 proferendum

1858 3090 2222 3154 mendacium,
2249 3089 2336 3145 vel
2367 3090 2435 3143 ad
2471 3089 2892 3144 construendam
2917 3087 3187 3152 fraudem,
3231 3085 3319 3141 vel
3369 3085 3439 3138 ad

165 3177 325 3246 Quas
357 3176 611 3232 videlicet
644 3188 835 3245 ptenas
866 3175 980 3245 ipse
1003 3174 1170 3245 judex
1216 3182 1271 3227 et
1317 3173 1577 3228 Dominus
1620 3187 1756 3228 enu—
1782 3160 1827 3222 (ἶ
1853 3179 2034 3251 jurgia
2071 3181 2415 3246 exercenda;
2452 3181 2620 3250 pedes
2647 3180 2715 3234 ad
2750 3180 3078 3236 currendum
3105 3178 3158 3233 in
3190 3177 3433 3241 malum;

164 3278 350 3326 Inerat
377 3269 597 3325 dicens:
623 3266 811 3338 Surget
842 3282 966 3337 gens
989 3277 1169 3320 contra
1199 3275 1401 3336 gentem
1458 3262 1609 3335 (Luc.
1640 3279 1753 3330 xxi,

164 3359 289 3433 I0),
311 3368 369 3416 et
390 3367 611 3416 caetera.
636 3357 745 3415 Nos
777 3358 943 3424 enim,
1002 3366 1064 3412 ut
1117 3357 1171 3412 in
1226 3355 1478 3412 homeliis
1534 3354 1752 3422 dicitur,

161 3451 353 3506 omnia
383 3465 503 3521 qua:
522 3449 591 3505 ad
620 3462 778 3504 usum
804 3447 1115 3519 accepimus
1147 3446 1273 3502 vitae
1297 3484 1313 3513 ,
1340 3446 1407 3501 ad
1440 3460 1594 3501 usum
1620 3460 1754 3501 con-

159 3539 436 3596 vertimus
468 3539 637 3610 eulpae
664 3556 677 3593 :
707 3538 999 3593 humanam
1032 3536 1241 3593 scilicet
1291 3550 1479 3606 pacem
1526 3536 1594 3591 ad
1642 3535 1760 3590 ina-

161 3646 299 3686 nem
338 3631 711 3697 securitatem,
753 3628 982 3687 salutem
1012 3641 1300 3697 corporum
1322 3628 1389 3682 ad
1412 3641 1567 3682 usum
1597 3639 1757 3680 exer-

158 3737 367 3778 cemus
392 3722 668 3789 vitiorum,
711 3720 1018 3776 ubertatem
1066 3733 1174 3774 non
1230 3717 1299 3773 ad
1351 3717 1752 3781 necessitatem,

157 3814 266 3871 sed
299 3814 368 3869 ad
387 3811 830 3884 superﬂuitatem.
849 3811 970 3882 Ipsa
999 3825 1194 3868 serena
1214 3809 1581 3865 blandimenta
1611 3808 1757 3864 aeris

157 3909 235 3963 d
270 3921 515 3962 amorem
539 3906 697 3962 nobis
726 3904 933 3961 servire
992 3904 1237 3975 cogimus
1265 3910 1495 3959 terrente
1518 3901 1757 3958 delecta-

156 3998 360 4052 tionis.
388 3996 519 4052 Jure
546 3995 711 4067 igitur
733 4001 905 4050 restat
935 4001 996 4048 ut
1023 3993 1186 4050 simul
1209 4008 1307 4050 nos
1332 3993 1515 4048 omnia
1535 3991 1755 4059 feriant,

152 4101 298 4156 qua:
318 4085 482 4142 simul
508 4085 657 4140 vitiis
694 4084 837 4140 male
862 4082 1086 4139 subacta
1117 4083 1427 4139 serviebant
1451 4122 1469 4150 ,
1498 4090 1553 4138 et
1578 4082 1673 4153 qui
1703 4082 1758 4136 in

150 4177 387 4234 cunctis
407 4177 756 4247 deliquimus,
780 4177 834 4232 in
891 4176 1106 4232 cunctis
1161 4175 1462 4232 feriantur:
1519 4183 1581 4229 ut
1630 4182 1760 4243 quot

146 4271 324 4342 prius
364 4271 416 4325 in
448 4269 972 4331 mundoincolumes
1010 4270 1299 4325 habuimus
1325 4268 1519 4339 gaudia
1546 4309 1560 4333 ,
1589 4276 1669 4323 tot
1693 4267 1761 4321 de

149 4361 290 4430 ipso
326 4370 450 4431 post
477 4361 675 4417 nodum
714 4361 918 4417 sentire
942 4375 1201 4431 cogamur
1226 4368 1510 4415 tormenta.
1540 4357 1678 4413 Hinc
1705 4358 1760 4411 in

146 4452 311 4509 libro
336 4452 483 4508 beati
504 4449 604 4507 Job
634 4451 869 4507 dicitur:
897 4451 975 4505 De
996 4451 1154 4504 humo
1171 4466 1274 4505 non
1293 4448 1585 4520 egredietur
1610 4446 1761 4500 dolor

146 4542 299 4616 (Job
348 4558 404 4611 v,
438 4542 518 4616 6).
544 4542 696 4611 Quod
722 4542 932 4599 scilicet
952 4540 1089 4596 mala
1120 4549 1304 4597 nostra
1334 4540 1578 4610 exigant,
1615 4546 1674 4592 ut
1709 4553 1740 4591 a

144 4633 337 4690 rebus
367 4633 774 4693 insensibilibus
800 4632 1083 4687 feriamur.
1108 4631 1248 4686 Ecce
1268 4630 1414 4686 enim
1436 4636 1756 4698 exspectan-

146 4726 269 4781 dus
300 4724 483 4779 imber
516 4733 704 4779 arente
734 4732 880 4780 terra
911 4722 1287 4794 suspenditur,
1320 4728 1379 4777 et
1429 4719 1759 4791 caliginosus

144 4833 263 4874 aer
303 4817 423 4874 sole
453 4817 833 4875 inardescente
868 4818 1124 4873 siccatur.
1173 4815 1321 4872 Mare
1369 4814 1620 4887 procellis
1669 4823 1759 4869 tu-

143 4910 452 4968 mentibus
472 4910 644 4977 stevit,
672 4918 730 4965 et
753 4909 890 4965 alios
910 4910 979 4965 ad
1007 4906 1447 4964 transmeandum
1478 4915 1759 4977 susceptos

142 5004 477 5076 intercipit,
501 5004 622 5060 aliis
645 5004 1012 5060 desideratum
1039 5003 1145 5058 iter
1183 5000 1529 5058 contradicit.
1584 4999 1757 5055 Terra

138 5097 339 5153 etiam
367 5102 620 5165 suscepta
656 5094 869 5152 semina
895 5094 1184 5150 consumit.
1218 5092 1276 5149 In
1302 5092 1501 5164 quibus
1543 5090 1762 5148 cunctis

132 5195 429 5259 patenter
452 5186 760 5243 ostenditur
788 5185 897 5240 hoc
922 5184 1067 5254 quod
1088 5184 1351 5255 scriptum
1398 5192 1484 5238 est
1533 5180 1602 5238 de
1651 5184 1763 5238 Do—

135 5281 319 5336 mino
349 5297 366 5333 :
400 5276 660 5347 Pugnabit
679 5293 779 5350 pro
814 5290 876 5329 eo
904 5274 1041 5329 orbis
1064 5286 1329 5331 terrarum
1364 5283 1547 5329 contra
1586 5274 1765 5327 insen-

134 5383 304 5400 --οι-ι-
331 5367 473 5400 [Cum
518 5381 550 5400 υ
591 5368 679 5400 ου
731 5364 892 5400 nunt.
924 5372 1048 5400 Illnn
1088 5366 1276 5400 animus
1322 5364 1379 5400 ΩΙ
1447 5364 1667 5400 nllnntln
1704 5360 1759 5400 in

1791 4510 1838 4568 D

1855 3284 2048 3325 sensus
2104 3278 2327 3339 propter
2381 3269 2618 3325 colorem
2670 3269 2837 3336 auri,
2893 3276 3104 3324 rectum
3169 3267 3441 3338 judicium

1855 3360 2144 3428 pervertit.
2170 3359 2241 3414 Et
2268 3374 2337 3415 ne
2368 3375 2469 3430 per
2485 3359 2693 3431 singula
2724 3374 2946 3415 currere
2971 3360 3189 3428 longum
3216 3359 3309 3424 sit,
3332 3373 3440 3413 non

1856 3449 2032 3506 solum
2061 3463 2158 3519 per
2175 3464 2240 3503 ea
2261 3464 2383 3519 quae
2410 3449 2600 3516 vetuit,
2631 3449 2725 3504 sed
2754 3464 2853 3519 per
2883 3463 2948 3504 ea
2990 3463 3112 3519 quae
3163 3450 3437 3504 concessit

1858 3539 2009 3595 Deus
2034 3539 2285 3612 injuriosi
2311 3539 2615 3596 existimus.
2640 3539 2704 3593 Et
2730 3548 2913 3594 tamen
2936 3540 3097 3594 homo
3127 3538 3432 3593 custodiam

1857 3633 2097 3689 divinam
2129 3634 2288 3689 debet
2307 3634 2511 3689 habere
2534 3635 2587 3689 in
2619 3649 2700 3698 se,
2731 3649 2800 3689 ne
2844 3647 3032 3689 casum
3081 3634 3328 3687 incurrat
3377 3632 3447 3685 iu-

1857 3739 2104 3795 corpore,
2128 3739 2291 3794 quem
2320 3723 2585 3793 cupiendo
2612 3723 2811 3777 malum
2871 3738 2980 3778 non
3046 3722 3200 3776 timet
3255 3724 3441 3777 incur-

1858 3831 1983 3873 rere
2017 3816 2070 3870 in
2102 3816 2286 3871 corde.
2321 3816 2661 3887 Quapropter
2695 3814 2915 3887 dignum
2939 3822 3044 3881 est,
3074 3813 3234 3869 utvel
3262 3814 3316 3868 in
3348 3829 3439 3869 ευ·-

1857 3909 2025 3981 perbo
2050 3907 2233 3964 animo
2254 3918 2442 3965 nostro
2472 3907 2640 3963 multa
2662 3923 2784 3978 qute
2803 3922 2903 3963 nos
2924 3908 3256 3967 contristant
3284 3946 3297 3972 ,
3324 3906 3436 3960 Deo

1858 3999 2227 4069 permittente,
2254 3998 2459 4054 sentire
2484 4012 2768 4069 cogamur,
2804 3996 2891 4051 vel
2927 3996 2983 4050 in
3009 3994 3242 4049 delicata
3271 4010 3440 4051 carne

1860 4104 2024 4161 quam
2052 4088 2222 4144 actori
2248 4087 2560 4160 frequenter
2579 4086 2966 4158 pmponimus,
2997 4099 3286 4141 censuram
3313 4100 3449 4157 sup-

1860 4180 2029 4251 plices
2054 4179 2374 4235 sentiamus.

1933 4272 2025 4327 IX.
2065 4273 2149 4329 Ab
2175 4273 2330 4327 hoste
2347 4286 2478 4327 vero
2501 4271 2737 4342 maligno
2787 4279 2896 4326 tam
2936 4269 3312 4340 multipliciter
3342 4284 3442 4341 paa-

1866 4366 2050 4429 timur,
2081 4379 2244 4435 quam
2267 4363 2358 4418 ille
2380 4363 2582 4419 nostris
2603 4363 3036 4433 deceptionibus,
3088 4370 3143 4417 et
3198 4377 3298 4431 per
3340 4377 3446 4416 na-

1865 4460 2040 4507 turam
2071 4452 2305 4519 subtilis,
2329 4460 2384 4507 et
2413 4466 2512 4521 per
2542 4449 2806 4505 malitiam
2842 4451 3045 4521 jugiter
3090 4449 3449 4521 infatigabilis

1868 4543 2086 4599 insistit.
2118 4541 2283 4611 Cujus
2319 4551 2514 4598 cuncta
2579 4542 3091 4612 tergiversationum
3141 4539 3447 4595 certamina

1867 4640 2028 4701 atque
2057 4630 2485 4686 machinationes
2520 4629 2784 4685 Dominus
2829 4630 2990 4684 beato
3038 4628 3140 4684 Job
3185 4628 3446 4683 insinuat.

1866 4725 1933 4779 Et
1962 4724 2106 4794 quod
2135 4721 2489 4794 opprimendo
2523 4723 2688 4793 rapit,
2719 4721 2864 4790 quod
2887 4722 3195 4777 insidiando
3218 4719 3452 4773 circum-

1867 4814 2034 4881 volat,
2070 4815 2215 4885 quod
2250 4812 2508 4869 minando
2543 4820 2743 4876 terret,
2783 4810 2926 4879 quod
2973 4810 3249 4866 suadendo
3288 4805 3449 4860 blan-

1868 4905 2037 4972 ditur,
2067 4906 2211 4977 quod
2235 4904 2579 4977 desperando
2606 4901 2832 4971 frangit,
2860 4915 3092 4957 exorsus
3119 4910 3203 4956 est
3227 4898 3410 4952 dicens
3433 4912 3452 4949 :

1869 4995 2012 5052 Ecce
2033 4996 2330 5053 BehemOth
2356 5008 2522 5064 quem
2557 4994 2661 5049 feci
2688 5001 2894 5055 tecum,
2953 5000 3012 5044 et
3061 5000 3277 5044 caetera.
3326 4984 3461 5050 Quae

1866 5086 2050 5141 omnia
2074 5086 2127 5141 in
2157 5085 2369 5140 illorum
2404 5083 2703 5138 verborum
2729 5077 3076 5146 expositione
3095 5076 3307 5146 plenius
3328 5086 3469 5140 pan-

1869 5177 2094 5233 duntur.
2132 5178 2232 5233 Hie
2255 5186 2438 5232 autem
2491 5174 2631 5231 illud
2675 5177 2889 5227 tantum
2929 5164 3468 5223 commemorandum
3530 5240 3537 5247 ί

1867 5265 2105 5335 videtur,
2133 5266 2259 5337 quia
2283 5263 2623 5339 generaliter
2654 5265 2712 5318 in
2734 5257 2995 5314 omnibus
3040 5273 3201 5329 agere
3248 5254 3468 5319 nititur,

1870 5358 2013 5400 mimi
2043 5358 2096 5400 in
2121 5360 2295 5400 nrimn
2332 5354 2561 5400 Immitm
2594 5352 2783 5400 σρςςίι.
2803 5346 2983 5400 Verba
3012 5349 3107 5400 Dei
3130 5351 3196 5400 de
3217 5344 3476 5400 cordibus
