3934 5400
489 352 590 412 59.7

1511 339 1568 394 S.
1611 336 1858 395 ΟΧ)οΝιὸ
1897 330 2184 388 ABBATIS
2222 324 2716 384 (ILUNIACENSIS
2750 323 2791 378 ll

3632 312 3728 369 518

491 466 570 536 5).
610 459 760 514 Nunc
790 456 920 512 dicit
970 452 1084 506 :ln
1136 454 1230 507 hoc
1274 451 1469 505 mundo
1523 451 1766 505 sublimes
1819 458 2060 520 apparete
2090 445 2380 508 Acedant.
2435 441 2580 510 Quos
2635 440 2953 511 plerumque
3034 433 3250 536 gravius
3308 443 3402 500 per
3461 429 3732 536 ministros

494 555 617 629 (Job
671 567 760 617 χι,
784 549 859 620 5).
923 548 1076 603 Tunc
1115 546 1290 600 dixit:
1361 544 1710 615 Nequaquam
1763 540 2060 596 moriemini

490 643 643 717 (Cen.
671 657 757 708 tn,
788 639 868 710 4).
898 637 1049 692 Nunc
1073 636 1231 708 quasi
1295 633 1700 690 misericordem
1743 630 1910 686 Deum
1958 629 2063 717 lin-3

489 716 644 802 gens,
671 727 1044 798 impunitatem
1073 724 1337 779 scelerum
1373 720 1660 792 promittit.
1692 717 1800 774 Sed
1830 732 1928 773 nos
1969 716 2062 786 qui

489 823 862 893 experimento
909 818 1073 889 primi
1140 815 1375 871 hominis
1429 813 1717 869 didicimus
1771 825 1932 880 quam
1980 809 2065 862 di-

490 915 677 969 stricte
699 910 863 980 judex
887 909 1263 977 delinquentes
1312 905 1492 969 feriat,
1534 910 1747 973 oportet
1797 910 1855 954 ut
1896 899 2068 954 mina-

490 1017 606 1058 cem
629 1000 870 1068 ejusdem
937 996 1135 1066 judicis
1197 993 1519 1051 sententiain
1572 991 1962 1050 extimeamus,
2011 995 2066 1038 ct

490 1099 680 1147 eontra
709 1087 1044 1157 deceptionis
1068 1084 1310 1140 fraudem
1333 1082 1575 1152 ejusdem
1629 1078 1801 1133 hostis
1848 1078 2066 1131 cautius

491 1195 556 1237 ac
579 1179 857 1236 robustius
877 1177 1257 1238 consistamus,
1283 1173 1410 1226 illud
1435 1170 1535 1226 Joh
1566 1167 1738 1236 majus
1780 1166 2062 1221 attenden-

490 1285 574 1326 tes
597 1287 611 1324 :
651 1269 879 1324 Verebar
905 1268 1079 1322 omnia
1104 1282 1260 1336 opera
1285 1281 1419 1328 utea,
1466 1263 1631 1316 sciens
1651 1260 1788 1330 quod
1818 1269 2068 1327 non'par-

497 1381 639 1419 ceres
656 1346 986 1433 idelinquenti
1023 1360 1144 1432 (Job
1185 1376 1261 1426 ιιι,
1317 1359 1432 1429 28).
1463 1357 1531 1411 Ει
1587 1357 1715 1410 item
1743 1353 1874 1408 dicit
1914 1349 2068 1405 Psal-

493 1454 658 1508 tnista
720 1471 734 1507 :
786 1451 1058 1506 Maledicti
1109 1451 1198 1521 qui
1241 1449 1503 1503 declinant
1557 1463 1590 1500 α
1647 1444 1910 1499 mandatis
1965 1442 2070 1495 tuis

492 1541 662 1615 (Psal.
697 1558 886 1606 cxvut,
918 1542 1030 1614 21).

561 1634 630 1690 Χ.
666 1635 904 1704 Singulis
931 1643 1113 1688 autem
1156 1633 1468 1688 hominibus
1505 1630 1656 1686 vitiis
1703 1626 2072 1684 convenienti-

489 1726 591 1781 bus
622 1726 932 1781 insidiatur.
960 1725 1120 1780 Prius
1156 1726 1299 1779 enim
1337 1721 1776 1791 conspersionem
1821 1718 2072 1772 uniuscu-

2165 549 2310 599 suos,
2344 546 2508 602 quam
2563 544 2660 600 per
2702 528 2936 597 seipsum
2977 530 3152 586 nocet,
3180 522 3306 576 dum
3339 535 3435 591 per
3460 519 3629 575 malos
3657 520 3733 574 vel

2166 621 2317 676 illicit
2341 622 2512 676 honos
2533 618 2600 674 ad
2629 613 2940 680 rnatum,ch
2965 611 3180 683 impedit
3204 625 3296 666 eos
3323 609 3375 665 in
3405 610 3570 665 bono.
3593 607 3736 678 Unde

2164 711 2473 782 propheta:
2536 707 2846 770 Velociores,
2898 703 3094 773 inquit,
3120 701 3331 782 [uerunt
3399 698 3591 769 aquilis
3633 699 3736 753 caeli

2167 775 2365 858 inimici
2395 801 2558 856 nostri
2590 799 2804 872 (Threu.
2850 810 2926 861 tv,
2967 795 3076 864 l9).
3109 775 3310 849 Oturies
3339 801 3525 846 tamen
3555 792 3742 860 quibus

2168 891 2424 962 przevalet
2463 905 2560 960 per
2629 889 2731 942 tria
2791 887 2919 940 vitia
2976 881 3349 937 vehementius
3403 881 3620 950 mergit.
3660 879 3745 934 Vi-

2169 984 2363 1038 delicet
2392 981 2524 1036 alios
2567 995 2662 1050 per
2687 977 3018 1048 superbiam,
3048 991 3154 1045 qua
3191 988 3247 1029 se
3285 972 3585 1037 extollunt;
3616 972 3747 1026 alios

2170 1094 2266 1147 per
2311 1075 2604 1139 luxuriata,
2673 1087 2779 1141 qua
2861 1070 2974 1124 suis
3051 1066 3415 1136 voluptatibus
3467 1067 3747 1129 serviunt;

2172 1173 2306 1228 alios
2354 1186 2451 1242 per
2505 1168 2790 1232 malitiam,
2829 1180 2934 1235 qua
2989 1178 3115 1218 suos
3181 1161 3460 1232 proximos
3507 1170 3747 1232 gravent.

2173 1263 2324 1318 Unde
2363 1270 2418 1316 et
2471 1261 2642 1314 tribus
2691 1257 3003 1312 nominibus
3047 1269 3115 1308 ex
3163 1253 3294 1322 ipsis
3345 1252 3523 1308 tribus
3588 1253 3753 1307 actio-

2174 1353 2331 1408 nibus
2394 1350 2694 1422 appellatur
2746 1364 2760 1402 :
2816 1347 3025 1403 scilicet
3100 1345 3237 1409 avis,
3307 1351 3362 1398 et
3434 1343 3751 1408 Bebemoth,

2174 1447 2315 1516 quod
2385 1455 2471 1499 est
2537 1444 2870 1513 jumentunt,
2934 1447 2988 1493 et
3085 1435 3401 1499 Leviatban,
3468 1433 3610 1503 quod
3680 1443 3755 1488 est

2175 1537 2360 1592 draco.
2443 1535 2501 1589 In
2577 1533 2663 1588 bis
2736 1544 2970 1600 namque
3041 1541 3179 1597 quos
3258 1541 3356 1596 pro
3427 1524 3757 1596 spiritalibus

2175 1627 2261 1682 vel
2335 1623 2700 1695 temporalbus
2747 1621 2953 1677 divitiis
3055 1619 3108 1672 in
3188 1616 3500 1685 superbiam
3565 1615 3756 1680 elevat,

2177 1719 2292 1772 avis
2334 1725 2435 1772 est.
2493 1715 2549 1770 lu
2631 1715 2716 1770 bis
2779 1726 2929 1777 vero,
2987 1725 3121 1780 quos
3168 1710 3234 1764 ad
3286 1709 3560 1764 luxuriam
3605 1723 3756 1763 ener-

487 1815 686 1887 jusque
714 1816 1002 1887 perspicit,
1031 1824 1086 1869 et
1129 1823 1257 1869 tunc
1293 1812 1605 1868 tentationis
1651 1811 1872 1879 laqueos
1895 1807 2072 1863 eidem
2104 1803 2292 1874 Bvat,
2360 1809 2665 1880 jumentum
2745 1813 2848 1860 est.
2918 1803 2974 1857 ln
3051 1803 3134 1858 bis
3199 1815 3334 1873 quos
3404 1803 3472 1855 ad
3539 1800 3758 1856 nocendi

489 1909 864 1980 conspersioni
913 1911 1190 1980 proximos
1231 1907 1473 1977 Opponit.
1523 1904 1708 1973 Neque
1747 1903 1890 1958 enim
1920 1900 2077 1956 facile

491 1999 812 2067 captivaret,
834 1998 880 2052 si
910 2007 1003 2052 aut
1030 1997 1321 2051 luxuriosis
1347 1995 1591 2066 przemia,
1615 2001 1708 2047 aut
1733 1991 1910 2045 avaris
1931 2004 2078 2044 scor-

493 2097 549 2142 ta
583 2097 927 2158 proponeret.
971 2087 1029 2142 Si
1064 2096 1158 2141 aut
1182 2100 1403 2140 voraces
1429 2085 1496 2139 de
1517 2082 1857 2138 abstinentia:
1882 2079 2076 2150 gloria,

493 2186 591 2233 aut
617 2178 954 2234 abstinentes
1006 2177 1070 2232 de
1119 2177 1254 2246 gula:
1302 2173 1672 2230 imbecillitate
1720 2172 1975 2241 pulsaret.
2021 2171 2080 2224 Si

493 2268 653 2324 mites
678 2283 774 2339 per
803 2268 1037 2323 studium
1091 2266 1419 2331 certaminis,
1453 2273 1543 2317 aut
1581 2261 1868 2318 iracundos
1888 2273 2082 2330 capere

491 2377 594 2430 per
623 2375 874 2431 pavorem
902 2359 1204 2414 formidinis
1242 2365 1531 2428 qumreret.
1579 2354 1684 2410 Sed
1726 2365 1783 2409 ut
1805 2353 2083 2409 efﬁcacius

492 2455 550 2506 in
582 2468 676 2506 sua
699 2449 1214 2520 fraudeprazvaleat,
1241 2465 1307 2504 eo
1337 2447 1470 2502 vitio
1499 2461 1606 2516 quo
1628 2461 1750 2502 eum
1773 2445 1934 2501 citius
1955 2460 2083 2499 con-

494 2557 783 2596 sensurum
815 2555 883 2595 ex
924 2539 1187 2610 qualitate
1234 2537 1399 2592 animi
1454 2536 1570 2606 ejus
1604 2535 1772 2600 novit,
1819 2534 2080 2603 explorat.

495 2633 635 2687 llinc
681 2632 944 2702 scriptum
980 2638 1062 2684 est
1118 2647 1130 2681 :
1182 2627 1446 2682 Dividitur
1492 2635 1648 2679 (catus
1689 2640 1844 2694 super
1891 2633 2083 2676 terram

504 2721 628 2791 (Job
677 2735 906 2782 xxxvnt,
940 2716 1052 2785 2i).
1086 2716 1224 2783 Quia
1250 2715 1500 2771 videlicet
1531 2714 1582 2767 in
1627 2714 1726 2768 hac
1757 2713 1860 2767 vita
1915 2721 2088 2766 tenta—

499 2817 663 2871 tionis
698 2815 949 2870 ardorem
977 2812 1170 2867 callide
1193 2809 1417 2879 singulis
1446 2810 1696 2877 ingerens
1719 2806 1873 2876 quasi
1899 2814 2084 2859 aestum

499 2905 714 2970 dividit,
753 2905 876 2960 dum
912 2903 1117 2958 vicinos
1167 2901 1411 2955 moribus
1436 2899 1656 2968 laqueos
1703 2896 2004 2952 abscondit.
2031 2894 2086 2948 ln

503 2996 615 3050 illis
653 3004 832 3049 autem
863 2993 954 3063 qui
977 2992 1095 3061 ejus
1128 2991 1387 3045 voluntati
1439 2986 1662 3056 subjecti
1685 2995 1830 3050 sunt,
1859 2985 2088 3055 quadam

509 3086 806 3139 securitate
858 3084 1173 3153 perfruitur,
1212 3082 1336 3137 dum
1401 3078 1650 3134 cordibus
1693 3092 1878 3131 eorum
1934 3076 2088 3146 quasi

2178 1898 2438 1953 malitiam
2508 1894 2825 1958 inﬂammat,
2891 1893 3057 1949 draco
3127 1901 3228 1948 est.
3285 1891 3341 1945 In
3406 1891 3514 1946 illis
3588 1901 3761 1945 autem

2177 2004 2312 2059 quos
2380 1987 2584 2056 pariter
2657 2000 2756 2056 per
2826 1985 2927 2038 tria
2994 1984 3110 2038 lucc
3170 1981 3386 2054 mergit,
3456 1981 3761 2050 jumentutn

2179 2081 2359 2146 simul,
2395 2091 2449 2135 et
2481 2081 2670 2145 draco,
2715 2089 2772 2134 et
2817 2078 2935 2132 avis
2969 2087 3070 2132 est.
3100 2075 3331 2130 Maxima
3373 2083 3555 2129 tamen
3591 2075 3757 2128 virtus

2179 2173 2294 2242 ejus
2327 2174 2378 2227 in
2433 2171 2644 2225 luxuria
2691 2178 2795 2224 est.
2836 2167 2989 2223 Unde
3021 2168 3090 2222 ad
3121 2167 3339 2222 beatum
3395 2165 3498 2220 Job
3528 2164 3757 2219 dicitur:

2183 2263 2464 2319 Fortitudo
2495 2263 2608 2332 ejus
2641 2261 2692 2314 in
2724 2260 2910 2314 lumbis
2943 2259 3054 2328 ejus
3073 2258 3194 2329 (Job
3244 2274 3333 2323 ιι,
3363 2258 3472 2328 Η).
3510 2256 3762 2311 Videlicet

2183 2365 2402 2426 propter
2440 2352 2730 2407 masculos.
2761 2350 2824 2404 Et
2855 2351 3016 2404 virtus
3059 2349 3222 2414 illius,
3269 2359 3492 2418 propter
3520 2349 3760 2412 feminas,

2183 2448 2235 2499 in
2271 2444 2513 2498 umbilico
2546 2443 2735 2496 uentris
2770 2440 2882 2510 ejus
2919 2439 3130 2511 (Ibid)
3161 2437 3260 2493 Ubi
3291 2439 3609 2501 notandum,
3646 2439 3764 2507 quia

2186 2536 2444 2591 fortitudo
2473 2533 2590 2603 ejus
2618 2549 2721 2589 non
2754 2532 2954 2587 dicitur
2980 2546 3099 2586 esse
3123 2532 3174 2585 in
3201 2530 3420 2596 lumbis,
3462 2530 3545 2583 vcl
3585 2531 3634 2582 in
3660 2545 3766 2584 um-

2187 2630 2344 2684 bilico
2379 2641 2565 2682 eorum
2601 2626 2690 2695 qui
2741 2622 3318 2695 prosternuntur:sed
3355 2622 3408 2675 in
3465 2621 3664 2674 lumbis
3720 2631 3765 2674 et

2187 2721 2439 2775 umbilico
2463 2718 2632 2788 ipsius
2663 2714 3027 2784 diaboli,quia
3060 2712 3315 2767 nimirum
3347 2711 3491 2766 sicut
3517 2711 3570 2764 in
3602 2711 3763 2764 Mora-

2187 2813 2316 2866 lium
2364 2811 2499 2866 libro
2566 2826 2711 2864 xxxii
2760 2808 3094 2880 perhibetur,
3145 2803 3259 2874 ejus
3308 2805 3528 2873 proprie
3580 2818 3767 2872 corpus

2190 2904 2344 2966 fiunt,
2376 2903 2466 2972 qui
2497 2903 2546 2957 ei
2578 2918 2673 2972 per
2702 2900 2970 2955 luxuriam
3005 2898 3383 2954 succumbunt.

2264 2992 2371 3047 XII.
2405 2992 2458 3046 ln
2483 3007 2588 3061 qua
2614 3001 2791 3046 tamen
2819 2990 3030 3045 luxuria
3056 2989 3327 3044 nemiuem
3357 3003 3529 3057 usque
3559 2989 3625 3041 ad
3647 3003 3768 3042 con-

2193 3099 2410 3140 sensum
2446 3083 2663 3154 mergit,
2687 3081 2789 3136 nisi
2824 3096 2945 3136 eum
2973 3080 3064 3150 qui
3098 3080 3249 3148 prius
3281 3079 3334 3132 in
3358 3079 3532 3134 oculis
3563 3077 3653 3132 Dei
3685 3093 3765 3131 su-

508 3175 774 3242 supct'bus
816 3189 906 3226 rex
943 3173 1263 3226 inconcussa
1297 3179 1564 3241 potestate
1611 3170 1936 3223 dominatur.
1987 3167 2092 3222 Sed
2122 3160 2166 3222 C
2198 3175 2494 3247 perbicndo
2521 3173 2685 3228 cadit,
2739 3171 2891 3239 Quod
2946 3172 2998 3225 in,
3032 3185 3088 3224 se
3132 3169 3339 3240 primus
3392 3170 3558 3224 homo
3599 3181 3766 3224 οειεη-

504 3264 549 3318 si
588 3261 873 3331 cujuslibet
903 3276 1059 3315 mens
1099 3261 1164 3314 ad
1191 3260 1512 3315 desiderium
1543 3258 1850 3313 Conditoris
1892 3257 2090 3312 incale-

506 3353 632 3418 scit,
675 3352 721 3406 si
749 3351 1126 3420 Redcn‘ptoris
1154 3351 1341 3422 gratia:
1371 3350 1632 3414 meminit,
1657 3357 1712 3404 et
1737 3351 1906 3404 teucri
1927 3349 2092 3417 capti-

500 3456 604 3495 vus
631 3455 660 3493 a
692 3440 837 3494 vitiis
875 3440 1187 3494 erubescit:
1223 3455 1346 3494 cum
1403 3439 1540 3494 idem
1590 3439 1760 3493 hostis
1784 3437 2094 3493 considerat

500 3543 560 3582 se
588 3528 810 3598 despici,
862 3537 916 3582 et
973 3538 1162 3583 contra
1234 3543 1293 3583 se
1337 3527 1666 3597 mancipium
1704 3526 1848 3595 quod
1890 3526 2091 3581 dudum

499 3617 812 3685 possederat
853 3616 1035 3682 reniti,
1070 3631 1192 3670 mox
1242 3616 1296 3670 in
1357 3616 1503 3670 omni
1540 3615 1858 3670 tentationis
1890 3623 2007 3668 arte
2035 3628 2093 3670 se

501 3708 722 3778 instigat
753 3727 766 3762 :
797 3724 857 3764 ac
896 3725 964 3763 ne
1002 3709 1045 3762 is
1067 3724 1225 3778 quem
1258 3708 1574 3778 possederat
1607 3708 1674 3763 ab
1705 3707 1820 3776 ejus
1855 3709 2094 3764 dominio

499 3800 785 3864 liberetur,
838 3801 1120 3872 multiplici
1175 3801 1367 3856 fraude
1423 3801 1680 3856 decertat.
1725 3797 1864 3854 llinc
1899 3799 1964 3854 de
2007 3800 2092 3854 his

498 3892 592 3964 qui
625 3900 1022 3947 convertuntur
1065 3893 1131 3946 ad
1171 3907 1266 3948 cor
1295 3891 1556 3961 scriptum
1605 3898 1731 3946 est:
1771 3889 2094 3945 Maledieant

500 3985 550 4039 ei
585 3985 675 4054 qui
704 3983 1022 4038 maledicunt
1054 3985 1182 4048 diei,
1225 3984 1316 4052 qui
1345 3983 1519 4051 parati
1563 3991 1684 4035 sunt
1714 3981 1971 4036 suscitare
1993 3981 2093 4034 Le-

499 4073 718 4127 uiathan
747 4074 869 4143 (Job
925 4089 1006 4139 tu,
1036 4075 1109 4143 8).
1155 4074 1340 4128 Eidem
1371 4073 1566 4143 quippe
1598 4073 1737 4127 hosti
1771 4073 2093 4128 maledicere

504 4171 592 4216 est
640 4170 860 4229 peccata
912 4177 1030 4231 quae
1075 4163 1315 4234 suggerit
1340 4163 1650 4234 .cxsecrari.
1712 4161 1817 4216 Sed
1849 4163 2093 4232 quisquis

505 4254 610 4307 hoc
667 4252 858 4307 fecerit
908 4253 1204 4309 Leviatban
1259 4255 1508 4319 suscitat,
1537 4254 1650 4324 qui,
1677 4263 1734 4309 ut
1757 4255 1957 4310 dictum
1989 4264 2090 4320 est,

505 4343 561 4398 in
589 4359 880 4414 pravorum
912 4346 1191 4412 cordibus,
1227 4347 1379 4417 quasi
1417 4347 1706 4417 quietuset
1735 4347 1939 4416 sopitus
1970 4348 2094 4402 dur-

507 4435 626 4490 mit.
659 4434 983 4505 Quicunque
1034 4437 1198 4506 igitur
1241 4433 1501 4492 divinitus
1531 4446 1831 4506 respectus,
1855 4453 1974 4506 quae
2000 4439 2091 4491 Dei

2193 3264 2290 3328 (iit,
2345 3263 2437 3332 qui
2517 3272 2799 3332 postquam
2877 3259 3234 3335 superbiendo
3313 3260 3579 3328 peccavit,
3649 3273 3764 3312 mox

2193 3353 2448 3426 genitalia
2483 3351 2723 3406 membra
2764 3349 2998 3405 erubuit.
3047 3348 3179 3402 Nam
3209 3347 3336 3418 quia
3384 3348 3553 3402 Deum
3584 3362 3763 3416 supcr—

2193 3447 2388 3501 biendo
2417 3444 2762 3514 contempsit,
2820 3457 2943 3497 mox
2989 3457 3017 3495 a
3058 3441 3270 3507 subdita
3327 3454 3495 3495 carne
3535 3439 3764 3510 praelium

2203 3538 2454 3606 sumpsit.
2487 3535 2640 3590 Unde
2661 3535 2920 3604 prOpbeta
2947 3550 2960 3586 :
2988 3531 3355 3603 Respondebit,
3393 3532 3594 3602 inquit,
3631 3547 3768 3585 arro-

2207 3631 2384 3700 gantia
2422 3626 2590 3680 Israel
2619 3627 2671 3680 in
2709 3625 2894 3696 [aciem
2951 3623 3094 3694 (Ose.
3136 3638 3191 3688 v,
3239 3623 3313 3690 5),
3350 3623 3402 3677 id
3428 3632 3511 3678 est
3550 3637 3646 3692 per
3668 3635 3766 3675 me-

2195 3719 2357 3772 ritum
2385 3715 2653 3786 superbire
2682 3714 2898 3768 latentis
2930 3714 2982 3768 iu
3013 3719 3254 3782 apertam
3288 3711 3563 3766 luxuriam
3587 3711 3766 3767 cadere

2193 3808 2544 3879 permittitur.
2579 3807 2682 3874 Qui
2726 3814 2783 3860 ut
2829 3805 3142 3860 ostenderet
3183 3805 3325 3874 quod
3375 3803 3546 3860 libido
3572 3819 3636 3858 ex
3665 3819 3764 3857 me-

2198 3898 2304 3951 rito
2332 3895 2596 3966 superbia:
2633 3895 2958 3965 proruperit,
2989 3895 3064 3948 ait
3097 3911 3110 3946 :
3139 3892 3369 3962 Spiritus
3414 3894 3766 3962 fornicationis

2196 3989 2249 4040 in
2280 3986 2448 4040 medio
2469 4001 2648 4040 eorum
2683 3983 2868 4054 (lbid.,
2894 3983 2970 4052 4).
3001 3984 3061 4039 Si
3091 3985 3234 4038 enim
3265 3984 3492 4052 spiritus
3521 3985 3765 4055 superbire

2194 4077 2293 4132 sub
2342 4078 2450 4131 Deo
2489 4075 2773 4146 premitur,
2820 4090 2949 4130 caro
2979 4090 3142 4144 super
3173 4073 3426 4144 spiritum
3461 4074 3650 4128 illicite
3674 4089 3762 4126 non

2193 4168 2450 4222 elevatur.
2485 4166 2744 4236 Quisquis
2787 4180 2916 4236 ergo
2970 4181 3200 4235 superna
3245 4165 3476 4234 appetit,
3511 4165 3559 4218 si
3598 4173 3762 4234 postea

2195 4258 2465 4325 voluptate
2496 4256 2880 4326 prosternitur,
2916 4271 3021 4308 non
3067 4263 3192 4308 tunc
3238 4270 3302 4310 se
3319 4254 3534 4323 judicct
3563 4254 3756 4310 victum,

2195 4365 2314 4402 cum
2363 4358 2548 4416 aperte
2595 4355 2898 4415 superatur,
2952 4346 3078 4414 quia
3122 4353 3247 4399 tunc
3280 4345 3472 4414 utique
3513 4354 3638 4399 ante
3685 4341 3760 4396 Dei

2195 4439 2380 4494 oculos
2411 4439 2462 4491 in
2505 4437 2676 4508 culpa:
2709 4439 3020 4507 voraginem
3051 4437 3270 4501 cecidit,
3305 4453 3433 4492 eum
3476 4452 3596 4492 sese
3638 4437 3755 4490 ultra

505 4533 634 4581 sunt
663 4540 823 4596 agere
853 4525 1142 4591 desiderat,
1181 4525 1480 4582 Leviatban
1510 4527 1562 4580 in
1585 4527 1881 4582 certamine
1902 4537 2092 4583 contra
2126 4503 2170 4562 θ
2197 4549 2356 4602 quam
2385 4533 2607 4587 deberet
2636 4503 2868 4586 cﬂ‘erens
2888 4530 3118 4585 latenter
3150 4531 3428 4585 intumuit.

505 4632 566 4670 se
587 4626 862 4684 provocat,
887 4615 1123 4686 :cjusque
1173 4617 1432 4672 malitiam
1475 4632 1573 4671 sua
1629 4619 1980 4673 conversione
2013 4620 2092 4672 in-

2267 4623 2398 4678 Xlll.
2426 4623 2590 4693 Igitur
2614 4621 2815 4676 malitia
2843 4619 2910 4674 ad
2934 4620 3198 4675 violentos
3227 4621 3485 4690 pertinet.
3513 4619 3754 4689 Superbia

506 4707 768 4761 ﬂammat.
817 4706 927 4763 Nec
953 4723 1280 4778 magnopere
1311 4723 1440 4778 ergo
1467 4709 1738 4780 quoslibet
1767 4725 1962 4779 pravos
2015 4711 2093 4764 in-
2133 4721 2170 4773 ν.
2197 4730 2326 4770 vero
2356 4723 2410 4768 et
2436 4713 2671 4777 luxuria,
2701 4721 2811 4766 tam
2837 4713 2903 4766 ad
2937 4712 3100 4781 ipsos,
3128 4726 3290 4781 quam
3319 4711 3489 4766 etiam
3522 4712 3587 4764 ad
3617 4711 3754 4771 alioi,

507 4797 736 4865 quictat,
761 4798 958 4868 quippe
1007 4814 1142 4868 quos
1180 4815 1285 4855 non
1333 4800 1506 4856 solum
1550 4802 1654 4869 per
1683 4800 1846 4865 mala,
1874 4803 1967 4856 sed
1997 4816 2091 4870 per

510 4887 624 4955 ipsa
653 4903 866 4957 quoque
891 4887 1034 4943 bona
1063 4905 1249 4958 opera,
1275 4905 1394 4959 quae
1425 4904 1529 4944 non
1562 4889 1847 4944 sinceriter
1875 4898 2087 4958 gerunt,

509 4976 612 5030 sibi
637 4972 840 5032 servire
879 4979 1175 5048 conspicit;
1229 4980 1323 5035 sed
1375 4979 1440 5032 ad
1475 4980 1640 5033 Deum
1663 4976 2094 5048 confugientibus

511 5063 822 5122 innumeras
853 5066 1078 5123 insidias
1100 5070 1292 5123 tendit.

583 5153 673 5207 XI.
700 5155 1032 5221 Quibuslibet
1071 5166 1248 5213 autem
1289 5160 1469 5229 pravis
1494 5159 1633 5214 mala
1658 5159 1910 5229 quatlibet
1938 5174 2098 5230 aper-

517 5250 569 5296 te
615 5248 871 5314 suggerit,
922 5248 1110 5316 eisque
1160 5248 1306 5303 velut
1357 5249 1724 5304 familiaribus
1778 5250 2094 5319 iniquitates

517 5333 854 5388 manifestius
902 5336 1161 5400 insinuat,
1205 5346 1264 5391 ut
1307 5340 1544 5392 scienter
1593 5346 1903 5400 agautquaa
1949 5339 2093 5393 mala

2196 4806 2290 4874 qui
2335 4804 2616 4860 mansueti
2654 4803 2973 4874 plerumque
3033 4802 3306 4858 videntur.
3358 4800 3499 4856 Nam
3551 4803 3602 4857 in
3646 4799 3756 4871 ipsis

2197 4897 2458 4952 mendicis
2487 4906 2542 4951 et
2561 4895 2920 4966 pauperrimis
2942 4895 3044 4950 ista
3071 4895 3176 4948 duo
3196 4893 3329 4947 vitia
3359 4893 3549 4964 vigere
3580 4893 3750 4948 solent.

2198 4987 2373 5042 Elatio
2400 5002 2628 5055 namque
2655 4986 2900 5056 spiritum
2945 4985 3128 5054 erigit,
3160 4983 3370 5039 luxuria
3402 4999 3624 5038 carnem
3648 4996 3751 5036 coro

2199 5076 2416 5146 rumpit.
2441 5073 2594 5131 Unde
2622 5086 2676 5129 et
2707 5077 2874 5130 isdem
2915 5090 3146 5144 nequam
3177 5073 3405 5142 spiritus
3434 5075 3539 5128 sub
3583 5072 3749 5127 umbra

2195 5177 2250 5222 et
2279 5168 2332 5222 in
2361 5177 2569 5223 secreto
2595 5165 2883 5231 calami,et
2912 5167 2964 5220 in
2990 5166 3122 5222 locis
3148 5164 3503 5219 humentibus
3537 5161 3752 5220 dormire

2194 5257 2526 5327 perhibetur.
2558 5257 2821 5323 Quoniam
2850 5271 2944 5312 eos
2972 5271 3110 5325 quos
3138 5254 3359 5324 decipit,
3382 5257 3564 5324 primo
3590 5271 3618 5309 a
3643 5255 3750 5308 eba-

2202 5349 2361 5400 ritate
2387 5347 2588 5400 Christi
2623 5356 2802 5400 tenere
2846 5347 2994 5400 facit.
3019 5346 3157 5400 Tum
3197 5360 3326 5400 vero
3352 5359 3458 5400 per
3481 5346 3751 5400 elationem
