3934 5400
176 341 267 401 59.9

1121 326 1608 386 COLLATIONUM
1644 323 1824 381 LIBRI
1865 323 2068 378 TRES.
2104 355 2172 363 —
2205 321 2329 378 LIB.
2371 323 2410 378 I.

3261 331 3376 417 .530

179 454 251 509 νει
285 453 465 505 ωηιξη
495 437 744 510 quaslibet
793 437 908 510 ejus
953 437 1204 511 ﬁgmenta
1251 457 1505 511 superare
1539 438 1707 508 cupit,
1737 440 1782 498 Α
1813 442 2002 505 gerant
2032 434 2253 502 provida
2303 433 2698 503 dispensatione
2745 451 3059 507 expressum
3111 449 3210 496 est.
3243 442 3404 500 Nam-

178 545 302 598 hunc
326 536 373 590 in
393 533 557 603 prima
588 531 928 600 suggestione
979 538 1305 584 contemnat.
1350 530 1479 597 Quae
1514 543 1704 599 sugge-

173 630 267 686 stio
291 630 438 694 caput
463 618 575 688 ejus
601 628 700 673 est.
717 617 872 684 Quod
898 616 1144 672 videlicet
1161 627 1322 688 caput
1353 620 1420 673 ab
1447 634 1554 673 uno
1573 632 1705 688 quo-

179 721 296 774 libet
321 713 540 768 fidelium
563 709 778 764 virtutis
799 709 932 779 pede
955 708 1109 763 facile
1130 709 1450 773 conteritur,
1470 709 1512 763 si
1535 709 1706 778 prima

185 804 416 876 utggestio
461 805 760 868 respuatur.
795 797 945 853 Unde
986 798 1054 852 ad
1100 797 1347 852 eumdem
1384 798 1594 852 hostem
1641 796 1708 851 de

171 895 384 965 qualibet
431 891 669 946 studiosa
713 889 892 943 anima
922 889 1064 943 Deus
1102 888 1231 942 dicit
1261 905 1274 940 :
1304 886 1430 956 Ipsa
1483 896 1710 940 conteret

172 998 460 1059 caputtmtm
495 983 645 1047 (Cen.
670 1000 754 1048 tu,
787 983 895 1053 I5).
926 982 1108 1039 Cauda
1135 997 1264 1037 vero
1298 981 1440 1037 illius
1483 989 1565 1034 est
1585 995 1710 1050 ope-

174 1081 237 1134 ris
259 1075 546 1145 completio,
573 1074 638 1127 de
664 1089 770 1143 qua
805 1073 1064 1142 scriptum
1089 1082 1171 1128 est
1197 1088 1209 1125 :
1238 1070 1457 1141 Stringit
1487 1069 1710 1123 caudam

171 1182 300 1220 suam
325 1169 448 1218 sicut
477 1163 686 1216 cedrum
711 1161 834 1232 (Job
895 1177 982 1227 η,
1033 1162 1140 1229 12).
1186 1159 1407 1215 Succisa
1437 1161 1628 1214 cedrus
1659 1159 1710 1212 in

171 1251 373 1322 lapidem
400 1250 652 1305 durescit.
685 1247 924 1304 Caudam
957 1264 1083 1304 vero
1108 1264 1260 1303 suam
1295 1249 1450 1318 quasi
1487 1249 1707 1302 cedrum

169 1343 378 1412 stringit,
407 1339 529 1410 quia
559 1341 602 1394 si
631 1347 795 1408 caput
821 1339 957 1409 ejus,
1011 1339 1153 1407 quod
1183 1346 1266 1392 est
1293 1337 1488 1392 blanda
1514 1351 1703 1408 sugge-

173 1434 284 1495 stio,
307 1431 464 1486 semel
503 1430 560 1484 in
589 1430 753 1486 corde
783 1429 1058 1498 recipitur,
1082 1428 1335 1498 deinceps
1373 1429 1545 1483 eidem
1566 1429 1713 1482 cordi

168 1522 303 1591 quasi
333 1535 392 1574 ex
417 1518 542 1587 jure
580 1519 909 1585 dominatur,
958 1529 1013 1574 et
1051 1517 1285 1573 violenta
1329 1519 1716 1574 consuetudine

167 1626 283 1682 pene
306 1610 660 1664 insolubiliter
688 1610 996 1664 innodatur.
1027 1609 1162 1663 IIinc
1189 1620 1273 1664 est
1303 1611 1444 1680 quod
1475 1609 1715 1664 nonnulli

166 1710 358 1772 peccata
377 1715 467 1754 sua
497 1699 684 1771 fugere
715 1709 985 1772 satagunt,
1019 1701 1110 1756 sed
1143 1701 1371 1757 evadere
1400 1702 1514 1757 haec
1545 1703 1712 1757 etiam

1813 533 1870 578 ut
1911 525 2059 594 prius
2111 525 2175 579 de
2211 524 2340 580 Cain
2393 525 2655 592 dicamus,
2694 528 2783 597 qui
2817 531 3204 602 primogenitus
3252 535 3382 590 Adae

1812 612 1930 677 fuit,
1960 613 2040 682 (ut
2060 613 2202 666 enim
2226 613 2514 682 Apostolus
2543 616 2638 681 ait,
2665 634 2766 670 non
2790 619 2933 687 prius
2959 623 3097 691 quod
3127 625 3380 693 spiritale,

1809 703 1899 754 sed
1923 701 2060 771 quod
2087 701 2314 756 animale
2355 701 2404 773 [I
2433 701 2557 757 Cor.
2589 721 2676 770 xv,
2700 705 2811 777 46],
2840 709 2856 777 )
2881 708 2994 777 ipse
3018 711 3252 780 agricola
3283 727 3380 767 ex-

1809 794 1968 856 stitit,
2005 802 2057 847 et
2084 807 2346 864 sequaces
2373 795 2489 864 ejus
2521 796 2646 851 totis
2687 797 2965 856 desideriis
2989 809 3202 857 terrena
3239 819 3383 874 qua:-

1812 893 1934 938 runt
1962 901 1973 936 :
2007 885 2097 954 qui
2127 885 2214 939 hic
2241 885 2440 940 habent
2465 887 2662 942 bonum
2698 904 2874 955 suum,
2931 893 3175 960 quamvis
3205 893 3386 949 multis

1811 976 2072 1045 angustiis
2125 976 2512 1044 intermistum,
2547 979 2700 1048 cujus
2749 981 2873 1035 boni
2909 983 3252 1053 perceptione
3292 985 3385 1040 Iae-

1815 1077 2016 1124 tantur.
2073 1066 2256 1133 Qualis
2302 1069 2486 1124 laetitia
2536 1071 2600 1126 de
2657 1072 2853 1128 talibus
2905 1076 3113 1146 gaudiis
3145 1087 3199 1132 et
3225 1080 3386 1134 rebus

1814 1159 1992 1213 inesse
2019 1160 2228 1228 potest?
2250 1159 2338 1213 Ille
2363 1161 2692 1217 sacriﬁcium
2722 1164 2848 1228 Deo,
2879 1165 2971 1220 sed
2994 1181 3098 1220 non
3131 1167 3387 1238 simplici-

1815 1257 1898 1302 ter
1921 1248 2130 1313 obtulit,
2183 1257 2238 1303 et
2291 1249 2378 1304 isti
2409 1249 2589 1315 ﬁdem,
2625 1252 2747 1307 licet
2778 1255 3132 1320 verbotends,
3183 1265 3383 1312 tenent.

1814 1337 1913 1405 Qui
1941 1353 2080 1407 scepe
2131 1338 2298 1393 multa
2336 1339 2473 1394 bona
2504 1341 2725 1407 faciunt,
2751 1359 2870 1412 qua:
2896 1353 3074 1400 tamen
3105 1345 3189 1401 vel
3224 1347 3390 1401 malo-

1815 1444 1932 1482 rum
1983 1428 2321 1494 admistione,
2365 1430 2447 1485 vel
2480 1432 2618 1486 sicut
2659 1433 2766 1498 ille,
2811 1433 3051 1491 fraterno
3081 1437 3205 1492 odio
3249 1452 3390 1492 eom-

1813 1519 2106 1576 maculant.
2166 1520 2298 1578 Aliis
2355 1523 2576 1589 donant,
2637 1525 2755 1579 aliis
2805 1528 3056 1597 rapiunt,
3111 1529 3390 1584 mercedes

1814 1620 2186 1683 congregant:
2238 1613 2350 1680 sed,
2396 1623 2454 1669 ut
2502 1615 2758 1684 scriptum
2799 1626 2899 1678 est,
2955 1633 3048 1672 eos
3089 1619 3142 1673 in
3174 1634 3388 1673 saccum

1814 1713 2092 1774 pertusum
2140 1705 2382 1770 mittunt,
2438 1705 2561 1759 dum
2593 1722 2689 1776 pro
2739 1708 2867 1776 ipsis
2905 1710 3059 1763 donis
3088 1717 3179 1762 aut
3203 1709 3390 1763 laudes

164 1792 478 1845 decertantes
523 1800 818 1861 nequeunt.
878 1791 1016 1858 Quia
1062 1800 1212 1847 tanto
1267 1793 1405 1863 ignis
1441 1793 1714 1848 suasionis
1747 1781 1787 1837 Β
1817 1794 1883 1848 ab
1904 1794 2229 1858 hominibus,
2265 1802 2353 1849 aut
2401 1810 2429 1848 a
2458 1795 2565 1849 Deo
2605 1797 2886 1863 prcesentis
2926 1798 3046 1851 vita:
3079 1797 3390 1853 felicitatem

165 1879 287 1933 illius
317 1879 476 1934 semel
507 1889 759 1950 receptus
789 1880 1021 1951 amplius
1045 1881 1304 1946 incendit,
1333 1890 1539 1951 quanto
1577 1897 1634 1937 se
1663 1883 1711 1936 ei

166 1969 222 2023 ad
245 1970 674 2025 consentiendum
706 1971 1004 2026 molliorem
1036 1973 1263 2042 quisque
1305 1973 1357 2027 in
1401 1974 1531 2030 vitio
1579 1990 1714 2046 prae-

166 2063 336 2118 buerit.
365 2064 468 2120 Sed
495 2065 626 2135 quia
668 2066 813 2119 nulla
850 2066 1061 2122 ratione
1092 2069 1424 2134 conceditur,
1465 2078 1524 2124 ut
1563 2085 1715 2124 mens

166 2152 211 2206 in
258 2153 350 2208 hac
400 2168 569 2209 carne
626 2155 798 2224 posita
857 2157 1127 2211 suasionis
1177 2157 1293 2226 ejus
1346 2160 1543 2216 ardore
1607 2176 1712 2214 non

161 2248 402 2310 tangatur,
463 2252 638 2299 restat
687 2254 747 2298 ut
801 2245 1047 2317 malignis
1099 2245 1314 2302 ﬂatibus
1371 2249 1585 2315 adusta,
1646 2253 1713 2305 ad

159 2335 395 2390 orationis
446 2346 544 2390 aut
572 2337 927 2393 confessionis
977 2353 1132 2408 opem
1173 2341 1288 2395 sine
1324 2342 1630 2398 cessatione
1657 2357 1715 2398 se

163 2433 436 2479 convertat.
490 2426 792 2481 Flammam
831 2427 1027 2496 quippe
1081 2432 1441 2500 suggestiouis
1488 2433 1627 2487 illius
1661 2443 1714 2488 et

162 2512 285 2567 unda
328 2513 688 2585 laerymarum
722 2516 880 2570 citius
910 2518 1224 2588 exstinguit.
1254 2530 1306 2572 ct
1334 2522 1550 2577 humilis
1579 2538 1702 2578 con-

161 2600 575 2674 lessioﬂfraudes
639 2604 756 2673 ejus
809 2604 1096 2662 efﬁcaciter
1170 2617 1422 2678 tanquam
1468 2612 1710 2680 proditas

157 2689 322 2746 allidit.

215 2781 341 2836 XIV.
392 2783 467 2838 De.
519 2786 605 2841 his
631 2802 752 2856 quae
792 2803 820 2841 a
851 2789 1109 2858 proximis
1156 2790 1389 2859 proximi
1430 2793 1714 2860 patiuntur

157 2867 314 2939 aliqua
345 2872 697 2931 nihilominus
738 2877 958 2931 relaturi
986 2918 1000 2942 ,
1039 2879 1254 2933 videtur
1286 2890 1342 2934 ut
1373 2882 1504 2936 duas
1551 2896 1713 2950 gene-

156 2962 368 3020 rationes
400 2967 704 3034 hominum,
757 2970 965 3026 scilicet
1009 2972 1274 3025 malorum
1323 2983 1376 3028 et
1424 2975 1707 3038 honorum,

155 3052 311 3118 primo
350 3056 417 3110 ab
446 3059 674 3114 exordio
705 3076 1084 3117 memoremus.
1125 3062 1244 3117 1am
1276 3079 1404 3118 vero
1430 3065 1496 3120 de
1530 3066 1711 3135 singu«

1814 1892 2084 1952 qumrunt.
2125 1883 2200 1938 De
2238 1884 2432 1953 quibus
2485 1887 2744 1955 propheta
2801 1887 2930 1940 dicit
2974 1904 2986 1940 :
3042 1886 3289 1943 Victimas
3330 1890 3388 1942 in

1813 1972 2075 2040 profundo
2115 1974 2356 2042 deferunt
2381 1973 2525 2045 (Ose.
2560 1989 2610 2037 v,
2657 1975 2731 2047 2),
2766 1976 2818 2051 id
2851 1984 2932 2031 est
2965 1991 3024 2031 ea
3055 1993 3174 2046 qua:
3205 1978 3255 2032 in
3282 1979 3392 2033 imo

1815 2068 1957 2124 sunt,
2014 2075 2110 2130 per
2157 2062 2407 2130 qualibet
2456 2064 2594 2118 bona
2645 2079 2808 2134 Opera
2854 2067 3155 2135 requirunt.
3187 2067 3316 2122 Nam
3345 2070 3390 2124 si

1814 2148 2053 2204 coelestia
2083 2161 2407 2220 quaererent,
2447 2153 2694 2208 victimas
2728 2154 2779 2208 in
2821 2156 2988 2210 altum
3029 2157 3287 2213 levarent.

1883 2240 2018 2296 XVI.
2080 2242 2168 2297 Ille
2222 2242 2443 2298 fratrem
2510 2245 2748 2310 occidit,
2811 2246 2899 2300 isti
2963 2249 3238 2316 proximos
3293 2259 3388 2302 aut

1814 2332 2024 2387 damnis
2048 2331 2308 2404 affligunt,
2359 2344 2449 2390 aut
2477 2335 2738 2404 exemplis
2769 2347 2983 2402 necant,
3041 2349 3302 2407 quantum
3337 2340 3389 2394 in

1814 2424 1944 2495 ipsis
1974 2435 2077 2480 est.
2122 2426 2275 2482 Unde
2302 2429 2558 2497 scriptum
2607 2437 2690 2483 est
2717 2445 2730 2481 :
2755 2426 2981 2500 Propter
3005 2431 3392 2488 multitudinem

1815 2514 2253 2570 ralumniatorum
2297 2516 2756 2589 clamabunt-(Job
2805 2534 2968 2586 xxxv,
3025 2521 3101 2592 9).
3133 2522 3391 2579 Videlicet

1816 2606 1867 2659 in
1908 2606 2103 2676 quibus
2141 2607 2402 2662 malorum
2440 2609 2677 2678 pravitas
2726 2609 2997 2678 displicet,
3039 2612 3392 2669 cahunniato-

1816 2711 1904 2750 res
1944 2704 2089 2751 recte
2137 2707 2416 2762 vocantur,
2459 2713 2565 2752 non
2615 2697 2784 2752 solum
2823 2699 2920 2768 'qui
2951 2700 3221 2755 exteriora
3248 2701 3388 2756 bona

1815 2784 2030 2853 rapiunt
2060 2802 2074 2850 ;
2108 2787 2200 2840 sed
2231 2787 2391 2840 etiam
2415 2786 2507 2857 qui
2533 2787 2658 2842 vita:
2688 2789 2928 2858 reproba:
2953 2789 3199 2859 exemplo
3223 2791 3391 2847 inter-

1813 2890 1879 2928 na
1925 2885 2113 2929 nostra
2143 2876 2405 2946 dissipare
2435 2878 2783 2932 contendunt.
2815 2877 3130 2935 Graviorem
3159 2895 3392 2950 namque

1813 2962 2136 3017 calumniam
2178 2965 2334 3019 nobis
2365 2964 2549 3030 infert,
2581 2966 2672 3034 qui
2723 2965 2860 3021 male
2889 2967 3119 3022 vivendo
3163 2968 3268 3022 vim
3296 2983 3394 3021 no-

1813 3053 1938 3108 stris
1968 3054 2208 3109 moribus
2251 3055 2472 3124 irrogat,
2504 3069 2665 3125 quam
2699 3057 2744 3111 is
2769 3058 2859 3126 qui
2898 3057 3160 3116 violenter
3198 3059 3391 3113 damna

154 3137 305 3194 larum
352 3145 567 3200 actibus
620 3148 846 3216 quisque
891 3150 1080 3216 probet
1126 3149 1177 3202 in
1220 3165 1324 3219 qua
1364 3123 1712 3220 generatidne
1738 3123 1782 3184 ε
1817 3145 1978 3200 rebus
2015 3145 2231 3215 ingerit.
2284 3123 2597 3215 llujusmodi
2623 3123 2804 3202 autem
2831 3147 3058 3216 quisque
3083 3161 3189 3202 non
3218 3147 3391 3202 solum

151 3234 400 3297 teneatur,
429 3233 561 3289 dum
609 3237 923 3304 cognoverit
956 3238 1021 3291 ad
1049 3254 1212 3308 quam
1249 3256 1316 3294 ex
1342 3241 1581 3310 ejusdem
1626 3257 1713 3312 ge-

151 3322 509 3381 nerationibus
533 3327 840 3396 pertineant
864 3345 1026 3398 opera
1053 3345 1170 3400 qua:
1195 3331 1341 3387 facit.
1377 3332 1514 3387 Sunt
1536 3335 1716 3404 itaque

148 3409 254 3466 duae
308 3419 688 3485 generationes
734 3420 1029 3486 hominum,
1081 3436 1200 3491 qua:
1243 3439 1271 3476 a
1333 3423 1544 3479 duobus
1593 3426 1714 3481 ﬁliis

146 3497 321 3568 Adam,
348 3521 377 3558 a
408 3506 542 3561 Cain
572 3507 820 3563 videlicet
870 3519 924 3563 ct
969 3511 1122 3577 Abel,
1182 3512 1461 3567 exordium
1493 3529 1716 3583 accepe-

147 3601 277 3654 runt,
306 3601 358 3646 ct
393 3611 566 3666 usque
597 3598 662 3650 ad
693 3599 930 3664 ultimos,
984 3601 1073 3670 qui
1103 3601 1356 3656 nascituri
1401 3611 1545 3669 sunt,
1573 3619 1713 3659 nunc

144 3677 316 3746 divise,
345 3699 489 3740 nunc
517 3686 659 3741 misti
698 3697 1041 3757 percurrunt.
1092 3689 1167 3745 De
1197 3691 1456 3746 honorum
1491 3707 1714 3762 genera-

149 3768 283 3825 tione
313 3788 434 3841 quae
462 3776 533 3830 ab
561 3775 694 3831 Abel
737 3775 882 3844 justo
906 3777 1092 3846 incipit
1118 3779 1190 3832 ita
1218 3779 1416 3834 dicitur
1443 3798 1455 3834 :
1488 3781 1590 3835 Vos
1617 3798 1713 3834 au-

143 3869 230 3913 tem
253 3879 413 3933 genus
445 3866 665 3921 electum
722 3868 774 3938 (I
809 3867 952 3922 Petr.
988 3885 1046 3934 η,
1075 3869 1150 3938 9).
1177 3871 1245 3924 Ει
1275 3872 1402 3926 item
1433 3887 1445 3925 :
1480 3870 1709 3927 Genera-

141 3952 204 4001 tio
227 3964 482 4009 rectorum
509 3957 834 4012 benedicemr
857 3957 1026 4030 (Psal.
1059 3975 1168 4025 cxx,
1198 3961 1274 4032 2).
1308 3961 1375 4016 Et
1395 3962 1527 4018 alias
1557 3981 1569 4017 :
1599 3962 1708 4016 Do-

140 4039 304 4095 minus
347 4043 405 4098 in
431 4047 762 4114 generatione
791 4047 942 4116 justa
995 4057 1068 4101 est
1121 4047 1299 4118 (Psnl.
1344 4066 1462 4115 xm,
1511 4048 1588 4119 6).
1637 4050 1713 4104 De

143 4130 394 4187 malorum
425 4150 575 4202 vero,
604 4152 726 4206 qua:
762 4153 792 4190 a
822 4137 979 4192 Cain'
1004 4138 1213 4207 incipit,
1239 4139 1316 4195 sic
1342 4139 1577 4194 dicitur:
1610 4136 1711 4195 Ge-

141 4224 329 4275 neratio
348 4241 515 4293 prava
533 4236 580 4280 et
596 4243 910 4296 exasperatis
935 4225 1107 4298 (Psal.
1131 4245 1336 4295 Lxxvu,
1355 4230 1430 4301 8)..
1451 4231 1516 4284 Et
1543 4231 1669 4284 item
1693 4247 1706 4285 :

137 4303 407 4366 Ceneratio
439 4331 556 4384 qua:
581 4331 682 4369 non
705 4317 893 4370 direxit
911 4333 1003 4370 cor
1027 4334 1181 4371 suum
1205 4317 1414 4389 (Ibid.).
1446 4320 1512 4373 Et
1535 4318 1665 4373 illud
1694 4337 1707 4372 :

137 4394 264 4453 Gens
316 4403 514 4474 absque
560 4407 776 4460 consilio
827 4417 902 4462 est
933 4407 1113 4478 (Deut.
1173 4423 1348 4474 xxxu,
1402 4409 1518 4478 28).
1563 4408 1700 4474 Quid

135 4488 268 4543 enim
295 4492 417 4560 plus
471 4495 586 4550 sine
615 4497 840 4552 consilio
869 4507 974 4558 est.
1004 4513 1165 4566 quam
1199 4499 1341 4553 sicut
1382 4498 1488 4552 illic
1520 4499 1702 4567 sequi-

137 4587 237 4643 tur,
260 4583 557 4640 novissima
584 4601 689 4642 non
721 4588 1040 4657 providere?
1069 4588 1213 4645 Gens
1256 4588 1516 4646 bonorum
1545 4590 1706 4645 habet

133 4670 404 4729 civitatem
433 4692 585 4732 suam
628 4677 982 4745 Hierusalem,
1025 4680 1178 4750 cujus
1205 4689 1260 4736 et
1292 4681 1425 4737 civis
1449 4690 1549 4747 est,
1577 4698 1704 4753 par-

134 4759 223 4813 tim
247 4761 299 4815 in
332 4764 477 4821 caelo
493 4765 605 4834 jam
632 4783 878 4839 regnans,
903 4769 1097 4838 partim
1129 4769 1216 4825 hic
1240 4771 1605 4841 percgrinans.
1641 4773 1706 4827 Et

133 4847 291 4904 habet
323 4853 584 4910 humilem
632 4872 810 4927 regem
855 4857 1154 4925 Christum,
1185 4861 1252 4915 de
1287 4875 1395 4931 quo
1425 4862 1599 4919 eidem
1630 4863 1706 4918 di-

131 4935 268 4992 citur
311 4959 325 4993 :
360 4941 502 4996 Ecce
531 4943 645 4999 Rea:
690 4955 810 4999 tuus
852 4947 987 5001 venit
1027 4948 1120 5002 tibi
1156 4959 1472 5014 mansuetus,
1525 4953 1708 5007 sedens

129 5041 284 5095 supra
341 5030 547 5100 pullum
591 5035 755 5090 asina:
789 5035 972 5107 (Zaclt.
1031 5054 1108 5104 ix,
1164 5039 1242 5109 9).
1276 5039 1450 5096 Habet
1505 5052 1562 5100 et
1618 5043 1706 5098 illa

127 5111 407 5164 uerter-alin
429 5123 688 5164 malnrnm
713 5124 987 5164 nivilalnm
1029 5140 1179 5164 curans
1205 5128 1529 5164 Ralm-Ionam
1580 5145 1706 5164 non-

1814 3234 2191 3300 calumniator,
2234 3236 2328 3290 sed
2359 3237 2627 3292 homicida
2685 3252 2753 3293 ex
2781 3238 2961 3292 verbis
3003 3238 3213 3292 Domini
3240 3253 3389 3293 com-

1813 3325 2092 3395 probatur.
2125 3327 2214 3380 Ait
2263 3327 2404 3382 enim
2439 3327 2506 3383 de
2541 3328 2752 3385 diabolo
2786 3346 2797 3381 :
2835 3328 2934 3383 Ille
2985 3331 3248 3384 homicida
3277 3340 3391 3384 erat

1813 3416 1876 3468 ab
1909 3417 2056 3471 initio
2104 3416 2284 3488 (Joan.
2310 3433 2426 3483 vm,
2456 3417 2569 3490 44),
2603 3418 2653 3472 id
2685 3427 2790 3485 est,
2821 3435 2884 3474 ex
2919 3435 3025 3488 quo
3063 3419 3268 3476 exstitit
3295 3419 3392 3473 ho-

1813 3518 1901 3557 mo
1935 3505 2022 3560 cui
2068 3504 2358 3560 invidebat.
2413 3506 2544 3561 Vide
2587 3515 2646 3560 ut
2675 3506 2910 3564 Joannes
2935 3509 3064 3564 dicit
3095 3523 3264 3577 genus
3294 3509 3392 3563 ho-

1814 3594 2033 3649 micidii.
2092 3594 2208 3650 Non
2259 3596 2435 3665 gladio
2466 3605 2724 3662 armatus,
2758 3612 2866 3651 non
2902 3599 3043 3652 ferro
3091 3598 3388 3656 accinctus,

1813 3684 1880 3738 ad
1913 3684 2182 3739 hominem
2231 3685 2398 3749 venit,
2454 3693 2702 3753 serpente
2761 3685 2999 3750 indutus,
3045 3685 3255 3738 loeutus
3305 3695 3389 3738 est

1814 3772 2044 3836 mulieri,
2087 3781 2141 3828 et
2170 3787 2267 3843 per
2293 3773 2438 3827 illam
2469 3774 2754 3829 venenavit
2793 3773 2986 3827 virum.
3029 3773 3181 3828 Illum
3205 3774 3390 3842 utique

1813 3862 2081 3918 audiendo
2112 3862 2310 3916 mortui
2341 3869 2486 3917 sunt.
2546 3861 2798 3918 Diabolus
2837 3863 3058 3917 verbum
3101 3863 3386 3918 seminavit

1811 3960 1865 4005 et
1893 3951 2108 4006 occidit.
2135 3951 2253 4005 Noli
2277 3965 2404 4022 ergo
2429 3959 2619 4020 putare
2648 3951 2918 4006 hominem
2961 3951 3105 4005 illum
3139 3966 3243 4006 non
3265 3967 3392 4006 esse
3423 3987 3428 3992 ρ

1813 4041 2159 4107 homicidam,
2223 4043 2312 4112 qui
2357 4041 2439 4096 vel
2494 4041 2759 4111 exemplo,
2783 4041 2867 4096 vel
2896 4042 3060 4096 verbo
3092 4041 3232 4096 mala
3264 4058 3386 4112 per-

1813 4133 2036 4199 suadet;
2065 4134 2212 4202 quia,
2259 4135 2304 4187 si
2334 4131 2485 4187 fratri
2535 4133 2843 4202 persuadet,
2896 4134 3112 4188 occidit.
3145 4134 3272 4189 Inde
3299 4144 3386 4191 est

1811 4223 1952 4289 quod
1982 4220 2071 4273 ille
2114 4221 2262 4276 lusus
2315 4219 2556 4274 Ismaelis
2592 4235 2713 4274 cum
2765 4219 2916 4276 Isaac
2961 4236 3066 4276 non
3106 4222 3261 4284 lusio,
3289 4225 3385 4277 sed

1813 4311 2040 4365 illusioa
2081 4320 2251 4366 matre
2294 4319 2534 4382 putatur,
2561 4320 2617 4367 et
2659 4312 2726 4367 ab
2775 4311 3032 4382 Apostolo
3078 4315 3384 4384 persecutio

1810 4402 2138 4456 nominatur.

1882 4489 2040 4545 XVII.
2074 4490 2167 4546 Ille
2208 4491 2277 4546 ab
2304 4491 2418 4561 ipso
2444 4491 2555 4548 Deo
2603 4491 2910 4560 prohibitus
2939 4499 3022 4547 est
3057 4504 3123 4545 ne
3158 4491 3380 4547 fratrem

1811 4580 2100 4645 occideret,
2159 4581 2253 4635 sed
2302 4581 2488 4635 audire
2542 4582 2885 4651 contempsit.
2942 4581 3042 4648 Qui
3101 4590 3282 4650 postea
3329 4591 3386 4634 ut

1811 4671 2034 4725 haberet
2081 4672 2374 4741 pmnitcndi
2423 4674 2762 4728 occasionem
2795 4672 3084 4740 requisitus
3120 4681 3232 4736 est,
3291 4673 3396 4726 sed.

1810 4760 2052 4816 conﬁteri
2086 4761 2271 4816 noluit.
2308 4761 2414 4816 Nec
2465 4764 2610 4818 enim
2646 4762 2697 4815 in
2742 4762 2844 4814 hoc
2891 4761 2939 4814 ei
2985 4760 3270 4816 dissimiles
3299 4760 3387 4811 isti

1810 4860 1953 4915 sunt,
1985 4853 2074 4920 qui
2115 4854 2348 4907 scienter
2402 4853 2673 4922 prohibita
2709 4866 2935 4919 quaeque
2967 4852 3186 4911 faciunt,
3233 4849 3390 4916 jussa

1812 4957 1940 4996 vero
1990 4951 2359 4999 contemnunt.
2413 4944 2546 4998 Nam
2570 4942 2756 4996 videas
2784 4956 2878 4993 eos
2925 4937 3218 5010 impudenti
3248 4952 3390 5004 prm—

1813 5037 2121 5104 sumptione
2151 5034 2402 5104 quaelibet
2429 5036 2559 5088 vitia
2592 5029 2958 5097 committere,
2986 5039 3058 5094 et,
3081 5025 3221 5096 quod
3237 5023 3399 5092 juxta

1809 5126 2027 5164 Ιὶρςιιηηι
2059 5126 2380 5164 Crannrinm
2434 5125 2581 5164 ntnni
2615 5128 2836 5164 προαιδιῆ
2859 5119 2924 5164 ῐίι
2957 5117 3190 5164 gravius.
3231 5113 3401 5164 etiam
