3934 5400
437 347 573 405 ~551

1452 346 1510 402 S.
1549 344 1796 404 ODONIS
1830 341 2117 400 ABBATIS
2152 341 2643 403 CLUNIACENSIS
2679 343 2723 399 ll

3619 335 3716 389 531

474 466 577 521 mei
604 480 719 519 sum
757 464 889 533 ego?
933 460 1083 532 (Gen.
1117 478 1193 528 iv,
1220 462 1296 533 9.)
1324 462 1414 518 Sic
1439 466 1637 535 quippe
1671 464 1726 519 in
1752 471 1932 520 mente
1964 478 2053 518 su-
2081 465 2125 526 Α
2156 462 2415 524 oﬁ‘endat.
2441 463 2486 520 si
2514 461 2753 518 Joannes
2774 473 2841 514 eo
2870 456 2986 528 ipso
3009 461 3231 526 propter
3259 452 3540 510 Christum
3562 466 3717 507 occu-

477 553 688 624 perbia,
729 553 870 609 sicut
902 554 955 608 in
991 553 1162 610 oculis
1207 554 1380 626 caligo
1424 565 1734 627 generatur.
1775 555 1906 611 Nam
1948 569 2055 625 quo

478 642 644 699 latius
695 643 868 714 caligo
898 659 957 699 se
983 644 1191 712 dilatat,
1238 661 1304 702 eo
1329 647 1705 703 vehementius
1754 646 1928 703 visum
1954 645 2055 700 ob-

476 741 684 789 scurat.
712 732 788 788 Ita
834 744 890 789 et
926 735 1042 790 haec
1070 736 1345 807 paulisper
1373 752 1647 803 crescens,
1696 737 1893 793 mentis
1927 751 2059 792 ocu-

476 822 590 882 lum
619 841 650 880 a
674 827 901 897 spiritali
931 827 1209 883 intellectu
1245 829 1456 895 dividit,
1490 837 1547 883 ut
1575 824 1820 899 captivus
1845 828 2057 882 animus

478 917 621 971 hanc
641 926 696 973 et
719 918 829 987 pati
860 921 1051 989 possit,
1079 927 1134 974 et
1174 919 1229 974 in
1262 934 1322 975 se
1341 920 1527 975 videre
1562 935 1669 975 non
1697 919 1886 990 possit.
1918 917 2056 985 Quia

477 1021 608 1063 vero
636 1008 815 1063 anima
867 1009 1035 1064 semel
1076 1008 1381 1065 voluntarie
1424 1008 1572 1079 lapsa
1631 1023 1904 1078 nunquam
1948 1005 2058 1061 illic

470 1088 658 1167 jacere
701 1098 1034 1170 permittitur
1060 1114 1166 1169 quo
1207 1099 1456 1168 primitus
1484 1098 1653 1165 cadit,
1692 1098 1786 1154 sed
1831 1097 1899 1152 ad
1927 1110 2056 1168 gra-

473 1190 629 1248 viora
665 1191 990 1247 detrimenta
1040 1198 1194 1246 tanto
1238 1189 1557 1260 profundius
1582 1189 1814 1260 proruit,
1854 1194 2058 1256 quanto

477 1277 693 1352 longius
744 1297 775 1337 a
818 1281 1124 1338 Conditoris
1176 1281 1481 1336 humilitate
1517 1280 1743 1335 discedit
1794 1295 1808 1331 :
1855 1278 2058 1333 idcirco

476 1371 776 1442 talcsjusto
815 1371 911 1428 Dei
947 1372 1150 1441 judicio
1178 1372 1542 1436 obcaecantur,
1572 1378 1633 1425 ut
1667 1370 1732 1426 ad
1774 1370 1891 1440 ejus
1918 1383 2060 1438 pra:-

473 1470 634 1529 ccpta
655 1461 848 1538 durum
874 1470 929 1517 et
962 1461 1277 1517 insensibile
1300 1476 1396 1516 cor
1440 1460 1696 1515 habeant.
1729 1459 1881 1515 Unde
1903 1456 2057 1512 Psal-

474 1552 638 1610 misla
666 1568 680 1606 :
711 1552 1038 1622 Auferuntur
1071 1552 1280 1622 judicia
1312 1562 1404 1607 tua
1442 1569 1474 1605 a
1497 1552 1633 1622 facie
1660 1551 1774 1621 ejus
1803 1546 1973 1622 (Psal.
1996 1564 2056 1614 ι,

474 1640 552 1713 5).
585 1642 833 1709 Excteca,
867 1643 1045 1712 inquit
1076 1643 1266 1710 Isaias,
1324 1659 1420 1700 cor
1475 1643 1657 1714 populi
1706 1642 1884 1711 hujus,
1949 1656 2058 1711 quo

475 1742 669 1787 contra
701 1733 768 1789 de
794 1732 1089 1789 humilibus
1134 1733 1332 1789 dicitur
1361 1752 1373 1787 :
1401 1732 1598 1787 Beatus
1622 1732 1699 1786 vir
1724 1732 1812 1802 qui
1858 1747 2058 1801 semper

2156 555 2295 621 buit,
2340 555 2465 625 quia
2496 552 2749 609 videlicet
2798 564 2896 619 pro
2925 547 3157 604 veritate
3210 553 3441 601 mortem
3473 542 3716 605 incurrit,

2156 644 2259 700 iste
2308 643 2497 716 procul
2527 641 2690 698 dubio
2712 639 2988 695 Christum
3012 643 3190 707 negat,
3214 635 3304 705 qui
3331 647 3403 689 ne
3436 645 3719 702 personam

2154 732 2391 789 oﬁ‘endat
2417 732 2697 788 veritatem
2742 735 2902 784 tacet.
2926 725 3066 782 Ecce
3092 716 3213 796 p'ost
3241 724 3357 779 haec
3388 728 3519 776 ante
3543 718 3720 774 oculos

2153 825 2431 880 hominum
2458 821 2796 877 Christianus
2823 826 2929 881 est,
2970 815 3064 872 sed
3094 815 3139 870 si
3183 812 3431 869 districte
3455 809 3722 881 iudicetur

2155 926 2281 972 ante
2307 916 2500 981 Deum,
2522 912 2636 982 jam
2662 927 2770 967 non
2808 919 2911 966 est.
2938 907 3055 976 Quo
3100 906 3351 962 videlicet
3391 903 3537 959 libro
3563 900 3724 956 multa

2155 1006 2223 1060 de
2257 1003 2522 1059 ministris
2568 1001 2733 1057 etiam
2775 998 3032 1054 Ecclesia:
3072 996 3348 1059 dicuntur,
3384 1007 3487 1064 per
3524 1004 3647 1061 qua:
3671 997 3725 1045 et

2155 1096 2376 1152 Balaam
2408 1102 2463 1151 et
2494 1092 2713 1150 Jezahel
2757 1089 2955 1146 imitari
3001 1097 3057 1144 et
3104 1083 3425 1141 Antichristi
3471 1080 3727 1139 membris

2157 1190 2299 1246 uniri
2335 1186 2773 1258 comprobantur.

2229 1276 2371 1333 XIX.
2408 1275 2479 1332 Ut
2504 1283 2685 1329 autem
2710 1272 2777 1327 ad
2810 1269 3016 1341 aliquid
3046 1267 3151 1324 tale
3179 1267 3487 1330 veniamus,
3537 1265 3592 1320 in
3624 1277 3728 1336 quo

2157 1366 2431 1442 persimile
2453 1365 2655 1421 factum
2682 1376 2803 1417 esse
2831 1360 2965 1417 Cain
2995 1371 3255 1427 sequaces
3283 1354 3595 1411 evidentius
3621 1367 3730 1408 ms-

2158 1459 2500 1521 nifestentur,
2535 1453 2643 1515 ille,
2672 1460 2732 1508 ut
2752 1451 2954 1506 dictum
2976 1456 3080 1513 est,
3108 1453 3415 1502 monentem
3443 1444 3616 1499 Deum
3641 1457 3732 1497 au-

2159 1550 2275 1607 dire
2299 1548 2510 1605 noluit:
2538 1544 2624 1601 isti
2647 1556 2836 1599 servos
2861 1540 2978 1611 ejus
3002 1546 3058 1595 et
3081 1545 3320 1592 rectores
3354 1541 3732 1597 contemnunt,

2160 1643 2269 1698 imo
2303 1642 2479 1711 ipsum
2505 1652 2602 1709 per
2626 1635 2792 1706 ipsos,
2817 1633 2959 1688 sicut
2985 1631 3039 1685 in
3076 1629 3248 1701 ipsius
3278 1627 3463 1682 verbis
3489 1626 3731 1681 ostendi-

2160 1743 2271 1798 tur,
2316 1729 2584 1786 dicentis:
2616 1724 2721 1792 Qui
2768 1739 2858 1778 vos
2900 1721 3047 1777 audit
3102 1736 3184 1774 me
3220 1717 3388 1780 audit,
3419 1725 3469 1771 et
3523 1715 3614 1786 qui
3651 1731 3737 1769 ros

471 1831 550 1876 est
576 1822 794 1892 pavidus
829 1821 1011 1895 (Prov.
1044 1838 1239 1888 xxvnt,
1277 1822 1387 1895 Η).
1433 1822 1537 1877 Per
1569 1822 1709 1876 hanc
1751 1820 1933 1889 itaque
1957 1818 2055 1874 du-
2081 1816 2130 1876 B
2157 1822 2354 1896 spernit
2383 1836 2464 1874 me
2487 1817 2684 1889 spernit
2713 1814 2865 1887 (Luc.
2896 1828 2954 1879 ι,
2993 1811 3104 1880 16).
3140 1809 3243 1878 Qui
3283 1808 3451 1864 etiam
3495 1806 3731 1876 ejusdem

475 1912 655 1967 ritiam
682 1928 845 1984 quam
884 1914 1088 1969 idcirco
1132 1914 1438 1977 incurrunt,
1492 1912 1618 1982 quia
1663 1917 2056 1983 cognoscentes

476 2004 671 2073 Deum,
707 2021 816 2063 non
866 2005 1006 2061 sicut
1058 2004 1229 2061 Deum
1280 2003 1749 2075 gloriﬁcaverunt,
1804 2001 2058 2056 mandata

475 2094 593 2164 ejus
629 2096 967 2152 observando
999 2137 1015 2163 ,
1080 2096 1156 2151 ita
1206 2096 1578 2160 destruantur,
1634 2103 1693 2150 ut
1749 2093 2057 2149 amittanta

477 2185 644 2240 corde
683 2186 1067 2250 innocentiam,
1117 2184 1185 2240 ab
1209 2199 1304 2241 ore
1329 2184 1635 2249 veritatem,
1672 2184 1740 2237 ab
1791 2195 1953 2253 opere
1972 2180 2059 2251 ju-

478 2277 709 2344 stitiam,
748 2293 779 2332 a
833 2291 997 2334 carne
1046 2275 1454 2341 continentiam,
1496 2275 1563 2330 ab
1616 2272 1891 2328 intellectu
1934 2270 2059 2326 ﬁdei

477 2366 819 2438 religionem.
846 2365 986 2422 Deus
1015 2365 1158 2422 enim
1196 2364 1518 2436 dedignatur
1539 2379 1661 2419 cum
1690 2362 1940 2433 superbia
1964 2375 2060 2416 co-

478 2456 539 2512 li.
564 2457 719 2514 Unde
745 2466 801 2513 et
822 2457 876 2512 hi
920 2458 975 2513 in
1015 2458 1128 2513 suis
1161 2455 1519 2513 immunditiis
1556 2456 1754 2511 merito
1795 2454 2062 2526 superbia:

479 2548 688 2604 dimissi
721 2546 1003 2607 diabolicis
1025 2547 1369 2602 suasionibus
1404 2546 1478 2600 ita
1505 2543 1616 2599 falli
1651 2545 2059 2615 permittuntur,

478 2655 541 2701 ut
587 2647 749 2703 etiam
779 2644 844 2701 ad
874 2644 1156 2716 perﬁdiam
1200 2641 1525 2698 dilabantur.
1581 2640 1692 2696 Hos
1714 2639 1959 2695 defectus
1993 2638 2063 2693 ab

479 2737 685 2793 eisdem
725 2737 973 2808 malignis
1002 2735 1282 2805 spiritibus
1302 2733 1878 2803 sensimperstructos,
1920 2727 2065 2784 Psal-

483 2830 667 2896 mista,
716 2829 1094 2885 demonstrans
1122 2842 1190 2882 ex
1214 2840 1347 2882 voce
1388 2825 1780 2882 destruentium
1810 2823 2064 2878 Hierusa-

480 2921 609 2986 lem,
667 2921 745 2975 ait
795 2937 810 2974 :
868 2919 1175 2984 Exinanite,
1225 2918 1489 2973 exinanita
1534 2932 1694 2987 usque
1745 2914 1814 2969 ad
1866 2913 2065 2984 funda-

481 3020 714 3066 mentum
771 3010 946 3081 (Psal.
1000 3025 1239 3075 cum,
1271 2996 1372 3079 '7).
1438 3007 1872 3063 Fundamentum
1921 3006 2067 3062 enim

482 3109 569 3155 est
619 3100 771 3165 ﬁdes,
807 3101 935 3171 quia
975 3115 1138 3170 super
1186 3101 1328 3155 hanc
1364 3101 1507 3156 bona
1546 3113 1710 3168 opera
1743 3103 2066 3152 construun-

486 3199 595 3244 tur.
632 3188 926 3244 Perversos
954 3204 1085 3260 ergo
1116 3189 1339 3260 spiritus
1360 3188 1576 3243 virtutis
1598 3187 1873 3242 munimen
1900 3198 2070 3256 usque
2098 3161 2142 3224 (ἶ

487 3279 557 3333 ad
610 3277 1022 3334 fundamentum
1075 3279 1383 3334 exinanisse
1436 3286 1770 3343 est,everso
1792 3277 1931 3332 bene
1992 3275 2072 3330 vi-

488 3369 650 3425 vendi
673 3384 860 3440 opere,
886 3370 1053 3424 etiam
1095 3384 1127 3424 a
1156 3369 1410 3425 cordibus
1439 3369 1721 3424 hominum
1751 3367 1922 3422 robur
1944 3366 2069 3422 ﬁdei

488 3462 799 3531 dissipasse.
818 3460 958 3517 Hinc
977 3460 1241 3517 Jeremias
1256 3475 1270 3515 :
1286 3459 1761 3531 Constupraverunt
1786 3469 1854 3525 te,
1878 3458 2072 3528 inquit,

491 3568 653 3619 usque
680 3551 749 3604 ad
796 3551 1034 3605 verticem
1064 3550 1197 3621 (Jer.
1224 3567 1284 3615 II,
1324 3549 1400 3619 6),
1432 3550 1536 3605 hoc
1565 3558 1648 3604 est
1675 3550 1745 3604 ab
1781 3548 2073 3614 exteriori-

490 3641 855 3706 bus-actibus,
888 3641 1044 3711 quasi
1090 3642 1160 3695 ab
1206 3639 1553 3696 inferioribus
1591 3640 1871 3705 membris,
1903 3653 2075 3709 usque

488 3737 556 3791 ad
580 3735 954 3791 celsitudinem
987 3734 1128 3798 ﬁdei,
1153 3750 1273 3805 quae
1302 3743 1385 3790 est
1429 3735 1596 3791 totius
1634 3734 1851 3789 virtutis
1879 3732 2076 3788 funda-

491 3835 759 3891 mentum,
783 3826 1071 3896 polluendo
1101 3835 1483 3896 pervenerunt.

560 3916 745 3972 XVIII.
776 3917 988 3987 Quique
1023 3916 1158 3972 tales
1206 3917 1345 3973 forte
1390 3931 1497 3972 non
1542 3916 1819 3987 patientur
1862 3914 2072 3980 audire,

490 4010 635 4080 quod
660 4009 821 4065 ﬁdem
848 4009 1221 4079 perdiderunt.
1252 4008 1358 4064 Sed
1390 4008 1634 4078 nunquid
1678 4007 1839 4063 ﬁdem
1870 4006 2075 4061 habere

489 4101 702 4157 dicendi
726 4108 875 4166 sunt,
913 4101 1003 4171 qui
1031 4100 1307 4170 proximos
1344 4098 1782 4169 persequuntur?
1810 4111 1933 4152 cum
1978 4097 2074 4151 do-

489 4205 611 4250 ctor
641 4195 879 4266 gentium
903 4194 1051 4249 dicat
1081 4211 1093 4246 :
1122 4192 1225 4259 Qui
1248 4191 1459 4263 negligit
1486 4206 1668 4245 curam
1692 4189 2073 4259 proximorum,

490 4286 648 4355 ﬁdem
677 4287 877 4356 negavit
904 4284 956 4354 (Ι
984 4284 1120 4338 Tim.
1153 4299 1208 4349 ν,
1239 4284 1313 4355 8).
1347 4283 1415 4337 Ει
1449 4292 1595 4337 certe
1640 4279 1797 4351 pejus
1815 4286 1898 4334 est
1961 4275 2076 4331 fra-

492 4387 606 4431 tres
627 4377 954 4447 opprimere,
976 4390 1139 4445 quam
1164 4389 1353 4429 eorum
1377 4387 1563 4429 curam
1587 4370 1879 4441 negligere.
1897 4367 2073 4423 Judex

489 4484 708 4539 quoque
750 4469 1030 4523 hominum
1074 4467 1343 4536 quomodo
1390 4464 1701 4535 reprobabit
1740 4476 1835 4517 eos
1886 4461 1978 4530 qui
2011 4467 2072 4515 ut

490 4560 719 4614 canibus
739 4560 825 4614 vel
846 4559 1002 4628 equis
1022 4557 1170 4614 cibos
1190 4563 1579 4627 praepararent,
1597 4554 1798 4610 victum
1820 4552 2077 4623 pauperis

489 4664 591 4719 per
621 4649 873 4704 sudorem
901 4649 1226 4719 acquisitum
1256 4646 1541 4712 auferunt;
1574 4645 1619 4700 si
1667 4644 1790 4714 illos
1832 4643 1886 4698 in
1918 4651 2076 4698 reter-

490 4756 622 4795 num
666 4740 846 4811 ignem
892 4740 1160 4812 projiciet,
1207 4739 1301 4808 qui
1350 4739 1677 4793 esurientem
1721 4752 1827 4791 nou
1857 4735 2077 4792 cibant?

492 4826 630 4887 Nam
660 4842 713 4888 et
756 4840 910 4901 pater
939 4832 1270 4903 Augustinus
1298 4831 1351 4885 in
1382 4829 1620 4899 Epistola
1648 4829 1821 4883 sancti
1856 4826 2080 4882 Joannis

494 4922 934 4979 dicit:Christus
962 4929 1187 4993 prepter
1232 4921 1403 4976 solam
1450 4919 1773 4975 charitatcm
1823 4918 1876 4972 in
1914 4930 2079 4972 carne

492 5013 791 5058 venitemii
846 5027 975 5058 rerum
1028 5011 1350 5058 eharilatem
1401 5027 1507 5058 nnn
1555 5010 1743 5058 habet.
1793 5008 2071 5058 Christum

2100 4513 2153 4572 D

2160 1894 2465 1969 rectoribus
2491 1911 2813 1977 potestatem
2842 1899 3039 1971 ligandi
3071 1907 3233 1968 atque
3252 1894 3498 1952 solvendi
3528 1894 3585 1948 in
3616 1907 3735 1962 per-

2161 2017 2294 2060 sona
2320 1999 2466 2056 beati
2495 1996 2642 2053 Petri
2668 1992 2958 2058 concessit,
2988 2003 3150 2060 quam
3182 1986 3258 2041 ita
3302 1982 3652 2041 conﬁrmavit
3679 1990 3735 2036 at

2161 2094 2297 2150 alias
2322 2092 2529 2147 diceret
2578 2106 2591 2142 :
2619 2086 2697 2141 De
2726 2084 2868 2139 omni
2901 2097 2957 2136 re
3006 2093 3313 2152 quacunque
3353 2075 3468 2129 duo
3503 2090 3571 2129 ea:
3602 2072 3736 2127 rosis

2161 2183 2515 2241 consenserint
2568 2194 2722 2249 super
2773 2185 3007 2238 terram,
3053 2173 3144 2241 [iet
3175 2169 3282 2224 illis
3325 2184 3360 2221 a
3411 2165 3582 2220 Putne
3631 2180 3736 2218 meo

2162 2274 2378 2346 (Matth.
2406 2286 2564 2337 xvru,
2585 2268 2693 2339 l9).
2719 2265 2826 2321 Sed
2854 2264 2924 2320 ob
2957 2263 3060 2318 hoc
3080 2260 3218 2315 forte
3258 2256 3346 2313 vel
3372 2253 3737 2312 excommuni-

2163 2364 2405 2421 cationes
2436 2367 2739 2430 pastorum,
2767 2368 2906 2425 quas
2942 2352 3009 2406 ad
3050 2346 3503 2419 compescendam
3550 2357 3739 2414 pravo-

2162 2469 2283 2510 rum
2310 2452 2573 2508 malitiam
2620 2446 2905 2510 adhibent,
2950 2441 3037 2498 vel
3070 2438 3469 2495 admonitiones
3498 2442 3737 2489 contem-

2164 2551 2323 2609 nunt,
2348 2541 2475 2613 quia
2504 2539 2670 2593 vitam
2695 2535 2907 2591 illorum
2935 2528 3341 2603 reprehendunt
3371 2544 3385 2580 :
3414 2524 3562 2595 quod
3591 2524 3737 2595 equi-

2164 2634 2287 2690 dem
2309 2633 2499 2703 ingens
2514 2626 2831 2684 scandalum
2850 2622 3155 2693 quibusque
3177 2616 3493 2674 illuserihus
3519 2616 3734 2684 praebet.

2165 2726 2271 2782 Sed
2288 2737 2472 2795 pastor
2484 2732 2536 2778 et
2548 2721 2831 2791 episcopus
2846 2715 3147 2770 animarum
3170 2720 3484 2767 nostrarum
3498 2708 3740 2765 Christus

2166 2834 2273 2875 non
2300 2826 2385 2874 est
2404 2810 2850 2874 contenmendus,
2874 2807 2966 2878 qui
2987 2807 3040 2861 in
3060 2805 3148 2861 his
3175 2803 3493 2881 auditur,et
3510 2807 3739 2855 contem-

2166 2910 2334 2973 nitur,
2372 2905 2463 2975 qui
2484 2904 2625 2960 sicut
2649 2899 2942 2972 praesciens
2969 2897 3276 2951 futurorum
3302 2892 3435 2947 huic
3454 2885 3742 2945 temeritati

2166 3006 2596 3068 contempturum
2621 2991 2801 3047 obviat
2827 2989 3045 3044 dicens:
3064 2986 3404 3055 Qutecunque
3414 2980 3644 3037 dixerint
3657 2992 3749 3031 ro-

2172 3091 2269 3155 bis,
2293 3095 2491 3143 servate
2512 3093 2557 3139 et
2581 3083 2738 3154 facite
2754 3079 2968 3152 (Matth.
2984 3093 3140 3145 χχιιι,
3167 3075 3402 3148 '5).Etut
3428 3074 3537 3128 hoc
3556 3068 3741 3125 infera-

2175 3193 2294 3235 mus
2305 3218 2319 3243 ,
2333 3176 2456 3246 quis
2470 3172 2618 3245 pejor
2637 3186 2801 3242 quam
2815 3169 3071 3238 Caiphas,
3084 3167 3175 3238 qui
3188 3166 3254 3221 de
3269 3163 3492 3220 Christo
3521 3159 3743 3232 prophe-

2176 3266 2341 3324 tavit?
2355 3264 2574 3320 Scilicet
2594 3261 2685 3331 qui
2710 3258 3049 3331 prophetiam
3072 3256 3213 3312 unde
3231 3252 3517 3318 meruerit,
3533 3258 3743 3307 sanctus

2174 3356 2503 3430 evangelista
2521 3360 2826 3410 monstrare
2846 3350 3071 3415 studuit,
3087 3349 3301 3403 dicens:
3318 3344 3453 3399 Cum
3476 3351 3609 3399 esset
3625 3358 3741 3412 pon-

2174 3453 2325 3523 tifex,
2349 3446 2668 3521 prophetarit
2683 3444 2733 3515 (J
2743 3460 2864 3497 oan.
2883 3458 2958 3508 χι,
2977 3441 3037 3496 5i
3050 3440 3090 3511 ).
3109 3439 3239 3495 Saul
3256 3453 3348 3493 rex
3371 3436 3572 3506 impius
3594 3442 3647 3487 et
3664 3447 3742 3486 re-

2173 3543 2407 3612 probus,
2447 3552 2567 3594 cum
2604 3537 2931 3605 praeciperet
2964 3547 3035 3586 ne
3066 3530 3186 3599 quis
3225 3528 3397 3583 donec
3425 3533 3572 3580 esset
3600 3536 3737 3578 com-

2175 3610 2350 3701 plecta
2377 3627 2605 3684 victoria
2629 3623 2986 3688 comedisset,
3012 3619 3274 3676 Jonathas
3304 3617 3469 3671 etiam
3493 3610 3742 3682 jussionis

2174 3722 2394 3778 nescius
2444 3717 2718 3789 paululum
2774 3713 2951 3770 mellis
3003 3718 3304 3785 gustasset,
3357 3722 3485 3763 mox
3539 3705 3741 3760 divinus

2176 3812 2333 3866 favor
2371 3811 2444 3865 ita
2485 3808 2797 3874 subtractus
2832 3811 2948 3869 est,
2980 3811 3042 3857 ut
3068 3799 3295 3855 victoria
3329 3796 3550 3869 penitus
3582 3794 3742 3849 inter-

2162 3909 2504 3963 mitteretur.
2536 3904 2708 3972 Quam
2742 3900 3167 3973 indignationem
3196 3912 3350 3954 suam
3379 3896 3587 3953 idcirco
3611 3892 3741 3947 Deus

2175 4011 2305 4057 tunc
2341 3999 2520 4071 palam
2561 3998 2717 4061 fecit,
2759 4002 2817 4051 ut
2849 4003 3184 4065 quantopere
3219 3990 3275 4046 in
3312 3996 3630 4058 contemptu
3660 3997 3741 4039 re-

2175 4103 2386 4151 ctorum
2444 4089 2770 4155 offendatur,
2825 4087 3081 4156 deinceps
3135 4098 3234 4153 per
3290 4093 3455 4137 omne
3497 4074 3740 4134 mulum

2176 4182 2401 4254 intelligi
2433 4188 2634 4251 posset.
2666 4177 2804 4233 Nam
2833 4186 2889 4232 et
2916 4174 3083 4231 Judas
3115 4171 3362 4244 proditor
3390 4184 3516 4224 cum
3546 4164 3743 4223 caneris

2177 4272 2381 4329 Christi
2416 4268 2694 4340 discipulis
2726 4265 2989 4322 daemonia
3029 4262 3283 4333 lugebat,
3318 4260 3465 4331 quod
3514 4259 3572 4313 in
3620 4256 3742 4311 lliro

2178 4360 2527 4433 epistularum
2554 4357 2726 4414 sancti
2751 4354 3035 4426 Gregorii,
3063 4361 3118 4407 et
3146 4352 3198 4406 in
3223 4362 3478 4405 sermone
3502 4347 3572 4403 de
3596 4358 3744 4401 cruce

2178 4450 2352 4506 sancti
2380 4448 2604 4505 Joannis
2632 4442 3000 4516 Chrysostomi
3033 4440 3367 4512 perhibetur.
3418 4436 3592 4508 Igitur
3632 4433 3741 4489 Cai-

2180 4542 2315 4612 phas
2348 4547 2569 4611 propter
2601 4534 2946 4607 pontiﬁcatus
2981 4533 3242 4587 honorem
3282 4525 3667 4599 prophetavit;
3700 4530 3744 4576 et

2181 4632 2327 4688 illam
2362 4629 2542 4686 Saulis
2589 4626 2888 4697 iussionem
2927 4623 2994 4677 ah
3032 4622 3315 4693 ignorante
3348 4618 3479 4672 licet
3515 4624 3740 4671 contem—

2183 4733 2330 4794 ptam
2370 4721 2505 4776 adeo
2543 4716 2873 4779 vindicavit,
2911 4720 2971 4766 ut
3003 4709 3264 4767 Jonathas
3299 4707 3498 4762 mortis
3544 4711 3744 4759 sentcn-

2185 4792 2314 4870 tiam
2346 4815 2683 4874 incurreret,
2716 4806 2818 4862 nisi
2849 4804 3016 4859 totius
3046 4799 3227 4873 p0puli
3258 4796 3590 4852 auctoritate
3622 4792 3740 4847 libe-

2182 4918 2417 4965 raretur.
2467 4906 2749 4960 Daemones
2793 4900 2862 4956 ob
2911 4896 3270 4954 reverentiam
3320 4892 3495 4950 divini
3530 4886 3742 4946 nominis

2182 4999 2251 5054 ab
2282 4998 2399 5058 ipso
2428 5009 2528 5051 suo
2559 4992 2822 5058 complice
2853 4988 3196 5058 fugahantur.
3225 4984 3361 5041 Cum
3389 4996 3525 5038 vero
3556 4981 3655 5036 ista
3681 4978 3742 5032 ita
