3934 5400
153 331 259 391 533

155 537 292 602 diti,
331 551 467 607 quos
516 534 676 590 modo
720 534 967 603 magistri
1005 532 1277 588 discutere
1310 531 1395 588 vel
1430 531 1742 601 negligant,

156 630 245 684 vel
305 645 411 684 non
447 635 698 696 possunt,
739 625 856 694 ejus
894 626 1081 696 procul
1125 627 1288 682 dubio
1319 624 1526 696 judicio
1564 638 1745 678 reser-

159 730 378 776 ventur.
416 719 548 773 Nam
589 718 845 789 praelatos
873 733 902 772 a
933 734 992 773 se
1030 719 1146 774 solo
1172 717 1502 785 judicandos
1535 715 1744 781 innuit,

156 826 284 863 eum
349 809 640 864 cathedras
697 807 1048 863 vendentium
1101 807 1380 862 columbas
1426 821 1524 860 sua
1583 820 1746 860 manu

157 901 379 955 evertit.
411 899 468 954 Si
502 910 684 954 autem
707 908 951 956 rectores
974 901 1087 955 nati
1121 909 1278 966 sunt,
1305 899 1509 955 subditi
1538 899 1748 969 seipsos

161 1003 376 1046 tantum
427 1001 627 1046 etnon
685 991 807 1047 illos
856 999 1148 1057 accusent,
1195 991 1322 1060 quia
1370 998 1520 1046 certe
1557 1005 1748 1044 eorum

159 1083 319 1153 culpa
348 1092 431 1138 est
453 1083 597 1152 quod
624 1082 824 1138 talibus
849 1084 1228 1154 subjiciuntur.
1256 1082 1528 1152 Scriptum
1554 1081 1751 1151 quippe

157 1181 248 1225 est
281 1190 294 1225 :
326 1171 471 1225 Dabo
503 1173 598 1225 tibi
628 1189 769 1243 reges
797 1173 850 1226 in
879 1172 1059 1241 furore
1095 1190 1207 1227 meo
1235 1172 1253 1242 (
1277 1171 1399 1226 Οδε.
1458 1188 1588 1236 xut,
1625 1172 1681 1224 ll
1707 1186 1750 1242 ).

159 1260 229 1315 Et
259 1260 395 1314 item
432 1279 446 1314 :
488 1261 728 1332 Regnare
770 1263 899 1331 facit
941 1264 1081 1318 Deus
1117 1264 1378 1317 hominem
1416 1263 1749 1333 hypocritam

157 1363 380 1422 propter
420 1363 646 1421 peccata
693 1354 876 1424 populi
928 1354 1067 1424 (Job
1128 1371 1313 1419 xxxrv,
1343 1354 1480 1424 50).
1536 1353 1592 1408 Si
1625 1368 1756 1423 ergo

162 1444 442 1499 irascente
470 1445 581 1500 Deo
607 1445 904 1500 secundum
932 1447 1126 1502 merita
1157 1457 1398 1502 rectores
1425 1446 1754 1516 accipimus,

162 1533 221 1585 in
257 1532 476 1587 illorum
508 1535 723 1591 actione
777 1537 1082 1607 colligimus
1123 1538 1253 1608 quid
1280 1552 1346 1591 ex
1379 1546 1565 1592 nostra
1609 1538 1758 1591 aesti-

162 1623 411 1678 matione
444 1637 736 1692 pensemus
757 1665 771 1690 ,
801 1625 888 1679 vel
916 1624 1070 1694 cujus
1101 1626 1278 1681 meriti
1309 1626 1496 1680 simus.
1540 1624 1598 1679 Si
1628 1639 1757 1695 ergo

163 1713 564 1784 magistrorum
613 1715 722 1769 vita
769 1714 893 1784 jure
945 1716 1382 1786 reprehenditur,
1436 1723 1650 1785 oportet
1699 1723 1759 1767 ut

164 1817 270 1858 eos
319 1804 524 1858 subditi
569 1804 869 1871 sull‘erant,
905 1806 1067 1860 etiam
1117 1821 1240 1860 cum
1294 1805 1595 1874 displicent.
1652 1804 1758 1860 Sed
1788 1789 1837 1849 Β

166 1896 280 1951 hoc
311 1903 396 1950 est
430 1895 662 1952 solerter
692 1897 1046 1962 intuendum,
1078 1913 1144 1952 ne
1182 1907 1278 1952 aut
1314 1912 1474 1968 quem
1506 1897 1759 1952 venerari

168 2002 404 2042 necesse
452 1996 567 2052 est,
624 1987 825 2042 imitari
877 1997 1137 2058 appetas,
1198 1997 1291 2042 aut
1341 2003 1500 2057 quem
1557 1986 1760 2040 imitari

164 2079 446 2147 despicis,
499 2079 748 2133 venerari
799 2089 1133 2136 contemnas.
1183 2080 1405 2135 Subtilis
1436 2079 1634 2134 etenim
1673 2078 1761 2132 via

166 2168 409 2221 tenenda
441 2176 524 2222 est
553 2167 893 2224 rectitudinis
918 2179 966 2224 et
1001 2171 1358 2234 humilitatis,
1389 2177 1446 2223 ut
1472 2169 1764 2239 reprehen-

166 2256 354 2311 sibilia
424 2257 808 2328 magistrorum
879 2259 1022 2313 facta
1082 2259 1434 2329 displiceant,
1498 2269 1764 2328 quatenus

167 2363 335 2402 mens
365 2348 705 2404 subditorum
743 2364 772 2402 a
810 2351 1076 2405 servanda
1116 2351 1414 2420 magisterii
1458 2349 1762 2404 reverentia

168 2453 286 2492 non
321 2439 561 2494 recedat.
598 2439 768 2494 Debet
799 2449 976 2494 tamen
1011 2455 1038 2493 a
1068 2439 1299 2494 subditis
1336 2439 1615 2494 humiliter
1642 2453 1764 2508 sug-

168 2531 330 2601 geri,
364 2531 408 2585 si
441 2530 580 2587 forte
605 2533 782 2588 valeat
809 2533 863 2587 iu
895 2534 1133 2604 prmlatis
1161 2535 1303 2604 quod
1326 2533 1567 2604 displicet
1590 2549 1767 2589 emen-

173 2625 322 2679 dari.
361 2624 427 2678 Et
467 2624 639 2680 libere
668 2639 797 2695 ergo
829 2625 1059 2680 dicenda
1095 2634 1220 2680 sunt
1249 2640 1368 2695 qua:
1393 2625 1677 2686 sentimus.
1713 2633 1768 2678 et

171 2714 338 2768 valde
371 2714 650 2769 humiliter
679 2714 977 2784 promenda
1005 2731 1126 2784 qua:
1150 2715 1409 2779 dicimus,
1452 2729 1518 2770 ne
1555 2724 1608 2769 et
1647 2730 1767 2784 quae

176 2816 334 2861 recta
365 2805 701 2861 intendimus
726 2847 740 2870 ,
771 2807 884 2860 haec
912 2805 1054 2862 elate
1084 2807 1442 2876 proferendo,
1475 2823 1582 2862 nou
1621 2816 1768 2862 recte

174 2896 469 2954 faciamus.
500 2898 654 2966 Quod
680 2899 826 2954 enim
857 2901 1101 2970 magistri
1131 2916 1160 2954 a
1187 2899 1418 2956 subditis
1448 2900 1770 2970 reprehendi

175 3003 294 3042 nou
317 2988 584 3054 debeant,
608 2990 744 3044 bene
768 2989 940 3044 bobus
961 2989 1371 3044 calcitrautibus
1397 2989 1655 3043 inclinata
1679 2989 1768 3042 illa

175 3081 536 3147 testamenti,
584 3097 705 3151 qua:
733 3091 974 3136 rectores
1001 3081 1306 3151 signiﬁcat,
1339 3095 1466 3136 arca
1491 3080 1764 3150 ﬁguravit.

173 3171 360 3236 Quam
391 3173 518 3240 quia
545 3187 794 3227 casuram
825 3174 1052 3229 credens
1076 3173 1185 3229 Oza
1217 3174 1406 3229 levites
1433 3174 1645 3243 erigere
1673 3187 1772 3228 no-

175 3260 320 3324 luit,
357 3276 481 3315 mox
532 3263 857 3316 sententiam
906 3263 1098 3318 mortis
1143 3263 1382 3332 accepit,
1435 3263 1488 3316 in
1543 3263 1774 3317 humero

174 3365 514 3421 percussus,
552 3368 658 3421 quo
693 3368 755 3408 ex
813 3363 1081 3423 przecepto
1135 3353 1270 3422 legis
1317 3369 1436 3408 eam
1492 3352 1633 3408 ferre
1682 3354 1774 3409 de-

174 3441 384 3496 buerat
406 3457 420 3496 :
446 3444 574 3512 quia
608 3445 865 3500 nimirqu
893 3447 1018 3501 dum
1048 3446 1248 3501 subditi
1279 3454 1469 3502 contra
1499 3447 1770 3516 praelatos,

175 3549 424 3602 quorum
463 3534 688 3604 imperia
727 3535 871 3592 ferre
909 3537 1242 3602 debuerant,
1276 3553 1496 3592 manum
1537 3538 1776 3593 submis-

177 3623 362 3677 sionis
391 3623 614 3679 mittunt
641 3665 654 3690 ,
683 3643 711 3679 a
738 3636 884 3682 sorte
919 3629 1211 3684 viventium
1249 3632 1629 3701 reprobantur.

262 3710 406 3766 XXI.
432 3712 686 3768 Christus
710 3715 971 3784 baptizat.
995 3718 1136 3773 sicut
1155 3720 1298 3774 Deus
1329 3705 1489 3774 Pater
1518 3720 1777 3790 Baptislze

177 3799 415 3858 Joannis
441 3811 676 3857 testatur
698 3804 918 3861 dicens:
945 3806 1112 3877 Super
1131 3825 1281 3878 quem
1306 3810 1495 3863 videris
1519 3808 1776 3877 Spiritum

179 3894 589 3950 descendentem
606 3935 620 3960 ,
647 3895 731 3948 hic
758 3907 832 3950 est
855 3899 944 3967 qui
972 3897 1203 3968 baptizat
1235 3899 1418 3971 (Joan.
1445 3916 1492 3963 l,
1515 3901 1626 3972 53).
1653 3900 1770 3957 Non

177 4001 324 4057 ergo
351 3986 548 4041 melior
581 3996 668 4042 est
687 3987 988 4057 baptismus
1009 4004 1107 4058 per
1130 4005 1322 4046 manus
1348 3989 1636 4059 cujuslibet
1659 4007 1780 4047 san-

181 4078 268 4132 cti
309 4078 568 4144 hominis,
605 4095 768 4149 quam
812 4096 911 4150 per
939 4097 1132 4138 manus
1160 4083 1484 4152 peccatoris,
1521 4085 1779 4153 quoniam

182 4168 592 4240 qualiscunque
622 4171 927 4240 baptizator
954 4172 1061 4237 sit,
1093 4171 1249 4227 Jesus
1276 4182 1359 4227 est
1395 4174 1485 4242 qui
1517 4173 1774 4242 baptizat.

185 4260 291 4314 Sic
312 4269 367 4316 et
390 4261 459 4317 de
484 4262 787 4318 ministerio
800 4264 972 4318 sancti
991 4265 1180 4320 altaris
1199 4267 1358 4320 debet
1382 4265 1628 4336 intelligi,
1653 4267 1779 4334 quia

183 4350 407 4405 scilicet
435 4359 493 4407 et
516 4367 612 4422 per
642 4369 834 4408 manus
858 4363 952 4407 aut
973 4353 1103 4422 justi
1135 4366 1230 4408 aut
1257 4354 1438 4423 injusti
1469 4357 1776 4412 sacerdotis

182 4441 530 4497 oblationem
557 4454 840 4498 consecrat
867 4443 980 4513 ipse
1001 4443 1271 4509 Christus,
1298 4454 1352 4499 et
1379 4447 1517 4500 sicut
1545 4445 1780 4502 Joannes

186 4533 253 4588 in
281 4534 514 4589 homelia
540 4535 605 4588 de
648 4536 950 4604 proditione
991 4537 1142 4592 Juda:
1180 4538 1435 4593 disseruit
1481 4554 1624 4592 nunc
1671 4539 1786 4608 ipse

186 4625 450 4682 Christus
493 4637 691 4696 praesto
721 4637 824 4692 est,
875 4637 930 4683 et
983 4644 1088 4683 nou
1132 4629 1246 4698 ipse
1295 4630 1548 4683 sacerdos
1584 4645 1786 4698 corpus

187 4716 406 4772 Christi
458 4726 768 4782 consecrat,
820 4719 916 4773 sed
966 4719 1082 4790 ipse
1135 4719 1385 4776 Christus
1434 4736 1531 4791 per
1585 4722 1782 4790 ipsum.

193 4807 336 4863 Nam
369 4810 512 4865 sicut
540 4824 643 4866 vox
668 4808 764 4864 Dei
797 4810 847 4864 in
877 4811 1173 4881 primordio
1203 4813 1386 4868 mundi
1416 4813 1583 4867 semel
1601 4813 1784 4882 jussit,

192 4910 265 4954 ut
291 4909 434 4957 terra
465 4918 566 4971 per
595 4903 840 4972 singulos
880 4919 1051 4960 annos
1096 4905 1333 4961 fructum
1381 4905 1591 4972 afferat,
1619 4918 1673 4962 et
1698 4907 1786 4962 illa

194 5005 420 5059 semper
467 4991 631 5047 habet
681 4991 932 5046 ell‘ectum
984 4994 1052 5048 ad
1101 4995 1539 5066 generationem;
1599 4997 1680 5052 sic
1732 5007 1791 5052 et

195 5082 394 5137 eadem
442 5097 547 5136 vox
595 5083 831 5138 hominis
877 5082 1006 5140 Jesu
1058 5087 1224 5142 semel
1267 5087 1484 5156 quidem
1530 5087 1582 5140 in
1633 5103 1786 5143 ctena

193 5175 342 5230 dixit
372 5195 385 5230 :
416 5175 534 5232 Hoc
559 5185 639 5232 est
665 5191 868 5246 corpus
897 5194 1100 5246 meum,
1122 5191 1176 5237 et
1206 5183 1307 5236 hoc
1343 5178 1504 5234 facite
1529 5179 1581 5233 in
1612 5195 1788 5234 meam

1151 319 1640 382 (20LLATIONUM
1675 311 1854 372 ιηξῐιι
1898 311 2326 368 TRES.—LIB.
2366 312 2407 366 l.
3315 309 3423 366 555

154 447 302 503 facta
340 445 622 502 examinat
650 445 1058 516 magistrorum.
1104 445 1364 512 Quamvis
1411 443 1575 498 etiam
1618 440 1742 493 sub-
1773 432 1824 492 Α
1851 435 2422 488 commemorationem
2470 451 2481 487 :

2528 435 2620 489 sed
2669 437 2863 500 donec,
2895 444 2956 490 ut
2997 436 3072 490 ait
3111 437 3423 507 Apostolus,

1853 526 1968 597 ipse
2008 526 2189 580 veniat
2238 527 2304 580 ad
2343 526 2695 596 judicandum
2727 526 3068 584 efficientiam
3119 531 3286 600 ipsius
3325 535 3427 599 rei,

1850 634 1953 672 vox
1998 617 2098 672 ista
2129 632 2226 686 per
2249 632 2466 671 omnem
2495 617 2793 672 Ecclesiam
2818 620 3094 690 adimplet.
3119 622 3182 676 Et
3208 624 3428 692 quidem

1850 709 1964 764 ﬁeri
1989 717 2164 780 potest
2183 718 2241 763 ut
2265 709 2310 764 is
2336 709 2426 778 qui
2447 721 2748 776 consecrat,
2767 711 2903 766 alter
2924 711 3088 768 Judas
3118 715 3207 779 sit,
3224 717 3307 770 cui
3335 733 3431 771 rex

1851 802 1996 857 dicat
2017 821 2028 855 :
2049 802 2244 866 Amice,
2259 803 2516 874 quomodo
2532 804 2633 857 huc
2649 805 2897 858 intrasti?
2918 804 3131 876 (Matth.
3156 823 3290 869 xxu,
3317 809 3428 873 12.)

1849 891 1900 947 is
1942 899 2121 947 tamen
2172 892 2264 962 qui
2315 907 2420 946 non
2465 893 2728 947 mentitur
2765 893 2927 949 faciet
2971 897 3113 964 quod
3163 897 3430 965 promisit.

1853 981 1991 1036 llinc
2019 982 2199 1050 itaque
2229 997 2294 1036 ex
2341 982 2562 1051 obliquo
2589 983 2958 1052 unusquisque
2989 984 3272 1054 intelligat,
3306 986 3435 1054 quia

1852 1073 1933 1128 vis
1982 1083 2036 1128 et
2105 1074 2314 1142 pondus
2381 1073 2978 1139 excommunicationis,
3031 1084 3127 1128 aut
3193 1076 3436 1130 admoni-

1857 1165 2018 1219 tionis
2061 1164 2292 1234 pondus,
2342 1179 2437 1234 per
2487 1164 2920 1234 qualemcunque
2977 1179 3264 1234 personam
3320 1166 3436 1232 ﬁat,

1853 1269 1921 1308 ex
1951 1256 2040 1310 Det
2072 1254 2356 1323 majestate
2396 1263 2675 1324 pensetur,
2718 1253 2873 1323 cujus
2919 1255 3249 1310 auctoritate
3274 1256 3438 1326 depo-

1856 1347 2022 1401 nitur.

1928 1437 2093 1492 XXII.
2137 1437 2430 1507 Spiritalis,
2472 1436 2627 1505 juxta
2677 1438 3018 1509 Apostolum,
3069 1439 3251 1494 omnia
3299 1438 3442 1508 diju-

1859 1533 2024 1597 dicat,
2071 1533 2166 1587 sed
2209 1533 2461 1589 animalis
2509 1535 2670 1590 homo
2713 1550 2820 1589 non
2873 1537 3103 1607 percipit
3152 1537 3441 1607 spiritalia.

1861 1625 2205 1694 Quapropter
2237 1633 2291 1678 et
2338 1624 2428 1679 isti
2459 1625 2590 1679 nihil
2617 1627 2914 1681 secundum
2948 1627 3102 1682 ﬁdem
3129 1627 3441 1691 metientes,

1859 1732 1960 1786 pro
2006 1733 2072 1773 eo
2126 1717 2270 1787 quod
2322 1724 2664 1786 contemptus
2704 1732 2889 1772 eorum
2942 1734 3048 1774 non
3103 1721 3286 1774 statim
3347 1734 3445 1790 per

1865 1807 2082 1878 aliquod
2123 1807 2426 1863 manifestae
2457 1807 2681 1864 ultionis
2709 1810 2921 1878 signum
2959 1811 3320 1881 redarguitur,
3350 1824 3445 1864 ne-

1864 1898 2073 1970 gligunt
2125 1898 2364 1953 futurum
2420 1913 2649 1954 examen
2698 1901 3144 1964 contretniscere,
3177 1902 3321 1969 quod
3375 1901 3444 1954 ad

1861 2001 2101 2056 praesens
2125 2003 2231 2042 non
2271 1988 2646 2057 experiuntur,
2677 1997 2731 2045 et
2776 1989 2980 2044 idcirco
3017 1989 3082 2043 ad
3111 1991 3447 2059 peccandum

1863 2088 1990 2133 sunt
2043 2079 2382 2148 przecipites,
2433 2081 2499 2134 ad
2559 2082 2941 2150 corrigendum
2996 2097 3128 2137 vero
3182 2081 3447 2138 diﬂiciles.

1865 2169 2020 2225 Unde
2044 2169 2307 2239 scriptum
2338 2179 2440 2234 est,
2467 2171 2594 2238 quia
2626 2180 2849 2241 propter
2878 2174 2982 2227 hoc
3020 2173 3452 2242 multiplicantur

1865 2258 2007 2312 mala
2057 2258 2110 2311 in
2153 2267 2322 2320 terra,
2350 2259 2494 2326 quod
2543 2274 2650 2313 non
2699 2261 2809 2314 cito
2858 2261 3137 2331 profertur
3177 2264 3450 2318 sententia

1867 2359 2057 2405 contra
2110 2349 2506 2420 delinquentes.
2541 2349 2610 2404 Et
2657 2361 2806 2406 certe
2857 2359 2986 2406 tunc
3023 2351 3204 2421 pejore
3247 2353 3453 2408 ultione

1867 2440 2229 2504 damnantur,
2257 2455 2382 2495 cum
2434 2441 2514 2494 eis
2561 2439 2704 2494 nulla
2749 2442 3081 2498 adversitate
3132 2443 3449 2498 resistitur:

1867 2532 1993 2600 quia
2016 2529 2266 2586 videlicet
2290 2538 2349 2584 ut
2374 2531 2430 2585 in
2456 2529 2741 2586 Moralium
2781 2533 2922 2588 libro
2947 2549 3076 2588 xxv:
3108 2533 3330 2602 dicitur,
3359 2549 3454 2590 eos

1869 2621 2013 2677 Deus
2051 2623 2116 2676 ad
2165 2622 2485 2692 supplicium
2541 2632 2805 2678 aeternum
2852 2634 3124 2690 reservat,
3171 2640 3309 2694 quos
3360 2640 3457 2695 per

1872 2711 2196 2781 temporales
2241 2709 2559 2768 alllictioues
2589 2729 2620 2768 a
2663 2715 2776 2769 suis
2817 2715 3172 2782 pravitatibus
3220 2731 3326 2770 non
3369 2731 3454 2770 re-

1871 2802 2068 2856 frenat.
2108 2801 2244 2856 Hinc
2279 2803 2536 2871 scriptum
2569 2811 2651 2858 est
2687 2823 2700 2857 :
2757 2802 3022 2859 Percussit
3058 2805 3296 2860 inimicos
3331 2821 3456 2860 suos

1871 2895 1927 2946 in
1953 2893 2264 2963 posteriora,
2306 2910 2412 2950 non
2462 2895 2514 2948 in
2553 2896 2827 2964 prmsenti,
2867 2906 2914 2950 et
2960 2897 3316 2965 approbrium,
3349 2912 3458 2951 non

1876 2983 2192 3054 letuporale,
2225 2985 2316 3039 sed
2350 2987 2721 3054 sempiternum
2748 2987 2888 3041 dedit
2914 2988 3021 3041 illis
3045 2985 3218 3056 (Psal.
3250 3003 3456 3052 Lxxva,

1873 3075 1984 3144 66).
2017 3075 2155 3130 llinc
2191 3085 2412 3132 sanctus
2458 3077 2569 3132 Noe
2598 3077 2768 3131 tilium
2798 3094 2953 3133 suum
2998 3081 3319 3149 reprobum,
3350 3096 3458 3136 non

1878 3167 1930 3220 in
1975 3167 2123 3236 ipso,
2153 3167 2249 3222 sed
2291 3167 2346 3221 in
2393 3168 2710 3238 posteritate
2745 3169 2972 3224 seminis
3016 3167 3132 3239 ejus
3160 3169 3458 3225 damnavit.

1875 3255 1993 3312 Non
2020 3273 2148 3328 ergo
2179 3257 2406 3314 rebelles
2455 3258 2556 3312 sibi
2610 3257 2676 3314 de
2724 3259 3047 3329 impunitate
3090 3259 3459 3326 blandiantur,

1877 3349 2002 3419 quia
2047 3364 2191 3404 nunc
2218 3348 2360 3404 Deus
2385 3350 2557 3420 magis
2587 3351 2876 3420 poenaliter
2920 3351 3212 3420 praevalere
3240 3353 3466 3423 permit-

1878 3440 2026 3504 titur,
2051 3447 2106 3493 et
2131 3439 2430 3495 manifestat
2449 3441 2811 3496 damnationis
2837 3441 3092 3497 indicium
3115 3450 3220 3509 est,
3246 3443 3464 3512 quando

1877 3529 2160 3584 conatibus
2185 3545 2371 3586 eorum
2397 3530 2541 3584 nulla
2571 3531 2957 3586 contrarietate
2989 3533 3313 3601 impediente
3335 3535 3464 3589 sub-

1879 3635 2110 3690 sequens
2147 3621 2292 3676 lavet
2317 3621 2558 3676 eil'ectus.
2610 3622 2822 3676 Etenim
2858 3625 2982 3692 quia
3013 3625 3155 3677 Deus
3180 3664 3194 3688 ,
3233 3633 3292 3677 ut
3323 3624 3460 3678 scri-

1877 3720 2029 3780 ptum
2067 3719 2152 3766 est
2177 3751 2192 3775 ,
2224 3711 2429 3765 nullum
2482 3721 2692 3782 tempus
2723 3713 2840 3767 sine
2871 3713 3179 3767 testimonio
3211 3727 3319 3768 sua:
3352 3713 3466 3767 vir-

1881 3801 2010 3858 tutis
2027 3800 2380 3871 derelinquit,
2404 3801 2601 3858 multos
2628 3803 2795 3858 etiam
2823 3811 3008 3858 nostra
3036 3812 3196 3858 aetate
3224 3805 3468 3874 pavenda

1879 3895 2014 3950 ultio
2042 3894 2219 3964 punit,
2254 3902 2315 3948 ut
2342 3893 2473 3950 illud
2500 3893 2623 3950 fuit.
2655 3894 2789 3952 Cum
2817 3905 2942 3951 ante
2986 3896 3085 3950 hos
3129 3911 3298 3950 annos
3321 3895 3464 3965 (66")

1881 3987 2056 4041 sancti
2081 3985 2312 4042 Andreae
2339 3987 2655 4042 solemnitas
2680 3987 2734 4042 in
2763 3988 2938 4057 prima
2971 3987 3246 4042 Dominica
3281 3988 3466 4042 Domi-

1882 4077 1990 4132 nici
2033 4078 2309 4132 Adventus
2332 4077 2698 4132 concurrisset
2725 4076 2882 4148 (66‘),
2925 4077 3142 4146 quidam
3187 4077 3464 4143 sacerdos,

1882 4170 2022 4222 sicut
2050 4167 2332 4222 Turonicze
2358 4167 2601 4222 ecclesia:
2625 4176 2948 4237 praecentor,
2980 4168 3175 4222 asserit
3221 4169 3471 4238 pagensi-

1882 4259 1983 4313 bus
2007 4260 2118 4313 suis
2140 4267 2396 4326 utrasque
2422 4256 2618 4311 missas
2643 4257 2830 4312 audire
2850 4257 3126 4327 praecepit.
3159 4257 3306 4312 lntcr
3334 4274 3472 4329 quos

1883 4359 2002 4405 erat
2040 4350 2257 4420 quidem
2289 4349 2569 4414 medicus,
2609 4348 2702 4418 qui
2737 4349 2917 4404 audita
2958 4349 3128 4418 prima
3177 4349 3343 4402 missa
3363 4348 3476 4404 dis-

1887 4444 2072 4499 cessit.
2120 4444 2290 4510 Quem
2333 4457 2458 4498 cum
2508 4442 2762 4497 sacerdos
2820 4443 3192 4512 increpasset,
3230 4455 3400 4510 grave
3423 4441 3474 4494 ei

1889 4534 2184 4604 respondit.
2212 4534 2279 4588 Et
2313 4532 2400 4588 ille
2425 4532 2915 4586 excommunicavit
2941 4547 3085 4586 eum.
3110 4530 3181 4585 At
3206 4543 3334 4584 vero
3364 4544 3477 4583 me-

1891 4628 2044 4683 dicus
2088 4626 2155 4681 ad
2185 4625 2402 4680 domum
2452 4639 2606 4678 suam
2660 4624 2828 4678 iratus
2875 4622 3147 4686 discessit,
3173 4629 3227 4676 et
3264 4621 3317 4673 in
3348 4634 3476 4674 con-

1893 4725 2156 4787 templum
2189 4713 2782 4787 .excomntunicationis
2837 4727 2962 4766 mox
3011 4719 3194 4780 potum
3246 4708 3477 4776 accepit,

1893 4817 2055 4878 atque
2074 4807 2326 4879 protinus
2353 4807 2543 4860 vexari
2574 4803 2743 4873 cmpit
2763 4817 3046 4870 quousque
3067 4803 3304 4855 animam
3326 4797 3486 4850 exha«

1893 4903 2054 4956 laret.
2112 4901 2173 4956 Si
2225 4898 2314 4953 isti
2383 4897 2486 4951 hoc
2538 4895 2810 4951 vidissent
2862 4891 3088 4946 forsitan
3142 4883 3490 4945 timuissent,

1895 4994 2092 5063 quibus
2120 4991 2210 5048 illa
2233 4987 2586 5059 exprobratio
2615 4983 2885 5053 congruit
2910 5002 2925 5034 :
2952 4979 3223 5033 Generatio
3257 4988 3425 5063 praua
3452 4983 3499 5024 et

1897 5059 2140 5139 adultera
2189 5081 2395 5149 signum
2424 5080 2621 5146 quwrit
2674 5071 2916 5144 (Matth.
2965 5086 3074 5132 xu,
3115 5066 3229 5132 59).
3273 5059 3346 5113 Ut
3376 5061 3510 5149 illud

1897 5174 2041 5231 Job:
2100 5148 2346 5226 Videutes
2388 5165 2606 5237 plagam
2643 5175 2826 5218 meam
2880 5153 3208 5224 (imetis(Job
3262 5163 3350 5212 Vl,
3392 5148 3512 5219 at),

3373 5258 3486 5290 PL-

2643 5275 2717 5292 ιιι.
2775 5287 2885 5292 η-..
2944 5288 2949 5289 .
2987 5265 3309 5290 ml--t---.....
