3934 5400
506 329 611 385 535

1493 335 1552 391 s.
1593 336 1840 393 ODONIS
1881 336 2169 392 ABBA'I‘IS
2208 327 2778 399 CLUNIACENSIS'II'

3651 345 3746 403 εδδ

504 448 632 515 quia
678 446 921 517 plerique
949 447 1115 502 Deum
1161 447 1356 504 timere
1391 450 1660 513 nesciunt,
1695 450 1797 506 nisi
1846 465 1967 505 cum
2001 450 2081 504 vel
2110 455 2160 513 Α
2189 453 2254 508 tis
2300 454 2533 511 scienter
2585 458 2822 513 sociasti.
2859 458 3066 514 Idcirco
3115 458 3215 514 ista
3264 457 3533 513 sententia
3587 459 3747 513 estde

505 539 562 592 in
593 552 674 602 se,
707 537 792 593 vel
825 538 880 593 in
911 537 1029 592 aliis
1055 546 1272 606 experta
1302 538 1629 593 adversitate
1656 548 1946 595 terrentur.

574 627 760 683 XXIII.
803 627 1139 683 Theodosius
1174 629 1472 698 imperator
1518 629 1608 684 ille
1655 628 1918 694 famosus,
1949 630 2087 685 sicut

504 718 802 789 Tripertita
848 720 1074 774 historia
1125 719 1329 787 refert,
1360 719 1597 790 quadam
1641 721 1758 776 vice
1794 737 1823 775 a
1851 721 2083 790 quodam

501 810 770 865 monacho
794 850 809 874 ,
859 811 950 880 qui
982 851 996 875 ,
1026 820 1082 864 ιιι
1109 811 1271 865 credo
1298 849 1312 877 ,
1358 824 1466 865 non
1496 811 1635 865 bene
1677 825 1900 880 compos
1929 825 2082 864 men-

499 901 571 955 tis
631 915 745 957 suze
787 910 905 956 erat
940 941 955 965 ,
1027 917 1124 971 pro
1167 901 1399 972 quadam
1445 899 1562 970 ejus
1610 901 1861 971 querela,
1918 917 2083 971 quam

501 1007 606 1046 non
654 993 835 1048 statim
894 992 1252 1062 expedierat,
1311 992 1808 1047 excomntunicatus
1862 1000 1964 1047 est.
2021 993 2085 1046 Et

500 1085 797 1140 monachus
854 1084 1074 1153 quidem
1126 1085 1691 1140 excommunicatione
1757 1085 1809 1138 in
1858 1084 2083 1154 pictatio

497 1172 790 1241 descripta,
820 1182 875 1225 et
905 1187 1014 1241 quo
1041 1175 1109 1228 ab
1138 1173 1468 1243 imperatore
1498 1172 1725 1228 inveniri
1756 1182 1937 1242 posset
1959 1189 2084 1243 pro-

497 1264 643 1331 jecta
701 1263 971 1319 discessit.
1025 1265 1097 1319 At
1141 1264 1439 1335 imperator
1490 1279 1596 1318 non
1647 1262 1795 1317 illum
1854 1278 2082 1334 gyrova-

497 1371 623 1423 gum
652 1353 814 1425 (66‘),
845 1353 938 1410 sed
971 1354 1248 1410 ctelestem
1278 1356 1455 1424 potius
1482 1369 1682 1425 regem,
1715 1353 1871 1423 cujus
1897 1365 2082 1410 aucto-

499 1444 660 1499 ritate
690 1444 824 1498 solet
867 1445 1352 1500 excommuuieatio
1378 1444 1515 1507 fieri,
1547 1444 1601 1497 in
1630 1458 1792 1499 causa
1821 1445 2075 1500 conside-

499 1547 648 1598 rans,
675 1534 945 1602 prandere
986 1532 1315 1599 nullatenus,
1346 1550 1469 1590 cum
1500 1535 1717 1604 quidem
1748 1536 2082 1591 incumberet

492 1621 652 1688 hora,
680 1623 1040 1693 praesumpsit.
1074 1622 1365 1693 Multisque
1391 1624 1662 1695 epiSCOpis
1687 1639 1870 1680 coram
1900 1635 2080 1679 astan-

497 1712 680 1779 tibus,
729 1721 786 1769 et
831 1727 954 1768 cum
1003 1712 1095 1768 illo
1140 1714 1429 1784 episeopo,
1482 1715 1550 1769 ad
1595 1714 1751 1783 cujus
1803 1715 2077 1770 dimccsint

2189 552 2240 599 te
2270 562 2281 597 :
2312 545 2413 600 hoc
2449 560 2591 600 anno
2622 547 2757 602 mori
2784 548 2952 604 habes
2982 549 3033 602 in
3067 548 3225 603 domo
3257 551 3369 617 ipsa
3429 548 3479 603 in
3513 563 3621 618 qua
3662 563 3746 603 ex-

2186 637 2729 692 communicationem
2802 638 3193 709 contempsisti.
3253 638 3404 705 Quod
3450 650 3506 693 et
3557 637 3746 696 factum

2183 732 2263 778 est
2293 724 2433 779 sicut
2482 724 2553 780 ibi
2594 726 2807 797 legitur.
2839 727 2975 783 Ecce
3007 744 3100 783 rex
3134 744 3238 783 non
3270 728 3442 799 potuit
3470 727 3613 782 hunc
3643 742 3749 782 rea-

2186 825 2295 870 tum
2346 816 2447 872 nisi
2503 818 2779 874 moriendo
2827 819 3050 888 expiare
3093 837 3107 873 :
3159 832 3286 874 ecce
3334 818 3622 888 episcopus
3660 832 3751 872 nec

2183 914 2458 975 prostrato
2501 909 2610 977 regi
2637 910 2690 964 in
2728 910 2948 979 pulvere
2996 909 3170 979 potuit
3220 910 3523 980 ignoscere.
3566 908 3752 962 Exbis

2181 1012 2310 1066 ergo
2341 997 2695 1069 colligendum
2719 1010 2823 1066 est,
2850 1000 2974 1071 quia
3006 1016 3104 1056 nec
3133 1001 3244 1071 ipse
3268 1000 3581 1070 episc0pus,
3609 999 3752 1068 cujus

2182 1090 2670 1144 excommunicatio
2699 1090 3087 1154 contemnitur,
3126 1089 3243 1144 sine
3292 1089 3619 1160 gravissima
3647 1104 3756 1160 pm-

2183 1178 2409 1233 niteutia
2440 1180 2745 1250 hujusmodi
2772 1180 2980 1236 facinus
3007 1181 3286 1252 ignoscere
3310 1189 3513 1251 potest.

2258 1267 2423 1323 XXV.
2468 1270 2543 1324 De
2570 1270 2738 1340 signis
2767 1284 2897 1325 vero
2929 1269 3057 1325 illud
3101 1269 3381 1325 sciendum
3404 1310 3419 1334 ,
3454 1254 3584 1339 quia
3608 1269 3754 1339 juxta

2183 1360 2516 1432 Scripturam
2547 1378 2563 1416 :
2596 1358 2885 1433 Unicuique
2911 1364 2988 1417 rei
3015 1372 3212 1433 tempus
3240 1377 3392 1416 suum
3418 1369 3494 1414 est
3520 1361 3617 1415 sub
3639 1359 3755 1414 caelo

2182 1448 2378 1519 (Ecclc.
2408 1466 2489 1515 III,
2520 1450 2629 1523 l7).
2657 1451 2812 1507 Unde
2832 1461 3016 1507 saneta
3039 1451 3277 1506 Ecclesia
3301 1450 3471 1521 signis
3490 1450 3561 1505 ad
3583 1464 3756 1504 corro-

2180 1540 2475 1595 borandum
2502 1556 2716 1596 suorum
2746 1541 2905 1597 fidem
2939 1542 2995 1597 in
3023 1541 3332 1613 primordiis
3355 1541 3471 1596 suis
3501 1539 3753 1611 indiguit.

2183 1630 2335 1687 Nunc
2347 1647 2474 1688 vero
2488 1633 3090 1704 constantcjamdudum
3109 1634 3233 1688 fidei
3252 1641 3396 1689 statu
3418 1632 3572 1704 signa
3587 1634 3757 1687 adma

2184 1723 2307 1776 dum
2324 1738 2428 1780 non
2448 1724 2689 1796 requirit.
2709 1724 2904 1780 Verum
2921 1733 2978 1780 ut
2992 1726 3237 1781 internus
3251 1725 3457 1779 arbiter
3474 1724 3757 1795 cogitatio-

492 1801 785 1871 praedictus
811 1803 1109 1858 monachus
1132 1803 1460 1872 pertinebat,
1490 1801 1763 1858 licentiam
1800 1803 2078 1867 dantibus,
2117 1801 2157 1857 Β
2188 1828 2284 1866 nes
2314 1826 2377 1867 ex
2402 1811 2585 1868 multis
2610 1813 2859 1869 cordibus
2893 1813 3127 1881 revelet,
3155 1813 3385 1869 terribili
3407 1812 3757 1883 dispositione

492 1889 611 1961 cogi
648 1904 756 1946 non
775 1891 951 1961 potuit
974 1899 1033 1945 ιιι
1061 1890 1262 1961 aliquid
1294 1896 1577 1962 gustaret;
1594 1892 1763 1946 donec
1787 1890 2081 1945 monachus

492 1979 585 2035 diu
614 1979 952 2049 multumque
976 1980 1257 2049 quzesitus,
1295 1990 1352 2035 et
1384 1980 1677 2050 aliquando
1706 1989 1953 2050 repertus
1973 1988 2078 2045 est,

493 2080 549 2128 et
574 2079 797 2140 rogatus
842 2079 903 2125 ut
947 2070 1263 2140 imperatori
1298 2070 1570 2125 licentiam
1601 2070 1776 2126 daret.
1825 2069 1995 2125 Velini
2023 2077 2082 2124 ut

491 2164 614 2218 istis
638 2162 887 2233 personis
911 2178 977 2217 ex
1013 2162 1234 2231 obliquo
1277 2176 1541 2232 personas
1568 2170 1913 2232 componant,
1945 2176 2079 2229 qua-

492 2263 650 2308 tenus
696 2265 916 2307 causam
964 2267 997 2307 a
1041 2252 1316 2308 contrario
1348 2253 1528 2308 verius
1562 2252 1892 2308 discernunt.
1941 2252 2081 2307 Ecce

493 2344 792 2411 imperator
832 2356 940 2396 non
975 2342 1386 2413 qualiscunque,
1438 2342 1532 2397 sed
1562 2342 1899 2398 Theodosius
1929 2342 2080 2398 omni

494 2431 692 2486 saeculo
717 2441 837 2501 post
863 2446 922 2487 se
963 2432 1260 2499 mirandus,
1300 2433 1612 2487 observavit
1632 2434 2078 2490 excommunica-

492 2521 694 2576 tionem
759 2536 866 2577 non
915 2521 1349 2590 rationabiliter,
1401 2522 1511 2577 sed
1556 2522 1736 2593 inepte
1772 2522 2034 2592 prolatam
2062 2562 2077 2588 ,

490 2626 668 2680 neque
692 2625 722 2663 a
749 2609 1017 2679 quolibet,
1049 2611 1140 2681 qui
1192 2611 1274 2666 vel
1310 2620 1525 2666 tenuem
1573 2610 2078 2666 excommunieandi

490 2709 821 2771 potestatem
868 2702 1142 2768 habuerit,
1173 2704 1268 2759 sed
1308 2718 1339 2757 a
1368 2701 1533 2757 stulto
1560 2701 1826 2759 monacho
1854 2699 2078 2756 fortuitu

488 2790 763 2861 iujeetam.
791 2792 887 2848 Isti
917 2808 1045 2849 vero
1073 2794 1372 2865 degeneres
1398 2792 1808 2857 homunciones,
1840 2791 2077 2846 nullum-

486 2900 594 2954 que
622 2884 817 2940 saltem
849 2886 989 2954 apud
1020 2885 1267 2956 vulgares
1295 2886 1506 2956 signum
1543 2882 1843 2942 honestatis
1872 2882 2080 2938 haben-

488 2986 589 3039 tes,
616 2981 972 3030 contemnunt
1001 2974 1617 3031 excommunicationem
1642 2987 1747 3030 non
1776 2970 2075 3038 fortuitam,

492 3068 588 3122 sed
632 3068 1005 3124 ecclesiastica
1047 3083 1276 3124 censura
1306 3083 1403 3138 per
1454 3066 1737 3138 pontifices
1778 3067 2072 3122 decretam.

2183 1906 2494 1977 priusquam
2522 1907 2885 1964 Antichristus
2906 1918 3163 1980 appareat
3188 1950 3203 1973 ,
3224 1909 3489 1964 virtutum
3511 1909 3667 1978 signa
3696 1907 3758 1960 ab

2182 1995 2369 2049 eadem
2412 1994 2647 2050 Ecclesia
2696 1998 3105 2052 subtrahuntur.
3144 1996 3278 2052 Nam
3315 1996 3606 2068 prophetia
3641 1995 3756 2051 abs-

2180 2088 2453 2152 conditur,
2508 2088 2846 2144 curationum
2885 2090 3062 2161 gratia
3119 2090 3387 2155 aufertur,
3448 2090 3759 2161 prolixiuris

2184 2176 2523 2232 abstinentia:
2547 2178 2722 2234 virtus
2748 2179 3032 2246 minuitur,
3072 2180 3335 2237 doctrina:
3372 2183 3542 2237 verba
3587 2182 3753 2238 conti-

2184 2275 2445 2333 cescunt,
2485 2268 2873 2324 miraculorum
2913 2270 3156 2341 prodigia
3206 2271 3515 2326 tolluntur:
3561 2271 3666 2325 hoc
3711 2271 3760 2324 in

2182 2359 2323 2414 libro
2356 2374 2523 2414 xxxiv
2562 2358 2867 2415 Moralium.
2910 2359 3061 2428 Quod
3095 2360 3300 2416 idcirco
3336 2361 3454 2415 fieri
3493 2360 3757 2430 permitti-

2185 2459 2294 2515 tur,
2347 2457 2407 2504 ut
2455 2450 2581 2504 dum
2632 2451 2929 2507 subtractis
2961 2452 3257 2507 virtutibus
3290 2452 3484 2507 eadem
3523 2451 3759 2507 Ecclesia

2182 2536 2449 2607 ahjectior
2476 2540 2819 2610 apparuerit,
2853 2540 3201 2598 manifestum
3229 2541 3324 2596 fiat
3352 2541 3445 2612 qui
3475 2542 3623 2596 illam
3652 2558 3759 2612 pro-

2183 2639 2305 2699 pter
2354 2643 2505 2698 spem
2544 2629 2850 2684 coelestium
2888 2630 3266 2700 praemiorum,
3307 2639 3363 2687 et
3401 2644 3511 2685 non
3547 2640 3759 2701 propter

2182 2718 2474 2789 praesentia
2510 2719 2665 2790 signa
2704 2729 2993 2786 venantur,
3026 2728 3082 2776 et
3107 2721 3198 2791 qui
3227 2730 3355 2776 sunt
3390 2720 3467 2776 illi
3500 2723 3594 2791 qui
3630 2722 3757 2776 invi-

2181 2808 2395 2874 sibilia,
2428 2824 2549 2878 quae
2578 2808 2880 2879 promittit,
2916 2810 3069 2881 sequi
3096 2810 3407 2881 negligant,
3438 2811 3571 2865 dum
3598 2812 3758 2881 signis

2180 2898 2483 2954 visibilibus
2512 2899 2579 2953 ad
2608 2898 2725 2969 ejus
2754 2900 3113 2956 reverentiam
3143 2916 3250 2957 non
3281 2900 3612 2968 incitantur,
3638 2916 3757 2955 cum

2180 2987 2342 3041 etiam
2370 3002 2399 3041 a
2430 2986 2677 3043 fidelibus
2702 2988 3088 3046 miraculorum
3116 2989 3319 3046 divitiae
3342 2991 3750 3047 subtrahuntur.

2187 3075 2337 3132 Unde
2375 3078 2639 3148 scriptum
2676 3087 2761 3134 est
2790 3078 2857 3135 de
2886 3080 3076 3136 eodem
3110 3080 3487 3136 Antichristo:
3520 3082 3647 3152 quia
3684 3081 3755 3134 fa-

493 3159 655 3215 Certe
689 3160 817 3228 quia
844 3157 962 3217 dies
996 3158 1122 3213 mali
1152 3168 1299 3223 sunt,
1332 3159 1385 3211 in
1412 3158 1630 3230 quibus,
1654 3165 1714 3212 ut
1742 3158 1821 3211 ait
1848 3159 2077 3226 Aposto-
2104 3167 2149 3228 (ζ
2183 3168 2320 3224 ciem
2353 3166 2469 3236 ejus
2501 3169 2769 3238 ρηερεάρι
2796 3177 3029 3240 egestas,
3071 3169 3344 3226 Samnites
3373 3171 3616 3239 ejusdem
3644 3174 3751 3225 Αη-

488 3249 599 3316 Ius,
627 3249 869 3305 existunt
892 3248 1141 3303 homines
1167 3248 1374 3318 seipsos
1408 3256 1676 3312 amantes,
1707 3245 1799 3315 qui
1830 3246 2071 3301 auditum

490 3356 523 3395 a
567 3341 799 3397 veritate
843 3349 1152 3395 avertentes
1201 3355 1388 3396 sanam
1428 3339 1730 3394 doctrinam
1781 3352 1889 3393 non
1932 3339 2076 3392 reci-

486 3432 664 3501 piunt.
715 3428 847 3484 Inde
890 3437 973 3485 est
1031 3429 1174 3499 quod
1224 3429 1437 3499 pondus
1473 3427 1669 3483 divinae
1729 3427 2074 3483 auctoritatis

484 3521 902 3593 parvipendunt,
922 3531 978 3577 et
997 3535 1105 3576 non
1128 3520 1299 3577 solum
1331 3520 1427 3575 Dei
1454 3519 1751 3583 ministros,
1777 3518 1872 3574 sed
1899 3517 2070 3587 ipsum

491 3612 655 3668 etiam
701 3626 799 3681 per
836 3625 931 3667 eos
978 3611 1356 3666 admonentem
1409 3623 1560 3664 more
1610 3607 1744 3663 Cain
1788 3613 2068 3676 spernunt.

488 3703 624 3771 Quia
648 3717 780 3758 vero
809 3702 877 3758 de
905 3717 1012 3757 uno
1041 3717 1184 3772 rege,
1217 3703 1308 3775 qui
1344 3702 1482 3756 mira
1519 3699 1825 3755 humilitate
1855 3712 2081 3753 excom-

488 3794 935 3859 municationem,
958 3792 1086 3847 licet
1110 3793 1369 3861 ineptam,
1391 3788 1719 3856 observavit,
1743 3787 2067 3852 audivimus,

486 3900 631 3940 nunc
660 3885 726 3941 de
760 3884 867 3940 alio
900 3884 1031 3957 quid
1056 3882 1285 3953 contigit
1311 3881 1619 3936 audiamus.
1774 3911 1788 3933 ι
1928 3923 1932 3927 ι

558 3976 747 4032 XXIV.
785 3976 1010 4046 Legitur
1038 3975 1091 4030 in
1123 3974 1351 4030 historia
1378 3974 1555 4045 gentis
1577 3969 1895 4043 Anglorum,
1924 3968 2069 4038 quod

491 4070 715 4141 quidam
749 4069 1041 4141 episcopus
1065 4067 1200 4123 duos
1235 4066 1433 4121 fratres
1461 4064 1732 4119 Palatinos
1778 4063 1926 4119 viros
1970 4076 2069 4131 pro

485 4159 710 4228 repudio
740 4172 968 4214 uxorum
998 4155 1509 4213 excommunicavit.
1536 4146 1773 4222 Contigit
1799 4160 1991 4207 autem.
2009 4163 2071 4205 ut

488 4263 589 4303 rex
632 4247 800 4316 ipsius
842 4247 1017 4316 gentis
1056 4245 1210 4315 juxta
1249 4244 1469 4300 domum
1513 4243 1753 4314 ipsorum
1784 4239 2064 4295 transiret.

485 4336 590 4405 Qui
620 4335 803 4399 multis
848 4335 1233 4397 blandimentis
1268 4334 1523 4390 delinitus
1548 4373 1563 4398 ,
1611 4340 1669 4391 ut
1697 4332 1838 4403 apud
1879 4345 1974 4387 eos
1999 4330 2079 4385 ad,

483 4428 856 4497 prandendum
889 4426 1202 4491 diverteret,
1235 4426 1449 4481 tandem
1498 4423 1795 4479 consensit.
1841 4421 2067 4492 Expleto

2182 3258 2416 3314 tichristi
2449 3260 2587 3314 mira
2624 3258 2821 3316 facturi
2858 3270 3014 3326 sunt,
3048 3276 3155 3331 qua
3190 3262 3441 3318 videlicet
3473 3263 3753 3318 occasione

2178 3353 2271 3407 fiet
2291 3396 2306 3420 ,
2340 3361 2400 3406 ut
2428 3353 2520 3423 qui
2551 3353 2851 3409 Ecclesiam
2881 3369 2981 3424 pro
3012 3354 3143 3411 solis
3178 3355 3460 3411 miraculis
3495 3371 3751 3411 veneran-

2178 3451 2286 3508 tur,
2350 3442 2494 3498 iIIius
2530 3445 2880 3501 veneratione
2918 3454 3225 3517 contempta
3249 3487 3265 3512 ,
3302 3447 3370 3501 ad
3409 3448 3630 3502 illorum
3661 3449 3751 3517 qui

2173 3534 2325 3604 signa
2364 3533 2589 3591 fecerint
2629 3537 2964 3592 consortium
3005 3537 3429 3593 transferantur.
3471 3538 3639 3595 Bonis
3671 3548 3747 3592 ta-

2174 3641 2298 3682 men
2340 3626 2489 3698 signa
2522 3627 2848 3683 omnimodis
2897 3627 3117 3701 [modis
3161 3628 3459 3701 omnibus]
3506 3647 3615 3685 non
3660 3632 3746 3685 de-

2171 3727 2368 3785 erunt,
2414 3719 2509 3781 sed
2547 3720 2599 3772 in
2632 3720 3038 3789 comparatione
3068 3735 3257 3775 eorum
3286 3728 3383 3774 aut
3420 3737 3631 3791 pauca,
3665 3727 3747 3775 au:

2172 3805 2317 3861 nulla
2345 3806 2692 3861 videbuntur.
2733 3809 2860 3864 Inde
2891 3816 2976 3864 est
3000 3808 3141 3879 quod
3173 3824 3273 3864 nec
3318 3809 3434 3880 ipsa
3482 3811 3744 3881 perjuria.

2170 3911 2290 3966 qua:
2332 3904 2440 3950 tam
2479 3897 2590 3952 cito
2625 3897 2767 3952 Deus
2804 3899 2997 3968 punire
3033 3898 3273 3965 solebat,
3309 3899 3426 3971 jam
3466 3899 3743 3956 manifesta

2177 3988 2383 4044 ultione
2410 3989 2653 4044 vindicat
2675 4032 2688 4056 ,
2721 3991 2832 4046 imo
2860 4005 2991 4047 vero
3018 4006 3114 4056 ea,
3145 3993 3301 4062 quasi
3330 4008 3441 4048 non
3481 3994 3743 4064 punienda

2173 4078 2316 4144 sint,
2357 4077 2708 4148 multiplicari
2747 4081 3007 4150 permitit.
3045 4081 3298 4152 Nunquid
3332 4082 3540 4153 perjuri
3572 4084 3744 4140 dicere

2167 4178 2420 4237 possunt,
2450 4169 2592 4239 quod
2620 4169 2705 4224 vel
2733 4170 2877 4229 Deus
2909 4171 3068 4227 modo
3098 4187 3204 4230 non
3234 4173 3427 4241 puniat
3452 4175 3599 4244 quod
3631 4185 3742 4229 ante

2169 4257 2414 4325 solebat,
2451 4258 2536 4313 vel
2574 4261 2749 4315 sancti
2789 4275 2895 4315 non
2936 4261 3177 4332 ejusdem
3203 4262 3312 4318 sint
3336 4265 3662 4333 potestatis,
3692 4275 3741 4321 ut

2167 4347 2404 4418 perjuria
2452 4364 2616 4419 super
2657 4365 2715 4406 se
2739 4349 2883 4406 facta
2930 4352 3073 4408 sicut
3119 4351 3248 4408 olim
3292 4353 3636 4422 puniebant,
3673 4357 3737 4410 ita

2170 4454 2312 4494 nunc
2360 4441 2556 4509 punire
2606 4443 2923 4512 nequeant?
2968 4442 3206 4500 Possunt
3244 4446 3467 4514 utique,
3507 4447 3603 4503 sed
3634 4446 3736 4515 jam

485 4527 667 4573 autem
694 4517 963 4584 convivio,
991 4533 1112 4573 cum
1136 4515 1249 4586 jam
1274 4516 1491 4579 rediret,
1526 4514 1763 4570 obviavit
1786 4514 2061 4584 episcopo,

2179 4539 2385 4600 tempus
2409 4538 2495 4587 est
2521 4541 2581 4587 ut
2610 4533 2760 4603 signa
2788 4542 3020 4590 cessent.
3068 4535 3185 4591 Non
3219 4537 3409 4606 utique
3455 4514 3653 4592 mirum
3696 4537 3735 4591 si

483 4608 806 4680 quigl‘ratres
851 4608 971 4664 illos
1019 4606 1551 4664 excommunicavit:
1594 4620 1752 4676 quem
1803 4619 1927 4660 cum
1970 4604 2053 4658 vi-

484 4702 654 4757 disset
680 4700 983 4764 intremuit,
1012 4708 1066 4755 et
1111 4699 1366 4755 exsiliens
1400 4699 1468 4755 de
1509 4712 1648 4767 equo
1682 4698 1737 4752 in
1767 4697 1962 4761 media,
1997 4705 2056 4753 ut

385 4776 395 4786 ’
481 4800 620 4858 erat,
644 4792 729 4847 via
755 4791 1048 4862 prostravit
1074 4805 1142 4850 se,
1158 4804 1340 4845 coram
1361 4788 1635 4860 episcopo.
1657 4786 1728 4842 At
1755 4786 1844 4843 ille
1864 4802 2059 4858 appro-

480 4886 750 4957 pinquans
780 4884 851 4943 ad
878 4898 1024 4950 eum,
1054 4883 1246 4950 ferula,
1287 4898 1451 4955 quam
1482 4897 1644 4937 manu
1670 4880 1911 4948 tenebat,
1936 4882 2059 4937 teti-

480 4977 559 5048 git
585 4992 709 5034 eum
730 4976 937 5033 dicens.
963 4973 1009 5034 Ο
1033 4989 1147 5041 rex,
1172 4989 1279 5030 non
1298 4982 1383 5030 est
1411 4986 1592 5028 meum
1614 4984 1910 5042 agnoscere
1936 4971 2055 5038 tibi,

479 5058 606 5136 quia
634 5075 821 5122 contra
853 5067 1021 5122 Deum
1047 5064 1262 5130 fecisti,
1296 5064 1512 5134 quando
1542 5070 1595 5119 te
1622 5061 2060 5119 excommunica-

556 5158 685 5180 n’DL.K\
720 5157 828 5180 f-..“
842 5166 1008 5180 -.ι..ι-..
1031 5174 1059 5180 --
1073 5173 1092 5180 -

1101 5173 1130 5180 ..
1164 5155 1310 5180 :H-....
1347 5170 1652 5180 --...-..-.......
1704 5152 1804 5180 n..:
1828 5153 1933 5180 οξυι
1964 5170 2029 5180 κ..

2169 4630 2539 4691 contemptum
2565 4623 2707 4678 Deus
2734 4624 3081 4694 praelatorum
3110 4626 3388 4682 vindicare
3412 4627 3733 4688 dissimulat,

2165 4713 2605 4782 quandoquidem
2632 4723 2944 4771 sanctorum
2970 4715 3196 4785 injurias
3224 4725 3332 4771 tam
3363 4716 3733 4788 longanimiter

2162 4801 2370 4859 suffert.
2396 4803 2501 4860 Sed
2520 4805 2648 4875 quia
2676 4806 2744 4860 de
2767 4806 3076 4877 juramento
3101 4822 3220 4863 sese
3242 4808 3467 4863 occasio
3493 4807 3727 4877 przebuit.

2170 4894 2301 4965 quid
2329 4894 2397 4950 de
2444 4896 2548 4952 hoc
2580 4895 2941 4969 Hieronymus
2966 4899 3019 4954 in
3052 4898 3349 4955 Ezechielis
3379 4900 3521 4954 libro
3545 4916 3580 4952 v
3603 4900 3730 4953 dicat

2164 4998 2672 5042 commemoremus.
2706 4985 2964 5043 Sedecias
3008 5004 3104 5044 rex
3130 4998 3349 5058 pactum
3390 4987 3730 5057 subiectionis

2162 5091 2285 5131 cum
2317 5092 2443 5147 rege
2464 5076 2967 5135 Nabuchodonosor
2985 5078 3215 5145 inierat,
3241 5080 3337 5135 sed
3363 5082 3626 5137 mentitus
3655 5087 3726 5136 est
