3934 5400
143 170 250 228 557
1133 165 1621 224 COLLATIONUM
1663 166 1696 223 L

1882 164 2349 222 TRES.-—LIB.
2391 170 2430 224 ι.
2906 157 2910 163 ’
3306 177 3409 234 533

143 285 212 337 ad
243 295 428 354 regem
455 277 676 351 Egypti
700 275 1037 348 confugiens.
1071 277 1209 332 Dicit
1251 293 1382 349 ergo
1424 277 1678 334 Ezechiel
1706 294 1719 330 :
1753 297 1798 350 Α
1829 284 2230 345 contentptures
2261 279 2454 334 terreri
2497 289 2742 348 possent,
2783 288 2895 336 tum
2922 296 3137 354 quoque
3165 283 3267 356 ipsi
3297 302 3410 342 ses-

144 371 406 441 Nunqnid
434 369 643 438 effugiet
674 368 765 437 qui
795 366 941 420 solvit
971 376 1178 434 pactum
1207 367 1232 419 Ρ
1289 365 1410 421 Vivo
1441 385 1566 437 ego,
1598 367 1723 420 dicit
1825 379 1979 420 sores
2021 382 2129 422 non
2194 369 2546 426 mediocriter
2606 375 3110 432 contremiscerent.
3175 377 3290 436 Hoc
3351 379 3411 438 in

139 461 439 522 Dominus,
467 458 592 527 quia
619 456 882 510 adducam
919 470 1038 508 eum
1078 454 1130 508 in
1170 453 1527 524 Babylonem,
1565 465 1612 508 et
1656 453 1727 507 ibi
1825 454 1994 525 ipsius
2023 456 2275 526 passione
2302 458 2557 514 refertur.

139 549 400 601 morietur
426 548 479 599 in
507 546 968 616 prtevaricatione,
1001 560 1104 613 qua
1135 543 1366 613 despexit
1396 559 1476 597 me
1505 543 1720 613 (Ezeeh.
1895 543 2106 600 XXVII.
2164 547 2404 604 Manebit
2429 564 2558 621 ergo
2586 562 2790 607 sancire
2829 553 3088 612 Ecclesia:
3117 572 3212 613 sua
3251 569 3407 630 pote-

139 658 291 706 xvu,
327 640 414 703 I5,
452 638 522 692 20
550 638 590 708 ).
641 637 921 692 Sententia
969 635 1248 690 smcularis
1296 643 1411 699 cst,
1459 635 1611 689 dolus
1654 650 1723 688 an
1825 644 1957 702 stas,
2003 646 2056 694 et
2083 638 2332 710 impietas
2360 640 2572 711 imperii
2612 644 2717 697 erit
2756 660 2920 716 super
2949 663 3094 703 eum.
3134 648 3407 709 Fidelibus

135 736 318 788 virtus
351 735 404 788 in
433 733 589 786 hoste
622 731 952 801 requiratur,
984 728 1154 796 Quam
1189 728 1514 782 sententiam
1542 727 1719 781 solent
1824 733 2006 780 autem
2039 726 2104 782 de
2133 729 2322 783 eadem
2347 729 2591 785 Ecclesia
2635 731 2834 787 dicitur
2869 753 2881 787 :
2915 734 3103 791 Ponite
3136 740 3296 795 corda
3327 759 3408 796 re-

135 839 417 894 uppouere
451 824 542 893 qui
581 822 765 876 dicunt
803 821 986 875 hostes
1021 817 1210 872 fraude
1249 817 1596 886 decipiendos
1621 856 1636 880 ,
1667 823 1724 870 et
1821 825 1932 868 stra
1964 815 2019 869 in
2058 816 2244 871 virtute
2268 818 2382 887 ejus
2418 817 2594 890 (Psal.
2635 837 2777 876 xnvu
2799 861 2814 889 ,
2851 823 2960 892 H).
2987 826 3046 881 Id
3080 836 3164 883 est
3190 844 3298 884 non
3321 843 3410 885 se.-

133 915 336 984 quibus
369 924 427 968 ut
460 915 807 983 quiescamus
833 909 1175 979 donecjures
1219 918 1272 962 et
1311 917 1531 978 pactum
1573 908 1722 963 ineas
1822 907 2058 960 cundum
2096 908 2240 978 quod
2270 907 2405 965 foris
2444 921 2687 981 apparet,
2739 915 2835 969 sed
2883 918 3209 975 mentalibus
3237 919 3409 976 oculis

131 1009 238 1063 sub
271 1007 490 1062 nomine
520 1006 635 1060 Dei.
690 1004 996 1058 Prudentia:
1023 1013 1107 1057 est
1147 1011 1200 1056 et
1239 1001 1606 1066 fortitudinis,
1635 1000 1720 1054 vel
1823 1012 1944 1066 qua:
1968 998 2136 1054 virtus
2167 1000 2220 1054 in
2252 1016 2315 1056 ea
2353 1003 2422 1057 sit
2446 1004 2876 1074 introspectent:
2924 1023 3140 1080 semper
3174 1026 3409 1081 namque

131 1096 420 1165 decipere,
454 1095 536 1149 vel
564 1109 824 1164 superare
853 1092 1223 1148 adversarium
1271 1091 1720 1160 qualitercunquc
1821 1099 2018 1158 praesto
2071 1103 2155 1146 est
2206 1093 2293 1148 ille
2340 1097 2432 1164 qui
2491 1098 2782 1166 promisit:
2829 1096 2967 1154 Ecce
3027 1117 3120 1172 ego
3149 1103 3408 1157 vobiscum

129 1188 398 1259 potueris.
452 1186 584 1241 Cum
637 1195 816 1241 autem
865 1193 917 1239 te
956 1181 1718 1250 constrinxerisjuramento,
1819 1198 1934 1236 sum
2003 1181 2217 1253 (Matth.
2269 1201 2465 1251 xxviii,
2506 1186 2622 1256 20),
2653 1197 2757 1243 etc.
2798 1189 2948 1245 Unde
2989 1199 3046 1244 et
3089 1191 3199 1247 illic
3229 1193 3411 1262 sequi-

129 1292 310 1345 neque
357 1285 615 1344 tanquam
663 1273 1008 1328 adversarius
1053 1271 1402 1342 decipiendus
1450 1279 1564 1336 est,
1592 1271 1718 1340 quia
1822 1280 1910 1325 tur
1940 1289 1951 1324 :
1983 1269 2052 1324 Ut
2075 1276 2328 1328 enarratis
2356 1277 2603 1344 quoniam
2634 1279 2717 1332 hic
2746 1289 2820 1334 est
2844 1279 2987 1335 Deus
3024 1279 3198 1352 (Psal.
3237 1299 3406 1351 xuii,

126 1385 241 1424 non
269 1377 355 1422 est
384 1367 837 1422 considerandum
868 1365 954 1419 cui
981 1363 1132 1433 juras
1158 1405 1172 1429 ,
1203 1364 1296 1418 sed
1329 1380 1424 1433 per
1451 1379 1609 1433 quem
1632 1362 1718 1432 ju-
1822 1365 1909 1431 Ii,
1953 1367 2062 1439 15).
2113 1368 2221 1423 Sed
2265 1379 2320 1423 et
2379 1372 2554 1426 sancti
2599 1373 2800 1442 quique
2854 1376 3143 1446 pontifices
3189 1377 3410 1433 sedibus

133 1459 372 1514 raveris.
403 1458 660 1526 Alioquin
691 1466 745 1512 et
775 1457 923 1510 illum
951 1455 1187 1524 despicis
1217 1470 1314 1523 per
1341 1470 1501 1523 quem
1535 1454 1712 1524 juras,
1820 1459 1931 1513 suis
1961 1474 2094 1528 quas
2122 1460 2410 1530 aliquando
2449 1464 2807 1533 corporaliter
2835 1474 3150 1534 tenuerunt,
3177 1467 3408 1538 spiritali

125 1559 185 1604 et
229 1549 403 1604 hostis
456 1547 664 1602 ﬁdelior
710 1546 985 1600 invenitur
1030 1560 1191 1614 quam
1242 1553 1327 1608 tu,
1358 1543 1450 1613 qui
1497 1553 1718 1613 propter
1819 1550 2111 1616 prarsentia
2155 1564 2372 1619 semper
2419 1552 2611 1608 adesse
2661 1555 2978 1611 creduntur.
3036 1558 3189 1624 Quod
3241 1559 3406 1613 etiatn

128 1655 330 1694 nomen
363 1639 460 1692 Dei
493 1638 586 1692 tibi
613 1637 863 1692 credidit.
895 1635 1010 1689 Non
1041 1637 1186 1689 enim
1217 1634 1427 1689 hostem
1469 1634 1706 1704 decipit,
1743 1632 1788 1691 Β
1819 1638 1865 1690 si
1894 1638 2066 1708 placet
2107 1641 2356 1711 exemplo
2399 1653 2749 1699 monstretur.
2784 1645 2840 1700 In
2872 1646 2962 1701 illa
3001 1648 3112 1703 divi
3157 1649 3406 1720 Gregorii

127 1733 222 1788 sed
250 1732 488 1786 amicum
511 1771 526 1795 ,
559 1729 650 1798 qui
684 1729 834 1784 illum
866 1727 1066 1797 decipit
1095 1727 1178 1781 cui
1201 1725 1520 1795 juramento
1547 1726 1715 1781 divini
1819 1728 1950 1794 vita,
1983 1745 2088 1797 qua
2120 1729 2353 1784 Romani
2377 1740 2624 1797 utuntur,
2651 1733 2818 1788 multa
2841 1735 3115 1791 mirabilia
3143 1753 3240 1807 per
3268 1754 3405 1808 pne—

123 1821 368 1877 nominis
430 1820 607 1874 fuerat
654 1819 953 1888 copulatus.
1004 1818 1115 1872 lloc
1143 1818 1346 1874 dictum
1376 1818 1446 1872 sit
1473 1827 1531 1870 ut
1561 1817 1716 1871 Chri-
1817 1819 2048 1872 sentiam
2075 1817 2191 1886 ejus
2223 1829 2346 1890 post
2378 1823 2662 1877 transitum
2705 1824 2761 1878 in
2807 1824 2898 1880 illo
2926 1841 3023 1880 suo
3052 1829 3404 1894 monasterio,

123 1915 367 1976 stianus,
415 1912 507 1981 qui
537 1903 726 1965 contra
753 1910 1124 1965 Christianum
1147 1909 1517 1978 jurameutum
1556 1907 1707 1960 fran-
1817 1909 1969 1979 cujus
2000 1910 2054 1964 in
2093 1911 2334 1966 bomiliis
2361 1914 2627 1980 meminit,
2656 1923 2872 1985 patrata
2910 1917 3197 1974 manifeste
3223 1919 3407 1974 decla-

125 2007 240 2075 git,
285 2003 417 2074 quid
468 2010 744 2056 mereatur
794 2001 918 2054 hinc
959 2000 1253 2070 intelligat.
1291 1999 1336 2053 si
1375 1999 1548 2052 foedus
1586 1997 1714 2051 illud
1819 2011 2023 2067 rantur,
2054 2017 2086 2056 e
2111 2004 2308 2072 quibus
2334 2021 2500 2060 unum
2523 2015 2628 2061 est.
2667 2006 2896 2073 Quidam
2925 2009 3167 2065 nefarius
3193 2011 3409 2065 nomine

124 2095 272 2165 quod
320 2103 513 2148 contra
545 2109 812 2163 paganum
843 2091 1060 2146 Iuda-us
1094 2091 1311 2145 violavit
1342 2090 1423 2144 sic
1469 2089 1713 2142 animad-
1818 2091 2136 2146 Dominicus
2181 2095 2471 2162 quamdam
2526 2096 2996 2153 sanctimonialem
3039 2113 3071 2152 a
3117 2114 3176 2154 se
3224 2114 3408 2154 corru-

121 2186 378 2248 vertitur,
433 2193 491 2238 ut
541 2183 798 2238 Sedecias
848 2182 1052 2236 avulsis
1101 2182 1276 2237 oculis
1324 2190 1545 2250 propter
1573 2181 1713 2233 hanc
1813 2189 1960 2251 ptam
1994 2181 2149 2251 juxta
2178 2182 2307 2237 illud
2345 2186 2738 2239 monasterium
2782 2188 2885 2242 sibi
2934 2190 3216 2256 conduxit,
3257 2207 3408 2247 cum-

121 2274 632 2345 pnevaricatiouem
681 2273 734 2326 in
785 2271 1115 2344 Babylonem
1164 2286 1287 2325 cum
1327 2269 1554 2325 ducibus
1600 2269 1712 2324 suis
1814 2290 1918 2344 que
1964 2274 2199 2344 hospitio
2228 2275 2425 2330 latrina
2455 2277 2690 2343 deesset,
2751 2280 3078 2347 trabcculas,
3125 2298 3245 2350 qua:
3286 2283 3405 2339 fon-

119 2368 371 2436 captivus
401 2368 592 2421 ductus
622 2367 712 2421 sit.
1817 2373 1921 2419 tem
1967 2365 2142 2419 sancti
2194 2365 2444 2435 Gregorii
2493 2377 2793 2432 senserant,
2845 2367 3033 2424 infelix
3076 2370 3319 2437 abstulit,
3351 2383 3407 2426 et

193 2454 386 2509 XXVI.
438 2455 508 2511 Ut
565 2465 745 2510 autem
803 2455 1152 2511 sacerdotalis
1207 2454 1439 2525 dignitas
1484 2462 1710 2524 propter
1814 2454 2066 2509 latrinam
2096 2456 2323 2526 aptavit.
2351 2455 2483 2510 Cum
2512 2458 2762 2526 sequenti
2795 2458 2994 2514 ibidem
3021 2471 3182 2517 nocte
3203 2461 3406 2518 dormi-

123 2548 252 2601 ftdei
324 2546 664 2616 majestatem
727 2548 1038 2603 ostensione
1098 2549 1263 2601 etiam
1334 2548 1563 2603 visibilis
1609 2547 1710 2602 mi-
1815 2555 1916 2610 ret,
1947 2547 2377 2615 comprehensus
2421 2555 2508 2601 est
2543 2563 2572 2600 a
2603 2548 2812 2604 duobus
2851 2551 3006 2618 quasi
3053 2552 3404 2608 cubiculariis

121 2639 295 2694 raculi
353 2640 798 2703 commendetur,
877 2638 1004 2692 illud
1056 2639 1197 2693 beati
1252 2638 1394 2694 Petri
1443 2641 1510 2693 ad
1583 2654 1696 2693 me-
1813 2639 3403 2713 atqueligatuszquoscuminterrogaretcurseligarentct

118 2733 272 2784 dium
320 2729 636 2784 deducatur.
703 2729 801 2784 llic
855 2729 1045 2784 beatus
1095 2729 1286 2784 Petrus
1364 2729 1710 2785 Alexandria:
1817 2729 2885 2800 tamcrudeliterimpellerent:Propter
2909 2731 3283 2798 fornicariam,
3315 2735 3402 2789 in-

111 2821 318 2894 prensul
347 2819 464 2883 fuit,
512 2828 566 2874 et
606 2820 793 2872 Arium
836 2819 1151 2873 haereticum
1199 2819 1268 2873 ab
1306 2819 1548 2874 Ecclesia
1613 2834 1707 2874 sua
1812 2821 2713 2892 quiuut,tesanctuspapajubetiu
2731 2823 3219 2879 audientiamduci.
3242 2826 3406 2880 Forte

112 2915 328 2986 primus
373 2912 558 2981 ejecit.
613 2911 711 2967 Cui
759 2912 955 2967 dehinc
1008 2911 1242 2966 instante
1297 2911 1564 2980 passionis
1621 2926 1779 2994 αι’-η
1813 2921 1944 2968 tunc
2010 2912 2250 2968 Joannes
2321 2912 2566 2982 pontifex
2633 2914 2905 2969 Romanus
2981 2914 3154 2985 pridie
3212 2925 3401 2970 contra

115 3005 288 3060 ticulo
345 3003 595 3060 Christus
646 3019 741 3074 per
769 3003 1040 3058 somnium
1079 3001 1247 3055 nimio
1287 3001 1576 3070 splendore
1609 3002 1707 3054 ful-
1736 2979 1780 3034 (ἶ
1813 3004 2117 3060 Saracenos
2160 3013 2475 3074 perrexerat.
2521 3023 2533 3058 :
2573 3005 2728 3074 Cujus
2773 3007 3074 3061 absentiam
3145 3023 3271 3064 reus
3311 3007 3400 3064 ille

112 3112 252 3167 gens
288 3095 560 3165 apparuit,
605 3095 825 3149 indutus
862 3093 1116 3148 videlicet
1141 3092 1352 3148 colobio
1383 3092 1546 3146 nimis
1577 3107 1708 3145 can-
1813 3094 2150 3159 recordatus,
2197 3095 2466 3157 dominus,
2522 3095 2698 3165 inquit
2750 3111 2910 3164 papa,
2963 3113 3108 3152 nunc
3158 3097 3212 3151 in
3259 3097 3391 3153 urbe

112 3186 422 3249 didissimo,
453 3186 548 3240 sed
581 3199 749 3254 usque
787 3184 853 3238 ad
897 3183 1058 3252 pedes
1091 3183 1283 3238 scisso.
1329 3181 1482 3248 Quod
1525 3194 1705 3237 tamen
1812 3199 1919 3237 non
1957 3190 2060 3248 est,
2093 3191 2148 3237 et
2176 3183 2445 3253 quomodo
2473 3201 2560 3239 me
2591 3185 2746 3254 ligari
2789 3186 2988 3254 jussit?
3031 3189 3101 3240 At
3144 3187 3219 3242 illi
3247 3187 3400 3244 dixe-

111 3275 391 3330 colobium
418 3275 681 3330 ambabus
711 3274 959 3329 manibus
990 3274 1057 3329 ad
1111 3282 1299 3343 pectus
1340 3289 1498 3329 suum
1539 3274 1706 3329 strin-
1813 3281 1975 3328 runt;
2025 3271 2082 3327 Si
2129 3288 2266 3342 papa
2307 3273 2544 3329 Joannes
2591 3275 2715 3328 hinc
2742 3276 2892 3340 abiit,
2929 3288 3152 3331 sanctus
3199 3278 3402 3349 Grego«

110 3382 270 3437 gens,
335 3365 639 3421 nuditatem
715 3381 868 3420 suam
937 3365 1338 3436 quodammodo
1407 3365 1704 3436 operiebat.
1813 3362 1926 3416 rius
1949 3362 2035 3416 hic
2063 3363 2342 3426 remansit,
2376 3363 2466 3431 qui
2491 3378 2639 3417 more
2661 3363 2820 3419 solito
2845 3364 3032 3420 urbem
3065 3366 3402 3436 perlustrans

110 3464 290 3528 Quem
337 3458 530 3515 Petrus
575 3473 697 3513 esse
743 3457 1016 3514 Christum
1077 3457 1402 3526 intelligens,
1455 3473 1580 3512 cum
1616 3459 1706 3510 in-
1813 3467 1935 3507 cum
1973 3453 2061 3506 hic
2097 3453 2331 3517 veniret,
2358 3463 2508 3522 septa
2539 3455 2619 3508 sui
2665 3454 2830 3508 fontis
2858 3471 2889 3508 a
2932 3465 2984 3510 te
3027 3465 3250 3525 propter
3287 3474 3401 3513 me-

110 3551 265 3620 genti
308 3551 538 3606 horrore
568 3550 830 3604 attonitus
876 3549 990 3603 ait:
1043 3547 1113 3602 Mi
1163 3548 1411 3614 Domine,
1457 3549 1577 3618 quis
1607 3549 1710 3604 hoe
1816 3544 2131 3600 retriculam
2177 3547 2380 3614 reperit
2425 3546 2705 3614 dissipata.
2744 3547 2834 3601 Ille
2866 3548 3076 3602 excitus
3117 3564 3240 3603 cum
3282 3549 3398 3617 jam

107 3641 282 3696 fecit?
310 3642 379 3697 At
407 3641 496 3696 ille
540 3642 654 3696 ait:
708 3642 870 3697 Arius
911 3641 1045 3696 mibi
1092 3641 1194 3695 hoc
1237 3640 1387 3706 fecit,
1429 3650 1485 3696 et
1515 3651 1709 3696 caetera
1824 3634 2055 3688 internis
2103 3633 2345 3688 febribus
2392 3635 2605 3689 arderet
2637 3635 2959 3692 duodecimo
2987 3639 3074 3692 die
3101 3639 3393 3708 expiravit.

107 3750 235 3805 qua:
264 3734 354 3789 ille
401 3734 561 3788 nimis
589 3732 885 3789 affectuose
934 3743 1258 3803 prosecutus
1302 3743 1404 3787 est.
1445 3733 1543 3789 llic
1581 3751 1660 3804 erg

1843 3725 1915 3790 Qui
1980 3724 2259 3779 Zacharia:
2315 3725 2532 3794 quidem
2607 3727 2701 3796 qui
2770 3729 3102 3784 monasterio
3163 3740 3396 3800 praeerat

105 3824 308 3879 Petrus
352 3833 593 3893 tempore
638 3825 987 3892 episcopatus
1031 3838 1309 3892 nunquam
1353 3822 1407 3876 in
1453 3823 1709 3877 cathedra
1811 3815 2246 3887 obiurgationem
2292 3827 2714 3887 contempserat,
2771 3820 2863 3874 sed
2913 3819 3239 3892 Gregorium
3276 3822 3397 3878 loco

105 3931 208 3968 sua
241 3915 433 3968 sedere
467 3913 655 3977 voluit,
715 3913 810 3967 sed
861 3928 1023 3982 super
1073 3912 1364 3967 scabellum
1411 3913 1581 3983 ipsius
1621 3929 1708 3966 ra-
1811 3922 1930 3962 esse
1977 3916 2296 3977 praesentem
2340 3918 2505 3978 atque
2553 3910 2763 3981 singula
2794 3927 3022 3982 quaeque
3045 3924 3395 3982 perscrutan-

109 4004 322 4060 thedrae
349 3999 642 4059 residebat.
682 4003 911 4072 Propter
940 4005 1085 4074 quod
1119 4003 1432 4073 frequenter
1451 4004 1632 4059 clerus
1657 4015 1711 4058 ct
1813 4006 1945 4062 tem,
1986 3999 2128 4066 quod
2168 4014 2274 4053 non
2306 4000 2710 4068 suspicabatur,
2745 4002 3028 4058 moriendo
3050 4005 3320 4073 probavit.

106 4094 346 4166 populus
399 4104 587 4150 contra
633 4110 756 4149 eum
809 4091 1156 4163 querebatur,
1218 4094 1313 4149 sed
1367 4108 1708 4163 nequaquam
1879 4089 2113 4144 XXVIII.
2157 4089 2414 4159 Quisquis
2450 4091 2617 4160 igitur
2645 4107 2712 4146 ex
2744 4091 2850 4147 fide
2881 4094 3032 4159 vivit,
3069 4095 3276 4152 Christi
3310 4099 3394 4156 vel

107 4185 529 4254 acquiescebat,
560 4185 814 4254 quoniam
845 4183 1272 4252 quotiescunque
1303 4183 1706 4254 thysiasterium
1811 4187 2122 4234 sanctorum
2145 4179 2261 4248 ejus
2293 4183 2636 4250 praesentiam
2667 4194 2998 4252 revereatur,
3039 4196 3094 4242 et
3123 4205 3230 4244 non
3257 4207 3388 4261 prmo

105 4277 466 4342 ascendebat,
500 4275 754 4345 Splendor
799 4276 986 4347 igneus
1017 4275 1084 4330 de
1123 4275 1236 4344 ipsa
1267 4275 1392 4330 sede
1423 4274 1708 4346 egrediens
1739 4327 1783 4347 λ
1811 4287 2001 4328 conem
2023 4281 2372 4339 contemnat;
2405 4274 2453 4329 si
2475 4275 2662 4341 etiam,
2687 4277 2829 4346 quod
2859 4277 3019 4344 absit,
3051 4281 3176 4336 vitae
3196 4284 3396 4341 merito

105 4370 434 4439 apparebat,
483 4369 638 4438 cujus
672 4376 894 4438 aspectu
931 4367 1016 4422 vir
1062 4375 1286 4423 sanctus
1333 4367 1408 4421 ita
1445 4367 1706 4421 accende-
1736 4327 1784 4387 θ
1809 4363 2237 4418 contemnendus
2271 4362 2452 4428 fuerit,
2499 4366 2594 4420 sed
2636 4364 2840 4435 judicis
2881 4371 3183 4438 potentiam
3215 4373 3391 4430 refor-

104 4461 296 4527 batur,
329 4469 387 4514 ut
418 4459 653 4514 nesciret
675 4474 732 4514 se
755 4459 1028 4514 interdum
1055 4472 1176 4514 esse
1204 4457 1258 4512 in
1289 4473 1534 4528 corpore.
1569 4456 1702 4512 Cum
1807 4453 1991 4508 midet.
2035 4453 2189 4510 Licet
2219 4455 2364 4510 enim
2397 4455 2518 4510 talis
2539 4454 2818 4523 judicandi
2849 4457 3032 4515 locum
3061 4469 3263 4527 teneat,
3295 4478 3360 4518 cu

106 4560 294 4606 autem
333 4550 570 4620 quadam
614 4550 700 4604 die
750 4549 930 4604 clerus
977 4556 1032 4602 et
1074 4547 1311 4617 episcopi
1357 4547 1446 4617 qui
1479 4547 1706 4601 aderant
1798 4545 1888 4616 jus
1938 4545 2050 4600 vita
2116 4545 2235 4600 loco
2282 4545 2504 4600 minime
2555 4547 3168 4620 concordat:quisquis
3211 4559 3392 4608 tamen

103 4648 175 4702 de
226 4645 489 4716 praedicta
527 4645 769 4700 sessione
809 4651 1186 4712 quererentur,
1238 4642 1329 4696 ille
1380 4650 1600 4698 coactus
1649 4648 1705 4695 et
1804 4635 2086 4703 regiminis
2136 4637 2364 4707 gradum
2400 4636 2646 4702 sortitur,
2690 4637 2870 4691 locum
2920 4641 3292 4710 apostolorum
3338 4642 3427 4694 in.

99 4740 216 4809 jam
247 4738 430 4793 celare
461 4751 564 4790 nou
593 4736 780 4790 valens
810 4749 825 4788 :
877 4733 1041 4800 Quid,
1092 4734 1284 4805 inquit,
1320 4732 1576 4804 afﬂigitur
1610 4749 1704 4788 cor
1803 4725 2006 4796 ligandi
2065 4737 2229 4798 alque
2277 4727 2518 4782 solvendi
2571 4727 2902 4782 auctoritate
2935 4731 3184 4800 suscipit.
3214 4728 3286 4782 ΕΙ.
3309 4730 3392 4785 id-

105 4827 335 4884 meum?
364 4827 557 4880 Annon
606 4824 802 4880 videtis
826 4824 1080 4877 virtutem
1107 4823 1319 4896 igneam
1350 4838 1470 4892 quce
1502 4823 1699 4879 emicat
1802 4819 1948 4873 circo
1975 4821 2118 4878 sicut
2154 4820 2209 4875 in
2240 4819 2463 4875 homilia
2509 4817 2932 4886 Evangeliorum
2957 4823 3215 4893 vigesima
3241 4830 3396 4875 sexta

105 4922 173 4976 de
218 4919 357 4974 solio
408 4917 521 4983 illo,
567 4930 620 4975 et
665 4916 924 4988 spiritum
968 4930 1262 4973 coruscare
1291 4931 1398 4971 non
1429 4915 1699 4974 cernitis?
1800 4912 1974 4964 sancti
2027 4910 2281 4986 Gregorii
2326 4909 2526 4964 dicitur
2567 4924 2582 4962 :
2636 4905 2834 4962 Utrum
2872 4908 3029 4979 juste
3075 4926 3142 4964 an
3193 4906 3400 4975 injuste

101 5011 355 5084 Cumque
381 5024 562 5066 omnes
597 5009 842 5068 demisso
879 5008 1054 5077 capite
1088 5018 1290 5064 tantam
1324 5021 1439 5064 rem
1467 5008 1696 5064 audien-
1802 5000 1927 5070 l‘gel
1955 5015 2181 5073 pastor,
2207 5000 2442 5071 pastoris
2471 5007 2652 5055 tamen
2678 4999 2958 5054 sententia
2988 4999 3134 5073 gregi
3165 4997 3403 5052 timendi!

107 5112 190 5156 tes
253 5099 658 5171 conticuissent,
732 5096 826 5152 ille
883 5097 1156 5167 subjunxit
1201 5112 1216 5152 :
1267 5095 1482 5154 Credite
1538 5097 1693 5161 mihi,
1799 5100 1902 5156 est,
1952 5108 2030 5151 ne
2089 5107 2138 5162 is
2186 5103 2244 5150 et
2285 5092 2376 5163 qui
2423 5091 2626 5156 subest,
2669 5095 2725 5143 et
2765 5095 2892 5141 cum
2942 5091 3140 5162 injuste
3174 5086 3406 5142 forsitan

105 5188 279 5253 ﬁlioli,
329 5187 373 5242 si
403 5185 648 5248 videretis
705 5201 833 5256 qua:
879 5185 1056 5252 video,
1089 5197 1218 5244 tunc
1265 5186 1690 5256 cognosceretis,
1801 5182 2020 5252 ligatur,
2089 5199 2272 5266 ipsam
2319 5181 2660 5252 obligationis
2709 5189 2820 5266 suae
2851 5179 3182 5266 sententiam
3209 5177 3407 5266 exalia

101 5279 279 5347 qualis
341 5284 425 5330 est
472 5275 833 5338 sacerdotalis
885 5277 1078 5344 virtus,
1133 5289 1187 5336 et
1242 5291 1360 5345 qua:
1411 5278 1586 5349 gratia
1635 5276 1690 5329 in
1797 5272 1944 5342 culpa
1975 5260 2304 5346 mer'caiur.
2337 5275 2525 5328 Pastor
2553 5281 2682 5338 ergo
2711 5263 2854 5316 sicut
2890 5263 2969 5319 de
3004 5264 3254 5322 omnibus
3271 5260 3414 5334 judi-

101 5371 229 5400 Ζησῖο
260 5368 467 5400 Ιιηιιῖιηο
525 5375 586 5400 ...1
638 5369 804 5400 ,ει-ἵης’
853 5367 1145 5400 ωηῖηοίηιῖη
1199 5371 1541 5400 ηιαιιοηιιιῖηη-
1593 5383 1654 5400 nn

1867 5379 1889 5400 α
1934 5373 2058 5400 mn-
2154 5365 2418 5400 -ιιιῖηηοηὶ
2459 5376 2590 5400 1mm
2631 5351 2794 5400 indici
2841 5351 3181 5400 redditurus.
3210 5351 3294 5400 vel
3324 5354 3417 5400 aii-
