3934 5400
480 347 586 405 539
1472 339 1531 397 S.
1572 336 1822 397 ODONIS
1858 334 2149 394 ABBATIS
2183 332 2683 395 CLUNIACENSIS
2718 336 2761 393 ll
3634 333 3742 391 5‘0

480 461 567 517 vel
611 458 738 525 sibi,
784 455 870 514 vel
922 454 1155 512 subditis
1198 454 1404 520 vivant,
1438 463 1533 509 aut
1559 454 1795 525 qualiter
1821 452 2065 523 quaedam
2095 450 2149 511 Α
2173 462 2321 518 cant,
2353 462 2411 507 ut
2446 453 2535 509 hic
2563 453 2628 508 ad
2663 459 2921 523 punctum
2943 434 3188 520 ﬂoreant,
3221 461 3276 509 et
3302 467 3331 506 a
3362 452 3613 521 sequenti
3641 468 3744 522 pa-

482 550 677 615 levius,
728 546 975 618 quredam
1020 544 1265 614 asperius
1307 543 1601 615 corrigant,
1626 544 1872 614 quaedam
1900 542 2065 598 dissi-
2170 544 2271 600 tria
2306 542 2549 599 funditus
2580 554 2849 599 arescant.

482 638 707 706 mulent,
738 652 837 693 nec
879 648 1057 691 tamen
1094 649 1341 690 crescere
1367 635 1563 698 sinant,
1599 636 1653 689 in
1685 634 1823 689 libro
1871 633 2065 689 Pasto-
2239 632 2409 688 XXX.
2451 633 2688 702 Quorum
2713 634 2890 689 studia
2919 634 3034 689 hate
3079 642 3221 698 sunt,
3249 640 3444 689 contra
3481 642 3748 702 pracepta

483 727 585 783 rali
616 725 901 782 manifeste
931 725 1236 781 disseritur.
1284 723 1385 779 llic
1429 733 1609 779 tamen
1639 741 1707 780 ex
1747 725 1885 779 libro
1937 739 2065 778 xxvt
2173 723 2483 781 Conditoris
2527 725 2903 791 indurescunt,
2953 725 3133 795 pravis
3170 723 3457 779 desideriis
3483 723 3750 788 succensi,

478 816 765 874 Moralium
808 815 940 871 illud
982 826 1457 881 commemoretur,
1506 815 1603 870 sia
1630 830 1921 885 pravorum
1945 829 2069 869 cor-
2170 831 2273 871 nec
2301 817 2415 871 suis
2460 817 2726 871 mortibus
2775 816 3065 886 aliquando
3110 823 3360 886 parcunt.
3387 813 3610 868 [nauem
3638 813 3754 883 glo—

480 905 730 975 reptione
754 904 1111 970 cessaverint,
1143 903 1245 973 ipsi
1277 918 1374 973 pro
1399 902 1479 958 eis
1503 903 1817 973 punientur.
1846 902 1912 957 Ει
1939 910 2070 971 quot
2171 906 2309 961 riam
2354 905 2518 960 etiam
2569 921 2694 960 cum
2735 906 2860 961 vita;
2905 905 3232 961 detrimento
3276 912 3549 974 quaerunt.
3581 902 3756 957 Bonos

485 997 734 1068 regendis
759 995 993 1052 subditis
1038 996 1268 1066 quisque
1317 1004 1535 1067 praeest,
1589 1004 1667 1051 tot
1705 995 1846 1065 apud
1890 995 2073 1050 distri-
2172 1011 2301 1051 vero
2329 995 2489 1051 dictis
2515 1005 2569 1049 et
2596 994 2753 1051 factis
2781 1003 3200 1066 persequuntur,
3245 1003 3302 1050 et
3340 993 3510 1049 etiam
3543 991 3754 1063 gladiis.

484 1096 631 1141 ctum
649 1086 891 1155 iudicem
923 1086 1139 1143 animas
1180 1085 1327 1141 solus
1348 1086 1415 1140 ad
1444 1086 1773 1141 reddendam
1806 1086 2071 1140 rationem
2175 1086 2338 1159 Spem
2371 1088 2423 1142 in
2456 1087 2763 1158 semetipsis
2793 1095 3029 1156 ponunt;
3074 1094 3264 1142 contra
3306 1084 3520 1155 flagella
3561 1083 3759 1139 Condi-

483 1174 727 1241 babebit,
766 1190 887 1230 cum
915 1173 1056 1230 forte
1076 1175 1143 1230 de
1172 1189 1269 1229 sua
1310 1174 1425 1229 sola
1466 1174 1557 1229 vix
1600 1172 1846 1230 sufficiat.
1879 1174 2074 1230 Subdi-
2175 1178 2309 1234 toris
2330 1177 2941 1234 insensibilesexistunt.
2960 1177 3204 1232 Mortalia
3222 1192 3328 1231 non
3352 1173 3766 1231 mortalitcreo-

488 1276 574 1321 tos
608 1280 824 1335 quoque
862 1273 1014 1320 tanto
1061 1265 1340 1320 liberiores
1365 1265 1420 1320 in
1449 1264 1633 1321 divino
1669 1265 1917 1320 examine
1938 1278 2075 1334 pra)-
2175 1270 2378 1339 gitant;
2404 1269 2635 1325 habendi
2657 1268 3009 1339 cupiditatem
3032 1268 3179 1324 nullo
3200 1275 3462 1338 congestu
3488 1264 3760 1320 lucrorurn

488 1354 584 1410 lati
613 1356 859 1423 reddent,
885 1365 1089 1426 quanto
1115 1355 1205 1413 hic
1230 1370 1420 1411 eorum
1452 1355 1666 1426 culpam
1692 1354 1811 1410 sine
1838 1354 2074 1410 vindicta
2176 1360 2388 1416 ﬁniunt.
2423 1361 2568 1421 Inter
2596 1360 2868 1433 quaslibet
2905 1360 3296 1416 amaritudines
3322 1360 3393 1414 ad
3425 1358 3762 1427 voluptatem

502 1459 611 1500 non
648 1445 952 1502 deserunt:
1002 1446 1106 1515 ipsi
1144 1460 1274 1502 vero
1324 1452 1473 1501 tanto
1515 1445 1866 1517 ohligatiores
1915 1444 2073 1511 ﬁunt,

2195 1452 2413 1509 :arnalis
2455 1453 2708 1509 desiderii
2751 1462 3077 1520 recurrunt;
3125 1466 3323 1523 corpus
3348 1458 3623 1521 quantum
3648 1462 3766 1519 pm-

488 1545 696 1606 quanto
732 1537 785 1592 in
807 1536 891 1592 his
912 1536 1004 1606 qui
1036 1536 1404 1603 committunt,
1444 1552 1546 1593 nec
1578 1536 1730 1593 verbi
1756 1536 1972 1606 quidem
1995 1536 2076 1590 in-
2177 1550 2304 1598 sunt
2357 1542 2635 1613 epularum
2682 1542 3083 1599 diversitatibus
3130 1542 3402 1606 nutriunt,
3449 1538 3767 1596 maestitiam

486 1631 726 1700 iectioue
757 1631 826 1686 ab
852 1631 1035 1702 aliquo
1058 1630 1395 1687 lacerantur.
2178 1631 2421 1686 locorum
2458 1629 2844 1685 blandimentis
2888 1630 3215 1686 demulcent.
3265 1629 3347 1685 Ne
3391 1626 3646 1697 despecti
3690 1625 3770 1681 vi-

2180 1723 2433 1788 deantur,
2465 1721 2822 1792 dignitatibus
2852 1736 2912 1776 se
2951 1721 3181 1776 inaltant
3202 1738 3218 1787 ;
3243 1720 3617 1792 potestatibus
3643 1732 3773 1773 cun.

563 1803 756 1863 XXIX.
798 1805 1102 1863 Pravorum
1157 1808 1488 1879 perversilas
1534 1805 1726 1880 exigit.
1775 1814 1836 1861 υι
1889 1812 2079 1863 comm
2106 1797 2155 1857 Β
2183 1821 2300 1870 ctos
2324 1813 2707 1869 transcendere
2734 1813 2991 1884 gestiunt.
3015 1812 3119 1881 Qui
3146 1827 3275 1869 vero
3296 1812 3604 1868 astutiores
3625 1818 3769 1873 sunt,

493 1906 866 1967 contemptum
890 1913 1080 1954 eorum
1116 1907 1265 1953 tanta
1294 1897 1563 1963 dicantur,
1592 1905 1809 1967 accepta
1834 1895 2083 1951 videlicet
2185 1904 2350 1959 corda
2379 1918 2477 1958 sua
2515 1902 2731 1958 discunt
2765 1902 3258 1958 machinationibus
3297 1911 3508 1973 tegere,
3553 1914 3774 1957 sensum

495 1989 787 2044 orcasione
814 1989 879 2044 de
908 1988 1065 2055 Cain,
1098 1988 1251 2059 cujus
1297 1988 1385 2042 isti
1433 2003 1694 2058 sequaces
1720 1995 1844 2043 sunt
1869 1988 1960 2056 qui
1988 1986 2084 2041 Dei

503 2077 677 2147 ipsius
725 2078 1147 2137 admonitionem
1194 2078 1568 2147 contempsit:
1623 2078 1715 2147 qui
1767 2087 1819 2131 et
1870 2077 2083 2146 culpam

497 2167 748 2223 conﬁteri
789 2169 997 2236 noluit,
1052 2169 1146 2225 sed
1196 2177 1251 2223 et
1299 2169 1483 2224 timide
1531 2168 1809 2239 reSpondit
1858 2168 2079 2225 dicens:

402 2264 405 2269 ’
501 2257 757 2326 Nunquid
789 2268 963 2313 custos
992 2260 1174 2329 fratris
1196 2259 1294 2313 mei
1322 2259 1482 2314 sum?
1509 2257 1661 2331 (Gen.
1682 2273 1756 2325 tv,
1786 2257 1868 2330 9.)
1890 2258 1948 2313 ln
1976 2273 2084 2329 quo

504 2347 652 2403 facto
692 2348 991 2418 genitorem
1038 2365 1197 2405 suum
1242 2349 1416 2405 Adam
1464 2351 1706 2407 imitatus
1744 2359 1850 2417 est,
1896 2352 1986 2421 qui
2013 2351 2083 2406 ad

496 2439 870 2507 paenitentiam
919 2440 1214 2510 requisitus
1257 2456 1383 2496 mox
1433 2441 1820 2497 adminiculum
1867 2456 2087 2497 excusa-

497 2531 661 2586 tionis
688 2530 955 2600 adiunxit,
1004 2534 1189 2588 dicens
1221 2550 1235 2588 :
1269 2531 1468 2588 Mulier
1508 2551 1667 2605 quam
1704 2534 1897 2589 dedisti
1935 2534 2081 2601 mihi,

494 2620 634 2675 dedit
662 2623 812 2689 mihi,
837 2632 885 2677 et
908 2624 1109 2678 comedi
1133 2621 1286 2696 (Gen.
1319 2640 1407 2691 ιιι,
1438 2625 1550 2692 η).
1591 2626 1887 2681 Excessum
1928 2641 2081 2680 suum

496 2709 729 2768 latenter
769 2713 1087 2784 intorquens
1113 2715 1168 2770 in
1193 2724 1490 2781 auctorem,
1522 2718 1677 2786 quasi
1707 2718 1822 2787 ipse
1852 2718 1947 2787 qui
1975 2732 2087 2771 mu-

496 2801 687 2857 lierem
708 2803 953 2870 dederat,
986 2806 1328 2862 occasionem
1356 2806 1702 2877 delinquendi
1739 2808 2081 2878 praebuisset.

498 2889 637 2946 Hinc
662 2900 747 2946 est
768 2894 914 2963 quod
958 2909 1027 2949 ex
1081 2894 1170 2949 illa
1211 2896 1394 2952 radice
1446 2912 1634 2954 ramus
1682 2897 1841 2969 hujus
1884 2896 2089 2953 erroris

503 3000 677 3054 usque
706 3001 850 3042 nunc
878 2987 932 3042 in
960 2988 1199 3043 humano
1229 3004 1431 3060 genere
1472 2990 1832 3060 protrahitur,
1860 2999 1918 3044 ut
1944 2988 2088 3059 quod

506 3079 738 3146 quisque
763 3079 903 3135 male
927 3080 1055 3150 agit,
1089 3090 1184 3136 aut
1206 3081 1521 3137 excusando
1568 3080 1827 3151 levigare,
1856 3090 1949 3136 aut
1994 3095 2088 3135 ar-

506 3170 874 3234 gumentando
934 3168 1224 3224 defendere
1275 3179 1520 3225 conetur.
1578 3170 1645 3225 Et
1675 3185 1825 3226 certe
1860 3186 2088 3241 peccare

503 3274 613 3313 non
661 3258 967 3326 debuimus,
999 3261 1094 3315 sed
1145 3261 1351 3315 utinam
1399 3269 1523 3332 post
1562 3261 1772 3316 ruinam
1801 3276 2087 3334 resurgere

502 3365 848 3417 conaremur,
878 3359 935 3406 et
961 3350 1171 3422 culpam
1199 3351 1535 3407 defendendo
1567 3368 1673 3407 non
1704 3351 2089 3422 multiplicare-

507 3456 643 3496 Inus.
669 3442 740 3496 At
770 3443 1063 3498 miserabili
1094 3444 1251 3498 modo
1278 3458 1386 3514 quo
1417 3444 1642 3514 spiritus
1664 3443 1941 3515 peccando
1971 3443 2087 3498 lon-

504 3533 677 3602 giusa
713 3534 942 3589 veritate
983 3535 1328 3605 disiungitur,
1374 3550 1439 3591 eo
1490 3535 2086 3606 nequius.obduratur.

505 3622 573 3676 Et
599 3622 754 3694 culpa
802 3639 922 3693 quae
962 3632 1169 3681 terrere
1214 3633 1451 3681 mentem
1500 3628 1707 3699 debuit,
1744 3627 1914 3698 magis
1950 3628 2091 3682 hanc

509 3712 745 3768 extollit.
786 3713 961 3769 Porro
1003 3720 1184 3770 autem
1212 3716 1279 3771 de
1306 3715 1439 3771 Cain
1472 3717 1647 3772 adhuc
1674 3716 1875 3786 aliquid
1902 3727 2092 3771 contra

507 3805 625 3873 ejus
669 3804 969 3860 imitatores
1007 3806 1274 3861 dicamus.
1321 3804 1414 3861 ille
1441 3822 1608 3877 vagus
1635 3816 1689 3862 et
1716 3808 1974 3878 profugus
2000 3810 2094 3861 de-

508 3895 643 3965 guit,
667 3906 723 3951 et
751 3896 818 3951 de
846 3895 966 3951 istis
1003 3897 1234 3952 dicitur:
1264 3898 1636 3953 Ambulabunt
1680 3897 1734 3951 in
1782 3913 2009 3952 vacuum
2036 3905 2093 3953 et

508 3984 782 4054 peribunt.
816 3985 872 4040 In
903 4001 1131 4041 vacuum
1177 3985 1455 4041 ambulant
1495 3987 1587 4057 qui
1634 3986 1768 4040 nihil
1812 4001 1995 4041 secum
2025 3986 2094 4042 de

509 4077 685 4131 fructu
710 4077 792 4132 sui
826 4077 1027 4132 laboris
1059 4085 1180 4147 post
1211 4086 1440 4131 mortem
1472 4084 1711 4147 portant.
1750 4075 1851 4144 Qui
1879 4086 1935 4132 et
1963 4092 2089 4146 pro-

513 4166 621 4237 fugi
648 4176 794 4232 sunt,
836 4168 960 4238 quia
996 4169 1163 4222 vitam
1196 4177 1522 4238 prmsentem
1568 4178 1856 4239 sequentes
1884 4171 2094 4240 lugiunt

514 4254 797 4321 alternam,
848 4259 1005 4311 istam
1051 4259 1411 4326 invenientes,
1455 4258 1600 4313 illam
1651 4260 1903 4331 perdunt.
1942 4260 2094 4315 Alius

515 4359 749 4414 namque
778 4345 1136 4416 adipiscendis
1158 4348 1479 4413 honoribus,
1509 4348 1647 4403 alius
1672 4350 2094 4421 multiplicandis

515 4435 885 4502 facultatibus,
936 4437 1072 4492 alius
1115 4441 1489 4509 promerendis
1534 4440 1785 4497 laudibus
1831 4441 2086 4506 anhelat;

515 4526 608 4580 sed
637 4535 831 4581 cuncta
875 4527 989 4583 haec
1029 4528 1259 4598 quisque
1311 4540 1404 4584 aut
1457 4538 1583 4586 ante
1636 4540 1865 4587 mortem
1890 4532 2090 4601 perdit,

514 4625 610 4670 aut
646 4617 887 4672 moriens
927 4619 1150 4673 deserit.
1173 4620 1230 4673 ln
1260 4634 1489 4674 vacuum
1515 4636 1645 4691 ergo
1666 4621 1895 4688 laborat,
1926 4630 1980 4676 et
2002 4638 2098 4677 va-

515 4725 613 4781 gus
641 4709 810 4764 vitam
859 4726 1012 4765 suam
1048 4711 1338 4780 percurrit,
1371 4712 1461 4781 qui
1496 4726 1681 4767 secum
1708 4721 1834 4768 ante
1857 4712 2095 4782 iudicem

514 4800 648 4855 nihil
683 4800 749 4855 ad
779 4800 1193 4872 promerendam
1222 4802 1416 4857 animae
1442 4802 1671 4859 salutem
1696 4811 1895 4874 portat.
1946 4803 2085 4871 Quo-

512 4905 621 4961 quo
651 4891 797 4947 enim
827 4892 988 4948 modo
1031 4892 1187 4963 culpa
1232 4894 1478 4963 prodeat,
1532 4894 1610 4948 ita
1657 4908 1873 4962 semper
1923 4893 2100 4948 eidem

514 4984 725 5041 subacti
760 4994 904 5051 sunt,
934 4996 995 5042 ut
1020 4987 1107 5042 vel
1132 4995 1277 5043 recte
1304 5001 1413 5043 non
1443 4988 1722 5059 incipiant,
1756 4988 1841 5042 vel
1870 4988 1915 5043 si
1943 4988 2095 5043 ince-

513 5077 696 5146 perint
741 5078 901 5133 fracti
930 5078 983 5133 in
1013 5078 1129 5149 ipso
1166 5089 1363 5135 conatu
1393 5080 1462 5134 ad
1492 5085 1809 5134 consuetam
1849 5078 2094 5148 pravita-

518 5177 626 5223 tem
669 5170 917 5225 redeant.
958 5168 1050 5225 llle
1083 5168 1503 5252 primogenitum
1533 5183 1692 5224 suum
1720 5168 1904 5223 Enoch
1932 5181 2100 5222 voca-

517 5261 613 5325 vit,
643 5270 808 5332 atque
838 5277 904 5317 ex
945 5261 1166 5317 nomine
1197 5262 1316 5332 eius
1356 5261 1633 5317 civitatem
1665 5275 1824 5341 quam
1858 5257 2103 5314 condidit

520 5352 826 5400 annellavit-
858 5353 1042 5400 Ennnh
1069 5353 1329 5400 dedicatio
1374 5352 1591 5400 dicitur.
1623 5352 1689 5400 Et
1713 5365 1901 5400 omnes
1927 5351 2100 5400 ininui

2184 1994 2367 2050 verbis
2417 1993 2621 2060 velare,
2667 1993 2906 2063 irrogata
2955 1992 3094 2047 mala
3140 1992 3493 2064 multiplicius
3522 1990 3774 2057 reddere,

2183 2084 2457 2155 simplices
2488 2084 2735 2140 irridere.
2786 2083 2914 2139 Haec
2962 2084 3163 2139 veteris
3202 2082 3441 2138 hominis
3481 2080 3774 2151 prudentia

2182 2187 2288 2244 est,
2319 2193 2440 2249 qua:
2467 2193 2496 2232 a
2526 2176 2713 2248 pueris
2754 2176 2930 2249 pretio
2977 2176 3229 2243 discitur,
3269 2175 3322 2228 in
3346 2173 3652 2245 juvenibus
3676 2186 3776 2226 usu

2184 2268 2475 2324 roboratur
2500 2283 2514 2322 :
2546 2267 2691 2324 hanc
2717 2268 2807 2337 qui
2838 2267 3040 2334 sciunt,
3061 2276 3289 2322 caeteros
3313 2262 3777 2335 despiciunt;qui

2184 2361 2455 2424 nesciunt,
2510 2360 2565 2415 in
2610 2359 2733 2415 aliis
2779 2359 3146 2415 urbanitatem
3185 2366 3399 2429 putant.
3435 2356 3500 2411 lii
3537 2370 3785 2427 superna

2185 2469 2305 2523 qum
2330 2453 2652 2518 amiserunt,
2683 2466 2789 2508 nec
2808 2450 3097 2522 plangunt,
3128 2466 3230 2507 nec
3254 2450 3569 2520 recogitant
3585 2465 3600 2513 ;
3629 2448 3783 2518 inge-

2183 2545 2353 2599 nitam
2396 2544 2706 2601 libertatem
2753 2558 2859 2598 non
2903 2543 3173 2609 recolunt,
3219 2542 3545 2611 semetipsos
3574 2541 3635 2595 in
3662 2540 3773 2604 bis,

2187 2631 2251 2687 ad
2283 2647 2403 2702 quae
2430 2630 2660 2705 proiecti
2709 2641 2860 2697 sunt,
2906 2633 3182 2689 deserunt.
3215 2631 3474 2686 Exsilium
3503 2630 3659 2701 quod
3689 2644 3785 2700 pa-

2186 2724 2396 2779 tiuntur
2435 2740 2587 2780 more
2624 2724 2817 2795 patria:
2851 2724 3103 2795 diligunt,
3152 2731 3209 2780 et
3258 2738 3381 2778 cum
3429 2721 3617 2777 miseri
3670 2721 3781 2776 sint

2186 2813 2333 2884 ipsas
2386 2815 2637 2871 miserias
2692 2823 2898 2881 amant,
2956 2829 3123 2884 seque
3172 2814 3316 2868 inter
3363 2826 3458 2867 eas
3508 2812 3569 2866 in
3619 2811 3783 2866 bonis

2187 2919 2309 2959 esse
2352 2913 2565 2975 putant.
2618 2904 2694 2959 Ita
2728 2903 2797 2959 ab
2822 2904 3050 2959 exordio
3070 2904 3196 2958 vitze
3221 2915 3395 2971 usque
3423 2900 3492 2956 ad
3526 2899 3700 2954 ﬁnem
3730 2900 3781 2953 in

2188 2994 2476 3064 iniquitate
2521 2994 2876 3063 perdurantes
2910 2994 3059 3050 omni
3107 3002 3350 3063 tempore
3384 3006 3482 3063 per
3510 3004 3780 3062 augmen-

2192 3092 2305 3137 tum
2328 3082 2550 3138 malitia:
2573 3092 2759 3138 contra
2784 3083 3105 3153 semetipsos
3128 3083 3265 3137 ictus
3288 3081 3646 3153 ingeminant,
3672 3079 3781 3150 qui-

2191 3173 2291 3228 bus
2323 3172 2519 3228 suceisi
2553 3172 2605 3226 in
2632 3181 2894 3228 aeternum
2924 3181 3106 3238 ruant,
3131 3172 3222 3243 qui
3252 3181 3512 3227 aeternam
3544 3171 3780 3241 patriam

2191 3276 2299 3316 non
2329 3270 2539 3328 amant,
2570 3262 2694 3332 quia
2724 3260 2970 3318 sufficere
2997 3261 3099 3317 sibi
3130 3260 3382 3323 credunt,
3406 3260 3454 3313 si
3482 3259 3565 3313 eis
3590 3273 3784 3329 suppe-

2192 3359 2309 3405 tant
2339 3352 2481 3407 bona
2512 3350 2827 3421 temporalia
2853 3367 2974 3421 quae
2996 3351 3222 3421 cupiunt
3255 3369 3269 3404 :
3301 3358 3356 3406 et
3385 3350 3430 3406 si
3456 3349 3511 3403 in
3544 3348 3634 3403 his
3661 3364 3781 3403 suc-

2191 3449 2466 3507 crescunt,
2500 3439 2685 3497 felices
2728 3454 2787 3495 se
2823 3450 2879 3497 et
2923 3442 3161 3497 munitos
3188 3450 3428 3510 putant:
3467 3449 3523 3495 et
3572 3440 3648 3494 ita
3688 3439 3780 3493 ubi

2191 3546 2354 3586 carne
2383 3530 2757 3601 requiescunt,
2805 3529 2879 3585 ibi
2922 3539 3159 3585 mentem
3190 3530 3518 3601 exstinguen
3542 3531 3595 3584 lo
3624 3545 3781 3600 sepe-

2192 3620 2352 3675 liunt.
2384 3620 2643 3691 Quisquis
2682 3620 2865 3689 itaque
2898 3621 3015 3675 haec
3044 3629 3100 3675 et
3142 3620 3249 3675 alia
3282 3621 3637 3692 quamplura,
3658 3636 3778 3691 qua:

2193 3710 2263 3766 ob
2290 3710 2653 3781 prolixitatem
2678 3710 3001 3778 omittimus,
3039 3711 3092 3766 in
3131 3726 3191 3767 se
3230 3712 3614 3783 deprehendit,
3640 3722 3786 3768 vete-

2199 3818 2311 3858 rem
2350 3804 2624 3858 hominem
2663 3817 2787 3857 cum
2830 3802 2943 3858 suis
2994 3803 3297 3859 rationibus
3326 3804 3559 3858 necdum
3606 3818 3666 3859 se
3695 3804 3783 3858 de-

2193 3896 2443 3965 posuisse
2473 3902 2795 3964 coguoscat,
2840 3894 2934 3950 sed
2983 3894 3050 3950 ad
3087 3894 3236 3949 illam
3286 3894 3600 3959 civitatem,
3630 3892 3793 3962 cuius

2195 4001 2291 4040 rex
2324 3985 2571 4041 diabolus
2599 3992 2706 4054 est,
2738 3985 2904 4040 etiam
2937 3986 2983 4040 si
3008 3986 3200 4041 audire
3224 4001 3333 4042 non
3365 3987 3600 4056 patitur,
3628 3985 3784 4040 factis

2192 4076 2549 4147 prodentibus
2570 4076 2845 4147 pertinere
2873 4076 3156 4147 probatur.

2265 4165 2460 4221 XXXI.
2498 4166 2688 4222 Justus
2732 4165 2869 4221 Abel
2922 4166 3064 4222 sicut
3107 4166 3163 4221 in
3210 4182 3270 4221 se
3314 4182 3499 4238 regem
3551 4166 3783 4223 caelestis

2196 4257 2533 4313 Hierusalem
2600 4256 2877 4312 Christum
2942 4271 3064 4312 cum
3112 4259 3261 4312 omni
3308 4258 3633 4313 collectione
3674 4256 3783 4311 ele-

2196 4358 2409 4403 ctorum
2446 4347 2794 4419 signiﬁcavit,
2837 4347 2919 4402 sic
2967 4347 3021 4402 in
3058 4362 3198 4420 agno
3228 4363 3388 4419 quem
3413 4347 3612 4404 obtulit
3637 4348 3783 4401 inno-

2197 4437 2431 4493 centiam
2464 4436 2778 4492 eorumdem
2822 4437 3119 4493 electorum
3163 4436 3459 4507 expressit.
3507 4434 3583 4492 Ut
3643 4435 3780 4490 enim

2199 4530 2266 4585 de
2322 4530 2517 4586 studiis
2560 4528 2803 4599 ejusdem
2860 4529 3188 4585 innocentiae
3234 4527 3498 4598 quiddam
3552 4540 3781 4583 comme-

2199 4634 2494 4685 moremus,
2524 4621 2834 4689 quicunque
2880 4618 3026 4673 inter
3068 4633 3163 4673 eos
3205 4616 3436 4688 perfecti
3474 4624 3626 4681 sunt,
3655 4613 3780 4668 nihil

2201 4713 2392 4767 callida
2453 4713 2802 4769 simulatione
2865 4710 3162 4778 simulant,
3209 4708 3336 4780 quia
3393 4707 3546 4779 loqui
3612 4704 3779 4774 dupli-

2206 4805 2346 4861 citer
2378 4805 2651 4875 ignorant.
2701 4802 2818 4858 Non
2856 4815 2915 4856 se
2953 4801 3175 4860 student
3224 4813 3408 4857 rerum
3456 4794 3781 4853 abundantia

2204 4893 2403 4958 fulciri,
2450 4908 2557 4949 non
2587 4908 2687 4963 per
2730 4892 3022 4963 dignitates
3049 4889 3231 4947 saeculi
3285 4888 3649 4945 honorabiles
3699 4899 3781 4941 os-

2207 4985 2431 5051 tentari,
2472 5001 2579 5041 non
2602 4984 2749 5040 cultu
2773 4985 3005 5040 vestium
3033 4997 3312 5055 pompare,
3336 4997 3446 5038 non
3479 4982 3533 5037 in
3560 4981 3648 5037 bis
3671 4992 3783 5050 qua

2206 5088 2362 5131 extra
2392 5090 2452 5131 se
2480 5085 2608 5133 sunt
2633 5076 2892 5148 gloriari;
2924 5076 3182 5132 honorari
3223 5081 3497 5140 metuunt,
3539 5088 3649 5128 non
3697 5070 3781 5125 de-

2208 5164 2374 5234 spici;
2424 5180 2622 5236 corpus
2676 5163 3017 5221 continentia
3066 5172 3319 5228 tenuant,
3350 5169 3538 5217 mente
3576 5170 3631 5216 et
3678 5172 3779 5214 me-

2210 5255 2362 5310 ribus
2393 5256 2780 5327 pinguescunt.
2827 5255 2936 5311 Pro
2965 5255 3174 5326 iustitia
3202 5252 3570 5310 contumelias
3616 5249 3775 5306 susci-

2208 5361 2338 5400 pere
2375 5349 2651 5400 candent:
2714 5346 2944 5400 iniurias
2997 5362 3104 5400 non
3151 5345 3349 5400 facere.
3407 5344 3506 5398 sed
3558 5340 3781 5396 teletae
