3934 5400
541 340 651 402 845

1514 340 1571 398 S.
1619 341 1868 400 ODONIS
1902 339 2195 397 ABBATIS
2232 342 2730 408 CLUNIACENSIS
2762 350 2804 406 ll

437 464 448 471 ’
540 457 958 529 ιιιεῖηιειιὶρετε
993 454 1272 511 uoluerunt
1302 457 1423 529 (Job
1472 475 1657 527 xxxw,
1706 460 1798 533 27)
1828 501 1844 528 ,
1887 462 2137 521 videlicet
2165 455 2213 517 Δ
2244 466 2454 533 petunt,
2486 466 2580 523 sed
2610 478 2786 525 tamen
2814 473 2955 544 apud
2984 488 3044 531 se
3073 474 3414 547 superbinnt,
3443 489 3500 538 et
3526 496 3708 540 amore
3728 487 3801 545 dl-

3710 366 3802 432 5U:

545 548 765 619 superbi
794 546 1046 617 exempla
1090 548 1415 605 humilitatis
1449 565 1569 621 quae
1614 554 1845 623 praebuit
1916 557 2135 613 imitare
2236 554 2494 613 vitiarum
2517 574 2730 631 semper
2752 563 3059 623 inaestuant.
3094 546 3241 637 Quos
3268 572 3520 630 videlicet
3550 577 3674 645 quia
3695 578 3801 636 vim

547 643 928 711 despexerunt.
956 638 1146 698 Omnis
1178 644 1322 698 enim
1366 644 1512 700 actio
1542 660 1703 716 quam
1747 663 1843 718 per
1884 649 2135 706 inearna-
2175 709 2184 719 ,

544 731 709 786 tionis
736 747 847 787 suae
870 733 1188 803 mysterium
1213 734 1463 791 Christus
1507 737 1603 793 Dei
1646 739 1914 809 sapientia
1966 744 2133 812 gessit

542 819 631 874 via
657 827 761 887 est,
794 829 850 875 et
871 821 1005 877 ordo
1034 820 1288 879 vivendi:
1329 826 1420 895 qui
1456 826 1800 885 venientibus
1849 831 1914 884 ad
1956 846 2015 886 se
2054 840 2132 887 tot

538 912 659 969 vias
704 913 936 983 praebuit
984 924 1116 985 quot
1159 916 1404 987 exempla
1478 921 1806 975 monstravit
1844 939 1857 976 :
1916 922 1984 977 de
2023 940 2129 995 qua

540 1003 806 1071 sapientia
864 1004 1130 1075 scriptum
1184 1017 1267 1063 est
1319 1022 1335 1063 :
1380 1007 1520 1075 Quia
1573 1010 1809 1067 clamitat
1873 1023 2020 1069 stans
2077 1017 2130 1071 in

537 1094 975 1151 mediiusemitis
1028 1096 1212 1167 (Prov.
1268 1114 1364 1154 vm
1392 1140 1406 1164 ,
1444 1100 1537 1172 2),
1571 1117 1692 1173 quae
1738 1103 1990 1159 nimirum
2051 1107 2130 1161 in-

538 1185 859 1256 vestiganda
928 1186 1084 1243 nobis
1148 1188 1327 1245 fuerat
1388 1191 1433 1246 si
1506 1207 1567 1249 se
1624 1194 1894 1251 occultare
1966 1198 2125 1254 velet.

535 1275 608 1329 At
651 1290 797 1332 nunc
847 1276 902 1332 in
951 1279 1142 1334 mediis
1184 1280 1394 1336 semitis
1456 1282 1580 1355 ligit.
1624 1284 1892 1353 gradum,
1945 1297 2006 1342 ut
2073 1288 2124 1343 in

538 1365 709 1432 ipsam
775 1366 1210 1438 impinguamus,
1269 1378 1323 1426 et
1371 1373 1646 1441 nolentes;
1702 1384 1755 1431 et
1828 1392 1987 1446 quam
2043 1380 2126 1432 vi-

537 1457 665 1514 dere
738 1458 1055 1530 negligimus
1098 1501 1115 1527 ,
1198 1472 1485 1534 tangamus
1543 1466 1898 1524 oiiendentes.
1983 1469 2127 1525 Sane

534 1548 711 1619 qualis
728 1559 812 1605 est
840 1551 923 1604 via
951 1566 1112 1620 quam
1139 1555 1418 1610 ostendit?
1447 1556 1635 1628 utique
1664 1559 1987 1616 humilitatis
2011 1580 2024 1615 :
2058 1564 2124 1617 de

538 1654 645 1707 qua
677 1639 791 1710 ipse
820 1642 990 1697 dicit:
1038 1643 1234 1700 Discite
1276 1663 1308 1700 a
1363 1664 1445 1702 me
1471 1649 1595 1719 quia
1624 1651 1765 1704 mitis
1790 1667 1906 1705 sum
1951 1662 1997 1706 et
2026 1655 2124 1707 hu-

531 1728 673 1784 milis
704 1732 856 1786 corde
883 1732 1128 1804 (Matt/no
1151 1752 1228 1801 xl,
1258 1736 1374 1808 9.9).
1408 1737 1549 1804 Quid
1590 1739 1736 1794 enim
1770 1741 1825 1795 in
1868 1742 1971 1798 hac
2010 1746 2119 1799 vita

529 1817 675 1873 aliud
696 1835 859 1890 quam
900 1822 1261 1892 dejectionem
1292 1828 1616 1883 intuentium
1647 1830 1821 1888 oculis
1849 1835 2122 1889 ostendit?

526 1906 739 1965 Nostra:
780 1913 925 1967 enim
956 1916 1276 1984 perditionis
1304 1917 1415 1973 fuit‘
1429 1919 1582 1991 origo
1607 1914 1865 1991 superbia
1893 1920 2127 1981 diaboli.

535 1996 603 2052 Ut
632 2013 763 2070 ergo
788 2001 1176 2072 redemptionis
1206 2003 1632 2063 instrumentum
1664 2010 1817 2065 Iieret
1842 2013 2120 2071 humilitas

526 2086 647 2154 Dei,
707 2090 775 2143 ad
828 2092 932 2147 hoc
994 2109 1102 2148 non
1160 2095 1333 2151 solum
1381 2097 1629 2165 visibilis,
1690 2101 1785 2155 sed
1831 2102 1995 2157 etiam
2026 2104 2120 2159 de-

530 2188 749 2248 spectus
793 2185 1074 2253 apparuit;
1125 2186 1191 2241 ad
1241 2187 1343 2243 hoc
1379 2191 1831 2247 contumeliarum
1861 2194 2115 2258 ludibria,

528 2268 844 2325 Irrisionum
880 2275 1099 2343 probra,
1136 2276 1447 2344 passionum
1478 2288 1752 2336 tormenta
1783 2292 2120 2354 mortemque

524 2357 801 2427 toleravit,
860 2370 921 2417 ut
975 2364 1196 2421 humilis
1245 2367 1386 2424 Deus
1438 2368 1658 2427 doceret
1703 2373 1977 2431 hominem
2012 2392 2118 2432 non

525 2463 649 2506 esse
684 2453 994 2523 superbum.
1051 2455 1285 2527 Propter
1339 2459 1699 2517 humilitatem
1752 2480 1985 2535 namque
2026 2481 2118 2521 so-

528 2540 635 2596 lam
678 2544 951 2600 veraciter
1001 2548 1356 2615 edocendam,
1410 2551 1458 2607 is
1488 2553 1581 2623 qui
1631 2562 1715 2608 est
1761 2557 2122 2614 :estimatione

527 2650 755 2707 magnus
837 2653 1001 2710 super
1058 2643 1259 2702 omnia.
1312 2659 1512 2713 parvus
1566 2646 1710 2701 inter
1762 2649 1943 2703 omnia
2000 2651 2118 2706 ﬁeri

526 2724 778 2794 dignatus
820 2734 922 2782 est.
961 2728 1055 2784 liae
1102 2739 1231 2786 sunt
1276 2747 1405 2803 ergo
1436 2735 1537 2789 via:
1563 2736 1702 2805 ejus,
1730 2751 1867 2806 quas
1900 2739 2117 2808 superbi

452 2835 454 2837 ν
527 2814 832 2887 intelligere
882 2818 1106 2884 nolunt,
1159 2824 1416 2891 quoniam
1467 2824 1676 2894 abjecta
1728 2842 1847 2896 quae
1899 2830 2120 2899 pertulit

531 2905 641 2972 pati
696 2906 1013 2978 despiciunt.
1068 2910 1175 2966 Sed
1202 2915 1420 2969 easdem
1458 2916 1575 2973 vias
1606 2920 1899 2989 unicuique
1926 2922 2118 2976 humili

532 2997 836 3070 intelligere
869 3008 953 3056 est
980 3001 1081 3057 hoc
1108 3018 1287 3071 nosse,
1310 3007 1436 3077 quia
1463 3023 1562 3077 per
1582 3010 1696 3066 hare
1726 3011 1911 3068 intima
1936 3022 2117 3070 trans-

524 3085 638 3140 itur
698 3088 765 3167 ad
829 3104 1040 3146 summa
1090 3112 1103 3147 :
1163 3094 1305 3151 scire
1365 3098 1506 3166 quod
1574 3108 1822 3169 oporteat
1890 3103 2115 3160 adversa

2236 651 2513 719 sequentis
2552 668 2705 711 amor
2743 673 2850 713 non
2888 659 3172 729 humiliat,
3218 664 3359 720 inter
3389 681 3590 736 pravos
3627 670 3799 728 divites

2235 758 2446 799 morum
2468 748 2740 815 protervia
2768 751 3006 808 addicit:
3053 762 3110 809 at
3134 756 3275 812 sicut
3302 757 3356 812 in
3395 758 3536 814 libro
3562 776 3601 815 ι
3641 761 3800 818 Μυη-

2235 830 2366 888 lium
2391 834 2608 904 dicitur,
2640 841 2777 896 nihil
2807 843 2860 897 in
2884 844 3086 901 ultione
3101 845 3289 916 judicii
3313 849 3610 923 discrepat,
3634 863 3800 911 utram

2232 925 2399 982 rebus
2446 943 2514 983 an
2562 930 2691 987 solis
2732 935 2975 992 moribus
3021 938 3418 997 intumescant:
3470 944 3568 1014 qui
3614 946 3802 1004 scilicet

2234 1018 2502 1086 quoslibet
2531 1020 2783 1091 humiles,
2809 1027 2901 1095 qui
2926 1038 3143 1085 terrena
3165 1032 3216 1085 in
3240 1048 3489 1099 usu,non
3524 1036 3578 1091 in
3607 1036 3803 1093 deside-

2232 1107 2315 1164 rio
2344 1109 2628 1180 habentes,
2676 1127 2989 1185 sequentem
3019 1122 3185 1177 vitam
3231 1123 3483 1196 diligunt,
3517 1127 3607 1182 vel
3637 1130 3800 1197 oppri-

2230 1211 2406 1266 munt,
2457 1204 2541 1259 vel
2583 1205 2925 1278 despiciunt:
2977 1227 3098 1266 cum
3149 1212 3251 1284 ipsi
3274 1200 3466 1286 utique
3512 1227 3610 1273 aut
3660 1218 3805 1274 rebus

2233 1294 2482 1361 terrenis,
2517 1306 2612 1351 aut
2644 1297 2777 1354 solis
2808 1299 3091 1358 desideriis
3120 1304 3444 1361 moriuntur.

2300 1383 2541 1440 XXXVI.
2576 1388 2653 1442 De
2685 1389 2772 1444 his
2797 1391 3057 1463 scriptum
3079 1402 3163 1449 est
3189 1413 3203 1448 :
3226 1392 3340 1469 ‘Va:
3366 1396 3510 1451 vobis
3550 1397 3802 1461 dis-ilibus,

2228 1479 2318 1548 qui
2360 1478 2562 1534 habetis
2606 1482 3015 1539 consolationem
3047 1494 3271 1555 vestram
3305 1487 3363 1541 in
3389 1490 3644 1558 praesenti
3664 1489 3800 1560 (Lac.

2226 1585 2301 1638 vr,
2328 1570 2419 1641 24)
2448 1588 2461 1625 :
2511 1572 2566 1626 hi
2604 1582 2783 1628 autem
2810 1572 3148 1633 fastidientes
3169 1579 3388 1649 prepria
3409 1619 3425 1646 ,
3457 1579 3637 1635 aliena
3689 1595 3801 1637 eon-

2225 1660 2548 1729 cupiscunt:
2593 1673 2686 1718 aut
2722 1666 3008 1736 concupita
3039 1668 3265 1737 adipisci
3292 1685 3399 1725 non
3426 1671 3700 1736 valentes,
3727 1672 3797 1726 in-

2225 1750 2755 1819 stigantis‘avaritim
2782 1755 3012 1812 tumultu
3060 1765 3365 1813 vastantur.
3395 1758 3475 1813 De
3518 1758 3721 1828 quibus
3750 1760 3796 1814 in

2224 1839 2510 1896 Moralium
2565 1843 2705 1900 libro
2736 1862 2789 1900 tv
2836 1847 3035 1902 dicitur
3059 1866 3073 1902 :
3125 1847 3169 1904 0
3198 1864 3359 1917 quam
3386 1848 3608 1904 diﬂicile
3637 1850 3705 1905 ad
3726 1867 3801 1905 re.

2223 1928 2403 1997 quiem
2453 1933 2708 1994 tendunt,
2740 1934 2828 2003 qui
2860 1942 2967 1989 tam
2995 1936 3146 1991 duris
3182 1937 3576 2007 cogitationum
3626 1936 3803 1991 tumul-

2226 2020 2391 2084 tibus,
2427 2021 2554 2075 dum
2581 2023 2633 2076 in
2661 2023 2761 2078 hoc
2793 2025 2993 2079 mundo
3022 2026 3300 2080 sublimari
3330 2025 3544 2092 volunt,
3574 2026 3633 2080 in
3653 2026 3803 2081 corde

2224 2112 2684 2180 comprimuntur!
2734 2114 2871 2170 Hinc
2912 2117 3175 2183 scriptum
3204 2125 3328 2171 est:
3373 2115 3465 2171 Va:
3499 2118 3593 2186 qui
3634 2116 3803 2173 multi.

2226 2202 2387 2271 plicat
2415 2220 2518 2256 non
2544 2220 2641 2257 sua
2666 2218 2684 2256 :
2732 2221 2996 2276 usquequo
3035 2215 3280 2276 aggravet
3307 2216 3495 2259 contra
3516 2221 3574 2259 se
3597 2206 3801 2258 densata

2222 2291 2438 2345 lutum?
2477 2291 2705 2359 (Hebae.
2733 2310 2794 2361 tt,
2842 2292 2921 2363 6.)
2965 2310 3063 2366 per
3108 2294 3280 2348 lutum
3327 2308 3571 2373 namque
3599 2301 3797 2347 terrena

2225 2379 2550 2450 ﬁgurantur.
2579 2382 2754 2437 Denso
2787 2383 2951 2454 igitur
2972 2382 3085 2439 luto
3113 2398 3171 2438 se
3197 2390 3482 2453 aggravat,
3512 2382 3613 2452 qui
3644 2390 3809 2447 terre-

2225 2488 2292 2525 na
2347 2472 2696 2543 ntultiplicat,
2745 2475 2835 2546 qui
2881 2490 2938 2530 se
2983 2475 3241 2540 avarilize,
3272 2488 3393 2543 quae
3421 2481 3510 2527 est
3544 2472 3800 2527 idolorum

2222 2565 2476 2631 servitus,
2507 2566 2857 2636 Oppressione
2895 2573 3243 2633 coangustat;
3275 2564 3404 2619 hinc
3444 2563 3621 2619 item:
3656 2552 3803 2617 ludi-

2223 2657 2362 2709 cium
2395 2656 2735 2711 durissimum
2782 2658 2862 2712 his
2889 2658 2979 2727 qui
3013 2666 3242 2727 prterunt
3289 2657 3378 2725 [iet
3416 2654 3575 2726 (Sep.
3619 2670 3696 2719 VI,
3730 2655 3799 2722 6).

2224 2742 2379 2801 Unde
2417 2757 2473 2802 et
2524 2746 2579 2801 in
2621 2746 2913 2818 Evangelio
2960 2746 3176 2803 Veritas
3215 2746 3387 2801 dicit:
3439 2742 3544 2800 Cui
3588 2744 3802 2799 multum

2222 2835 2404 2888 datum
2445 2825 2541 2899 est,
2588 2833 2810 2888 multum
2859 2835 2923 2889 ab
2963 2852 3024 2890 eo
3069 2834 3351 2905 requiritur
3379 2832 3536 2905 (Luc.
3570 2849 3673 2897 ιιι,
3697 2832 3800 2901 48).

2223 2926 2428 2980 Rarum
2457 2926 2641 2994 itaque
2667 2925 2824 2981 valde
2848 2934 2953 2991 est,
2996 2933 3055 2980 ut
3081 2925 3172 2996 qui
3198 2941 3391 2979 aurum
3427 2924 3715 2994 possident
3741 2923 3801 2977 ad

2221 3014 2462 3084 requiem
2496 3014 2738 3079 tendant,
2769 3013 2897 3068 dum
2941 3029 3041 3083 per
3088 3014 3431 3083 semetipsam
3469 3012 3694 3070 Veritas
3727 3013 3801 3067 di-

2221 3113 2307 3159 cat
2331 3120 2345 3158 :
2381 3102 2598 3175 Difﬁcile
2624 3105 2713 3174 qui
2737 3104 2985 3173 pecunias
3011 3104 3199 3159 habent
3225 3106 3278 3158 in
3307 3120 3525 3174 regnum
3564 3102 3799 3158 celerans

524 3165 795 3246 patienter
863 3178 1129 3249 tolerare,
1208 3165 1464 3243 mansura
1537 3165 1952 3259 perseveranter
2021 3208 2117 3249 ει·
2143 3165 2189 3228 C
2220 3165 2491 3248 intrabunt
2518 3165 2735 3264 (Matth.
2761 3211 2878 3260 χιχ,
2901 3193 3015 3265 25).
3048 3193 3182 3248 Nam
3203 3195 3295 3264 qui
3323 3194 3414 3249 hic
3443 3194 3799 3264 multiplican-

524 3279 807 3340 spectare,
870 3281 932 3328 ut
961 3276 1210 3348 exemplo
1271 3278 1390 3349 ejus
1447 3296 1608 3350 quem
1664 3284 1778 3353 pati
1848 3287 2112 3355 oportuit,

524 3368 579 3413 et
634 3360 711 3415 ita
756 3361 966 3419 intrare
1013 3365 1068 3420 in
1117 3366 1341 3436 gloriam
1400 3387 1577 3439 suam,
1610 3382 1811 3431 aeterna
1839 3388 2115 3446 quaeratur

523 3449 723 3521 gloria,
755 3456 1488 3530 temporalibus'Opprobriis
1520 3475 1854 3535 comparata.
1995 3472 1998 3475 ’

592 3539 811 3599 XXXV.
850 3544 971 3600 Ista:
991 3545 1111 3603 dua:
1150 3551 1556 3620 generationes,
1584 3554 1665 3609 vel
1692 3556 1811 3612 dua:
1841 3556 2111 3625 civitates,

525 3644 669 3699 qius,
695 3640 756 3686 ut
783 3632 990 3689 dictum
1012 3644 1114 3703 est,
1144 3653 1175 3691 a
1198 3640 1406 3696 duobus
1433 3642 1563 3708 Ade:
1585 3643 1709 3700 Iiliis
1737 3656 1940 3701 exorta:
1962 3658 2109 3715 sunt,

522 3718 577 3773 in
618 3728 855 3789 quatuor
900 3726 1339 3793 generationibus
1409 3732 1760 3802 partiuntur:
1827 3742 1889 3790 ut
1928 3746 2110 3793 autem

523 3811 820 3866 secundum
880 3813 1013 3869 illud
1068 3819 1373 3888 exemplum
1434 3837 1544 3892 quo
1593 3823 1860 3879 malorum
1921 3836 2112 3883 auctor

527 3896 663 3953 Cain
724 3901 1116 3973 primogenitus
1173 3906 1293 3975 fuit,
1333 3917 1389 3965 et
1425 3914 1796 3983 unusquisque
1860 3925 2110 3972 nostrum

518 3988 697 4076 primo
733 3991 906 4047 malus
934 4002 1020 4049 est
1041 4033 1056 4061 ,
1088 4003 1145 4051 et
1171 4006 1361 4067 postea
1387 4015 1485 4070 per
1509 4003 1737 4073 gratiam
1773 4004 2020 4076 baptismi
2054 4008 2113 4064 Iit

516 4075 725 4144 bonus,
763 4096 910 4138 nunc
955 4086 1133 4153 primo
1171 4088 1237 4143 de
1283 4091 1548 4157 malorum
1583 4075 1935 4166 generatione
1961 4099 2109 4155 dica-

517 4184 662 4224 mus.
719 4170 839 4241 Ipsa
895 4175 949 4230 in
1003 4177 1210 4236 duobus
1258 4184 1551 4253 generibus
1599 4186 1877 4242 dividitur.
1936 4188 2110 4245 Habet

517 4256 664 4310 enim
689 4270 875 4329 aperte
913 4265 1085 4323 malos
1107 4308 1123 4334 ,
1174 4276 1233 4329 ut
1260 4280 1387 4327 sunt
1408 4288 1598 4330 omnes
1636 4284 1883 4344 potentes
1910 4294 2108 4349 paupe-

516 4363 641 4405 rum
684 4367 1037 4424 oppressores
1059 4401 1072 4424 ,
1106 4363 1303 4432 quibus
1355 4367 1460 4421 hoc
1500 4369 1778 4440 proprium
1808 4380 1909 4437 est,
1944 4381 2004 4427 ut
2025 4373 2109 4428 vel

516 4440 729 4498 deliciis
758 4460 816 4501 se
841 4447 1089 4514 dilatent,
1115 4453 1201 4510 vel
1224 4458 1524 4525 potentiam
1546 4461 1802 4518 divinitus
1829 4475 2104 4535 acceptam

2217 3282 2301 3338 dis
2329 3283 2535 3337 divitiis
2586 3284 2815 3348 inhiant,
2848 3299 2968 3353 quae
3018 3283 3241 3339 alterius
3283 3284 3405 3339 vita:
3447 3286 3649 3355 gaudia
3690 3298 3799 3354 spe-

2216 3376 2375 3430 rant?
2406 3374 2559 3442 Quod
2587 3384 2647 3430 ut
2696 3375 3026 3446 Redemptor
3052 3384 3238 3431 noster
3278 3375 3434 3432 valde
3470 3391 3657 3430 rarum
3685 3377 3799 3445 qui-

2216 3466 2359 3532 dem,
2389 3473 2448 3519 ut
2485 3480 2550 3520 ex
2581 3453 2704 3520 solo'
2724 3465 3018 3531 miraculo,
3049 3480 3148 3535 per
3186 3479 3245 3520 se
3278 3473 3458 3519 tamen
3501 3464 3622 3520 ﬁeri
3649 3479 3795 3534 posse

2216 3566 2568 3622 monstraret,
2603 3557 2715 3610 ait:
2763 3556 2916 3627 Apud
2962 3557 3197 3611 homines
3237 3557 3335 3621 hoc
3360 3555 3683 3625 impossibile
3704 3566 3793 3619 est,

2214 3648 2358 3718 apud
2383 3647 2553 3702 Deum
2580 3648 2757 3711 omnia
2784 3647 3057 3719 possibilia
3086 3636 3392 3718 suut’lLuc.
3425 3662 3589 3711 xvnt,
3611 3645 3725 3714 27),
3744 3652 3795 3699 et

2214 3744 2430 3793 czetera.
2486 3736 2755 3803 Quoniam
2811 3737 2923 3805 ipse
2968 3743 3160 3806 potens
3185 3744 3270 3789 est
3314 3734 3369 3788 in
3403 3734 3488 3789 eis
3538 3744 3792 3789 tumorem

2214 3825 2393 3881 cordis
2428 3826 2745 3895 reprimere,
2786 3835 2842 3881 et
2869 3825 3130 3881 ambitum
3161 3825 3617 3896 concupiscentia:
3640 3823 3794 3880 refre-

2214 3931 2367 3971 nare.
2416 3915 2496 3970 Ex
2542 3902 2663 3971 solo,
2699 3917 2843 3971 enim
2890 3916 3075 3972 divino
3104 3914 3365 3970 miracqu
3402 3915 3457 3969 id
3500 3930 3662 3985 posse
3683 3913 3792 3968 ﬁeri

2215 4013 2576 4071 monstratur,
2602 4006 3037 4076 quandoquidem
3058 4006 3160 4061 hoc
3184 4005 3327 4077 quod
3354 4005 3473 4059 ﬁeri
3494 4004 3792 4060 nullatenus

2212 4104 2393 4166 potest
2419 4095 2484 4150 ad
2508 4096 2836 4166 exemplum
2876 4095 3184 4161 deducitur,
3213 4109 3336 4149 cum
3386 4094 3657 4151 Dominus
3682 4094 3787 4149 ait:

2214 4188 2453 4243 Facilius
2508 4197 2583 4243 est
2631 4180 2889 4243 cometam
2940 4202 3033 4257 per
3080 4186 3319 4256 foramen
3374 4203 3505 4240 acus
3553 4185 3793 4247 transire,

2209 4296 2368 4350 quam
2413 4279 2621 4334 divitem
2668 4279 2868 4357 intrare
2916 4278 2971 4331 in
3021 4292 3236 4347 regnum
3285 4276 3541 4331 caelorum
3579 4275 3785 4348 (Matth.

2211 4387 2324 4434 XIX,
2351 4370 2470 4441 24).

2281 4460 2545 4516 XXXVII.
2585 4462 2680 4517 Est
2705 4470 2888 4518 autem
2918 4471 2974 4518 et
3003 4461 3147 4517 aliud
3182 4461 3452 4516 malorum
3487 4477 3682 4531 genus,
3704 4474 3784 4515 eo-

514 4534 588 4591 ad
615 4535 847 4593 aliorum
873 4539 1121 4599 laesiones
1145 4558 1459 4614 exerceant,
1483 4550 1568 4607 vel
1598 4567 1774 4622 seper
1803 4528 2105 4625 voluptates
2135 4528 2183 4588 θ
2211 4570 2330 4609 rum
2358 4554 2610 4611 videlicet
2652 4555 2744 4625 qui
2775 4554 3021 4609 habitum
3055 4554 3329 4625 religionis
3364 4561 3673 4617 assumunt,
3701 4551 3783 4605 sed

515 4626 845 4697 dissolvent;
897 4640 953 4687 et
1000 4635 1044 4689 si
1079 4634 1313 4693 faciendi
1364 4638 1586 4699 elTectus
1636 4644 1807 4713 deest,
1860 4645 2109 4704 voluntas

518 4722 699 4772 tamen
732 4720 925 4790 agendi
954 4737 1170 4794 semper
1193 4727 1247 4781 in
1284 4728 1365 4785 eis
1389 4740 1491 4786 est.
1520 4731 1675 4789 Unde
1702 4742 1758 4789 et
1784 4750 2002 4807 semper
2022 4740 2104 4793 in-

510 4813 601 4862 est
637 4806 692 4861 in
723 4808 804 4864 eis
846 4821 1051 4878 reatus,
1075 4817 1332 4885 quoniam
1371 4820 1553 4889 pravis
1579 4823 1862 4881 desideriis
1903 4806 2105 4885 indesi-

514 4905 710 4954 nenter
745 4900 1123 4972 implicantur,
1161 4916 1216 4963 et
1261 4911 1392 4980 quia
1434 4928 1700 4983 pauperes
1735 4932 1980 4989 quosque
2012 4921 2105 4977 de-

514 4990 770 5073 spiciunt,
801 5007 861 5050 ut
892 5013 1055 5067 supra
1080 5000 1302 5070 dicitur,
1331 5006 1470 5063 bene
1499 5008 1565 5062 de
1592 5010 1674 5065 eis
1700 5013 1960 5082 scriptum
1988 5026 2101 5071 est:

514 5079 743 5181 Lampus
770 5099 1073 5181 contempta
1128 5097 1270 5164 apud
1322 5101 1662 5170 cogitationes
1703 5079 1925 5161 divitum
1980 5109 2101 5181 (Job

514 5185 619 5239 xu,
650 5172 726 5247 5).
759 5177 878 5246 Quo
912 5181 1032 5243 loco
1064 5184 1290 5242 divitum
1346 5192 1562 5247 nomine
1598 5197 1779 5252 cuncti
1809 5172 2099 5270 designan-

518 5266 762 5351 ἕψῃ-ιιιιί
818 5272 1067 5339 superbis
1112 5277 1255 5344 apud
1299 5293 1357 5332 se
1404 5282 1824 5351 cogitationibus
1870 5266 2097 5345 tument.

514 5345 767 5400 Plerinue
797 5357 939 5396 enim
973 5359 1134 5400 mlum
1176 5365 1420 5400 διιηηι..-
1472 5345 1561 5400 ἵης
1595 5373 1716 5400 4....
1758 5391 1812 5400 -..
1848 5380 2012 5400 ---μη

2210 4644 2296 4700 vel
2331 4644 2517 4701 multis
2552 4643 2699 4700 vitiis
2726 4644 2961 4715 publice,
3009 4643 3091 4697 vel
3116 4642 3442 4713 quibusdam
3495 4640 3705 4697 occulte
3729 4652 3789 4690 se

2208 4735 2470 4790 subdunt.
2506 4734 2659 4792 Unde
2705 4737 2900 4790 beatus
2944 4732 3047 4788 .Iob
3094 4745 3225 4786 voce
3261 4730 3500 4787 dolentis
3543 4729 3783 4787 Ecclesia:

2209 4824 2343 4880 dicit
2374 4843 2387 4878 :
2430 4823 2615 4894 Επειάὶ
2661 4825 2716 4878 in
2746 4834 2942 4879 terram
2982 4825 3176 4877 viscera
3211 4838 3327 4876 mea
3377 4821 3503 4894 (Job
3538 4840 3650 4888 va,
3681 4820 3776 4887 ii).

2210 4913 2343 4968 Nam
2370 4916 2496 4984 quia
2533 4915 2742 4970 viscera
2781 4914 2836 4968 in
2866 4913 3105 4969 humano
3132 4929 3362 4984 corpore
3390 4915 3621 4970 interius
3646 4920 3774 4974 sunt,

2210 5005 2426 5061 viscera
2457 5004 2712 5061 Ecclesiae
2735 5014 3029 5071 vocantur,
3060 5006 3153 5075 qui
3187 5004 3468 5076 religionis
3494 5005 3680 5061 habitu
3706 5004 3778 5057 in-

2207 5095 2323 5152 duti
2369 5097 2437 5151 ad
2487 5094 2677 5151 intima
2703 5095 2820 5167 ejus
2866 5102 3207 5163 sacramenta
3255 5094 3539 5150 deservire
3576 5094 3773 5149 debeat;

2205 5184 2340 5241 Cum
2373 5199 2504 5257 ergo
2541 5184 2810 5256 malignus
2851 5174 3316 5255 hostisquosdam
3374 5198 3441 5239 ex
3472 5184 3555 5240 eis
3584 5183 3650 5237 ad
3685 5195 3772 5235 ss:-

2204 5278 2412 5334 cularia
2442 5276 2712 5333 desideria
2740 5274 2825 5330 vel
2853 5275 3067 5345 negotia
3094 5273 3380 5344 pertrahit,
3412 5274 3656 5345 ejusdem
3679 5270 3771 5326 Ec-

2207 5370 2385 5400 n'nnzm
2412 5371 2622 5400 ":nnnnn
2657 5366 2889 5400 :nrllnt‘:I
2942 5367 2996 5400 :n
3029 5378 3225 5400 Romam
3277 5366 3405 5400 ηιιῖιι
3599 5365 3646 5400 :II
3668 5358 3771 5400 in“!
