3934 5400
106 349 215 413 548

1097 331 1585 395 COLLATIONUM
1619 328 1801 393 LIBRI
1836 325 2035 383 TRES.
2072 355 2141 366 —-
2181 322 2310 379 LIB.
2350 320 2394 376 1.

3268 310 3372 370 διδ

110 456 367 520 acumiu'e
394 453 669 527 sapientiae
705 449 1050 522 resplendcre
1079 447 1350 512 videnlur,
1382 453 1476 500 aut
1500 442 1687 498 diabo-
1713 447 1762 506 Α
1789 453 1909 509 qua:
1938 436 2077 493 forte
2120 434 2387 507 gesserint
2413 445 2518 487 non
2547 444 2605 486 se
2630 426 2933 491 extollunt,
2967 424 3091 496 quia
3134 425 3369 481 sollicito

106 550 230 609 licis
250 546 610 627 suasionibus,
625 552 718 597 aut
745 540 974 596 terrenis
991 538 1348 609 potestatibus
1366 547 1532 605 prave
1552 532 1688 586 dun-

109 650 267 700 taxat
293 622 656 711 agentibusse
702 632 1049 694 submittunt,
1088 626 1351 695 oblitiqne
1388 622 1688 679 caelestium

1789 536 2020 600 pensant
2055 524 2241 597 quales
2285 530 2410 579 ante
2466 519 2679 590 qualem
2721 517 2960 587 iudicem
3003 513 3261 580 stabunt,
3316 521 3375 571 et

1791 620 1961 677 isdem
2008 618 2177 688 iudex
2204 617 2343 672 bona
2373 627 2537 684 quam
2580 610 2848 667 subtiliter
2874 608 3178 673 discutiat,
3229 604 3376 664 mala

110 698 359 787 terrenav
374 725 636 781 ambiunt.
668 720 805 777 liinc
856 720 1054 775 iterum
1085 716 1283 772 dicitur
1311 731 1326 768 :
1361 712 1568 768 Sternat
1593 708 1691 765 sibi
1789 725 1919 766 vero
1952 724 2117 780 quam
2140 707 2386 764 districte
2414 704 2623 775 puniat.
2649 701 2792 769 Qui,
2820 701 2964 756 sicut
3006 699 3060 754 in
3107 698 3249 759 libro
3275 712 3372 753 vm

108 836 305 876 aurum:
338 816 490 889 quasi
549 814 715 868 lutum
770 809 893 883 (Job
936 823 1047 874 xu,
1095 805 1210 878 2|),
1249 804 1304 860 id
1331 813 1435 869 est,
1476 816 1570 858 eos
1598 800 1691 869 qui

108 907 429 980 spirituales
460 905 717 961 videntur
753 900 1039 959 conculcat
1074 898 1225 968 quasi
1250 893 1515 952 carnales.
1545 891 1694 946 Prae-

109 1011 266 1056 terea
288 998 409 1053 auri
446 995 663 1051 nomine
700 993 842 1047 nitor
871 990 1055 1061 glorizc
1087 985 1398 1057 temporalis
1434 981 1693 1052 exprimi-

112 1099 227 1156 tur,
251 1089 392 1144 sicut
419 1101 516 1157 per
552 1083 872 1155 prophetam
904 1079 1139 1134 dicitur:
1170 1074 1325 1129 Calix
1366 1087 1559 1126 aureus
1582 1068 1693 1123 Ba-

114 1176 274 1250 by‘lon
301 1175 437 1247 (Jer.
468 1190 542 1240 ιι,
574 1173 650 1239 7).
672 1170 809 1238 Quid
837 1167 981 1223 enim
1010 1163 1299 1236 Babylonis
1320 1161 1564 1226 nomine,
1594 1159 1695 1212 nisi

115 1269 280 1337 hujus
325 1264 513 1322 mundi
563 1261 733 1335 gloria
779 1256 1127 1330 designatur?
1179 1256 1269 1326 qui
1324 1252 1465 1309 calix
1500 1264 1698 1306 aureus

113 1360 339 1425 dicitur,
363 1358 490 1428 quia
520 1355 644 1410 dum
675 1350 901 1422 pulchra
941 1363 1060 1405 esse
1089 1354 1328 1402 ostentat
1354 1341 1695 1414 temporalia,

114 1450 315 1505 stultas
360 1453 568 1502 mentes
622 1442 676 1497 in
725 1456 823 1497 sua
872 1435 1308 1507 concupiscentia
1357 1432 1590 1495 debriat,
1641 1440 1701 1483 ut

116 1539 257 1593 falso
280 1535 524 1608 speciosa
549 1528 863 1601 temporalia
891 1534 1167 1599 appetant,
1186 1533 1240 1580 et
1261 1521 1552 1593 invisibilia
1575 1535 1700 1574 vere

115 1627 345 1697 pulchra
374 1628 739 1680 contemnant.
774 1618 888 1673 lloc
916 1631 1082 1672 aureo
1111 1614 1281 1669 calice
1308 1613 1483 1685 prima
1509 1620 1700 1682 sponte

116 1692 215 1773 sua
248 1716 493 1791 debriata
517 1721 601 1769 cst
627 1710 758 1776 Eva,
787 1724 948 1779 quam
978 1720 1167 1763 omnes
1188 1692 1698 1774 utique'imitantur,

1792 802 2071 861 Moralium
2098 800 2405 864 disseritur,
2432 796 2701 868 perituros
2736 809 2793 851 se
2821 794 3026 864 absque
3045 792 3154 847 ulla
3184 791 3373 848 dubie-

1792 900 1904 948 tate
1932 890 2240 962 praesciunt:
2266 888 2309 945 si
2340 894 2545 943 remota
2567 884 2768 954 pietate
2790 883 3123 954 iudicentur.
3147 881 3215 935 Et
3245 880 3372 949 quia

1795 984 2103 1041 certissime
2123 981 2339 1047 sciunt,
2374 976 2518 1049 quod
2556 976 2613 1031 in
2641 975 2746 1031 hac
2767 973 2876 1029 vita
2907 987 3009 1028 nec
3044 972 3242 1028 debent
3268 970 3373 1026 lia-

1796 1076 1928 1131 bere
1973 1073 2215 1143 requiem
2245 1086 2346 1127 nec
2381 1076 2649 1140 possunt,
2684 1066 2788 1122 hoc
2832 1065 3048 1121 salubre
3087 1062 3374 1119 consilium

1798 1164 2016 1219 interim
2054 1168 2333 1217 assumunt
2361 1198 2377 1225 ,
2406 1167 2466 1213 ut
2501 1166 2712 1213 terrena
2745 1154 3013 1212 desideria
3064 1155 3383 1209 deserentes

1798 1255 1865 1309 ad
1893 1254 2136 1311 coelestia
2163 1268 2223 1310 se
2252 1251 2512 1308 extollant
2550 1266 2565 1303 :
2590 1249 2684 1305 sed
2712 1248 2828 1304 haec
2855 1254 3077 1318 agentes
3100 1285 3117 1310 ,
3143 1252 3370 1315 paterna

1801 1355 1980 1402 tamen
2007 1346 2185 1401 adhuc
2210 1342 2420 1415 ﬂagella
2449 1341 2725 1407 sentiunt,
2749 1348 2808 1395 ut
2843 1347 2990 1394 tanto
3023 1335 3377 1409 perfectiores

1802 1439 1869 1493 ad
1893 1437 2169 1493 caelestem
2217 1434 2585 1491 lnereditatem
2638 1432 2857 1487 veniant
2886 1471 2902 1495 ,
2934 1438 3138 1501 quanto
3165 1442 3260 1483 cos
3296 1426 3387 1498 pie
3422 1419 3435 1423 ’

1802 1527 2005 1583 feriens
2032 1525 2317 1596 disciplina
2345 1522 2508 1579 etiam
2538 1521 2779 1591 quotidie
2804 1519 2872 1575 de
2895 1518 3135 1596 minimis
3160 1523 3379 1587 purgat.

1873 1618 2114 1675 XXXIX.
2143 1592 2370 1687 Propter
2398 1615 2514 1671 haec
2561 1622 2740 1669 autem
2770 1627 2892 1683 qua:
2922 1613 2974 1667 in
3002 1592 3259 1683 praesenti
3288 1623 3386 1679 pa-

1806 1711 2037 1776 tiantur,
2060 1716 2116 1764 et
2141 1715 2361 1778 propter
2404 1705 2493 1760 illa
2525 1720 2646 1775 qua:
2674 1705 2729 1759 in
2758 1702 2941 1759 futuro
2968 1708 3215 1757 metuunt
3243 1739 3259 1766 ,
3287 1696 3384 1754 sed

115 1807 213 1876 qui
241 1788 309 1859 in
325 1801 707 1859 ecclesiasticis
727 1798 1024 1869 disciplinis
1045 1795 1228 1866 positi,
1257 1793 1538 1850 smcularia
1561 1806 1710 1861 quar-
1743 1796 1781 1854 Β
1812 1810 1867 1856 οι
1893 1806 2112 1870 propter
2143 1797 2360 1854 salubre
2388 1795 2675 1851 consilium
2701 1833 2719 1860 ,
2749 1801 2809 1847 ιη
2845 1793 3049 1848 dictum
3077 1799 3196 1856 εει,
3237 1788 3382 1861 quod

118 1896 256 1950 libet
288 1892 657 1973 blandimenta
696 1890 839 1945 sicut
880 1887 973 1941 illa
1008 1886 1063 1941 in
1103 1884 1355 1955 paradiso
1381 1882 1699 1952 suscipiunt.

118 1986 310 2041 Toties
350 1983 516 2055 igitur
542 1981 839 2037 Leviatban
869 1978 962 2049 qui
999 1979 1113 2034 haec
1154 1976 1335 2031 facere
1366 1974 1703 2046 perhibetur,

119 2076 208 2133 vel
255 2074 435 2130 radios
467 2073 619 2140 solis,
646 2070 731 2128 vel
760 2084 952 2126 aurum
985 2067 1085 2124 sibi
1115 2066 1310 2123 sternit
1330 2065 1482 2135 quasi
1511 2062 1701 2125 lutum,

118 2166 339 2237 quoties
359 2163 567 2235 aliquos
593 2163 661 2218 de
681 2161 871 2216 habitu
900 2158 1173 2231 religionis
1194 2171 1291 2227 per
1309 2154 1555 2228 qumdam
1577 2151 1705 2205 vitia

119 2269 383 2328 tanquam
434 2255 726 2313 saeculares
787 2249 1115 2327 supplantat.
1174 2248 1310 2302 llinc
1358 2246 1487 2300 item
1536 2243 1700 2298 dicit:

118 2346 429 2403 Absorbebit
457 2346 697 2416 ﬂuvium,
728 2351 796 2398 et
835 2356 937 2395 non
968 2338 1278 2402 mirabitur,
1315 2345 1361 2390 et
1385 2335 1537 2389 liabet
1568 2333 1707 2402 ﬁdu-

120 2443 262 2495 ciam
294 2424 438 2517 quod
477 2438 666 2507 inﬂuat
703 2432 957 2489 Jordnnis
982 2432 1036 2484 in
1073 2446 1131 2483 os
1161 2427 1274 2499 ejus
1297 2425 1418 2496 (Job
1470 2440 1563 2489 XL,
1599 2423 1703 2494 18).

120 2532 230 2587 Per
265 2514 488 2584 ﬂuvium
528 2525 848 2591 smculares,
901 2537 997 2594 per
1025 2520 1314 2577 Jordauem
1354 2514 1708 2573 ecclesiastici

122 2625 232 2680 viri
259 2622 631 2692 designantur.
662 2617 848 2688 Neque
876 2615 1020 2672 enim
1051 2628 1304 2684 magnum
1328 2618 1479 2680 putat
1518 2610 1564 2663 si
1592 2607 1711 2661 illos

122 2717 388 2780 devorat,
421 2710 563 2789 “qui
638 2706 871 2764 terrenis
942 2700 1394 2771 concupiscentiis
1475 2696 1707 2767 impulsi,

122 2806 386 2859 deorsum
424 2801 580 2877 quasi
616 2798 813 2854 ﬂuvius
843 2794 1056 2850 ﬂuunt:
1088 2792 1184 2849 sed
1217 2803 1542 2863 magnopere
1596 2803 1623 2843 s
1662 2795 1709 2840 t-

122 2894 265 2965 agit,
321 2900 383 2947 ut
427 2891 485 2969 in
512 2886 884 2965 ecclesiastico
931 2883 1102 2956 gradu
1145 2881 1350 2950 positos
1398 2878 1710 2943 absorbent,

123 2998 270 3055 quos
295 2992 353 3038 et
378 2966 476 3053 per
501 2995 612 3036 suae
652 2976 966 3055 calliditatis
1008 2973 1235 3029 insidias
1255 3011 1271 3038 ,
1301 2980 1559 3041 tanquam
1594 2966 1713 3022 Jor-

124 3078 325 3132 danem
372 3071 694 3145 degluticns,
744 3074 908 3123 necat
956 3062 1268 3133 aliquando.
1333 3059 1472 3114 Hinc
1524 3071 1713 3112 rursus

1804 1891 2109 1960 reperiunt,
2137 1890 2275 1945 bene
2298 1903 2361 1944 ex
2392 1902 2577 1944 eorum
2600 1899 2830 1956 persona
2855 1883 3126 1939 Jeremias
3158 1882 3389 1937 Domino

1804 1982 1973 2038 dicit:
2006 1982 2049 2036 Α
2093 1982 2230 2052 facie
2270 1995 2459 2034 manus
2491 1988 2597 2033 tum
2631 1976 2773 2031 solus
2820 1975 3096 2039 sedebam,
3141 1973 3392 2043 quoniam

1804 2071 2207 2126 comminatione
2236 2068 2444 2140 replesti
2463 2085 2544 2122 me
2571 2067 2703 2138 (Jer.
2759 2080 2829 2120 xv
2851 2106 2867 2133 ,
2893 2064 3006 2133 17).
3055 2063 3162 2117 Per
3194 2061 3391 2116 faciem

1804 2158 2175 2228 unusquisque
2196 2156 2562 2227 cognoscitur,
2590 2170 2688 2224 per
2711 2168 2933 2209 manum
2978 2151 3222 2222 operatio
3246 2148 3394 2204 desi-

1804 2257 2035 2321 gnatur:
2068 2246 2215 2303 solus
2237 2246 2418 2311 sedet,
2448 2245 2539 2313 qui
2586 2243 2815 2298 tumultu
2845 2241 3147 2297 carnalium
3180 2237 3395 2294 deside-

1808 2341 2012 2395 rior‘um
2066 2353 2174 2395 non
2217 2336 2612 2407 lrequeutatur.
2657 2333 2848 2388 Facies
2888 2347 3019 2402 ergo
3044 2331 3138 2386 Dei
3170 2338 3398 2385 vocatur

1807 2428 2044 2501 cognitio
2073 2446 2086 2482 :
2118 2442 2310 2483 manus
2336 2425 2669 2497 experientia
2692 2422 3080 2494 percussionis,
3108 2420 3234 2489 quia
3255 2419 3397 2474 sicut

1808 2521 2167 2579 comminatus
2183 2518 2378 2582 fuerat,
2398 2515 2672 2572 hominem
2699 2528 2798 2584 pro
2810 2512 3058 2582 originali
3074 2510 3229 2579 culpa
3261 2507 3399 2563 mul-

1812 2614 1983 2677 tavit,
2031 2619 2086 2667 et
2135 2610 2298 2665 etiam
2337 2608 2391 2662 in
2450 2620 2721 2661 aerumnas
2766 2600 2926 2671 huius
2971 2601 3097 2656 vita:
3145 2597 3397 2670 projecit.

1809 2702 2171 2762 Comminatio
2192 2715 2322 2762 vero
2347 2706 2622 2754 estterror
2643 2694 2893 2763 sequenti
2916 2693 3095 2748 adhuc
3120 2689 3395 2761 supplicii,

1811 2795 1952 2865 quod
1982 2790 2359 2863 peccatoribus
2387 2790 2642 2844 intentat.
2670 2785 2857 2853 Itaque
2903 2791 3127 2852 propter
3170 2779 3399 2835 commi-

1813 2884 2094 2941 nationem
2132 2879 2249 2949 ejus
2296 2878 2443 2935 solus
2472 2892 2503 2931 a
2539 2875 2681 2930 facie
2710 2888 2906 2928 manus
2950 2869 3163 2926 Domini
3199 2869 3351 2923 sedet
3381 2907 3396 2931 ,

1813 2975 1904 3045 qui
1928 2988 2026 3043 per
2045 2971 2477 3041 experimentum
2504 2965 2759 3021 vindicta:
2798 2963 2968 3028 illius,
3007 2976 3129 3031 qua:
3165 2973 3265 3030 pro
3288 2957 3403 3012 ori-

1816 3066 1979 3138 ginali
2007 3064 2161 3134 culpa
2199 3059 2515 3117 mortalibus
2538 3055 2811 3119 infertur,
2859 3061 3120 3123 quantum
3165 3046 3406 3103 timenda

122 3164 350 3228 dicitur,
391 3137 538 3232 quod
579 3158 719 3231 ignis
762 3169 923 3228 quem
974 3152 1230 3208 Dominus
1274 3149 1486 3205 vocavit
1532 3145 1602 3201 ad
1626 3145 1710 3216 ju-

1816 3137 1885 3212 sit
1911 3169 2143 3225 sequens
2170 3166 2327 3222 ptena
2354 3148 2633 3219 cognoscit
2654 3187 2671 3213 ,
2719 3158 2841 3215 qua:
2871 3158 2979 3199 non
3029 3137 3403 3209 resipiscenti-

125 3256 374 3319 dicium,
434 3261 643 3324 partem
698 3250 891 3305 domus
926 3247 1044 3317 ejus
1081 3241 1518 3312 consumpserit,
1576 3254 1714 3309 quo-

126 3350 284 3404 niam
313 3346 434 3402 illos
465 3356 677 3415 quoque
711 3341 958 3413 gehenna
980 3338 1227 3401 devorat,
1275 3332 1370 3404 qui
1420 3331 1475 3387 in
1523 3330 1711 3385 habitu

129 3436 415 3508 religionis
440 3434 772 3506 negligenter
800 3430 1005 3484 vivunt.

201 3526 495 3583 XXXVI“.
526 3524 835 3581 Electorum
863 3533 1077 3591 quoque
1125 3518 1402 3589 generatio
1437 3516 1490 3573 in
1512 3516 1721 3571 duobus

131 3621 428 3695 generibus
450 3617 817 3689 distinguitur.
851 3613 1026 3669 Unum
1055 3625 1222 3682 genus
1247 3618 1333 3677 est
1355 3609 1719 3679 perfecturum

130 3716 205 3772 de
235 3713 433 3784 quibus
462 3710 659 3766 dicitur
702 3724 716 3761 :
753 3705 907 3760 Miles
935 3703 1135 3757 addunt
1165 3702 1220 3754 in
1252 3700 1474 3754 Domino
1512 3698 1722 3768 fartim-

130 3805 318 3859 dinem
347 3799 503 3871 (Isai.
531 3813 679 3862 XXIX,
704 3795 810 3866 i9).
841 3794 909 3847 Et
933 3792 1062 3846 item
1093 3805 1108 3845 :
1137 3789 1323 3843 Justus
1336 3784 1542 3840 mundis
1556 3785 1724 3838 mani-

134 3897 238 3947 bus
284 3889 473 3945 tenebit
500 3888 635 3942 viam
660 3900 811 3940 suam
843 3880 965 3953 (Job
1021 3894 1133 3933 xvn
1158 3917 1173 3944 ,
1218 3877 1295 3948 9).
1345 3876 1505 3931 Aliud
1542 3883 1724 3929 autem

135 3975 383 4037 nondum
412 3976 797 4048 perfectorum,
825 3972 890 4028 de
910 3970 1108 4040 quibus
1132 3967 1376 4024 Ecclesia
1397 3964 1724 4036 redemptori

134 4087 245 4128 suo
295 4068 426 4125 dicit
468 4084 483 4121 :
530 4063 899 4135 Imperfectum
947 4076 1119 4113 meum
1162 4059 1401 4114 viderunt
1431 4055 1590 4112 .oeuli
1648 4056 1726 4109 tui

138 4161 322 4234 (Psal.
344 4146 585 4215 currui
610 4196 625 4222 ,
658 4151 746 4226 16)
779 4192 795 4220 ,
845 4150 999 4222 quasi
1030 4149 1236 4206 diceret
1269 4167 1282 4203 :
1314 4148 1421 4205 Eos
1446 4148 1610 4204 etiam
1635 4145 1727 4218 qui

139 4258 198 4311 in
231 4268 354 4310 meo
377 4263 603 4321 corpore
622 4247 737 4301 vias
763 4241 1113 4316 perfectionis
1134 4239 1363 4312 pleniter
1382 4237 1599 4309 assequi
1620 4251 1728 4291 non

137 4354 398 4418 possunt,
432 4357 464 4397 a
495 4350 599 4395 tuac
637 4335 1025 4393 misericordia:
1073 4340 1320 4404 respectu
1352 4346 1460 4387 non
1492 4329 1726 4401 repellis.

142 4436 454 4504 Utrumque
475 4446 648 4503 genus
673 4429 740 4484 ad
764 4441 1055 4497 supernam
1070 4424 1310 4495 requiem
1332 4420 1433 4477 Job
1456 4421 1730 4492 pertinere

1820 3247 1919 3301 bus
1940 3243 2306 3300 comminatur
2330 3279 2345 3304 ,
2389 3246 2444 3293 et
2472 3236 2677 3291 idcirco
2701 3231 2982 3303 superbire
3008 3229 3120 3299 jam
3166 3241 3275 3283 non
3311 3240 3411 3281 au-

1819 3337 1931 3402 det,
1962 3349 2063 3390 nec
2090 3331 2262 3387 turbis
2283 3326 2583 3385 carnalium
2599 3322 2993 3381 desideriorum
3018 3335 3138 3375 sese
3152 3318 3408 3372 miscere.

1819 3424 1919 3480 Job
1949 3429 2170 3492 propter
2214 3416 2500 3490 praesentis
2554 3412 2821 3485 angustiae
2866 3410 3189 3481 punctiones
3217 3405 3348 3462 dicit
3391 3421 3406 3457 :

1822 3514 2044 3587 Sagittae
2072 3510 2284 3567 Domini
2313 3509 2365 3563 in
2397 3522 2485 3562 me
2514 3513 2663 3569 sunt,
2694 3510 2923 3572 propter
2952 3506 3241 3570 sequentes
3276 3508 3412 3551 vero

1821 3603 2088 3661 subiufert
2117 3620 2130 3656 :
2164 3600 2408 3655 Terrores
2429 3598 2543 3666 ejus
2570 3595 2801 3652 militant
2851 3603 3035 3647 contra
3066 3606 3148 3644 me
3170 3587 3294 3658 (Job
3330 3601 3407 3649 vx,

1822 3694 1899 3765 4).
1960 3692 2098 3747 llinc
2138 3689 2428 3744 Psalmista
2472 3694 2705 3756 propter
2758 3691 3047 3749 utrumque
3098 3697 3113 3732 :
3173 3677 3240 3730 In
3290 3691 3406 3739 me,

1826 3785 2036 3855 inquit,
2090 3781 2411 3836 transierunt
2461 3781 2557 3832 ine
2604 3786 2709 3831 tua:
2738 3814 2754 3841 ,
2800 3784 2849 3828 et
2900 3784 3124 3826 terrores
3174 3770 3251 3824 tui
3289 3783 3414 3821 cou-

1825 3877 2161 3931 turbaverunt
2213 3888 2295 3927 me
2324 3869 2497 3942 (Psal.
2528 3882 2770 3931 Lxxxvtt,
2798 3864 2906 3936 17).
2936 3862 3090 3930 Quod
3117 3859 3414 3915 idcircodi-

1826 3969 1987 4033 citur,
2001 3965 2247 4037 quiajam
2263 3962 2412 4018 aliud
2424 3962 2492 4018 de
2502 3958 2848 4016 damnatione
2862 3956 3119 4025 patimur,
3144 3950 3196 4006 id
3208 3959 3290 4005 est
3302 3949 3416 4003 iras

1828 4058 2067 4130 quidem,
2098 4055 2193 4112 sed
2223 4064 2402 4111 tamen
2430 4056 2793 4114 transeuntes,
2836 4044 3096 4115 quoniam
3147 4041 3238 4096 isti
3264 4039 3416 4094 dolo-

1829 4165 1920 4207 res
1943 4149 2051 4215 cito
2099 4146 2381 4209 liniuntur.
2432 4141 2539 4198 Sed
2565 4140 2671 4207 hoc
2695 4138 2757 4193 ﬁt
2809 4135 3049 4207 gravius,
3094 4131 3237 4203 quod
3277 4131 3419 4186 inter

1831 4243 2047 4299 dolores
2081 4240 2214 4295 istos
2236 4248 2439 4293 aeterna
2455 4231 2716 4303 supplicia
2736 4244 2856 4301 quae
2879 4227 3261 4289 comminatur,
3285 4239 3420 4295 quo-

1833 4349 1950 4390 rum
1991 4341 2225 4388 terrores
2272 4326 2469 4382 merito
2515 4338 2617 4379 nos
2642 4322 2988 4387 conturbant,
3039 4317 3417 4373 formidamus.

1834 4427 2006 4483 Omne
2033 4423 2196 4494 igitur
2214 4418 2360 4491 quod
2398 4415 2671 4488 perfectos
2717 4412 2988 4484 quoslibet
3013 4410 3165 4465 viros
3209 4405 3418 4477 aﬂligit,

141 4491 506 4595 conspiciens
512 4520 623 4576 ait:
655 4491 861 4573 Parvus
886 4526 935 4571 et
965 4491 1185 4587 magnus
1215 4513 1287 4568 ibi
1313 4522 1434 4568 sunt
1460 4491 1589 4584 (Job
1644 4525 1703 4566 ιιι

1838 4527 1985 4575 tanto
2013 4491 2192 4570 minus
2222 4510 2519 4582 refugiunt,
2549 4517 2752 4578 quanto
2795 4506 2848 4561 id
2892 4504 3170 4575 culparum
3201 4513 3423 4555 suarum

148 4616 264 4687 l9).
295 4613 572 4683 Quotquot
616 4625 747 4680 ergo
792 4606 1149 4680 perfectiores
1221 4613 1350 4659 sunt
1399 4603 1542 4658 inter
1572 4600 1733 4671 hujus

145 4708 277 4763 vita:
313 4702 612 4769 molestias,
641 4714 982 4771 nequaquam
1009 4698 1077 4753 ad
1100 4694 1587 4752 murmurationem
1609 4707 1735 4762 pro-

150 4800 342 4857 silium
362 4837 378 4864 ,
403 4804 459 4850 et
493 4794 693 4851 divitia:
722 4792 767 4848 si
792 4790 1011 4846 allluant
1039 4828 1054 4854 ,
1088 4786 1400 4842 nullatenus
1446 4798 1540 4840 cor
1572 4796 1737 4853 appo-

151 4897 294 4945 nunt
318 4930 334 4956 ,
362 4888 461 4944 sed
487 4894 716 4956 utraque
748 4892 1003 4951 tanquam
1032 4878 1195 4935 citius
1225 4876 1521 4932 transitura
1560 4872 1738 4945 parvi-

1840 4606 2204 4679 expiationem
2235 4602 2482 4658 credunt.
2520 4598 2589 4654 Et
2612 4612 2772 4654 omne
2801 4596 2946 4667 quod
2988 4591 3252 4664 praeterit,
3297 4588 3425 4643 licet

1840 4711 2158 4770 prosperum
2188 4694 2278 4758 sit,
2310 4700 2460 4750 tanto
2482 4689 2729 4746 sensibus
2748 4702 2934 4743 eorum
2961 4685 3188 4748 vilescit,
3221 4685 3426 4749 quanto

1842 4766 1898 4848 et
1925 4766 2295 4845 transitorium
2329 4793 2437 4849 est,
2469 4792 2526 4839 et
2573 4781 2674 4853 ipsi
2703 4779 2770 4834 ad
2799 4778 2949 4833 aliud
2999 4778 3246 4837 tendunt,
3282 4766 3425 4840 quod

1845 4883 2010 4939 semel
2034 4882 2286 4951 adeptum
2313 4891 2591 4947 nunquam
2643 4872 2932 4929 amittitur.
2965 4871 3116 4927 Bona
3153 4863 3319 4934 igitur
3341 4859 3432 4951 hic

154 4981 417 5054 pendunt.
448 4944 681 5034 Pensant
711 4944 877 5030 enim-
899 4987 929 5026 a
960 4985 1068 5040 quo
1108 4969 1303 5039 laqueo
1328 4966 1465 5037 lapsi
1496 4944 1624 5022 sunt
1661 4979 1677 5016 :

1846 4972 2045 5038 oblata,
2076 4944 2179 5026 nec
2209 4982 2308 5040 pro
2337 4944 2533 5037 magno
2578 4960 2906 5030 suscipiunt,
2965 4974 3068 5015 nec
3109 4953 3257 5010 illata
3291 4944 3434 5001 mala

158 5088 267 5146 qua
293 5071 545 5129 videlicet
561 5065 921 5130 beatitudine,
957 5063 1026 5119 ad
1070 5070 1330 5133 quantam

1334 5167 1358 5174 -
1399 5150 1520 5174 ηε...
1584 5146 1743 5174 inagna

1381 5060 1660 5116 miseriam
1687 5056 1743 5111 in
1846 5065 2005 5121 valde
2029 5036 2438 5134 pertimescunt.
2467 5057 2561 5115 Sic
2590 5060 2814 5110 utuntur
2858 5045 3149 5124 temporali
3177 5036 3441 5100 subsidio,

2357 5164 2381 5174 ..
2408 5159 2500 5174 -.-ο
2526 5146 2715 5174 --.ωιὶαιι
2763 5148 2848 5174 nnl
2882 5139 3045 5174 ΙΛΛΟΑ
3073 5157 3086 5169 ο
3118 5138 3306 5174 nnneal
3325 5144 3450 5174 enr-
