3934 5400
506 240 615 304 547

1478 238 1537 295 S.
1577 234 1826 295 ODONlS
1864 230 2153 290 ABBATIS
2186 228 2683 290 CLUNIACENSIS
2720 228 2763 285 ll

3674 229 3780 289 5&8

505 354 651 429 prole
675 344 918 423 Henocb,
950 356 1041 427 qui
1069 353 1338 411 dedicatio
1384 352 1793 422 interpretatur,
1821 347 2083 417 septimus
2119 348 2173 408 Α
2198 344 2249 398 in
2279 351 2479 409 sanctae
2502 342 2755 400 Ecclesia:
2781 340 3136 397 aediﬁcatione
3160 347 3335 398 tamen
3366 349 3494 398 sunt
3521 344 3776 415 ponendi.

506 447 764 514 nascitur,
796 447 925 517 quia
986 444 1239 501 videlicet
1280 442 1440 498 electi
1480 449 1604 512 post
1647 453 1742 494 sex
1774 436 1935 506 hujus
1965 435 2089 489 vitae

507 542 711 601 states,
753 535 808 590 in
862 549 1150 606 supernam
1194 530 1531 588 Hierusalem
1575 539 1834 598 tanquam
1881 525 2086 597 lapides

507 623 609 679 vivi
638 623 1048 680 dedicahuntur.
1086 622 1220 678 Cain
1247 622 1413 688 'vero,
1463 630 1526 675 ut
1559 617 1932 690 supradictum
1982 623 2084 679 est,

501 711 923 786 primogenitum
954 713 1175 770 Henoeh
1200 712 1479 784 fappellat:
1521 711 1778 782 quoniam
1827 706 2001 778 iniqui
2029 719 2091 762 se

508 804 565 859 in
586 806 899 875 primordiis
928 805 1084 875 quasi
1119 804 1387 868 dedicant,
1418 802 1546 856 dum
1588 801 1644 855 in
1670 799 1774 855 hac
1801 798 1913 853 vita
1948 795 2095 851 radi-

523 911 641 951 cem
669 896 849 952 cordis
882 896 1145 967 plantant.
1183 892 1317 949 Cum
1349 892 1608 948 Dominus
1633 891 1779 946 dicat
1805 905 1819 943 :
1851 885 1985 942 Cum
2012 902 2098 941 eo-

507 995 657 1040 catus
680 986 844 1057 fueris
889 987 958 1041 ad
999 985 1228 1056 nuptias,
1262 1000 1326 1038 ne
1365 981 1663 1039 discumbo;
1706 981 1761 1035 in
1784 980 1953 1049 primo
1977 976 2092 1031 loco

508 1074 662 1149 (Luc.
694 1092 807 1141 xxv,
830 1075 907 1147 8).

577 1167 693 1222 XL.
727 1167 822 1222 Est
853 1174 910 1223 et
937 1166 1080 1223 aliud
1116 1181 1284 1238 genus
1310 1167 1597 1232 bonorum,
1637 1164 1730 1220 sed
1767 1163 1944 1218 minus
1969 1176 2091 1232 per-

511 1256 797 1322 fectorum,
844 1256 936 1326 qui
986 1265 1274 1326 penetrare
1327 1254 1595 1326 spiritalia
1651 1270 1759 1310 non
1829 1252 2087 1317 valentes,

513 1348 750 1418 quinque
775 1347 1022 1403 sensibus
1047 1346 1324 1417 corporeis
1350 1345 1743 1425 deprimuntur.
1765 1342 1911 1411 Quos
1945 1340 2096 1396 vide-

511 1436 638 1493 licet
665 1437 902 1508 quinque
946 1450 1139 1493 sensus
1179 1435 1307 1506 quia
1344 1434 1775 1491 Christianorum
1823 1431 2095 1489 exercitus

514 1528 650 1582 duce
685 1524 813 1582 Jesu
857 1526 1017 1583 debet
1051 1526 1106 1581 in
1129 1539 1327 1595 corpus
1369 1539 1526 1580 suum
1575 1524 1894 1593 reprimere,
1954 1522 2093 1576 bene

511 1616 675 1674 Josue
701 1618 966 1686 designat,
994 1618 1084 1687 qui
1112 1631 1268 1686 reges
1296 1616 1534 1687 quinque
1572 1615 1625 1669 in
1656 1613 2093 1685 repromissionis

2198 434 2501 489 Discutiunt
2527 449 2658 504 ergo
2685 447 2745 488 se
2773 432 3001 502 quisque
3029 432 3231 498 ﬁdeles,
3274 441 3330 489 et
3378 433 3425 489 si
3481 435 3774 503 repositum

2197 524 2399 596 aliquid
2426 525 2480 580 in
2509 526 2673 582 corde
2712 538 2811 581 suo
2841 526 2909 581 de
2942 524 3208 581 fructibus
3242 526 3531 581 charitatis
3562 526 3779 582 invene-

2196 617 2329 681 rint,
2362 616 2530 674 Deum
2559 616 2663 673 sibi
2691 616 2951 673 interesse
2978 630 3087 671 non
3123 617 3386 672 dubitent.

2270 706 2402 761 XLI.
2454 706 2591 775 Quia
2636 721 2765 763 vero
2809 721 2931 763 sese
2978 708 3191 764 occasio
3241 707 3514 777 praebuit,
3567 708 3674 763 hoc
3718 725 3774 763 ex

2196 799 2379 855 verbis
2421 799 2565 855 beati
2594 797 2878 871 Augustini
2915 799 2982 855 de
3010 800 3274 855 charitate
3310 800 3604 855 dicendum
3638 801 3776 855 vide-

2200 900 2288 947 tur
2317 908 2330 945 :
2359 890 2702 958 Divinarum,
2735 892 2931 962 inquit,
2972 891 3377 964 Scripturarum
3426 894 3775 963 multiplicem

2198 983 2582 1039 abundantiam
2635 984 3067 1055 latissimamque
3135 985 3438 1041 doctrinam
3502 986 3627 1040 sine
3677 985 3776 1039 ullo

2198 1086 2387 1128 errore
2437 1071 2849 1142 comprehendit
2893 1080 2950 1129 et
3000 1073 3116 1128 sine
3164 1074 3272 1129 ullo
3305 1074 3495 1130 labore
3525 1076 3775 1139 custodit,

2197 1160 2352 1231 cujus
2378 1176 2474 1216 cor
2500 1160 2714 1232 plenum
2742 1169 2826 1217 est
2852 1162 3137 1218 charitate.
3170 1163 3512 1235 Quapropter
3540 1164 3778 1233 quisquis

2199 1250 2313 1306 vult
2360 1266 2499 1306 novo
2551 1251 2806 1307 mandato
2861 1261 3022 1309 vetus
3078 1255 3427 1325 exstinguere
3475 1263 3774 1324 peccatum,

2198 1341 2483 1412 cupiditati
2520 1341 2851 1399 contrariam
2902 1350 3086 1399 teneat
3114 1345 3437 1400 charitatem
3459 1385 3476 1410 ,
3526 1345 3778 1414 quoniam

2199 1431 2289 1487 ille
2321 1441 2465 1489 tenet
2490 1441 2545 1490 et
2571 1433 2713 1504 quod
2736 1442 2901 1504 patet,
2929 1444 2985 1490 et
3012 1436 3153 1505 quod
3180 1435 3313 1491 latet
3351 1436 3406 1490 in
3438 1435 3644 1490 divinis
3672 1449 3777 1489 ser—

2198 1523 2468 1590 monibus,
2500 1524 2592 1594 qui
2641 1524 2964 1581 charitatem
2991 1535 3171 1582 servat
3199 1528 3252 1582 in
3283 1527 3552 1583 moribus.
3593 1526 3778 1582 Hiero.

2199 1628 2395 1684 nymus
2426 1614 2478 1668 in
2507 1615 2734 1684 epistola
2765 1614 2831 1670 ad
2862 1615 3082 1671 Galatas
3110 1616 3277 1672 refert
3302 1657 3318 1683 ,
3361 1617 3511 1687 quod
3563 1625 3779 1672 sanctus

513 1716 659 1763 terra
687 1707 886 1763 dudum
914 1716 1203 1779 regnantes
1240 1706 1309 1761 ad
1346 1706 1653 1776 speluncam
1696 1704 1848 1759 velut
1878 1713 2092 1759 antrum
2126 1697 2169 1755 B
2194 1701 2432 1757 Joannes
2463 1702 2814 1774 evangelista,
2853 1718 2973 1758 cum
2999 1703 3113 1774 jam
3145 1720 3311 1761 senex
3342 1714 3513 1773 esset,
3545 1716 3603 1761 et
3628 1706 3782 1762 disci-

512 1795 756 1866 corporis
781 1794 1047 1867 fugientes
1077 1794 1369 1850 interfecit.
1412 1793 1520 1850 Sed
1562 1793 1862 1865 imperfecti
1892 1794 2094 1864 quique

515 1886 643 1941 dum
670 1884 874 1941 eisdem
913 1884 1163 1941 sensibus
1201 1883 1380 1941 adhuc
1412 1884 1790 1949 succumbunt,
1820 1893 1970 1940 tanto
1991 1883 2095 1937 mi-

515 1991 618 2030 nus
646 1984 829 2031 amant
853 1989 976 2031 eum
995 1975 1090 2046 qui
1133 1974 1264 2031 fecit
1287 1976 1491 2042 omnia,
1531 1985 1735 2046 quanto
1770 1974 1825 2029 in
1871 1974 1957 2030 his
1978 1988 2095 2028 am-

516 2064 660 2134 plius
695 2080 815 2136 quae
842 2064 984 2120 facta
1012 2074 1139 2122 sunt
1185 2065 1480 2138 illigantur.
1520 2065 1711 2121 Aliena
1745 2064 1960 2135 quidem
1986 2079 2095 2121 non

517 2165 786 2224 quterunt,
855 2155 1058 2211 illatam
1097 2155 1355 2226 injuriam
1419 2156 1505 2213 vel
1555 2157 1804 2214 nolentes
1851 2165 2094 2228 portant.

518 2244 699 2302 Rebus
719 2248 950 2317 propriis
992 2249 1231 2305 contenti
1263 2258 1410 2316 sunt,
1447 2260 1503 2305 et
1543 2250 1821 2307 humiliter
1866 2250 2093 2315 vivunt;

518 2338 613 2393 sed
646 2346 824 2394 tamen
870 2354 1056 2394 curam
1088 2339 1319 2411 propria:
1363 2338 1557 2396 domus
1600 2349 1817 2410 gerunt,
1864 2341 1930 2396 de
1971 2339 2100 2396 ﬁliis

518 2426 780 2498 cogitant,
825 2426 1010 2499 eisque
1051 2430 1424 2486 hatreditatem
1472 2439 1715 2487 servant.
1765 2431 1869 2499 Qui
1921 2439 2100 2488 tamen

520 2516 666 2574 inter
690 2532 785 2574 eos
819 2517 1169 2576 sollicitiores
1196 2530 1344 2586 sunt,
1368 2522 1535 2576 divini
1561 2522 1754 2592 iudicii
1806 2539 2098 2591 memores,

519 2606 946 2663 misericordiam
987 2609 1314 2679 pauperibus
1357 2611 1711 2681 impendunt;
1752 2622 1806 2669 et
1844 2615 1890 2671 si
1918 2617 2101 2670 omnia

522 2696 830 2766 relinquere
858 2712 964 2752 non
993 2707 1237 2769 possunt,
1271 2699 1355 2755 vel
1380 2716 1448 2756 ex
1476 2711 1632 2772 parte
1654 2718 1764 2773 qua
1804 2704 2102 2774 praevalent

519 2784 896 2842 misericordes
924 2784 1078 2853 ﬁunt,
1104 2796 1160 2842 et
1187 2802 1377 2843 curam
1394 2790 1575 2846 carnis
1601 2806 1723 2847 cum
1751 2793 1947 2849 anima:
1970 2807 2101 2849 cura

520 2876 846 2946 partiuntur.
877 2875 984 2932 Sed
1007 2878 1137 2948 quid
1161 2877 1228 2934 de
1255 2879 1337 2935 eis
1361 2881 1488 2947 erit,
1512 2882 1558 2937 si
1581 2883 1762 2938 nullus
1787 2884 1854 2939 ad
1870 2899 2098 2955 regnum

519 2964 625 3019 nisi
647 2965 740 3035 qui
764 2966 992 3022 summis
1030 2968 1320 3025 virtutibus
1368 2972 1629 3041 praeditus
1655 2984 1739 3030 est
1780 2977 2102 3046 perveniet?

522 3033 688 3108 Adest
713 3055 910 3125 quippe
956 3067 1013 3113 et
1043 3058 1130 3114 his
1155 3033 1455 3118 conscia-tio
1494 3078 1615 3118 sua.
1654 3033 1798 3119 Nam.
1831 3082 1954 3122 eum
1993 3067 2104 3123 fer-
2127 3033 2174 3097 ο

523 3140 702 3196 culum
724 3145 869 3215 regis
905 3144 1215 3204 Salomonis
1243 3150 1296 3204 in
1351 3160 1476 3222 typo
1520 3152 1779 3211 Ecclesiae
1828 3156 2104 3214 describe-

524 3238 695 3297 retur,
720 3231 867 3289 inter
890 3233 1037 3306 ligna
1079 3236 1270 3294 Libani
1299 3246 1355 3294 et
1390 3240 1672 3297 columnas
1713 3253 2016 3315 argenteas,
2049 3255 2103 3302 et

524 3321 669 3376 inter
696 3325 1098 3384 reclinatorium
1113 3344 1332 3386 aureum
1361 3347 1750 3406 ascensumque
1772 3352 2102 3408 purpureum

523 3424 621 3479 per
641 3426 763 3481 quae
787 3414 1038 3472 videlicet
1064 3418 1475 3483 excellentiores
1500 3423 1701 3493 quique
1722 3425 1777 3480 in
1790 3428 1979 3483 eadem
2000 3429 2103 3485 Ec-

524 3499 686 3556 clesia
708 3503 1002 3562 militantes
1017 3508 1391 3580 designantur,
1420 3513 1662 3570 additum
1682 3520 1901 3588 estquia
1926 3521 2101 3576 media

523 3591 791 3649 cbaritate
811 3598 1106 3654 constravit
1130 3612 1348 3671 propter
1362 3603 1499 3659 tilias
1520 3605 1875 3664 Hierusalem.
1901 3609 2101 3667 Vemm

524 3681 650 3750 quia
669 3682 770 3738 hoc
791 3699 890 3753 pro
918 3696 1105 3743 nostra
1136 3689 1452 3751 inﬁrmitate
1472 3695 1694 3765 dicitur,
1717 3714 1783 3755 ex
1815 3699 1920 3756 hoc
1947 3716 2105 3772 aper-

524 3780 579 3826 te
607 3772 796 3840 claret,
820 3776 962 3845 quod
987 3793 1093 3834 non
1117 3790 1336 3851 propter
1380 3784 1539 3852 ﬁlios,
1585 3789 1681 3843 sed
1718 3799 1939 3861 propter
1965 3792 2103 3848 ﬁlias

524 3862 857 3923 Hierusalem
883 3868 1063 3927 inesse
1089 3873 1340 3930 'cliaritas
1392 3878 1728 3946 perhibetur.
1787 3881 1928 3948 Quid
1955 3883 2099 3938 enim

522 3952 666 4009 aliud
691 3970 788 4026 per
831 3972 1019 4014 sexum
1057 3959 1372 4031 femineum,
1398 3965 1505 4023 nisi
1529 3967 1815 4027 inﬁrmitas
1839 3974 2100 4030 mentium

523 4044 823 4117 ﬁguratur?
861 4049 1119 4121 Quisquis
1148 4054 1318 4126 igitu;
1340 4068 1521 4116 mente
1550 4059 1799 4118 inﬁrmus
1833 4071 1939 4131 est,
1969 4067 2099 4122 cha-

525 4136 741 4193 ritatem
770 4140 983 4209 habeat,
1014 4144 1200 4215 diligat
1228 4148 1398 4204 Deum
1429 4158 1485 4205 et
1509 4153 1813 4223 proximum
1842 4162 2100 4226 quantum

523 4234 718 4294 potest,
747 4236 801 4284 et
829 4246 949 4300 qua:
971 4231 1111 4289 bona
1136 4248 1260 4294 sunt
1291 4241 1444 4297 valde
1473 4257 1597 4298 cum
1625 4245 1890 4303 cbaritate
1916 4247 2097 4316 faciat,

2199 1793 2445 1864 pulcrum
2472 1793 2720 1849 manibus
2758 1796 2826 1848 ad
2864 1793 3163 1850 Ecclesiam
3204 1794 3533 1861 deferretur,
3567 1797 3674 1852 hoc
3701 1812 3779 1853 so-

2199 1883 2309 1938 lum
2347 1897 2563 1953 semper
2601 1883 2657 1938 in
2703 1882 2927 1939 collecta
2962 1882 3272 1953 proferebat
3301 1902 3314 1937 :
3348 1883 3554 1947 Filioli,
3579 1884 3780 1955 diligite

2198 1972 2540 2028 alterutrum.
2567 1972 2823 2043 Discipuli
2850 1988 2978 2029 vero
3002 1973 3238 2044 perlaesi,
3262 1973 3408 2043 quod
3430 1974 3629 2029 eadem
3650 1989 3781 2028 sem-

2198 2079 2299 2135 per
2323 2063 2593 2131 audirent,
2613 2063 2870 2120 dixerunt
2898 2082 2911 2118 :
2944 2062 3213 2135 Magister,
3234 2080 3408 2135 quare
3434 2078 3659 2136 semper
3688 2066 3781 2120 hoc

2203 2156 2485 2228 loqueris?
2520 2156 2729 2224 Quibus
2755 2155 3032 2226 respondit
3069 2156 3285 2227 dignam
3323 2154 3541 2211 Joanne
3580 2168 3781 2212 senten-

2202 2251 2364 2304 tiam:
2385 2248 2516 2317 Quia
2538 2256 2864 2319 praeceptam
2889 2248 3099 2304 Domini
3116 2258 3219 2312 est,
3237 2249 3350 2304 etsi
3365 2248 3548 2305 solum
3574 2248 3656 2314 ﬁt,
3682 2247 3781 2303 suf-

2201 2340 2315 2395 ﬁcit
2346 2341 2466 2396 hoc.
2502 2340 2797 2405 Sciendum
2828 2354 2958 2395 sane
2990 2340 3117 2410 quia
3152 2340 3296 2396 sicut
3332 2340 3544 2395 nostris
3587 2348 3779 2408 tempe

2202 2430 2350 2486 ribus
2375 2430 2556 2486 omnia
2586 2446 2725 2500 pene
2759 2447 2916 2487 suum
2945 2431 3188 2487 ordinem
3218 2430 3605 2502 perdidentnt,
3631 2431 3781 2500 pleri-

2199 2536 2305 2592 que
2351 2522 2604 2592 prodigas
2649 2538 2829 2578 rerum
2875 2537 3094 2578 suarum
3145 2537 3415 2593 expensas
3462 2524 3779 2580 charitatem

2200 2611 2522 2677 nominant,
2591 2627 2717 2668 cum
2773 2627 2861 2668 res
2910 2612 2976 2667 ad
3031 2613 3244 2668 inanem
3296 2613 3533 2683 gloriam
3578 2612 3781 2684 profuse

2202 2701 2490 2773 dispensac,
2528 2702 2788 2757 comestio
2837 2701 2921 2756 vel
2966 2699 3158 2757 eﬁusio
3188 2704 3360 2773 magis
3389 2702 3644 2758 dicenda:
3671 2710 3783 2756 sunt

2200 2808 2361 2864 quam
2406 2794 2665 2849 charitas.
2716 2793 2975 2862 Qualibus
3023 2795 3168 2849 enim
3244 2809 3331 2849 res
3407 2794 3781 2866 dispertiunt:

2202 2883 2311 2939 sint
2340 2885 2456 2955 ipse
2494 2883 2754 2940 Dominus
2788 2885 2969 2952 docet,
3004 2885 3094 2955 qui
3125 2885 3203 2939 ait
3232 2898 3248 2938 :
3281 2884 3413 2939 Noli
3454 2887 3681 2940 invitare
3706 2900 3779 2938 eos

2200 2972 2290 3042 qui
2320 2982 2368 3026 te
2397 2973 2667 3027 reinvitent
2718 2972 2869 3045 (Luc.
2899 2989 3009 3039 xxv,
3042 2974 3152 3042 l2).
3203 2973 3309 3029 Sed
3348 2990 3545 3029 omnes
3575 2984 3779 3029 econtra

2205 3078 2327 3117 cum
2372 3063 2465 3118 vix
2513 3080 2702 3134 parum
2744 3065 2873 3136 quid
2922 3081 3028 3120 non
3067 3066 3241 3121 solum
3288 3066 3654 3132 vestimenti,
3698 3066 3781 3122 sed

2203 3152 2368 3207 etiam
2405 3153 2513 3209 cibi
2547 3168 2614 3208 ac
2647 3154 2826 3225 potius
2871 3153 3089 3211 Christo
3137 3156 3189 3209 in
3236 3170 3483 3226 paupere
3532 3157 3777 3217 tribuant.

2148 3305 2161 3321 ο
2203 3244 2516 3321 potentibus
2544 3254 2721 3300 tamen
2758 3245 2922 3301 etiam
2957 3254 3179 3316 accepta
3207 3254 3401 3301 mutuo
3430 3246 3777 3317 dispensant:

2201 3336 2348 3405 quod
2373 3320 2623 3393 videlicet
2668 3350 2775 3392 non
2819 3344 2906 3393 est
2948 3337 3228 3403 charitas,
3261 3336 3357 3392 sed
3399 3336 3621 3392 ell'usio.
3658 3336 3777 3391 Nam

2203 3436 2351 3486 recte
2379 3430 2618 3486 charitas
2646 3430 2776 3486 solis
2813 3430 3176 3500 indigentibus
3203 3435 3288 3485 est
3316 3428 3707 3500 expendenda;
3733 3436 3780 3483 et

2202 3536 2310 3576 non
2356 3520 2529 3576 solum
2578 3520 2806 3587 amicis,
2858 3521 2953 3576 sed
3002 3521 3166 3576 etiam
3216 3520 3455 3576 inimicis
3503 3518 3777 3576 beneﬁcia.

2205 3610 2378 3666 Porro
2402 3618 2582 3667 autem
2612 3613 2754 3667 sicut
2779 3613 2895 3667 haec
2921 3612 3033 3666 vita
3064 3612 3240 3667 media
3266 3619 3352 3667 est
3393 3611 3547 3668 inter
3574 3610 3778 3675 cadum,

2203 3719 2311 3775 quo
2340 3703 2437 3760 soli
2474 3703 2602 3759 boni
2633 3705 2956 3771 consistunt,
2992 3715 3046 3761 et
3085 3704 3356 3760 infernum
3387 3720 3500 3777 quo
3538 3707 3639 3763 soli
3664 3702 3778 3761 mali

2212 3795 2524 3861 traduntur,
2561 3797 2641 3852 sic
2678 3797 2959 3866 utriusque
3005 3796 3177 3865 partis
3225 3796 3371 3851 cives
3421 3795 3778 3852 indiﬁ‘erenter

2202 3887 2386 3942 habet.
2456 3885 2611 3943 Unde
2658 3896 2889 3956 utraque
2934 3886 3214 3955 generatio
3265 3885 3351 3940 vel
3402 3884 3777 3957 temporalibus

2200 3977 2357 4034 bonis
2384 3978 2589 4047 pariter
2616 3977 2805 4041 utitur,
2832 3977 2920 4032 vel
2951 3976 3107 4033 malis
3148 3977 3355 4048 pariter
3399 3976 3680 4049 afﬂigitur,
3707 3977 3778 4032 di-

2198 4082 2360 4124 versa
2393 4076 2571 4123 tamen
2598 4067 2724 4134 ﬁde,
2755 4068 2968 4124 diversa
2998 4083 3115 4140 spe,
3139 4068 3354 4124 diverso
3383 4085 3594 4133 amore,
3619 4069 3774 4123 donec

2199 4159 2390 4215 ultimo
2413 4160 2617 4231 judicio
2651 4169 2991 4230 separentur,
3037 4169 3092 4215 et
3124 4162 3386 4231 percipiat
3422 4162 3776 4232 unusquisque

2199 4267 2379 4318 suum,
2412 4251 2574 4306 ﬁnem
2599 4251 2684 4306 cui
2716 4251 2893 4307 nullus
2927 4261 3012 4307 est
3039 4250 3181 4307 ﬁnis.
3232 4250 3369 4318 Quia
3421 4252 3620 4307 seriem
3662 4263 3774 4304 vero

524 4316 652 4433 quia
828 4325 1189 4433 exterioribus
1216 4329 1542 4433 implicetur,
1576 4342 1758 4391 tamen
1792 4336 1838 4392 si
1867 4338 2101 4394 charita-
2130 4374 2178 4433 υ
2202 4316 2491 4397 verborum
2538 4341 2987 4412 qualitercunque
3031 4316 3294 4412 digestam
3352 4341 3423 4396 ad
3467 4342 3574 4398 hoc
3622 4355 3774 4411 usque

526 4414 634 4463 tem
681 4409 970 4483 habuerit,
1023 4418 1092 4472 ad
1138 4420 1236 4476 Dei
1285 4422 1544 4479 ferculum
1590 4427 1918 4497 pertinebit,
1965 4429 2104 4485 sicut

523 4497 805 4557 Psalmista
834 4506 909 4559 ait
940 4525 954 4561 :
990 4506 1260 4565 Benediin
1296 4515 1534 4570 omnibus
1560 4517 1766 4587 pusillis
1792 4536 1910 4573 cum
1937 4521 2106 4591 majo-

487 4661 490 4665 ἢ
524 4592 670 4648 ribus
712 4594 886 4666 (Paul.
907 4615 1061 4667 exin,
1084 4601 1170 4675 l5)
1193 4645 1209 4672 ,
1250 4606 1503 4674 quoniam
1530 4610 1623 4679 qui
1652 4611 1953 4682 imperfecti
1978 4621 2106 4669 sunt

522 4690 580 4737 et
605 4683 802 4752 pusilli,
832 4687 877 4742 si
906 4688 960 4743 in
989 4702 1252 4761 quantum
1281 4709 1609 4767 cognoscere
1632 4699 1815 4756 valent
1841 4701 2009 4757 Deum
2039 4717 2103 4759 ac

522 4777 830 4845 proximum
881 4782 1146 4853 diligunt,
1187 4786 1288 4858 ipsi
1318 4803 1533 4863 quoque
1579 4790 1706 4849 licet
1732 4794 1928 4850 minori
1959 4794 2099 4863 loco,

2204 4435 2547 4502 deduximus,
2569 4443 2627 4490 ut
2655 4436 2753 4489 has
2782 4434 3177 4504 generationes,
3208 4434 3334 4488 licet
3362 4434 3416 4488 in
3437 4433 3706 4505 prosperis
3725 4442 3774 4486 et

2205 4527 2447 4582 adversis
2497 4526 2858 4581 communiter
2901 4534 3287 4596 procurrentes
3334 4522 3766 4598 [percurrentes].

2204 4623 2382 4670 tamen
2412 4630 2511 4686 pro
2538 4615 2847 4671 diversitate
2875 4615 3194 4670 meritorum
3232 4615 3483 4672 diversos
3518 4617 3653 4673 ﬁnes
3680 4614 3769 4670 ha-

2204 4707 2334 4764 bere
2357 4708 2676 4776 dixerimus,
2707 4707 2901 4762 librum
2927 4707 3073 4766 hunc
3100 4708 3222 4764 istic
3248 4708 3523 4764 ﬁniamus.

528 4988 3763 5026 MM

1712 5182 2015 5261 LIBER
2072 5182 2627 5265 SECUNDUS.
