3934 5400
132 334 236 396 849

1116 333 1600 391 COLLATIONUM
1644 332 1821 390 LIBRI
1858 336 2054 394 TRES.
2096 371 2161 379 —
2201 339 2328 395 LIL.
2372 339 2432 394 ll.

3299 348 3402 408 550

129 451 216 507 vel
246 466 436 522 parum
463 449 714 518 loquatur
750 464 762 501 ε
799 461 920 502 cum
961 457 1180 517 repente
1222 448 1380 502 solito
1407 447 1714 502 brumosior
1742 449 1788 508 A
1819 449 1984 505 radiis
2014 450 2224 520 privata
2269 450 2469 507 sterilis
2513 461 2616 517 est,
2649 453 2729 509 sic
2775 454 3000 525 subjecti
3057 457 3257 517 favoris
3285 463 3402 532 ejus

130 540 303 595 hiems
330 537 552 610 ingruit,
581 537 806 606 illasque
847 535 930 589 sui
978 535 1217 590 dieculas
1254 537 1325 590 ita
1361 536 1710 605 inasperavit,

130 641 188 684 ut
215 629 336 700 plus
363 629 430 683 de
461 628 644 698 aprico
673 641 834 695 quam
873 625 937 679 de
967 625 1158 679 itinere
1188 626 1343 680 nobis
1369 625 1710 695 cogitantium

126 721 424 778 videretur.
476 717 612 774 Tum
645 731 772 773 vero
807 716 1002 787 partim
1030 715 1298 786 prazdictae
1327 716 1520 770 hiemis
1548 715 1715 769 incle-

119 811 352 876 mentia,
380 809 580 881 partim
610 816 924 862 sanctorum
954 807 1043 876 qui
1085 807 1359 861 instabant
1385 805 1594 860 dierum
1627 821 1714 860 re-

124 901 396 967 verentia,
427 900 661 956 domnus
694 897 831 954 abba
864 896 1082 953 interim
1108 898 1210 952 iter
1237 904 1484 952 nostrum
1530 911 1710 951 remo-

123 991 237 1045 rari
268 988 560 1045 concessit.
581 986 763 1042 Lectis
797 995 976 1040 tamen
1007 1002 1126 1056 quae
1147 984 1260 1055 jam
1291 985 1499 1054 digesta
1531 992 1710 1051 erant,

119 1091 176 1136 et
206 1080 395 1152 paucis
439 1087 629 1134 contra
675 1093 770 1134 eos
832 1079 924 1148 qui
976 1093 1265 1148 pravorum
1313 1076 1713 1132 deteriorantur

118 1173 393 1243 exemplo,
424 1171 672 1240 repertis,
705 1170 907 1240 placuit
950 1170 1129 1238 aliqua
1176 1170 1352 1223 adhuc
1400 1167 1703 1238 subrogari.

119 1266 323 1320 Verum
358 1280 458 1335 ego
507 1280 614 1318 non
666 1263 798 1318 satis
845 1261 1111 1317 confidam
1135 1303 1149 1327 ,
1201 1260 1344 1332 quod
1379 1260 1482 1314 hoc
1517 1260 1707 1314 saltem

117 1355 309 1410 audire
347 1356 666 1425 dignentur,
712 1353 909 1423 quippe
957 1352 1262 1422 quoslibet,
1311 1366 1412 1406 nec
1459 1362 1708 1405 sanctum

116 1447 470 1516 Evangelinm
548 1453 606 1499 ut
667 1453 982 1515 Oportucrat
1040 1443 1276 1497 revereri
1327 1460 1339 1494 :
1392 1450 1569 1496 tamen
1645 1456 1707 1495 ea

115 1554 215 1608 spe
261 1539 557 1607 jussionem
614 1536 918 1607 aggrediar,
985 1543 1042 1588 ut
1097 1534 1149 1587 in
1210 1531 1406 1604 aggere
1467 1532 1709 1587 testimo-

114 1633 331 1685 niorum
361 1671 374 1695 ,
427 1646 534 1700 quo
584 1629 800 1700 superbi
847 1628 937 1682 filii
982 1625 1137 1694 juxta
1174 1633 1503 1695 praeceptum
1533 1623 1706 1696 Moysi

114 1719 390 1790 lapidandi
435 1728 600 1787 sunt,
651 1719 738 1775 vel
795 1718 1033 1788 lapillum
1087 1732 1174 1772 me
1227 1716 1489 1789 gaudeam
1529 1713 1703 1784 jacta-

117 1812 285 1866 visse.

184 1921 227 1975 l.
267 1922 399 1976 Boni
430 1921 610 1993 igitur,
643 1931 703 1978 ut
729 1922 1059 1983 dixeramus,
1093 1932 1237 1972 nunc
1272 1915 1414 1970 mala
1449 1915 1704 1985 quaelibet

110 2010 198 2066 vel
225 2012 366 2066 bona
395 2027 519 2066 cum
567 2011 722 2066 malis
773 2009 1084 2065 hominibus
1133 2008 1374 2062 sentiunt
1403 2046 1419 2073 ,
1470 2005 1599 2060 licet
1648 2006 1700 2059 hi

110 2103 360 2171 asperius
390 2111 447 2156 et
479 2101 816 2170 frequentius
851 2100 989 2155 mala
1019 2099 1315 2169 patiantur,
1370 2095 1527 2150 bonis
1576 2109 1703 2149 vero

111 2193 418 2247 restrictius
449 2201 691 2247 utantur.
726 2191 826 2258 Qui
861 2199 1040 2245 tamen
1073 2190 1150 2244 sic
1181 2197 1235 2245 et
1260 2187 1620 2258 prosperitate
1649 2197 1703 2242 et

110 2282 444 2338 adversitate
480 2291 727 2348 utuntur,
784 2289 842 2335 ut
890 2281 942 2335 in
999 2281 1162 2336 rebus
1197 2279 1471 2349 prosperis
1517 2278 1588 2332 sit
1622 2279 1702 2333 eis

110 2371 436 2436 consolatio,
467 2385 534 2426 ne
562 2369 885 2441 frangantur
927 2369 1192 2434 adversis,
1232 2377 1288 2422 et
1318 2368 1373 2422 in
1411 2367 1572 2422 rebus
1607 2367 1704 2420 ad-

108 2463 285 2517 versis
322 2460 665 2526 exercitatio,
694 2467 754 2514 ttt
798 2475 905 2514 non
946 2466 1366 2528 corrumpantur
1403 2457 1698 2528 prosperis.

109 2551 240 2605 Mali
271 2565 400 2605 vero
423 2549 492 2604 ad
525 2550 626 2604 hoc
655 2548 883 2618 cupiunt
908 2548 1111 2602 habere
1140 2561 1389 2615 securam
1420 2547 1616 2611 vitam,
1645 2553 1704 2599 ut

108 2642 335 2711 perditis
361 2640 589 2696 sinceris
618 2639 884 2705 moribus,
914 2645 1123 2693 remota
1149 2638 1296 2692 omni
1334 2637 1699 2708 molestiarum
1726 2679 1730 2684 .

108 2733 405 2802 asperitate
435 2729 692 2788 defluant.
747 2729 932 2799 Neque
976 2729 1120 2784 enim
1162 2736 1449 2798 propterea
1477 2727 1701 2796 cupiunt

109 2823 312 2878 habere
339 2835 554 2894 pacem,
583 2829 636 2876 et
662 2819 809 2874 omni
839 2834 1038 2890 genere
1075 2819 1351 2888 c0piarum
1398 2817 1700 2882 abundare,

107 2923 166 2968 ut
193 2912 278 2967 his
307 2912 464 2968 bonis
501 2911 640 2966 bene
670 2919 911 2976 utantur,
945 2911 1047 2964 hoc
1091 2919 1174 2964 est
1220 2909 1465 2973 honeste,
1497 2908 1698 2972 sobrie,

106 3011 505 3074 temperanter,
537 3003 657 3071 pie;
707 3001 803 3056 sed
852 3009 910 3054 ut
942 3000 1147 3054 infinita
1178 3000 1414 3054 varietas
1457 2998 1702 3068 volupta-

103 3102 226 3150 tum
272 3094 481 3149 insanis
523 3091 872 3148 effusionibus
927 3091 1287 3161 exquiratur,
1341 3089 1700 3158 secundisque

103 3183 274 3238 rebus
297 3197 360 3237 ea
388 3183 530 3237 mala
558 3182 806 3237 oriantur
833 3182 888 3236 in
911 3181 1171 3245 moribus,
1201 3194 1321 3248 qum
1349 3177 1696 3234 saevientibus

102 3273 289 3344 priora
319 3273 427 3328 sint
456 3273 722 3338 hostibus,
749 3281 803 3327 et
835 3271 939 3327 hoc
963 3272 1034 3326 sit
1060 3270 1240 3340 quieta
1271 3269 1404 3334 vita,
1437 3278 1496 3323 ut
1525 3269 1696 3338 possit

103 3377 230 3418 esse
253 3378 448 3418 secura
469 3363 727 3433 nequitia.
750 3362 1069 3432 Quicunque
1093 3369 1278 3416 autem
1303 3361 1528 3416 ditiores
1547 3369 1694 3427 sunt,

102 3454 332 3509 student
378 3468 594 3523 semper
640 3453 855 3509 divitias
884 3467 1101 3523 augere,
1134 3466 1254 3521 qua:
1283 3459 1338 3506 et
1365 3451 1697 3521 quotidianis

99 3544 464 3601 cﬁusionibus
499 3543 783 3610 sufﬁciant,
813 3553 867 3598 et
903 3558 1000 3615 per
1035 3559 1171 3614 quas
1197 3542 1552 3613 pauperiores
1595 3543 1697 3598 sibi

100 3637 366 3702 subdant,
396 3651 533 3708 quos
557 3637 624 3691 ad
668 3635 942 3691 clientelas
983 3634 1065 3689 sui
1110 3632 1283 3689 fastus
1333 3632 1699 3703 obsequentes

99 3724 349 3780 habeant
379 3742 393 3778 :
424 3725 618 3795 quibus
647 3723 750 3794 ipsi
779 3724 1128 3794 pauperiores
1173 3737 1337 3777 causa
1384 3721 1688 3776 saturitatis

96 3816 342 3872 libenter
371 3831 431 3873 se
460 3815 716 3884 subdunt,
744 3826 799 3872 et
846 3817 946 3871 hos
991 3814 1188 3884 quibus
1236 3813 1534 3883 praevalere
1585 3828 1695 3869 non

95 3916 358 3980 possunt,
402 3923 502 3979 per
529 3923 759 3976 eorum,
805 3908 999 3978 quibus
1045 3906 1362 3970 adhaerent,
1412 3905 1698 3960 audaciam

94 4001 380 4058 violenter
410 4001 721 4072 opprimunt
751 4014 766 4053 :
798 3999 926 4054 hinc
963 4007 1184 4070 propter
1210 3997 1580 4068 hujuscemodi
1612 4013 1699 4052 sa-

96 4092 328 4157 tellites,
362 4101 418 4146 et
443 4106 536 4146 eos
561 4105 793 4162 quorum
827 4089 1128 4159 patrocinio
1155 4096 1394 4153 tuentur,
1438 4087 1696 4156 scriptum

93 4191 186 4238 est
216 4181 288 4238 de
311 4189 546 4251 utroque
571 4179 711 4234 malo
734 4179 898 4233 divite
930 4196 944 4231 :
973 4175 1051 4231 De
1079 4176 1330 4231 lateribus
1354 4176 1468 4246 ejus
1491 4193 1522 4230 a
1545 4177 1699 4230 ruina

95 4273 364 4341 dependet
411 4270 534 4342 (Job
566 4285 649 4333 xv,
680 4268 793 4341 27).
839 4267 957 4323 Jam
1006 4280 1134 4321 vero
1187 4265 1242 4319 in
1293 4265 1384 4320 tali
1440 4264 1697 4319 satellitio

93 4374 298 4431 stupra
355 4361 574 4430 impune
626 4357 1072 4428 multiplicantur,
1118 4354 1363 4410 convivia
1416 4353 1537 4408 laata
1593 4354 1700 4410 fre-

91 4463 482 4526 quentantur,
534 4451 841 4520 ubicunque
892 4448 1112 4504 libuerit
1157 4455 1213 4502 et
1279 4445 1560 4516 potuerit,
1609 4446 1698 4500 die

94 4556 385 4618 noctuque
423 4545 646 4610 luditur,
677 4542 903 4605 bibitur,
932 4539 1188 4603 vomitur,
1221 4536 1501 4599 difﬂuitur,
1533 4535 1706 4591 salta-’

94 4647 213 4704 tur,
242 4651 371 4694 cum
401 4634 664 4706 scriptum
693 4633 764 4687 sit
801 4649 814 4685 ;
858 4630 945 4684 Va:
974 4629 1054 4683 his
1083 4629 1170 4700 qui
1197 4637 1474 4682 morantur
1499 4627 1551 4680 in
1577 4628 1695 4680 vino

97 4728 296 4800 (Prov.
328 4745 486 4795 xxnt,
517 4727 629 4801 50).
664 4727 732 4781 Ει
755 4726 883 4780 item
915 4741 928 4778 :
956 4722 1081 4776 Noli
1111 4737 1220 4776 esse
1250 4720 1305 4774 in
1336 4720 1568 4774 convivio
1604 4735 1697 4788 po—

94 4837 342 4880 tatornm
370 4821 551 4895 (Prov.
578 4837 736 4886 xxm,
757 4818 872 4889 20).
903 4818 969 4872 Et
995 4835 1008 4870 :
1044 4813 1134 4870 γω
1155 4816 1234 4868 his
1257 4814 1344 4884 qui
1370 4829 1552 4866 carnes
1573 4827 1696 4865 con-

96 4913 371 4983 fcruntad
388 4913 688 4968 vescendum
722 4907 932 4978 (Ibid.).
963 4905 1029 4961 Et
1054 4905 1212 4960 item:
1243 4903 1449 4956 Ducunt
1470 4903 1525 4956 in
1549 4901 1694 4955 bonis

96 5007 216 5058 dies
248 5019 376 5059 suos
399 5002 520 5072 (Job
551 5018 660 5067 xxx,
686 5000 796 5069 15).
834 4997 1040 5064 Quibus
1063 4995 1247 5064 utique
1271 4992 1566 5047 timendum
1589 4991 1698 5046 fue-

103 5105 218 5161 rat,
248 5104 308 5150 et
334 5095 477 5148 inter
501 5092 690 5161 pocula
717 5088 1058 5158 cogitandum
1085 5087 1190 5140 hoc
1226 5084 1370 5155 quod
1395 5082 1701 5153 illicsequi-

1726 4504 1775 4562 D

1813 540 2058 609 exemplo
2085 540 2321 608 depressi
2354 556 2381 593 a
2414 539 2614 596 lumine
2642 544 2884 600 veritatis
2915 561 3238 616 permanent
3269 554 3404 608 alie-

1814 627 1888 681 ni.
1919 627 2078 683 Tales
2131 644 2260 684 vero
2307 629 2506 699 quique
2529 629 2674 700 justo
2712 633 2806 688 Dei
2845 635 3052 705 judicio
3091 639 3404 710 frequenter

1815 715 1888 770 ita
1915 717 2262 784 deseruntur,
2315 729 2374 772 ut
2418 735 2672 788 perversa
2720 724 2972 794 qumlibet
3015 738 3268 797 potenter
3317 733 3402 789 fa-

1813 807 1976 872 ciant,
2003 817 2058 863 et
2081 816 2260 863 tamen
2282 810 2374 864 hic
2400 809 2629 866 feliciter
2655 813 2840 868 vivant
2864 832 2878 880 ;
2903 817 3044 872 sicut
3070 820 3135 875 de
3161 823 3402 892 quolibet

1813 911 2000 952 eorum
2032 898 2312 969 Scriptura
2337 901 2498 955 dicit:
2555 902 2799 958 Cucurrit
2832 907 3082 963 adversus
3114 911 3402 968 Demittunt

1813 1002 1978 1044 erecto
2009 992 2144 1045 collo
2175 991 2295 1065 (Job
2348 1009 2438 1059 xv,
2460 995 2575 1066 9.6),
2594 996 2745 1050 idem
2776 998 2828 1052 in
2845 1000 2989 1054 malo
3020 1017 3183 1071 opere
3212 1006 3400 1061 obsta-

1819 1081 2000 1134 culum
2035 1081 2099 1135 de
2144 1082 2471 1138 adversitate
2507 1100 2612 1139 non
2664 1085 2870 1141 habuit.
2922 1089 2989 1142 Et
3037 1091 3210 1148 item:
3285 1094 3402 1149 Vidi

1814 1169 2034 1224 stultum
2062 1172 2218 1238 ﬁrma
2259 1173 2432 1224 radice
2473 1173 2594 1243 (Job
2643 1191 2696 1240 v,
2733 1177 2809 1246 5),
2863 1179 3016 1246 quasi
3041 1179 3195 1235 firma
3223 1184 3402 1238 radice

1814 1260 2010 1315 stultus
2053 1259 2338 1316 attollitur.
2386 1262 2653 1329 Quoniam
2704 1267 2791 1320 hic
2824 1270 3106 1338 temporali
3153 1271 3402 1327 felicitati

1814 1351 2052 1416 fulcitur,
2095 1361 2150 1408 et
2194 1353 2436 1410 adversis
2483 1373 2588 1410 non
2642 1357 2882 1424 eliditur,
2934 1372 3123 1415 contra
3158 1363 3404 1422 infirmos

1813 1441 1974 1496 etiam
2002 1444 2115 1498 sine
2141 1446 2529 1515 repugnatione
2552 1449 2828 1517 praevalet,
2864 1453 3003 1508 bene
3030 1457 3314 1525 agentibus
3334 1474 3402 1512 ex

1813 1533 2135 1588 auctoritate
2182 1535 2517 1603 princimtus
2563 1538 2645 1592 sui
2678 1542 3026 1607 contradicit,
3081 1545 3146 1598 ad
3192 1546 3403 1614 majora

1813 1623 2095 1676 commoda
2155 1639 2223 1677 ex
2294 1622 2464 1692 pejori
2526 1641 2741 1697 semper
2814 1630 3028 1684 actione
3081 1634 3398 1700 succrescit,

1813 1721 1864 1766 et
1892 1714 2031 1767 unde
2056 1713 2180 1767 vita:
2210 1713 2352 1768 viam
2375 1715 2597 1784 deserit,
2647 1718 2771 1773 inde
2815 1720 2884 1774 ad
2917 1729 3130 1792 tempus
3161 1723 3398 1795 locupie-

1738 1809 1780 1866 Β
1813 1801 1917 1854 tior
1943 1803 2094 1856 vivit.

1879 1912 1940 1966 ll.
1962 1913 2072 1968 Mos
2090 1923 2172 1969 est
2197 1925 2375 1970 autem
2395 1932 2498 1971 non
2525 1919 2696 1973 solum
2716 1921 3001 1989 malorum,
3027 1939 3213 1979 verum
3231 1927 3397 1982 etiam

1807 1999 2090 2067 bonorum,
2130 2003 2225 2058 sed
2254 2013 2432 2058 tamen
2460 2007 2638 2062 minus
2683 2008 3081 2077 perfectorum;
3121 2021 3179 2066 ut
3207 2029 3400 2070 eorum

1806 2086 2035 2142 intentio
2069 2089 2152 2142 vel
2181 2092 2547 2158 sensusjuxta
2586 2094 2689 2148 hoc
2720 2097 2860 2163 quod
2892 2097 3029 2151 forte
3056 2099 3292 2154 viderint
3314 2101 3399 2154 in-

1807 2177 2085 2232 formetur.
2113 2179 2245 2233 Nam
2276 2181 2391 2235 laeta
2432 2183 2677 2239 videntes
2707 2185 3066 2252 hilarescunt,
3095 2203 3194 2256 pro
3224 2189 3397 2245 tristi-

1804 2267 1906 2322 bus
1937 2269 2352 2324 contristantur.
2401 2271 2552 2326 Unde
2589 2274 2668 2338 fit,
2699 2283 2757 2328 ut
2785 2291 2908 2330 cum
2943 2293 3235 2345 pravorum
3272 2279 3395 2350 glo-

1805 2356 1938 2412 riam
1973 2361 2222 2426 ce'rnunt,
2249 2363 2437 2416 eadem
2475 2361 2643 2430 gloria
2674 2363 3015 2418 delectentur
3058 2374 3114 2420 et
3141 2383 3397 2438 magnum

1805 2447 2009 2518 aliquid
2039 2449 2376 2504 aestimantes
2419 2450 2471 2503 in
2496 2452 2661 2506 corde
2691 2461 2905 2518 nutent,
2929 2462 2984 2508 et
3016 2463 3076 2507 ut
3117 2454 3245 2508 talia
3285 2471 3400 2511 me-

1805 2547 2317 2609 reanturexoptent.
2341 2540 2476 2595 l‘linc
2491 2540 2604 2612 ipsa
2643 2542 2856 2598 Veritas
2877 2543 3044 2598 dicit:
3088 2542 3176 2598 Va:
3202 2546 3398 2600 mundo

1804 2645 1835 2681 a
1865 2627 2128 2683 scandalis
2161 2629 2372 2700 (Matth.
2409 2646 2560 2696 xvm,
2593 2631 2668 2701 7).
2729 2632 2860 2686 [tem
2910 2632 3228 2688 Psalmista:
3258 2633 3398 2688 Dum

1810 2720 2039 2789 superbit
2090 2721 2302 2789 impius,
2346 2721 2644 2774 incenditur
2685 2739 2884 2792 pauper
2913 2721 3084 2792 (Psal.
3131 2739 3185 2788 Χ,
3218 2724 3297 2792 2).
3332 2724 3400 2778 Ει

1802 2805 1903 2862 Job
1928 2824 1994 2863 ex
2026 2824 2158 2864 voce
2206 2809 2511 2880 plangentis
2553 2811 2804 2866 Ecclesia:
2840 2812 3010 2866 dicit:
3047 2813 3130 2866 Ad
3175 2813 3398 2866 nihilum

1806 2901 2007 2954 redacti
2027 2910 2148 2954 sunt
2172 2918 2347 2956 omnes
2370 2913 2515 2956 artus
2559 2905 2659 2957 mei
2684 2903 2806 2975 (Job
2833 2921 2945 2969 xvi,
2971 2905 3047 2974 8).
3069 2904 3222 2960 Sicut
3246 2905 3395 2960 enim

1802 3010 1902 3064 per
1929 3010 2051 3050 ossa
2096 2995 2284 3061 fortes,
2319 2997 2397 3051 sic
2435 3011 2531 3066 per
2572 3006 2724 3052 artus
2772 2996 2974 3052 infirmi
3017 2998 3218 3066 quique
3255 2997 3396 3054 desi-

1806 3083 1958 3154 gnari
1997 3083 2189 3138 solent.
2218 3083 2384 3140 Artus
2411 3100 2546 3156 ergo
2590 3085 2851 3140 Ecclesia:
2897 3085 2964 3138 ad
2995 3084 3223 3139 nihilum
3255 3085 3400 3140 redi-

1727 3150 1772 3210 (ἶ
1803 3184 2023 3245 guntur,
2069 3176 2322 3245 quoniam
2369 3191 2437 3232 ex
2483 3178 2789 3233 imitatione
2836 3192 3132 3247 pravorum
3186 3178 3240 3231 in
3295 3177 3398 3232 hoc

1800 3266 2000 3320 saeculo
2050 3269 2535 3335 succrescentium,
2581 3269 2782 3324 infirmi
2836 3283 3053 3339 quoque
3097 3269 3400 3324 deteriores

1801 3356 1972 3412 fiunt:
2001 3358 2245 3415 videntes
2272 3359 2591 3416 felicitatem
2626 3361 2890 3417 malorum
2918 3361 3060 3417 bona
3082 3361 3399 3431 temporalia

1801 3455 2082 3517 appetunt,
2102 3447 2227 3503 dum
2244 3451 2496 3520 prmsenti
2521 3451 2884 3520 prosperitate
2906 3451 3173 3516 enervati,
3205 3451 3398 3515 Deum,

1800 3536 1892 3606 qui
1932 3550 2058 3590 vere
2107 3545 2210 3603 est,
2245 3539 2555 3595 desiderare
2606 3540 2908 3612 negligunt.
2950 3541 3107 3607 Quod
3145 3540 3400 3596 videlicet

1801 3625 2156 3680 historialiter
2189 3643 2506 3697 expressum
2531 3637 2633 3694 est,
2685 3629 2943 3698 quoniam
2978 3630 3126 3683 cives
3148 3628 3390 3699 Babylo-

1804 3715 1888 3770 nis
1927 3716 2066 3771 ﬁlios
2097 3715 2396 3773 Jerusalcm
2437 3720 2680 3790 captivos
2729 3721 3091 3783 abduxerunt,
3135 3728 3192 3772 et
3239 3720 3393 3783 item,

1803 3807 2058 3874 quoniam
2085 3805 2183 3873 filii
2213 3805 2335 3871 Dei,
2387 3808 2440 3863 id
2469 3815 2576 3873 est,
2615 3808 2714 3861 filii
2757 3807 2909 3872 Seth,
2969 3807 3197 3861 videntes
3253 3808 3397 3876 ﬁlias

1802 3894 2092 3960 hominum,
2125 3895 2179 3949 id
2199 3906 2282 3950 est
2305 3895 2447 3952 ﬁlias
2494 3896 2651 3962 Cain,
2700 3896 3074 3967 concupierunt
3117 3912 3206 3950 eas
3239 3894 3392 3963 (Gen.

1803 4002 1877 4052 v1,
1909 3987 1988 4058 2).
2023 3986 2157 4041 Nam
2185 3996 2239 4043 et
2265 4004 2406 4044 nunc
2430 3989 2518 4044 isti
2539 3988 2832 4043 exterioris
2877 3987 3061 4058 gloria:
3086 3987 3267 4056 specie
3295 3986 3394 4042 de-

1801 4078 1970 4149 cepti,
2004 4079 2167 4135 nimis
2190 4078 2439 4150 diligunt,
2474 4080 2617 4150 quod
2651 4079 2937 4149 pulchrum
2970 4077 3116 4133 foras
3138 4079 3391 4134 viderint.

1802 4169 2031 4225 Pulchra
2081 4181 2262 4227 autem
2306 4172 2520 4226 videtur
2561 4171 2846 4242 prazscntis
2875 4171 3000 4224 vitae
3050 4171 3243 4242 gloria.
3273 4187 3396 4242 qua:

1803 4262 1858 4317 in
1884 4264 2132 4332 personis
2156 4277 2447 4333 pravorum
2477 4249 2735 4333 tanquam
2788 4263 2843 4317 in
2869 4261 3082 4317 filiabus
3109 4263 3243 4318 Cain
3271 4278 3396 4320 sese

1805 4351 2141 4406 infirmorum
2207 4353 2378 4408 oculis
2444 4353 2512 4407 ad
2579 4352 3068 4424 concupiscendum
3130 4361 3390 4408 ostentat.

1805 4440 1976 4504 Unde,
2028 4441 2168 4496 sicut
2217 4456 2378 4511 supra
2437 4441 2641 4496 dictum
2691 4450 2792 4509 εει,
2847 4441 2989 4498 calix
3049 4457 3247 4497 aureus
3297 4458 3394 4512 ap-

1801 4530 2049 4601 pellatur.

1869 4621 1951 4676 Ill.
1983 4623 2042 4679 ln
2072 4623 2263 4680 eadem
2300 4633 2480 4679 autem
2511 4625 2681 4696 gloria
2703 4625 2939 4680 maxime
2964 4624 3165 4680 divitiae
3198 4624 3390 4681 viden-

1803 4721 1891 4767 tur
1920 4716 2255 4786 oppetendae.
2311 4715 2447 4782 Quia
2478 4717 2734 4773 videlicet
2783 4719 3041 4782 sanitate,
3081 4725 3135 4773 et
3172 4717 3306 4782 vita,
3338 4727 3395 4770 et

1802 4806 1915 4870 siti,
1947 4818 2001 4860 et
2033 4806 2273 4873 fame,‘et
2306 4808 2506 4877 patria,
2543 4817 2599 4862 et
2626 4808 2966 4878 propinquis,
2996 4807 3319 4876 amicisque,
3339 4812 3394 4858 et

1802 4898 2053 4954 omnibus
2099 4898 2320 4954 omnino
2368 4913 2475 4968 que
2531 4907 2656 4954 sunt
2700 4897 3098 4954 commodiores
3140 4910 3234 4949 eas
3272 4908 3393 4949 esse

1801 4989 2049 5058 pluribus
2095 4977 2269 5046 visum
2315 4999 2420 5044 est.
2478 4992 2547 5046 Et
2592 4991 2697 5046 ista
2739 4992 3011 5046 sententia
3066 5002 3168 5042 non
3221 4986 3394 5042 solum

1804 5087 1950 5134 terra
1984 5082 2226 5152 marique
2266 5092 2542 5149 servatur,
2586 5088 2646 5135 ut
2698 5078 2939 5135 Joannes
2982 5077 3400 5145 Cbrysostomus

1805 5167 1874 5194 σιξ.
1929 5171 2022 5194 ’.Α-1
2051 5186 2110 5194 -...
2138 5185 2218 5194 ...Α
2245 5169 2482 5194 Α.12νιρ.....
2513 5171 2676 5194 --ηικιυ-
2702 5167 2944 5194 ηηηΑ-σιιιῖο
2967 5179 3027 5194 nn
3054 5163 3228 5194 οἶιΙΔνη
3271 5159 3405 5194 ηηιη
