3934 5400
498 344 601 423 ssi

1509 355 1567 412 S.
1610 354 1859 413 ODONIS
1895 352 2186 411 ABBATIS
2224 350 2717 410 CLUNIACENSIS
2754 348 2794 407 ll

3664 358 3763 415 553

496 479 636 539 Nam
675 485 733 536 et
780 477 880 550 ipsi
909 475 1128 543 divites,
1176 473 1338 530 etiam
1386 475 1430 530 si
1474 481 1644 529 totum
1686 472 1872 529 orbem
1900 462 2077 543 possi-
2111 482 2155 539 Α
2190 473 2307 543 ejus
2338 470 2649 538 insaniunt;
2694 468 2927 526 fructum
2956 477 3137 525 autem
3174 469 3228 524 in
3263 469 3347 526 his
3376 469 3577 525 nullum
3610 470 3764 526 alium

496 570 613 629 bile
634 577 780 625 esset
802 566 1071 639 possideri
1107 580 1137 619 a
1174 564 1418 636 singulis,
1451 564 1628 619 adhuc
1656 571 1835 619 tamen
1867 563 1919 618 in
1947 562 2089 619 desi-

501 661 653 717 derio
699 658 818 731 ejus
872 659 1146 715 arderent.
1190 657 1466 727 Pauperes
1512 670 1640 712 vero
1686 657 1813 712 dum
1865 655 2089 727 cupiunt

508 750 767 809 divitibus
817 749 1136 820 exaequari,
1204 746 1569 803 insatiabilem
1636 744 2089 816 concupiscentiae

498 843 711 899 rabiem
732 839 1047 911 patiuntur,
1098 839 1417 903 insaniunt,
1445 848 1500 893 et
1554 835 1801 903 furium,
1845 845 1900 891 et
1948 837 2086 893 idem

508 932 733 989 morbus
776 914 1037 996 diverso?
1052 928 1279 1000 singulis
1304 935 1529 998 generat
1570 927 1876 998 languores.
1910 926 1979 983 Et
2006 927 2089 982 in-

499 1024 715 1079 tantum
762 1033 918 1074 amor
945 1017 1190 1088 pecuniae
1235 1030 1450 1072 omnem
1497 1014 1689 1086 fatigat
1718 1014 1954 1071 animam
1984 1055 2001 1081 ,
2031 1025 2092 1071 ut

496 1124 676 1181 neque
705 1108 1088 1174 amicitiarum,
1118 1121 1296 1177 neque
1322 1104 1743 1178 propinquitatis
1767 1145 1783 1171 ,
1820 1104 2090 1160 interdum

499 1199 667 1253 etiam
712 1213 815 1254 nec
857 1195 1107 1268 conjugis
1133 1237 1149 1266 ,
1178 1205 1272 1251 aut
1294 1197 1466 1251 amori
1498 1195 1728 1250 filiorum
1758 1195 1849 1250 det
1894 1194 2089 1275 locum.

498 1290 707 1357 Quibus
734 1287 1018 1345 allectibus
1045 1289 1188 1345 inter
1217 1289 1462 1344 homines
1496 1287 1630 1343 nihil
1658 1286 1962 1358 praefertur.
1992 1286 2092 1342 llic

496 1393 652 1434 amor
687 1378 807 1448 ipso
860 1377 1017 1433 melle
1067 1377 1278 1435 dulcior
1325 1378 1541 1433 videtur
1586 1394 1600 1432 :
1650 1388 1705 1433 et
1757 1392 1880 1431 cum
1916 1376 1966 1431 ei
1996 1376 2091 1446 qui

495 1481 690 1524 manus
740 1466 817 1521 illi
869 1466 1119 1522 dederint
1152 1467 1298 1523 mille
1341 1467 1528 1539 foveas
1572 1477 1772 1538 paret,
1820 1468 2092 1539 expetitur

495 1562 704 1621 tamen,
733 1561 788 1609 et
812 1553 1155 1611 desideratur
1181 1554 1249 1610 ab
1271 1528 1543 1622 omnibus,
1563 1570 1625 1611 ac
1649 1570 1748 1626 per
1776 1556 2091 1614 innumeros

496 1642 719 1700 labores
763 1650 818 1699 et
862 1651 1066 1699 mortes
1109 1643 1360 1699 laetantur
1393 1660 1452 1701 se
1499 1645 1584 1700 vel
1625 1645 1693 1700 ad
1727 1644 1844 1714 ejus
1871 1644 2090 1715 ianuam

494 1740 821 1809 quandoque
851 1738 1181 1810 pertingere.
1230 1738 1298 1794 Et
1331 1739 1377 1795 si
1418 1740 1538 1808 quis
1570 1754 1665 1795 eos
1702 1739 1773 1794 ad
1824 1740 2047 1796 meliora
2071 1780 2087 1806 ,

2193 560 2493 631 reperiunt,
2522 561 2626 616 nisi
2674 559 2975 624 interitum,
3015 568 3072 615 et
3097 560 3414 631 perniciem,
3446 574 3766 630 poenamque

2189 659 2526 720 perpetuam.
2560 650 2627 706 Et
2673 659 2851 705 tamen
2890 649 3079 706 eadem
3129 649 3300 721 gloria
3352 649 3408 704 in
3465 659 3767 720 contemptu

2190 740 2377 811 gloriae
2407 741 2642 797 caelestis
2669 756 2699 796 a
2729 739 2973 811 pluribus
3014 747 3228 795 amatur
3248 781 3265 807 ,
3297 749 3462 810 atque
3496 740 3559 794 ﬁt
3584 754 3767 809 exspe-

2192 828 2419 886 ctabilis.
2443 829 2652 886 ldcirco
2686 829 2904 901 dignum
2930 836 3043 913 est_,
3076 836 3137 883 ut
3164 829 3402 884 atrocius
3423 826 3768 898 iudicentur;

2190 922 2389 994 quippe
2431 921 2524 992 qui
2579 929 2635 976 et
2689 919 2925 976 oblatam
2980 919 3075 977 Dei
3123 918 3351 989 gratiam
3385 917 3770 981 fastidiunt,et

2191 996 2337 1085 quod
2385 1011 2587 1066 malum
2640 1026 2746 1066 non
2788 1011 3038 1081 ignorant
3084 1007 3284 1078 eligere
3339 1006 3570 1061 malum.
3612 1005 3771 1060 Tanta

2190 1103 2426 1173 nam’que
2466 1110 2550 1171 est
2576 1115 2764 1156 eorum
2794 1100 2887 1169 qui
2938 1098 3212 1168 decipiunt
3266 1096 3557 1161 stoliditas,
3588 1105 3652 1149 ut
3678 1111 3772 1150 non

2191 1193 2365 1248 solum
2422 1206 2518 1247 eos
2567 1191 2707 1246 ratio
2760 1189 2905 1245 nulla
2961 1189 3030 1243 ab
3080 1189 3183 1243 hoc
3237 1188 3459 1243 interitu
3517 1195 3769 1251 revocet,

2191 1285 2285 1339 sed
2351 1297 2454 1339 nec
2505 1282 2775 1338 evidentia
2846 1280 3063 1351 quidem
3115 1279 3487 1335 indesinenter
3538 1291 3767 1347 pereun—

2195 1372 2326 1427 tium
2359 1371 2604 1443 exempla
2640 1372 2973 1426 deterreant.
3013 1368 3153 1436 Quin
3206 1369 3388 1440 potius
3441 1383 3569 1423 cum
3616 1368 3776 1423 sciant

2190 1460 2333 1532 quod
2400 1474 2590 1515 omnes
2654 1459 2748 1530 qui
2812 1457 2928 1528 ejus
2989 1456 3346 1512 umbraticam
3421 1456 3776 1527 ριιιειιιιίιιιιιὶο

2190 1566 2313 1608 nem
2335 1550 2586 1619 diligunt,
2607 1564 2636 1604 a
2659 1548 2842 1604 mundi
2866 1547 3165 1618 primordio
3187 1547 3375 1603 eadem
3405 1546 3581 1618 gloria
3612 1546 3770 1612 fallat,

2192 1649 2372 1695 tamen
2397 1640 2538 1694 hanc
2556 1637 2854 1709 amplexari
2881 1636 3190 1707 inexplebili
3212 1637 3487 1692 desiderio
3509 1639 3774 1708 gestiunt;

2191 1746 2312 1801 qua:
2336 1730 2590 1786 videlicet
2610 1731 2734 1786 illos
2755 1731 2828 1785 ita
2852 1730 2987 1787 falso
3005 1723 3297 1800 jactamine
3321 1730 3497 1794 illicit,
3530 1738 3773 1800 tanquam

496 1840 554 1888 et
592 1833 659 1887 ad
681 1845 904 1903 regnum
933 1830 1068 1898 Dei,
1100 1832 1244 1902 quod
1270 1831 1414 1886 intra
1445 1846 1543 1887 nos
1586 1840 1669 1887 est
1695 1870 1710 1897 ,
1740 1832 2091 1902 quaerendum
2122 1825 2167 1884 Β
2195 1819 2338 1875 ΐωᾱεὶ
2367 1823 2649 1885 meretrix,
2701 1836 2822 1890 qua!
2873 1821 3205 1891 nigredinem
3231 1835 3388 1875 suam
3435 1819 3645 1875 fucatis
3671 1821 3776 1890 qui~

494 1922 826 1992 persuadere
853 1921 1162 1987 tentaverit,
1197 1919 1490 1991 refugiunt,
1521 1930 1575 1976 et
1602 1920 1853 1976 insanum
1877 1930 2089 1992 putant,

504 2022 561 2069 et
607 2013 764 2084 quasi
794 2012 1098 2084 phrenetici
1145 2010 1211 2067 ad
1259 2012 1363 2067 hoc
1412 2013 1555 2081 quod
1612 2012 1817 2067 insania
1854 2013 2096 2085 suggerit

497 2103 673 2174 magis
708 2116 769 2159 se
816 2103 1156 2159 submittunt.
1200 2102 1425 2157 Summa
1482 2101 1647 2174 igitur
1686 2103 1943 2159 aviditate
1971 2119 2091 2159 am-

497 2191 789 2263 plexantur
813 2194 1058 2260 umbras,
1085 2201 1140 2248 et
1167 2193 1445 2264 stringunt
1470 2202 1683 2259 ventos,
1712 2193 1919 2249 similes
1941 2194 2094 2249 vide-

497 2281 629 2339 licet
664 2283 846 2354 pueris
871 2283 1197 2351 ludentibus,
1225 2283 1311 2339 vel
1340 2294 1489 2340 certe
1514 2283 1811 2340 stultiores.
1844 2284 1921 2338 illi
1955 2283 2094 2340 forte

502 2381 741 2427 turmam
779 2372 1096 2428 verberibus
1141 2373 1439 2445 agitantes,
1471 2373 1559 2428 vel
1593 2372 1889 2444 quemlibet
1926 2373 2091 2429 alium

500 2463 684 2517 ludum
710 2478 809 2534 per
841 2472 1056 2519 aetatem
1084 2464 1329 2536 fragilem
1356 2465 1711 2532 delectantes,
1740 2466 1896 2521 avelli
1928 2467 1997 2522 ab
2023 2483 2089 2522 eo

497 2554 707 2610 nolunt.
749 2553 823 2608 At
873 2553 964 2622 isti
1019 2562 1169 2611 tanto
1221 2555 1622 2611 inexcusabiles
1669 2564 1837 2622 sunt,
1888 2565 2093 2627 quanto

498 2643 736 2698 scienter
764 2643 817 2697 in
841 2642 995 2697 nihili
1019 2642 1319 2711 conﬁdunt,
1347 2653 1403 2700 et
1432 2645 1485 2699 in
1512 2659 1670 2701 coeno
1691 2645 1808 2716 ejus
1832 2655 2090 2716 tanquam

500 2747 626 2788 sues
650 2732 884 2788 volutari
912 2732 1208 2799 delectant,
1234 2733 1568 2790 infcliciores
1594 2735 1786 2805 utique
1808 2744 1862 2791 et
1891 2736 2092 2808 turpio-

499 2837 589 2878 res
626 2822 732 2878 illis
763 2822 1088 2879 animalibus
1114 2838 1236 2894 qua:
1271 2838 1428 2880 caeno
1451 2834 1745 2880 vescuntur
1770 2827 2088 2884 existentes.

571 2914 661 2970 iV.
687 2912 794 2970 Sed
815 2915 1024 2970 utinam
1050 2916 1191 2971 sicut
1206 2915 1438 2972 Phinees
1458 2916 1523 2972 de
1543 2916 1889 2974 anathemate
1907 2919 2094 2975 Achar

500 3012 877 3081 imprecatur,
927 3010 1027 3067 soli
1083 3012 1161 3067 illi
1223 3014 1599 3081 corruissent,
1659 3015 1751 3085 qui
1791 3017 2091 3071 secundum

499 3104 799 3173 principem
832 3119 1159 3160 mammona:
1208 3106 1392 3162 vivere
1442 3107 1801 3165 decreverunt
1841 3125 1855 3161 :
1899 3116 1954 3163 ct
1982 3124 2089 3163 non

500 3193 669 3249 etiam
708 3193 802 3249 lilii
831 3195 968 3250 lucis
997 3196 1124 3251 huic
1150 3197 1346 3252 smculo
1384 3198 1856 3253 conlormarcntur
1902 3207 2092 3256 contra

501 3282 849 3353 Apostolnm;
876 3285 992 3353 sed,
1019 3286 1162 3355 quod
1191 3287 1354 3341 nimis
1381 3288 1669 3343 dolendum
1698 3299 1801 3355 est,
1832 3290 1930 3360 ipsi
1957 3290 2093 3347 tilias

504 3375 663 3441 Cain,
688 3374 895 3431 relictis
927 3375 1084 3433 bonis
1115 3377 1448 3446 cmlcstibus,
1473 3380 1721 3448 amplecti
1752 3382 2009 3452 gestiunt,
2043 3383 2094 3439 id

503 3472 590 3519 est
617 3464 852 3532 divitias,
885 3467 1126 3533 delicias,
1158 3468 1462 3539 voluptates
1490 3510 1505 3536 ,
1548 3470 1889 3541 obsequelas,
1934 3484 2095 3544 atque

501 3552 755 3611 libidines
784 3555 1100 3612 ulciscendi.
1131 3557 1232 3626 Qui
1271 3560 1476 3614 utinam
1505 3558 1589 3614 vel
1635 3560 1703 3614 ad
1746 3561 1841 3617 Dei
1868 3564 2095 3618 commi-

503 3645 782 3699 nationem
808 3652 1164 3715 terrerentur,
1194 3647 1280 3704 vel
1307 3648 1431 3718 quia
1454 3657 1584 3704 tunc
1607 3649 1742 3704 dixit
1774 3667 1788 3704 :
1828 3649 1952 3706 Non
1980 3654 2105 3721 per;

503 3736 732 3790 manebit
761 3738 979 3807 spiritus
1005 3754 1151 3794 meus
1182 3740 1236 3793 in
1272 3739 1567 3795 hominibus
1589 3740 1704 3796 istis
1731 3738 1883 3813 (Cen.
1914 3757 1988 3807 vt,
2015 3740 2093 3812 5),

503 3826 589 3883 vel
613 3827 739 3896 quia
771 3843 914 3907 nunc
947 3828 1117 3884 dicit:
1148 3827 1279 3882 Filii
1302 3828 1445 3900 regni
1474 3830 1743 3884 mittentur
1771 3830 1826 3884 in
1858 3830 2096 3884 tenebras

505 3916 789 3971 exteriores
816 3915 1032 3988 (Matth.
1065 3933 1203 3985 xm,
1234 3917 1346 3989 l5).
1374 3919 1439 3973 Et
1474 3927 1761 3989 postquam
1806 3919 1973 3975 semel
2001 3935 2096 3973 au-

508 4004 745 4062 divimus
773 4023 788 4059 :
822 4004 936 4075 Ego
985 4006 1114 4077 elegi
1143 4024 1230 4062 vos
1283 4009 1347 4062 de
1397 4009 1594 4063 mundo
1643 4009 1827 4076 (Joan.
1860 4026 1952 4075 xv,
1982 4010 2093 4082 l9),

506 4111 614 4152 non
656 4096 875 4151 demum
914 4096 1197 4167 subjiciam
1234 4083 1462 4168 principi
1496 4099 1717 4163 mundi;
1757 4100 1881 4169 quia
1928 4100 2094 4154 nimi—

506 4198 629 4239 rum
656 4198 880 4240 necesse
908 4195 994 4241 est
1019 4202 1119 4243 nos
1149 4202 1292 4255 esse,
1325 4197 1418 4243 aut
1448 4188 1503 4242 in
1531 4189 1733 4245 mundo
1760 4204 1919 4259 quem
1953 4189 2095 4246 Deus

506 4287 605 4342 per
628 4272 827 4328 Filium
864 4276 1182 4332 reconciliat
1210 4278 1313 4333 sibi
1341 4318 1357 4344 ,
1398 4288 1493 4333 aut
1544 4278 1598 4333 in
1651 4294 1719 4334 eo
1761 4280 1898 4350 qui,
1940 4279 2094 4350 juxta

506 4365 807 4436 apostolum
829 4366 1090 4424 Joannem
1119 4389 1133 4423 :
1158 4370 1227 4426 In
1254 4372 1484 4442 maligno
1516 4372 1717 4441 positus
1737 4381 1812 4426 est
1835 4371 2017 4442 (Joan.
2042 4389 2094 4440 v,

506 4456 622 4530 l9).
659 4457 730 4515 Ut
777 4459 922 4515 enim
952 4458 1315 4532 Hieronymus
1346 4462 1400 4516 iu
1447 4462 1674 4532 epistola
1725 4463 1792 4518 ad
1833 4463 2094 4534 Ephesios

504 4549 796 4621 perhibet,
830 4566 957 4606 mox
1007 4560 1068 4607 ut
1116 4552 1352 4622 aliquem
1406 4554 1681 4624 principes
1739 4556 2085 4611 tenebrarum

506 4639 872 4721 supplantant,
899 4654 998 4696 suo
1028 4642 1227 4697 mundo
1258 4640 1343 4696 cui
1366 4642 1739 4712 principantur
1769 4643 2084 4698 adnectunt.

506 4731 716 4787 Viderit
762 4747 890 4803 ergo
912 4733 1018 4803 'qui
1064 4732 1187 4789 talis
1215 4741 1320 4799 est,
1350 4741 1612 4804 quantum
1641 4736 1751 4789 sint
1794 4734 2089 4790 novissima

506 4823 650 4879 illius
696 4822 878 4894 pejora
907 4824 1203 4894 prioribus.
1247 4824 1381 4880 Nam
1428 4834 1487 4879 ut
1537 4825 1717 4879 verbis
1745 4823 1967 4881 Joannis
2021 4840 2086 4880 ex

506 4929 670 4985 supra
704 4915 848 4970 dicto
886 4914 1022 4969 libro
1067 4923 1303 4981 utamur,
1330 4931 1468 4987 pene
1506 4915 1625 4970 sine
1674 4915 1830 4969 venia
1860 4915 2091 4971 habendi

509 5011 638 5058 sunt
680 5003 861 5060 cuncti
904 5016 1040 5064 quos
1076 5004 1235 5064 hujus
1278 5005 1461 5059 mundi
1499 5004 1671 5064 gloria
1710 5002 1928 5064 decipit.
1957 5004 2094 5060 Cum

2126 4515 2173 4574 Ι)

2195 1915 2423 1972 busdam
2469 1914 2742 1970 coloribus
2781 1915 3058 1980 occultat,
3090 1913 3415 1969 lascivorum
3447 1913 3644 1968 oculos
3692 1929 3773 1968 ca-

2195 2016 2329 2077 ptat.
2363 2006 2499 2061 Cum
2542 2007 2707 2078 igitur
2732 2006 2957 2077 perfecti
3006 2006 3133 2062 boni
3166 2006 3323 2060 malis
3357 2006 3582 2061 admisti
3622 2013 3774 2059 sunt:

2195 2102 2269 2156 ita
2297 2101 2449 2172 juxta
2473 2100 2775 2157 Psalmistat
2801 2117 3014 2168 vocem,
3055 2101 3268 2156 discunt
3288 2115 3515 2169 operam
3545 2114 3767 2163 eorum,

2192 2193 2399 2248 utillud
2454 2194 2739 2263 impleatur
2764 2195 2906 2265 quod
2971 2193 3173 2249 dictum
3217 2200 3340 2246 est:
3390 2191 3482 2246 νω
3530 2192 3775 2245 mundae

2193 2283 2460 2338 scandulis
2493 2284 2709 2356 (Matth.
2750 2299 2908 2349 xvnt,
2937 2284 3018 2355 7).

2267 2372 2328 2428 V.
2363 2372 2619 2443 Quisquis
2650 2382 3011 2429 vero‘sauum
3037 2372 3196 2443 sapit,
3242 2380 3461 2443 oportet
3490 2380 3553 2425 ut
3591 2384 3777 2441 pravo-

2192 2478 2313 2518 rum
2353 2462 2579 2533 gloriam
2623 2476 2688 2517 cx
2727 2462 2833 2516 line
2856 2463 3187 2530 consideret,
3211 2465 3302 2534 qui
3344 2465 3488 2518 sicut
3527 2464 3581 2517 in
3611 2460 3778 2518 Mora-

2194 2555 2324 2609 lium
2355 2554 2495 2609 llbro
2538 2570 2591 2608 tv
2643 2554 2960 2624 disputatur
2984 2594 3000 2620 ,
3032 2569 3098 2609 co
3136 2555 3375 2610 atrocius
3405 2556 3459 2609 in
3503 2554 3779 2609 tormentis

2193 2647 2514 2710 obruuntur,
2544 2660 2651 2715 quo
2672 2645 2834 2701 altius
2863 2647 2915 2700 in
2941 2654 3221 2715 peccatum
3244 2645 3557 2701 elevantur.
3584 2645 3776 2699 Trans-

2194 2737 2235 2791 it
2275 2736 2417 2807 quod
2448 2734 2760 2801 extollitur,
2810 2745 3091 2806 permanet
3123 2735 3267 2804 quod
3305 2734 3571 2803 punitur;
3623 2735 3777 2788 hono-

2193 2836 2386 2884 rantur
2432 2828 2485 2882 in
2532 2828 2640 2892 via,
2696 2827 2751 2881 in
2814 2827 3167 2897 perventione
3213 2826 3665 2891 damnabuntur;
3726 2836 3772 2880 et

2192 2920 2348 2992 quasi
2393 2934 2492 2989 per
2520 2934 2733 2975 amoena
2792 2929 2948 2989 prata
2996 2920 3065 2974 ad
3109 2932 3385 2974 carcerem
3436 2916 3775 2989 perveniunt,

2193 3014 2322 3069 dum
2352 3012 2477 3067 vitae
2515 3010 2794 3081 prazseutis
2826 3027 2922 3079 per
2946 3025 3204 3081 prospera
3247 3009 3315 3064 ad
3348 3009 3643 3063 interitum
3678 3019 3776 3061 ten-

2196 3104 2352 3159 dunt.
2403 3103 2471 3157 Et
2498 3103 2715 3172 quidem
2752 3101 2876 3157 boui
2922 3114 3045 3154 cum
3079 3098 3351 3169 quoslibet
3386 3099 3663 3170 gloriosos
3700 3107 3776 3150 aut

2198 3193 2338 3248 mori
2390 3201 2484 3247 aut
2523 3191 2866 3247 dehonestari
2922 3189 3307 3259 conspiciunt,
3358 3189 3492 3259 quia
3555 3189 3774 3245 humana

2197 3283 2367 3353 gloria
2418 3280 2552 3337 nihil
2597 3283 2667 3337 sit
2698 3297 2821 3337 cum
2856 3281 3058 3352 gemitu
3107 3278 3261 3332 fateri
3294 3278 3473 3332 solent
3504 3278 3773 3334 dicentes:

2197 3376 2335 3431 Ecce
2363 3376 2487 3446 quia
2512 3374 2642 3429 nihil
2663 3384 2736 3428 est
2770 3375 2924 3427 homo
2956 3372 3076 3444 (Job
3102 3387 3214 3435 xvr,
3252 3368 3328 3441 8),
3353 3371 3505 3439 quod
3532 3370 3773 3425 nimirum

2198 3467 2400 3523 rectius
2429 3467 2610 3521 dicent
2660 3465 2704 3520 si
2748 3473 2873 3518 tunc
2914 3463 3191 3517 interitum
3225 3461 3525 3532 cujuslibet
3553 3459 3773 3529 potentis

2197 3562 2522 3632 cogitarent,
2572 3575 2694 3615 cum
2742 3573 2864 3613 eum
2895 3557 2947 3610 in
3002 3554 3133 3610 [lore
3167 3553 3559 3624 prosperitatis
3588 3552 3772 3606 vident.

2198 3651 2350 3706 Tunc
2389 3663 2622 3720 namque
2650 3646 3098 3704 considerandum
3129 3654 3214 3701 est
3260 3659 3370 3714 quo
3401 3659 3573 3700 cursu
3623 3643 3773 3698 felici.

2198 3753 2283 3800 tas
2312 3742 2627 3807 transvolet,
2652 3756 2774 3796 cum
2802 3748 2929 3795 ante
2952 3739 3220 3794 humanos
3258 3736 3450 3791 oculos
3477 3735 3641 3806 quasi
3671 3748 3776 3802 per.

2197 3846 2425 3886 manens
2450 3828 2633 3900 pollet.
2670 3827 2804 3903 Nam
2835 3826 3062 3898 gloriam
3099 3823 3349 3880 morituri
3402 3822 3540 3877 nihil
3584 3836 3703 3877 esse
3730 3821 3774 3872 in

2198 3921 2319 3990 ipsa
2353 3919 2466 3989 jam
2509 3926 2685 3974 morte
2741 3929 2972 3986 pensare
3012 3915 3161 3984 pravi
3216 3911 3451 3984 quilibet
3520 3918 3772 3981 possunt:

2200 4022 2329 4067 tunc
2362 4012 2508 4065 enim
2548 4010 2596 4065 ei
2637 4010 2800 4063 etiam
2853 4008 3113 4078 derogant
3142 4005 3232 4074 qui
3263 4005 3405 4057 hanc
3432 4010 3490 4057 et
3521 4016 3695 4072 usque
3717 3999 3774 4051 ad

2202 4111 2428 4155 mortem
2456 4107 2745 4169 sequentes
2771 4105 2976 4152 amant.
3025 4096 3099 4149 De
3126 4094 3214 4150 his
3243 4102 3409 4164 atque
3435 4107 3631 4148 eorum
3667 4092 3777 4145 imi-

2202 4192 2467 4248 latoribus
2493 4191 2757 4262 scriptum
2781 4197 2866 4243 est
2902 4187 3002 4242 sub
3026 4197 3148 4258 typo
3190 4184 3402 4239 scilicet
3432 4184 3581 4239 illius
3604 4197 3771 4253 prava:

2198 4282 2563 4356 generationis
2598 4300 2610 4334 :
2640 4280 2815 4350 Longe
2837 4279 2968 4349 [iant
2997 4276 3097 4346 ﬁlii
3122 4277 3234 4347 ejus
3260 4292 3291 4328 a
3321 4275 3517 4342 salute,
3540 4285 3591 4328 et
3615 4283 3776 4328 conte-

2198 4382 2386 4427 rantur
2428 4371 2483 4425 in
2507 4380 2659 4441 porta
2683 4369 2803 4441 (Job
2832 4384 2884 4432 v,
2915 4367 2994 4440 4).
3023 4367 3183 4421 Porta
3231 4374 3320 4420 est
3345 4364 3536 4418 ultima
3559 4364 3675 4417 dies
3691 4361 3770 4430 ju—

2199 4465 2349 4528 dicii,
2374 4464 2499 4534 quia
2526 4478 2625 4534 per
2672 4462 2841 4531 ipsam
2864 4460 3099 4515 intratur
3123 4458 3191 4513 ad
3222 4472 3471 4527 regnum.
3501 4456 3663 4511 Stulti
3688 4455 3772 4524 igi-

2201 4567 2289 4611 tur
2318 4558 2402 4612 vel
2450 4571 2638 4611 eorum
2685 4554 2801 4619 lilii,
2835 4553 2888 4609 id
2911 4560 3014 4617 est,
3067 4549 3393 4615 imitatores,
3420 4558 3550 4603 ante
3574 4554 3771 4619 portam

2199 4628 2546 4716 superbiunt,
2578 4644 2671 4699 sed
2731 4645 2783 4698 in
2837 4652 2993 4713 porta
3053 4648 3429 4717 conterentur,
3461 4640 3591 4710 quia
3646 4652 3773 4693 nunc

2197 4736 2607 4808 prosperantur,
2648 4733 2742 4788 sed
2785 4733 2837 4787 in
2885 4730 3092 4800 judicio
3137 4729 3423 4784 ferientur.
3474 4728 3580 4796 Qui
3632 4727 3762 4783 enim

2203 4839 2333 4884 tunc
2369 4827 2550 4883 renuit
2597 4827 2761 4879 Deum
2795 4838 2891 4893 per
2925 4822 3267 4891 disciplinam
3310 4821 3521 4875 habere
3556 4828 3767 4890 patrem,

2201 4920 2407 4976 malens
2438 4931 2557 4971 esse
2589 4914 2730 4969 illius
2770 4911 2930 4981 hujus
2960 4913 3133 4981 regni,
3165 4921 3292 4965 tunc
3331 4924 3435 4978 per
3458 4904 3766 4975 adjutorium

2203 5009 2406 5064 habere
2434 5020 2540 5060 non
2573 5002 2871 5058 merebitur
2897 5011 3225 5064 ereptorem,
3256 4998 3351 5053 sed
3384 4999 3441 5051 in
3466 5004 3622 5064 porta
3649 5008 3766 5049 con-
