  <div class='ocr_page' id='page_1' title='image "/cluster/home/n/w/nwhite01/storage/ocr_20150623/133/hvd.32044010035673/280.png"; bbox 0 0 3934 5400; ppageno 0'>
   <div class='ocr_carea' id='block_1_1' title="bbox 179 256 3382 338">
    <p class='ocr_par' dir='ltr' id='par_1_1' title="bbox 179 256 3382 338">
     <span class='ocr_line' id='line_1_1' title="bbox 179 256 3382 338; baseline -0.007 -13"><span class='ocrx_word' id='word_1_1' title='bbox 179 273 275 338; x_wconf 68' lang='lat'><strong>33,5</strong></span> <span class='ocrx_word' id='word_1_2' title='bbox 1088 259 1574 319; x_wconf 70' lang='lat' dir='ltr'><strong>COLLATIONUM</strong></span> <span class='ocrx_word' id='word_1_3' title='bbox 1614 257 1788 316; x_wconf 73' lang='lat' dir='ltr'>LIBRI</span> <span class='ocrx_word' id='word_1_4' title='bbox 1825 256 2029 314; x_wconf 77' lang='lat' dir='ltr'><strong>TRES.</strong></span> <span class='ocrx_word' id='word_1_5' title='bbox 2071 288 2135 297; x_wconf 92' lang='lat'><strong>—-</strong></span> <span class='ocrx_word' id='word_1_6' title='bbox 2174 257 2303 313; x_wconf 81' lang='lat' dir='ltr'><strong>LIB.</strong></span> <span class='ocrx_word' id='word_1_7' title='bbox 2344 257 2408 313; x_wconf 88' lang='lat' dir='ltr'><strong>ll.</strong></span> <span class='ocrx_word' id='word_1_8' title='bbox 3278 257 3382 314; x_wconf 61' lang='lat'><strong>[5|</strong></span> 
     </span>
    </p>
   </div>
   <div class='ocr_carea' id='block_1_2' title="bbox 152 361 3387 451">
    <p class='ocr_par' dir='ltr' id='par_1_2' title="bbox 152 361 3387 451">
     <span class='ocr_line' id='line_1_2' title="bbox 152 361 3387 451; baseline -0.003 -13"><span class='ocrx_word' id='word_1_9' title='bbox 152 396 289 438; x_wconf 83' lang='lat' dir='ltr'><strong>eesse</strong></span> <span class='ocrx_word' id='word_1_10' title='bbox 329 389 412 437; x_wconf 83' lang='lat' dir='ltr'><strong>est</strong></span> <span class='ocrx_word' id='word_1_11' title='bbox 457 379 512 437; x_wconf 91' lang='lat' dir='ltr'><strong>in</strong></span> <span class='ocrx_word' id='word_1_12' title='bbox 567 394 690 435; x_wconf 77' lang='lat' dir='ltr'><strong>area</strong></span> <span class='ocrx_word' id='word_1_13' title='bbox 731 379 1016 451; x_wconf 72' lang='lat' dir='ltr'><strong>praesentis</strong></span> <span class='ocrx_word' id='word_1_14' title='bbox 1072 361 1196 436; x_wconf 76' lang='lat' dir='ltr'><strong>vita:</strong></span> <span class='ocrx_word' id='word_1_15' title='bbox 1235 379 1396 436; x_wconf 86' lang='lat' dir='ltr'><strong>simul</strong></span> <span class='ocrx_word' id='word_1_16' title='bbox 1426 379 1709 435; x_wconf 89' lang='lat' dir='ltr'><strong>contineri.</strong></span> <span class='ocrx_word' id='word_1_17' title='bbox 1743 381 1788 440; x_wconf 81' lang='grc' dir='ltr'><strong>Α</strong></span> <span class='ocrx_word' id='word_1_18' title='bbox 1817 376 2269 446; x_wconf 81' lang='lat' dir='ltr'><strong>ciant,quatenus</strong></span> <span class='ocrx_word' id='word_1_19' title='bbox 2293 372 2572 428; x_wconf 82' lang='lat' dir='ltr'><strong>adaeterna</strong></span> <span class='ocrx_word' id='word_1_20' title='bbox 2594 370 2853 441; x_wconf 89' lang='lat' dir='ltr'><strong>supplicia</strong></span> <span class='ocrx_word' id='word_1_21' title='bbox 2873 370 3387 442; x_wconf 89' lang='lat' dir='ltr'><strong>profundiusruant.</strong></span> 
     </span>
    </p>
   </div>
   <div class='ocr_carea' id='block_1_3' title="bbox 151 461 3392 542">
    <p class='ocr_par' dir='ltr' id='par_1_3' title="bbox 151 461 3392 542">
     <span class='ocr_line' id='line_1_3' title="bbox 151 461 3392 542; baseline -0.003 -15"><span class='ocrx_word' id='word_1_22' title='bbox 151 471 306 528; x_wconf 85' lang='lat' dir='ltr'><strong>Porro</strong></span> <span class='ocrx_word' id='word_1_23' title='bbox 351 479 537 526; x_wconf 85' lang='lat' dir='ltr'><strong>contra</strong></span> <span class='ocrx_word' id='word_1_24' title='bbox 585 484 679 526; x_wconf 91' lang='lat' dir='ltr'><strong>eos</strong></span> <span class='ocrx_word' id='word_1_25' title='bbox 733 470 929 525; x_wconf 81' lang='lat' dir='ltr'><strong>abhinc</strong></span> <span class='ocrx_word' id='word_1_26' title='bbox 961 471 1157 542; x_wconf 83' lang='lat' dir='ltr'><strong>agitur,</strong></span> <span class='ocrx_word' id='word_1_27' title='bbox 1191 472 1281 541; x_wconf 91' lang='lat' dir='ltr'><strong>qui</strong></span> <span class='ocrx_word' id='word_1_28' title='bbox 1316 470 1478 526; x_wconf 85' lang='lat' dir='ltr'><strong>factis</strong></span> <span class='ocrx_word' id='word_1_29' title='bbox 1515 469 1710 525; x_wconf 67' lang='lat' dir='ltr'><strong>saeculo</strong></span> <span class='ocrx_word' id='word_1_30' title='bbox 1817 465 1970 521; x_wconf 85' lang='lat' dir='ltr'><strong>Unde</strong></span> <span class='ocrx_word' id='word_1_31' title='bbox 2022 478 2245 520; x_wconf 87' lang='lat' dir='ltr'><strong>necesse</strong></span> <span class='ocrx_word' id='word_1_32' title='bbox 2281 471 2363 518; x_wconf 89' lang='lat' dir='ltr'><strong>est</strong></span> <span class='ocrx_word' id='word_1_33' title='bbox 2411 472 2470 518; x_wconf 93' lang='lat' dir='ltr'><strong>ut</strong></span> <span class='ocrx_word' id='word_1_34' title='bbox 2495 462 2576 517; x_wconf 90' lang='lat' dir='ltr'><strong>vel</strong></span> <span class='ocrx_word' id='word_1_35' title='bbox 2612 463 2762 527; x_wconf 87' lang='lat' dir='ltr'><strong>istos,</strong></span> <span class='ocrx_word' id='word_1_36' title='bbox 2797 462 2878 516; x_wconf 89' lang='lat' dir='ltr'><strong>vel</strong></span> <span class='ocrx_word' id='word_1_37' title='bbox 2907 461 3028 518; x_wconf 88' lang='lat' dir='ltr'><strong>illos</strong></span> <span class='ocrx_word' id='word_1_38' title='bbox 3059 470 3185 517; x_wconf 92' lang='lat' dir='ltr'><strong>tunc</strong></span> <span class='ocrx_word' id='word_1_39' title='bbox 3211 464 3392 518; x_wconf 82' lang='lat' dir='ltr'><strong>consi-</strong></span> 
     </span>
    </p>
   </div>
   <div class='ocr_carea' id='block_1_4' title="bbox 151 554 3392 632">
    <p class='ocr_par' dir='ltr' id='par_1_4' title="bbox 151 554 3392 632">
     <span class='ocr_line' id='line_1_4' title="bbox 151 554 3392 632; baseline -0.002 -16"><span class='ocrx_word' id='word_1_40' title='bbox 151 561 298 617; x_wconf 83' lang='lat' dir='ltr'><strong>fldem</strong></span> <span class='ocrx_word' id='word_1_41' title='bbox 337 569 616 616; x_wconf 74' lang='lat' dir='ltr'><strong>servantes</strong></span> <span class='ocrx_word' id='word_1_42' title='bbox 646 559 863 615; x_wconf 90' lang='lat' dir='ltr'><strong>mentiri</strong></span> <span class='ocrx_word' id='word_1_43' title='bbox 891 559 1001 615; x_wconf 87' lang='lat' dir='ltr'><strong>Deo</strong></span> <span class='ocrx_word' id='word_1_44' title='bbox 1035 577 1130 630; x_wconf 92' lang='lat' dir='ltr'><strong>per</strong></span> <span class='ocrx_word' id='word_1_45' title='bbox 1165 560 1404 616; x_wconf 89' lang='lat' dir='ltr'><strong>habitum</strong></span> <span class='ocrx_word' id='word_1_46' title='bbox 1439 560 1713 632; x_wconf 81' lang='lat' dir='ltr'><strong>religionis</strong></span> <span class='ocrx_word' id='word_1_47' title='bbox 1813 557 2070 612; x_wconf 90' lang='lat' dir='ltr'><strong>deremus</strong></span> <span class='ocrx_word' id='word_1_48' title='bbox 2093 556 2324 626; x_wconf 81' lang='lat' dir='ltr'><strong>amplius</strong></span> <span class='ocrx_word' id='word_1_49' title='bbox 2363 554 2689 617; x_wconf 83' lang='lat' dir='ltr'><strong>miseriores,</strong></span> <span class='ocrx_word' id='word_1_50' title='bbox 2720 555 2973 624; x_wconf 80' lang='lat' dir='ltr'><strong>quoniam</strong></span> <span class='ocrx_word' id='word_1_51' title='bbox 2999 570 3095 610; x_wconf 93' lang='lat' dir='ltr'><strong>eos</strong></span> <span class='ocrx_word' id='word_1_52' title='bbox 3123 555 3392 626; x_wconf 88' lang='lat' dir='ltr'><strong>conspici-</strong></span> 
     </span>
    </p>
   </div>
   <div class='ocr_carea' id='block_1_5' title="bbox 153 643 3476 721">
    <p class='ocr_par' dir='ltr' id='par_1_5' title="bbox 153 643 3476 721">
     <span class='ocr_line' id='line_1_5' title="bbox 153 643 3476 721; baseline -0.002 -13"><span class='ocrx_word' id='word_1_53' title='bbox 153 649 708 721; x_wconf 83' lang='lat' dir='ltr'><strong>noscuntur.Siigitur</strong></span> <span class='ocrx_word' id='word_1_54' title='bbox 729 649 930 704; x_wconf 89' lang='lat' dir='ltr'><strong>inﬁrmi</strong></span> <span class='ocrx_word' id='word_1_55' title='bbox 964 651 1151 706; x_wconf 90' lang='lat' dir='ltr'><strong>ﬁdeles</strong></span> <span class='ocrx_word' id='word_1_56' title='bbox 1178 652 1230 705; x_wconf 92' lang='lat' dir='ltr'><strong>in</strong></span> <span class='ocrx_word' id='word_1_57' title='bbox 1253 651 1499 706; x_wconf 67' lang='lat' dir='ltr'><strong>saeculari</strong></span> <span class='ocrx_word' id='word_1_58' title='bbox 1526 650 1714 706; x_wconf 85' lang='lat' dir='ltr'><strong>habitu</strong></span> <span class='ocrx_word' id='word_1_59' title='bbox 1816 663 1934 703; x_wconf 91' lang='lat' dir='ltr'><strong>mus</strong></span> <span class='ocrx_word' id='word_1_60' title='bbox 1963 648 2016 702; x_wconf 90' lang='lat' dir='ltr'><strong>in</strong></span> <span class='ocrx_word' id='word_1_61' title='bbox 2041 647 2197 716; x_wconf 90' lang='lat' dir='ltr'><strong>culpa</strong></span> <span class='ocrx_word' id='word_1_62' title='bbox 2245 661 2341 702; x_wconf 92' lang='lat' dir='ltr'><strong>sua</strong></span> <span class='ocrx_word' id='word_1_63' title='bbox 2381 647 2498 701; x_wconf 86' lang='lat' dir='ltr'><strong>sine</strong></span> <span class='ocrx_word' id='word_1_64' title='bbox 2537 643 2744 715; x_wconf 73' lang='lat' dir='ltr'><strong>ﬂagello</strong></span> <span class='ocrx_word' id='word_1_65' title='bbox 2774 645 3081 711; x_wconf 88' lang='lat' dir='ltr'><strong>derelictos,</strong></span> <span class='ocrx_word' id='word_1_66' title='bbox 3110 654 3165 700; x_wconf 84' lang='lat' dir='ltr'><strong>et</strong></span> <span class='ocrx_word' id='word_1_67' title='bbox 3191 661 3396 714; x_wconf 75' lang='lat' dir='ltr'><strong>quanto</strong></span> <span class='ocrx_word' id='word_1_68' title='bbox 3469 705 3476 712; x_wconf 57' lang='grc'><strong>,</strong></span> 
     </span>
    </p>
   </div>
   <div class='ocr_carea' id='block_1_6' title="bbox 148 735 3395 810">
    <p class='ocr_par' dir='ltr' id='par_1_6' title="bbox 148 735 3395 810">
     <span class='ocr_line' id='line_1_6' title="bbox 148 735 3395 810; baseline -0.001 -16"><span class='ocrx_word' id='word_1_69' title='bbox 148 752 424 810; x_wconf 86' lang='lat' dir='ltr'><strong>pravorum</strong></span> <span class='ocrx_word' id='word_1_70' title='bbox 474 739 874 794; x_wconf 84' lang='lat' dir='ltr'><strong>deteriorantur</strong></span> <span class='ocrx_word' id='word_1_71' title='bbox 922 739 1186 809; x_wconf 79' lang='lat' dir='ltr'><strong>exemplis</strong></span> <span class='ocrx_word' id='word_1_72' title='bbox 1217 781 1232 806; x_wconf 97' lang='lat'><strong>,</strong></span> <span class='ocrx_word' id='word_1_73' title='bbox 1289 755 1395 795; x_wconf 91' lang='lat' dir='ltr'><strong>non</strong></span> <span class='ocrx_word' id='word_1_74' title='bbox 1441 749 1717 810; x_wconf 91' lang='lat' dir='ltr'><strong>utcunque</strong></span> <span class='ocrx_word' id='word_1_75' title='bbox 1815 747 1940 809; x_wconf 91' lang='lat' dir='ltr'><strong>post</strong></span> <span class='ocrx_word' id='word_1_76' title='bbox 2008 738 2344 808; x_wconf 77' lang='lat' dir='ltr'><strong>iniquitatem</strong></span> <span class='ocrx_word' id='word_1_77' title='bbox 2419 745 2826 806; x_wconf 86' lang='lat' dir='ltr'><strong>prosperantur,</strong></span> <span class='ocrx_word' id='word_1_78' title='bbox 2885 745 3036 792; x_wconf 85' lang='lat' dir='ltr'><strong>tanto</strong></span> <span class='ocrx_word' id='word_1_79' title='bbox 3105 735 3395 808; x_wconf 88' lang='lat' dir='ltr'><strong>perditioni</strong></span> 
     </span>
    </p>
   </div>
   <div class='ocr_carea' id='block_1_7' title="bbox 151 825 3396 901">
    <p class='ocr_par' dir='ltr' id='par_1_7' title="bbox 151 825 3396 901">
     <span class='ocr_line' id='line_1_7' title="bbox 151 825 3396 901; baseline 0 -16"><span class='ocrx_word' id='word_1_80' title='bbox 151 832 336 886; x_wconf 88' lang='lat' dir='ltr'><strong>mirum</strong></span> <span class='ocrx_word' id='word_1_81' title='bbox 376 839 492 895; x_wconf 86' lang='lat' dir='ltr'><strong>est;</strong></span> <span class='ocrx_word' id='word_1_82' title='bbox 531 831 626 886; x_wconf 92' lang='lat' dir='ltr'><strong>sed</strong></span> <span class='ocrx_word' id='word_1_83' title='bbox 653 829 756 885; x_wconf 84' lang='lat' dir='ltr'><strong>hoc</strong></span> <span class='ocrx_word' id='word_1_84' title='bbox 789 831 1116 885; x_wconf 91' lang='lat' dir='ltr'><strong>omnimodis</strong></span> <span class='ocrx_word' id='word_1_85' title='bbox 1150 829 1540 886; x_wconf 88' lang='lat' dir='ltr'><strong>exsecrabilius</strong></span> <span class='ocrx_word' id='word_1_86' title='bbox 1566 830 1716 885; x_wconf 88' lang='lat' dir='ltr'><strong>vide-</strong></span> <span class='ocrx_word' id='word_1_87' title='bbox 1818 825 2196 901; x_wconf 86' lang='lat' dir='ltr'><strong>proximiores.</strong></span> <span class='ocrx_word' id='word_1_88' title='bbox 2245 828 2357 884; x_wconf 84' lang='lat' dir='ltr'><strong>Hoc</strong></span> <span class='ocrx_word' id='word_1_89' title='bbox 2391 829 2442 884; x_wconf 92' lang='lat' dir='ltr'><strong>in</strong></span> <span class='ocrx_word' id='word_1_90' title='bbox 2501 829 2816 885; x_wconf 85' lang='lat' dir='ltr'><strong>duodecima</strong></span> <span class='ocrx_word' id='word_1_91' title='bbox 2856 829 3156 886; x_wconf 84' lang='lat' dir='ltr'><strong>Ezechielis</strong></span> <span class='ocrx_word' id='word_1_92' title='bbox 3214 830 3396 886; x_wconf 80' lang='lat' dir='ltr'><strong>Homi-</strong></span> 
     </span>
    </p>
   </div>
   <div class='ocr_carea' id='block_1_8' title="bbox 150 919 1912 991">
    <p class='ocr_par' dir='ltr' id='par_1_8' title="bbox 150 919 1912 991">
     <span class='ocr_line' id='line_1_8' title="bbox 150 919 1912 991; baseline 0 -16"><span class='ocrx_word' id='word_1_93' title='bbox 150 930 252 985; x_wconf 88' lang='lat' dir='ltr'><strong>tur,</strong></span> <span class='ocrx_word' id='word_1_94' title='bbox 281 921 323 976; x_wconf 88' lang='lat' dir='ltr'><strong>si</strong></span> <span class='ocrx_word' id='word_1_95' title='bbox 351 920 626 991; x_wconf 77' lang='lat' dir='ltr'><strong>religionis</strong></span> <span class='ocrx_word' id='word_1_96' title='bbox 652 919 1006 990; x_wconf 82' lang='lat' dir='ltr'><strong>professores,</strong></span> <span class='ocrx_word' id='word_1_97' title='bbox 1031 921 1246 990; x_wconf 88' lang='lat' dir='ltr'><strong>quibus,</strong></span> <span class='ocrx_word' id='word_1_98' title='bbox 1280 931 1339 974; x_wconf 91' lang='lat' dir='ltr'><strong>ut</strong></span> <span class='ocrx_word' id='word_1_99' title='bbox 1371 919 1449 974; x_wconf 89' lang='lat' dir='ltr'><strong>ait</strong></span> <span class='ocrx_word' id='word_1_100' title='bbox 1484 920 1720 990; x_wconf 86' lang='lat' dir='ltr'><strong>Aposto-</strong></span> <span class='ocrx_word' id='word_1_101' title='bbox 1819 921 1912 976; x_wconf 86' lang='lat' dir='ltr'><strong>lia.</strong></span> 
     </span>
    </p>
   </div>
   <div class='ocr_carea' id='block_1_9' title="bbox 151 1008 3400 1083">
    <p class='ocr_par' dir='ltr' id='par_1_9' title="bbox 151 1008 3400 1083">
     <span class='ocr_line' id='line_1_9' title="bbox 151 1008 3400 1083; baseline 0 -17"><span class='ocrx_word' id='word_1_102' title='bbox 151 1013 255 1078; x_wconf 89' lang='lat' dir='ltr'><strong>lus,</strong></span> <span class='ocrx_word' id='word_1_103' title='bbox 303 1012 524 1083; x_wconf 83' lang='lat' dir='ltr'><strong>Eloquia</strong></span> <span class='ocrx_word' id='word_1_104' title='bbox 551 1012 647 1066; x_wconf 89' lang='lat' dir='ltr'><strong>Dei</strong></span> <span class='ocrx_word' id='word_1_105' title='bbox 677 1012 876 1066; x_wconf 80' lang='lat' dir='ltr'><strong>credita</strong></span> <span class='ocrx_word' id='word_1_106' title='bbox 917 1022 1036 1065; x_wconf 83' lang='lat' dir='ltr'><strong>sunt</strong></span> <span class='ocrx_word' id='word_1_107' title='bbox 1075 1011 1253 1083; x_wconf 81' lang='lat' dir='ltr'><strong>(Rom.</strong></span> <span class='ocrx_word' id='word_1_108' title='bbox 1287 1028 1371 1076; x_wconf 88' lang='grc' dir='ltr'>ιιι,</span> <span class='ocrx_word' id='word_1_109' title='bbox 1401 1012 1481 1082; x_wconf 72' lang='grc'><strong>2),</strong></span> <span class='ocrx_word' id='word_1_110' title='bbox 1521 1027 1714 1068; x_wconf 91' lang='lat' dir='ltr'><strong>carna-</strong></span> <span class='ocrx_word' id='word_1_111' title='bbox 1895 1009 2002 1064; x_wconf 57' lang='grc' dir='ltr'>ιιι.</span> <span class='ocrx_word' id='word_1_112' title='bbox 2046 1009 2113 1064; x_wconf 77' lang='lat' dir='ltr'><strong>At</strong></span> <span class='ocrx_word' id='word_1_113' title='bbox 2151 1008 2416 1078; x_wconf 85' lang='lat' dir='ltr'><strong>superiori</strong></span> <span class='ocrx_word' id='word_1_114' title='bbox 2448 1008 2646 1073; x_wconf 91' lang='lat' dir='ltr'><strong>libello,</strong></span> <span class='ocrx_word' id='word_1_115' title='bbox 2689 1027 2810 1066; x_wconf 92' lang='lat' dir='ltr'><strong>cum</strong></span> <span class='ocrx_word' id='word_1_116' title='bbox 2842 1013 2909 1066; x_wconf 92' lang='lat' dir='ltr'><strong>de</strong></span> <span class='ocrx_word' id='word_1_117' title='bbox 2939 1011 3190 1068; x_wconf 88' lang='lat' dir='ltr'><strong>violentis</strong></span> <span class='ocrx_word' id='word_1_118' title='bbox 3215 1012 3400 1082; x_wconf 86' lang='lat' dir='ltr'><strong>loque-</strong></span> 
     </span>
    </p>
   </div>
   <div class='ocr_carea' id='block_1_10' title="bbox 148 1101 3399 1171">
    <p class='ocr_par' dir='ltr' id='par_1_10' title="bbox 148 1101 3399 1171">
     <span class='ocr_line' id='line_1_10' title="bbox 148 1101 3399 1171; baseline 0.001 -16"><span class='ocrx_word' id='word_1_119' title='bbox 148 1103 282 1158; x_wconf 90' lang='lat' dir='ltr'><strong>libus</strong></span> <span class='ocrx_word' id='word_1_120' title='bbox 321 1101 606 1157; x_wconf 81' lang='lat' dir='ltr'><strong>desideriis</strong></span> <span class='ocrx_word' id='word_1_121' title='bbox 631 1101 923 1171; x_wconf 81' lang='lat' dir='ltr'><strong>contigerit</strong></span> <span class='ocrx_word' id='word_1_122' title='bbox 947 1101 1217 1166; x_wconf 86' lang='lat' dir='ltr'><strong>ancillari,</strong></span> <span class='ocrx_word' id='word_1_123' title='bbox 1249 1101 1452 1157; x_wconf 86' lang='lat' dir='ltr'><strong>relictis</strong></span> <span class='ocrx_word' id='word_1_124' title='bbox 1481 1102 1720 1157; x_wconf 72' lang='lat' dir='ltr'><strong>cmlesti-</strong></span> <span class='ocrx_word' id='word_1_125' title='bbox 1821 1116 2024 1166; x_wconf 90' lang='lat' dir='ltr'><strong>remur,</strong></span> <span class='ocrx_word' id='word_1_126' title='bbox 2058 1115 2180 1156; x_wconf 90' lang='lat' dir='ltr'><strong>cum</strong></span> <span class='ocrx_word' id='word_1_127' title='bbox 2223 1101 2472 1170; x_wconf 83' lang='lat' dir='ltr'><strong>superbia</strong></span> <span class='ocrx_word' id='word_1_128' title='bbox 2538 1111 2592 1155; x_wconf 88' lang='lat' dir='ltr'><strong>et</strong></span> <span class='ocrx_word' id='word_1_129' title='bbox 2629 1101 2893 1155; x_wconf 83' lang='lat' dir='ltr'><strong>luxuriam</strong></span> <span class='ocrx_word' id='word_1_130' title='bbox 2953 1103 3399 1157; x_wconf 89' lang='lat' dir='ltr'><strong>commemoravi-</strong></span> 
     </span>
    </p>
   </div>
   <div class='ocr_carea' id='block_1_11' title="bbox 146 1190 3400 1263">
    <p class='ocr_par' dir='ltr' id='par_1_11' title="bbox 146 1190 3400 1263">
     <span class='ocr_line' id='line_1_11' title="bbox 146 1190 3400 1263; baseline 0 -16"><span class='ocrx_word' id='word_1_131' title='bbox 146 1194 245 1248; x_wconf 90' lang='lat' dir='ltr'><strong>bus</strong></span> <span class='ocrx_word' id='word_1_132' title='bbox 294 1192 524 1248; x_wconf 89' lang='lat' dir='ltr'><strong>terrenis</strong></span> <span class='ocrx_word' id='word_1_133' title='bbox 575 1192 817 1256; x_wconf 88' lang='lat' dir='ltr'><strong>inhiare,</strong></span> <span class='ocrx_word' id='word_1_134' title='bbox 866 1201 1177 1262; x_wconf 90' lang='lat' dir='ltr'><strong>contempto</strong></span> <span class='ocrx_word' id='word_1_135' title='bbox 1234 1193 1346 1248; x_wconf 90' lang='lat' dir='ltr'><strong>Deo</strong></span> <span class='ocrx_word' id='word_1_136' title='bbox 1397 1207 1720 1248; x_wconf 75' lang='lat' dir='ltr'><strong>mammona:</strong></span> <span class='ocrx_word' id='word_1_137' title='bbox 1822 1207 1962 1257; x_wconf 90' lang='lat' dir='ltr'><strong>mus,</strong></span> <span class='ocrx_word' id='word_1_138' title='bbox 1991 1191 2274 1263; x_wconf 88' lang='lat' dir='ltr'><strong>demalitia</strong></span> <span class='ocrx_word' id='word_1_139' title='bbox 2306 1200 2564 1246; x_wconf 88' lang='lat' dir='ltr'><strong>tacentes.</strong></span> <span class='ocrx_word' id='word_1_140' title='bbox 2583 1190 2648 1246; x_wconf 86' lang='lat' dir='ltr'><strong>Hi</strong></span> <span class='ocrx_word' id='word_1_141' title='bbox 2671 1207 2805 1262; x_wconf 88' lang='lat' dir='ltr'><strong>ergo</strong></span> <span class='ocrx_word' id='word_1_142' title='bbox 2835 1193 2924 1262; x_wconf 91' lang='lat' dir='ltr'><strong>qui</strong></span> <span class='ocrx_word' id='word_1_143' title='bbox 2958 1201 3077 1262; x_wconf 88' lang='lat' dir='ltr'><strong>post</strong></span> <span class='ocrx_word' id='word_1_144' title='bbox 3105 1192 3400 1261; x_wconf 80' lang='lat' dir='ltr'><strong>professain</strong></span> 
     </span>
    </p>
   </div>
   <div class='ocr_carea' id='block_1_12' title="bbox 148 1280 3401 1354">
    <p class='ocr_par' dir='ltr' id='par_1_12' title="bbox 148 1280 3401 1354">
     <span class='ocr_line' id='line_1_12' title="bbox 148 1280 3401 1354; baseline 0.001 -18"><span class='ocrx_word' id='word_1_145' title='bbox 148 1283 364 1336; x_wconf 86' lang='lat' dir='ltr'><strong>servire.</strong></span> <span class='ocrx_word' id='word_1_146' title='bbox 415 1280 566 1348; x_wconf 85' lang='lat' dir='ltr'><strong>Quod</strong></span> <span class='ocrx_word' id='word_1_147' title='bbox 600 1297 760 1351; x_wconf 88' lang='lat' dir='ltr'><strong>quam</strong></span> <span class='ocrx_word' id='word_1_148' title='bbox 797 1283 1131 1337; x_wconf 78' lang='lat' dir='ltr'><strong>exsecrabile</strong></span> <span class='ocrx_word' id='word_1_149' title='bbox 1159 1283 1230 1338; x_wconf 89' lang='lat' dir='ltr'><strong>sit</strong></span> <span class='ocrx_word' id='word_1_150' title='bbox 1273 1283 1389 1354; x_wconf 87' lang='lat' dir='ltr'><strong>ipsa</strong></span> <span class='ocrx_word' id='word_1_151' title='bbox 1416 1283 1718 1354; x_wconf 86' lang='lat' dir='ltr'><strong>prophetici</strong></span> <span class='ocrx_word' id='word_1_152' title='bbox 1823 1281 2137 1352; x_wconf 83' lang='lat' dir='ltr'><strong>religionem</strong></span> <span class='ocrx_word' id='word_1_153' title='bbox 2169 1281 2234 1337; x_wconf 90' lang='lat' dir='ltr'><strong>ad</strong></span> <span class='ocrx_word' id='word_1_154' title='bbox 2263 1282 2509 1337; x_wconf 88' lang='lat' dir='ltr'><strong>carnales</strong></span> <span class='ocrx_word' id='word_1_155' title='bbox 2556 1283 2830 1353; x_wconf 90' lang='lat' dir='ltr'><strong>nequitias</strong></span> <span class='ocrx_word' id='word_1_156' title='bbox 2884 1283 3260 1349; x_wconf 82' lang='lat' dir='ltr'><strong>devolvuntur,</strong></span> <span class='ocrx_word' id='word_1_157' title='bbox 3291 1286 3401 1354; x_wconf 89' lang='lat' dir='ltr'><strong>pri-</strong></span> 
     </span>
    </p>
   </div>
   <div class='ocr_carea' id='block_1_13' title="bbox 146 1369 3474 1446">
    <p class='ocr_par' dir='ltr' id='par_1_13' title="bbox 146 1369 3474 1446">
     <span class='ocr_line' id='line_1_13' title="bbox 146 1369 3474 1446; baseline 0.001 -20"><span class='ocrx_word' id='word_1_158' title='bbox 146 1372 404 1426; x_wconf 86' lang='lat' dir='ltr'><strong>sermonis</strong></span> <span class='ocrx_word' id='word_1_159' title='bbox 449 1371 684 1426; x_wconf 78' lang='lat' dir='ltr'><strong>invectio</strong></span> <span class='ocrx_word' id='word_1_160' title='bbox 748 1371 929 1442; x_wconf 88' lang='lat' dir='ltr'><strong>palam</strong></span> <span class='ocrx_word' id='word_1_161' title='bbox 987 1373 1367 1437; x_wconf 89' lang='lat' dir='ltr'><strong>demonstrat,</strong></span> <span class='ocrx_word' id='word_1_162' title='bbox 1424 1389 1530 1444; x_wconf 90' lang='lat' dir='ltr'><strong>qua</strong></span> <span class='ocrx_word' id='word_1_163' title='bbox 1581 1375 1722 1430; x_wconf 91' lang='lat' dir='ltr'><strong>Deus</strong></span> <span class='ocrx_word' id='word_1_164' title='bbox 1823 1388 1913 1429; x_wconf 90' lang='lat' dir='ltr'><strong>mo</strong></span> <span class='ocrx_word' id='word_1_165' title='bbox 1933 1390 2030 1444; x_wconf 90' lang='lat' dir='ltr'><strong>per</strong></span> <span class='ocrx_word' id='word_1_166' title='bbox 2050 1373 2354 1443; x_wconf 80' lang='lat' dir='ltr'><strong>superbiam</strong></span> <span class='ocrx_word' id='word_1_167' title='bbox 2377 1374 2677 1444; x_wconf 87' lang='lat' dir='ltr'><strong>capiuntur.</strong></span> <span class='ocrx_word' id='word_1_168' title='bbox 2700 1374 2755 1428; x_wconf 81' lang='lat' dir='ltr'><strong>in</strong></span> <span class='ocrx_word' id='word_1_169' title='bbox 2778 1391 2905 1445; x_wconf 86' lang='lat' dir='ltr'><strong>qua,</strong></span> <span class='ocrx_word' id='word_1_170' title='bbox 2931 1383 2992 1431; x_wconf 89' lang='lat' dir='ltr'><strong>ut</strong></span> <span class='ocrx_word' id='word_1_171' title='bbox 3011 1376 3269 1446; x_wconf 86' lang='lat' dir='ltr'><strong>scriptum</strong></span> <span class='ocrx_word' id='word_1_172' title='bbox 3299 1387 3401 1444; x_wconf 87' lang='lat' dir='ltr'><strong>est,</strong></span> <span class='ocrx_word' id='word_1_173' title='bbox 3443 1369 3474 1406; x_wconf 41' lang='grc' dir='ltr'><em>Ὗ</em></span> 
     </span>
    </p>
   </div>
   <div class='ocr_carea' id='block_1_14' title="bbox 146 1461 3408 1536">
    <p class='ocr_par' dir='ltr' id='par_1_14' title="bbox 146 1461 3408 1536">
     <span class='ocr_line' id='line_1_14' title="bbox 146 1461 3408 1536; baseline 0.002 -22"><span class='ocrx_word' id='word_1_174' title='bbox 146 1461 499 1515; x_wconf 86' lang='lat' dir='ltr'><strong>comminatur</strong></span> <span class='ocrx_word' id='word_1_175' title='bbox 551 1462 736 1517; x_wconf 85' lang='lat' dir='ltr'><strong>dicens</strong></span> <span class='ocrx_word' id='word_1_176' title='bbox 791 1480 804 1515; x_wconf 88' lang='lat'><strong>:</strong></span> <span class='ocrx_word' id='word_1_177' title='bbox 867 1461 924 1518; x_wconf 90' lang='lat' dir='ltr'><strong>Si</strong></span> <span class='ocrx_word' id='word_1_178' title='bbox 977 1464 1257 1533; x_wconf 77' lang='lat' dir='ltr'><strong>fornicaris</strong></span> <span class='ocrx_word' id='word_1_179' title='bbox 1286 1475 1340 1518; x_wconf 87' lang='lat' dir='ltr'><strong>tu</strong></span> <span class='ocrx_word' id='word_1_180' title='bbox 1375 1464 1564 1530; x_wconf 85' lang='lat' dir='ltr'><strong>Israel,</strong></span> <span class='ocrx_word' id='word_1_181' title='bbox 1616 1483 1719 1520; x_wconf 84' lang='lat' dir='ltr'><strong>non</strong></span> <span class='ocrx_word' id='word_1_182' title='bbox 1827 1464 2011 1518; x_wconf 86' lang='lat' dir='ltr'><strong>Omnis</strong></span> <span class='ocrx_word' id='word_1_183' title='bbox 2037 1465 2261 1535; x_wconf 81' lang='lat' dir='ltr'><strong>perditio</strong></span> <span class='ocrx_word' id='word_1_184' title='bbox 2285 1465 2442 1518; x_wconf 82' lang='lat' dir='ltr'><strong>sumit</strong></span> <span class='ocrx_word' id='word_1_185' title='bbox 2494 1465 2702 1519; x_wconf 80' lang='lat' dir='ltr'><strong>initium</strong></span> <span class='ocrx_word' id='word_1_186' title='bbox 2735 1465 2884 1535; x_wconf 84' lang='lat' dir='ltr'><strong>(&#39;I&#39;ob.</strong></span> <span class='ocrx_word' id='word_1_187' title='bbox 2917 1481 2988 1531; x_wconf 82' lang='lat' dir='ltr'><strong>tv,</strong></span> <span class='ocrx_word' id='word_1_188' title='bbox 3031 1466 3150 1534; x_wconf 74' lang='lat' dir='ltr'><strong>l4);</strong></span> <span class='ocrx_word' id='word_1_189' title='bbox 3181 1463 3301 1536; x_wconf 66' lang='lat' dir='ltr'><strong>qua:</strong></span> <span class='ocrx_word' id='word_1_190' title='bbox 3330 1467 3408 1521; x_wconf 84' lang='lat' dir='ltr'><strong>eis</strong></span> 
     </span>
    </p>
   </div>
   <div class='ocr_carea' id='block_1_15' title="bbox 146 1550 3411 1626">
    <p class='ocr_par' dir='ltr' id='par_1_15' title="bbox 146 1550 3411 1626">
     <span class='ocr_line' id='line_1_15' title="bbox 146 1550 3411 1626; baseline 0.001 -22"><span class='ocrx_word' id='word_1_191' title='bbox 146 1550 414 1622; x_wconf 75' lang='lat' dir='ltr'><strong>delinquas</strong></span> <span class='ocrx_word' id='word_1_192' title='bbox 461 1560 518 1604; x_wconf 85' lang='lat' dir='ltr'><strong>tu</strong></span> <span class='ocrx_word' id='word_1_193' title='bbox 574 1551 758 1605; x_wconf 86' lang='lat' dir='ltr'><strong>saltem</strong></span> <span class='ocrx_word' id='word_1_194' title='bbox 820 1551 966 1607; x_wconf 79' lang='lat' dir='ltr'><strong>Iuda</strong></span> <span class='ocrx_word' id='word_1_195' title='bbox 1023 1553 1169 1626; x_wconf 83' lang='lat' dir='ltr'><strong>(Ose.</strong></span> <span class='ocrx_word' id='word_1_196' title='bbox 1233 1571 1306 1620; x_wconf 84' lang='grc' dir='ltr'>ιν,</span> <span class='ocrx_word' id='word_1_197' title='bbox 1362 1554 1468 1625; x_wconf 80' lang='lat' dir='ltr'><strong>l5).</strong></span> <span class='ocrx_word' id='word_1_198' title='bbox 1519 1555 1716 1611; x_wconf 89' lang='lat' dir='ltr'><strong>Decem</strong></span> <span class='ocrx_word' id='word_1_199' title='bbox 1825 1553 2059 1608; x_wconf 80' lang='lat' dir='ltr'><strong>maxime</strong></span> <span class='ocrx_word' id='word_1_200' title='bbox 2106 1568 2204 1622; x_wconf 90' lang='lat' dir='ltr'><strong>per</strong></span> <span class='ocrx_word' id='word_1_201' title='bbox 2241 1553 2342 1607; x_wconf 92' lang='lat' dir='ltr'><strong>hoc</strong></span> <span class='ocrx_word' id='word_1_202' title='bbox 2370 1554 2633 1624; x_wconf 88' lang='lat' dir='ltr'><strong>subrepit,</strong></span> <span class='ocrx_word' id='word_1_203' title='bbox 2664 1555 2792 1624; x_wconf 82' lang='lat' dir='ltr'><strong>quia</strong></span> <span class='ocrx_word' id='word_1_204' title='bbox 2823 1556 2949 1609; x_wconf 87' lang='lat' dir='ltr'><strong>dum</strong></span> <span class='ocrx_word' id='word_1_205' title='bbox 2980 1556 3284 1611; x_wconf 87' lang='lat' dir='ltr'><strong>redditibus</strong></span> <span class='ocrx_word' id='word_1_206' title='bbox 3311 1557 3411 1610; x_wconf 86' lang='lat' dir='ltr'><strong>Ec-</strong></span> 
     </span>
    </p>
   </div>
   <div class='ocr_carea' id='block_1_16' title="bbox 144 1642 3409 1718">
    <p class='ocr_par' dir='ltr' id='par_1_16' title="bbox 144 1642 3409 1718">
     <span class='ocr_line' id='line_1_16' title="bbox 144 1642 3409 1718; baseline 0.002 -22"><span class='ocrx_word' id='word_1_207' title='bbox 144 1657 373 1712; x_wconf 89' lang='lat' dir='ltr'><strong>namque</strong></span> <span class='ocrx_word' id='word_1_208' title='bbox 399 1643 576 1699; x_wconf 89' lang='lat' dir='ltr'><strong>tribus</strong></span> <span class='ocrx_word' id='word_1_209' title='bbox 619 1642 850 1698; x_wconf 89' lang='lat' dir='ltr'><strong>ﬁliorum</strong></span> <span class='ocrx_word' id='word_1_210' title='bbox 879 1644 1044 1700; x_wconf 87' lang='lat' dir='ltr'><strong>lsrael</strong></span> <span class='ocrx_word' id='word_1_211' title='bbox 1067 1660 1098 1700; x_wconf 93' lang='lat' dir='ltr'><strong>a</strong></span> <span class='ocrx_word' id='word_1_212' title='bbox 1129 1646 1289 1702; x_wconf 83' lang='lat' dir='ltr'><strong>demo</strong></span> <span class='ocrx_word' id='word_1_213' title='bbox 1321 1647 1506 1711; x_wconf 86' lang='lat' dir='ltr'><strong>David,</strong></span> <span class='ocrx_word' id='word_1_214' title='bbox 1554 1663 1723 1718; x_wconf 88' lang='lat' dir='ltr'><strong>quon-</strong></span> <span class='ocrx_word' id='word_1_215' title='bbox 1823 1643 2026 1710; x_wconf 70' lang='lat' dir='ltr'><strong>clesite,</strong></span> <span class='ocrx_word' id='word_1_216' title='bbox 2064 1645 2148 1700; x_wconf 91' lang='lat' dir='ltr'><strong>vel</strong></span> <span class='ocrx_word' id='word_1_217' title='bbox 2177 1644 2416 1698; x_wconf 90' lang='lat' dir='ltr'><strong>donariis</strong></span> <span class='ocrx_word' id='word_1_218' title='bbox 2459 1644 2692 1701; x_wconf 82' lang='lat' dir='ltr'><strong>ﬁdelium</strong></span> <span class='ocrx_word' id='word_1_219' title='bbox 2720 1646 2872 1700; x_wconf 88' lang='lat' dir='ltr'><strong>ditati</strong></span> <span class='ocrx_word' id='word_1_220' title='bbox 2903 1648 3292 1712; x_wconf 87' lang='lat' dir='ltr'><strong>incrassantur,</strong></span> <span class='ocrx_word' id='word_1_221' title='bbox 3325 1663 3409 1702; x_wconf 84' lang='lat' dir='ltr'><strong>rc-</strong></span> 
     </span>
    </p>
   </div>
   <div class='ocr_carea' id='block_1_17' title="bbox 145 1728 3405 1806">
    <p class='ocr_par' dir='ltr' id='par_1_17' title="bbox 145 1728 3405 1806">
     <span class='ocr_line' id='line_1_17' title="bbox 145 1728 3405 1806; baseline 0.001 -16"><span class='ocrx_word' id='word_1_222' title='bbox 145 1735 266 1789; x_wconf 87' lang='lat' dir='ltr'><strong>dam</strong></span> <span class='ocrx_word' id='word_1_223' title='bbox 295 1735 358 1791; x_wconf 90' lang='lat' dir='ltr'><strong>ad</strong></span> <span class='ocrx_word' id='word_1_224' title='bbox 406 1735 769 1792; x_wconf 87' lang='lat' dir='ltr'><strong>idololatriam</strong></span> <span class='ocrx_word' id='word_1_225' title='bbox 823 1747 1208 1806; x_wconf 84' lang='lat' dir='ltr'><strong>recesserunt;</strong></span> <span class='ocrx_word' id='word_1_226' title='bbox 1264 1748 1506 1797; x_wconf 81' lang='lat' dir='ltr'><strong>attamen</strong></span> <span class='ocrx_word' id='word_1_227' title='bbox 1551 1741 1721 1797; x_wconf 81' lang='lat' dir='ltr'><strong>tribus</strong></span> <span class='ocrx_word' id='word_1_228' title='bbox 1751 1745 1797 1805; x_wconf 79' lang='grc' dir='ltr'><strong>Β</strong></span> <span class='ocrx_word' id='word_1_229' title='bbox 1826 1735 2131 1801; x_wconf 86' lang='lat' dir='ltr'><strong>calcitrant,</strong></span> <span class='ocrx_word' id='word_1_230' title='bbox 2159 1743 2214 1790; x_wconf 92' lang='lat' dir='ltr'><strong>ct</strong></span> <span class='ocrx_word' id='word_1_231' title='bbox 2243 1734 2366 1804; x_wconf 88' lang='lat' dir='ltr'><strong>quia</strong></span> <span class='ocrx_word' id='word_1_232' title='bbox 2401 1734 2452 1789; x_wconf 93' lang='lat' dir='ltr'><strong>in</strong></span> <span class='ocrx_word' id='word_1_233' title='bbox 2497 1735 2681 1791; x_wconf 84' lang='lat' dir='ltr'><strong>labore</strong></span> <span class='ocrx_word' id='word_1_234' title='bbox 2707 1737 2988 1792; x_wconf 85' lang='lat' dir='ltr'><strong>hominum</strong></span> <span class='ocrx_word' id='word_1_235' title='bbox 3018 1728 3122 1792; x_wconf 84' lang='lat' dir='ltr'><strong>n&#39;ou</strong></span> <span class='ocrx_word' id='word_1_236' title='bbox 3154 1748 3298 1798; x_wconf 87' lang='lat' dir='ltr'><strong>sunt,</strong></span> <span class='ocrx_word' id='word_1_237' title='bbox 3337 1748 3405 1792; x_wconf 84' lang='lat' dir='ltr'><strong>te-</strong></span> 
     </span>
    </p>
   </div>
   <div class='ocr_carea' id='block_1_18' title="bbox 143 1823 3412 1898">
    <p class='ocr_par' dir='ltr' id='par_1_18' title="bbox 143 1823 3412 1898">
     <span class='ocr_line' id='line_1_18' title="bbox 143 1823 3412 1898; baseline 0.001 -17"><span class='ocrx_word' id='word_1_238' title='bbox 143 1823 300 1890; x_wconf 69' lang='lat' dir='ltr'><strong>Juda,</strong></span> <span class='ocrx_word' id='word_1_239' title='bbox 332 1835 592 1898; x_wconf 86' lang='lat' dir='ltr'><strong>tanquam</strong></span> <span class='ocrx_word' id='word_1_240' title='bbox 646 1830 699 1883; x_wconf 92' lang='lat' dir='ltr'><strong>in</strong></span> <span class='ocrx_word' id='word_1_241' title='bbox 752 1829 912 1884; x_wconf 91' lang='lat' dir='ltr'><strong>domo</strong></span> <span class='ocrx_word' id='word_1_242' title='bbox 950 1830 1118 1886; x_wconf 86' lang='lat' dir='ltr'><strong>David</strong></span> <span class='ocrx_word' id='word_1_243' title='bbox 1160 1832 1483 1897; x_wconf 84' lang='lat' dir='ltr'><strong>consistens,</strong></span> <span class='ocrx_word' id='word_1_244' title='bbox 1528 1833 1725 1890; x_wconf 67' lang='lat' dir='ltr'><strong>divina;</strong></span> <span class='ocrx_word' id='word_1_245' title='bbox 1826 1835 2026 1883; x_wconf 89' lang='lat' dir='ltr'><strong>nentur</strong></span> <span class='ocrx_word' id='word_1_246' title='bbox 2095 1829 2217 1884; x_wconf 90' lang='lat' dir='ltr'><strong>ideo</strong></span> <span class='ocrx_word' id='word_1_247' title='bbox 2257 1826 2508 1897; x_wconf 89' lang='lat' dir='ltr'><strong>superbia</strong></span> <span class='ocrx_word' id='word_1_248' title='bbox 2563 1846 2576 1880; x_wconf 85' lang='lat'><strong>:</strong></span> <span class='ocrx_word' id='word_1_249' title='bbox 2632 1828 2824 1884; x_wconf 86' lang='lat' dir='ltr'><strong>deinde</strong></span> <span class='ocrx_word' id='word_1_250' title='bbox 2894 1829 3110 1898; x_wconf 84' lang='lat' dir='ltr'><strong>plenam</strong></span> <span class='ocrx_word' id='word_1_251' title='bbox 3193 1845 3412 1884; x_wconf 80' lang='lat' dir='ltr'><strong>manuni</strong></span> 
     </span>
    </p>
   </div>
   <div class='ocr_carea' id='block_1_19' title="bbox 146 1918 3413 1998">
    <p class='ocr_par' dir='ltr' id='par_1_19' title="bbox 146 1918 3413 1998">
     <span class='ocr_line' id='line_1_19' title="bbox 146 1918 3413 1998; baseline 0.004 -34"><span class='ocrx_word' id='word_1_252' title='bbox 146 1919 416 1978; x_wconf 59' lang='lat' dir='ltr'><strong>servitutis</strong></span> <span class='ocrx_word' id='word_1_253' title='bbox 443 1919 644 1975; x_wconf 65' lang='lat' dir='ltr'><strong>cultum</strong></span> <span class='ocrx_word' id='word_1_254' title='bbox 672 1920 876 1976; x_wconf 74' lang='lat' dir='ltr'><strong>diutius</strong></span> <span class='ocrx_word' id='word_1_255' title='bbox 904 1923 1214 1977; x_wconf 70' lang='lat' dir='ltr'><strong>remntavit,</strong></span> <span class='ocrx_word' id='word_1_256' title='bbox 1248 1923 1355 1978; x_wconf 75' lang='lat' dir='ltr'><strong>Per</strong></span> <span class='ocrx_word' id='word_1_257' title='bbox 1381 1925 1566 1981; x_wconf 76' lang='lat' dir='ltr'><strong>decem</strong></span> <span class='ocrx_word' id='word_1_258' title='bbox 1596 1940 1726 1998; x_wconf 70' lang='lat' dir='ltr'><strong>ergo</strong></span> <span class='ocrx_word' id='word_1_259' title='bbox 1825 1918 2092 1974; x_wconf 87' lang='lat' dir='ltr'><strong>habentes</strong></span> <span class='ocrx_word' id='word_1_260' title='bbox 2143 1919 2331 1974; x_wconf 89' lang='lat' dir='ltr'><strong>vitium</strong></span> <span class='ocrx_word' id='word_1_261' title='bbox 2371 1918 2513 1973; x_wconf 90' lang='lat' dir='ltr'><strong>illius</strong></span> <span class='ocrx_word' id='word_1_262' title='bbox 2560 1921 2839 1990; x_wconf 86' lang='lat' dir='ltr'><strong>purpurati</strong></span> <span class='ocrx_word' id='word_1_263' title='bbox 2867 1920 3051 1974; x_wconf 88' lang='lat' dir='ltr'><strong>divitis</strong></span> <span class='ocrx_word' id='word_1_264' title='bbox 3108 1921 3413 1990; x_wconf 81' lang='lat' dir='ltr'><strong>incurrunt,</strong></span> 
     </span>
    </p>
   </div>
   <div class='ocr_carea' id='block_1_20' title="bbox 146 2007 3418 2081">
    <p class='ocr_par' dir='ltr' id='par_1_20' title="bbox 146 2007 3418 2081">
     <span class='ocr_line' id='line_1_20' title="bbox 146 2007 3418 2081; baseline 0 -21"><span class='ocrx_word' id='word_1_265' title='bbox 146 2007 317 2062; x_wconf 90' lang='lat' dir='ltr'><strong>tribus</strong></span> <span class='ocrx_word' id='word_1_266' title='bbox 352 2009 639 2064; x_wconf 88' lang='lat' dir='ltr'><strong>multitudo</strong></span> <span class='ocrx_word' id='word_1_267' title='bbox 668 2010 1027 2076; x_wconf 68' lang='lat' dir='ltr'><strong>smenlarium,</strong></span> <span class='ocrx_word' id='word_1_268' title='bbox 1052 2026 1150 2081; x_wconf 81' lang='lat' dir='ltr'><strong>per</strong></span> <span class='ocrx_word' id='word_1_269' title='bbox 1173 2025 1336 2068; x_wconf 80' lang='lat' dir='ltr'><strong>unam</strong></span> <span class='ocrx_word' id='word_1_270' title='bbox 1369 2029 1496 2069; x_wconf 77' lang='lat' dir='ltr'><strong>vero</strong></span> <span class='ocrx_word' id='word_1_271' title='bbox 1539 2031 1730 2072; x_wconf 80' lang='lat' dir='ltr'><strong>nume-</strong></span> <span class='ocrx_word' id='word_1_272' title='bbox 1827 2009 2072 2079; x_wconf 87' lang='lat' dir='ltr'><strong>quotidie</strong></span> <span class='ocrx_word' id='word_1_273' title='bbox 2117 2009 2369 2065; x_wconf 87' lang='lat' dir='ltr'><strong>videlicet</strong></span> <span class='ocrx_word' id='word_1_274' title='bbox 2412 2009 2694 2080; x_wconf 81' lang='lat' dir='ltr'><strong>splendide</strong></span> <span class='ocrx_word' id='word_1_275' title='bbox 2737 2010 2967 2080; x_wconf 88' lang='lat' dir='ltr'><strong>epulari,</strong></span> <span class='ocrx_word' id='word_1_276' title='bbox 3007 2017 3062 2065; x_wconf 87' lang='lat' dir='ltr'><strong>et</strong></span> <span class='ocrx_word' id='word_1_277' title='bbox 3095 2010 3418 2066; x_wconf 70' lang='grc' dir='ltr'>ειιΙιίοι-ἰὺιιι</span> 
     </span>
    </p>
   </div>
   <div class='ocr_carea' id='block_1_21' title="bbox 146 2099 1721 2176">
    <p class='ocr_par' dir='ltr' id='par_1_21' title="bbox 146 2099 1721 2176">
     <span class='ocr_line' id='line_1_21' title="bbox 146 2099 1721 2176; baseline 0.006 -24"><span class='ocrx_word' id='word_1_278' title='bbox 146 2113 241 2153; x_wconf 86' lang='lat' dir='ltr'><strong>rus</strong></span> <span class='ocrx_word' id='word_1_279' title='bbox 281 2099 796 2167; x_wconf 85' lang='lat' dir='ltr'><strong>ecclesiasticarum,</strong></span> <span class='ocrx_word' id='word_1_280' title='bbox 833 2103 926 2171; x_wconf 93' lang='lat' dir='ltr'><strong>qui</strong></span> <span class='ocrx_word' id='word_1_281' title='bbox 962 2103 1184 2160; x_wconf 88' lang='lat' dir='ltr'><strong>brevior</strong></span> <span class='ocrx_word' id='word_1_282' title='bbox 1226 2113 1331 2171; x_wconf 85' lang='lat' dir='ltr'><strong>est,</strong></span> <span class='ocrx_word' id='word_1_283' title='bbox 1381 2106 1721 2176; x_wconf 83' lang='lat' dir='ltr'><strong>exprimitur.</strong></span> 
     </span>
    </p>
   </div>
   <div class='ocr_carea' id='block_1_22' title="bbox 147 2194 1728 2268">
    <p class='ocr_par' dir='ltr' id='par_1_22' title="bbox 147 2194 1728 2268">
     <span class='ocr_line' id='line_1_22' title="bbox 147 2194 1728 2268; baseline 0.006 -22"><span class='ocrx_word' id='word_1_284' title='bbox 147 2194 552 2260; x_wconf 83' lang='lat' dir='ltr'><strong>Quantumlibet</strong></span> <span class='ocrx_word' id='word_1_285' title='bbox 581 2204 761 2252; x_wconf 89' lang='lat' dir='ltr'><strong>autem</strong></span> <span class='ocrx_word' id='word_1_286' title='bbox 804 2196 1091 2252; x_wconf 84' lang='lat' dir='ltr'><strong>saeculares</strong></span> <span class='ocrx_word' id='word_1_287' title='bbox 1120 2207 1375 2268; x_wconf 89' lang='lat' dir='ltr'><strong>tanquam</strong></span> <span class='ocrx_word' id='word_1_288' title='bbox 1411 2199 1516 2256; x_wconf 74' lang='lat' dir='ltr'><strong>illa:</strong></span> <span class='ocrx_word' id='word_1_289' title='bbox 1543 2199 1728 2256; x_wconf 90' lang='lat' dir='ltr'><strong>decem</strong></span> 
     </span>
    </p>
   </div>
   <div class='ocr_carea' id='block_1_23' title="bbox 148 2284 1730 2358">
    <p class='ocr_par' dir='ltr' id='par_1_23' title="bbox 148 2284 1730 2358">
     <span class='ocr_line' id='line_1_23' title="bbox 148 2284 1730 2358; baseline 0.006 -22"><span class='ocrx_word' id='word_1_290' title='bbox 148 2284 323 2340; x_wconf 88' lang='lat' dir='ltr'><strong>tribus</strong></span> <span class='ocrx_word' id='word_1_291' title='bbox 349 2300 378 2338; x_wconf 90' lang='lat' dir='ltr'><strong>a</strong></span> <span class='ocrx_word' id='word_1_292' title='bbox 407 2286 603 2341; x_wconf 91' lang='lat' dir='ltr'><strong>divinis</strong></span> <span class='ocrx_word' id='word_1_293' title='bbox 638 2286 850 2358; x_wconf 79' lang='lat' dir='ltr'><strong>legibus</strong></span> <span class='ocrx_word' id='word_1_294' title='bbox 878 2287 1244 2352; x_wconf 90' lang='lat' dir='ltr'><strong>exhorbitent,</strong></span> <span class='ocrx_word' id='word_1_295' title='bbox 1275 2289 1511 2345; x_wconf 89' lang='lat' dir='ltr'><strong>ministri</strong></span> <span class='ocrx_word' id='word_1_296' title='bbox 1551 2299 1730 2346; x_wconf 89' lang='lat' dir='ltr'><strong>tamen</strong></span> 
     </span>
    </p>
   </div>
   <div class='ocr_carea' id='block_1_24' title="bbox 145 2371 1733 2444">
    <p class='ocr_par' dir='ltr' id='par_1_24' title="bbox 145 2371 1733 2444">
     <span class='ocr_line' id='line_1_24' title="bbox 145 2371 1733 2444; baseline 0.005 -18"><span class='ocrx_word' id='word_1_297' title='bbox 145 2371 402 2428; x_wconf 68' lang='lat' dir='ltr'><strong>Ecclesiae</strong></span> <span class='ocrx_word' id='word_1_298' title='bbox 443 2382 702 2444; x_wconf 87' lang='lat' dir='ltr'><strong>tanquam</strong></span> <span class='ocrx_word' id='word_1_299' title='bbox 754 2376 929 2431; x_wconf 91' lang='lat' dir='ltr'><strong>tribus</strong></span> <span class='ocrx_word' id='word_1_300' title='bbox 979 2374 1117 2430; x_wconf 85' lang='lat' dir='ltr'><strong>Juda</strong></span> <span class='ocrx_word' id='word_1_301' title='bbox 1155 2375 1374 2433; x_wconf 87' lang='lat' dir='ltr'><strong>Christo</strong></span> <span class='ocrx_word' id='word_1_302' title='bbox 1431 2377 1733 2434; x_wconf 90' lang='lat' dir='ltr'><strong>debuerant</strong></span> 
     </span>
    </p>
   </div>
   <div class='ocr_carea' id='block_1_25' title="bbox 145 2461 1732 2536">
    <p class='ocr_par' dir='ltr' id='par_1_25' title="bbox 145 2461 1732 2536">
     <span class='ocr_line' id='line_1_25' title="bbox 145 2461 1732 2536; baseline 0.006 -20"><span class='ocrx_word' id='word_1_303' title='bbox 145 2461 434 2517; x_wconf 70' lang='lat' dir='ltr'><strong>inhzerere.</strong></span> <span class='ocrx_word' id='word_1_304' title='bbox 470 2462 715 2535; x_wconf 82' lang='lat' dir='ltr'><strong>Namque</strong></span> <span class='ocrx_word' id='word_1_305' title='bbox 749 2465 816 2520; x_wconf 89' lang='lat' dir='ltr'><strong>de</strong></span> <span class='ocrx_word' id='word_1_306' title='bbox 868 2465 976 2520; x_wconf 88' lang='lat' dir='ltr'><strong>illis</strong></span> <span class='ocrx_word' id='word_1_307' title='bbox 1016 2467 1202 2522; x_wconf 91' lang='lat' dir='ltr'><strong>decem</strong></span> <span class='ocrx_word' id='word_1_308' title='bbox 1239 2467 1511 2536; x_wconf 89' lang='lat' dir='ltr'><strong>tribubus,</strong></span> <span class='ocrx_word' id='word_1_309' title='bbox 1566 2469 1732 2526; x_wconf 90' lang='lat' dir='ltr'><strong>veluti</strong></span> 
     </span>
    </p>
   </div>
   <div class='ocr_carea' id='block_1_26' title="bbox 145 2551 1737 2626">
    <p class='ocr_par' dir='ltr' id='par_1_26' title="bbox 145 2551 1737 2626">
     <span class='ocr_line' id='line_1_26' title="bbox 145 2551 1737 2626; baseline 0.005 -19"><span class='ocrx_word' id='word_1_310' title='bbox 145 2551 212 2607; x_wconf 92' lang='lat' dir='ltr'><strong>de</strong></span> <span class='ocrx_word' id='word_1_311' title='bbox 245 2551 330 2607; x_wconf 88' lang='lat' dir='ltr'><strong>his</strong></span> <span class='ocrx_word' id='word_1_312' title='bbox 352 2553 444 2623; x_wconf 91' lang='lat' dir='ltr'><strong>qui</strong></span> <span class='ocrx_word' id='word_1_313' title='bbox 486 2569 630 2609; x_wconf 91' lang='lat' dir='ltr'><strong>nunc</strong></span> <span class='ocrx_word' id='word_1_314' title='bbox 654 2555 823 2611; x_wconf 89' lang='lat' dir='ltr'><strong>verbo</strong></span> <span class='ocrx_word' id='word_1_315' title='bbox 852 2570 959 2610; x_wconf 91' lang='lat' dir='ltr'><strong>non</strong></span> <span class='ocrx_word' id='word_1_316' title='bbox 1007 2569 1170 2626; x_wconf 89' lang='lat' dir='ltr'><strong>opere</strong></span> <span class='ocrx_word' id='word_1_317' title='bbox 1221 2556 1380 2613; x_wconf 91' lang='lat' dir='ltr'><strong>ﬁdem</strong></span> <span class='ocrx_word' id='word_1_318' title='bbox 1412 2565 1617 2625; x_wconf 92' lang='lat' dir='ltr'><strong>tenent,</strong></span> <span class='ocrx_word' id='word_1_319' title='bbox 1651 2569 1737 2615; x_wconf 90' lang='lat' dir='ltr'><strong>est</strong></span> 
     </span>
    </p>
   </div>
   <div class='ocr_carea' id='block_1_27' title="bbox 150 2639 1728 2711">
    <p class='ocr_par' dir='ltr' id='par_1_27' title="bbox 150 2639 1728 2711">
     <span class='ocr_line' id='line_1_27' title="bbox 150 2639 1728 2711; baseline 0.004 -17"><span class='ocrx_word' id='word_1_320' title='bbox 150 2639 242 2694; x_wconf 87' lang='lat' dir='ltr'><strong>illa</strong></span> <span class='ocrx_word' id='word_1_321' title='bbox 296 2640 389 2695; x_wconf 90' lang='lat' dir='ltr'><strong>Dei</strong></span> <span class='ocrx_word' id='word_1_322' title='bbox 442 2643 781 2711; x_wconf 90' lang='lat' dir='ltr'><strong>querimonia</strong></span> <span class='ocrx_word' id='word_1_323' title='bbox 841 2644 1116 2700; x_wconf 87' lang='lat' dir='ltr'><strong>dicentis:</strong></span> <span class='ocrx_word' id='word_1_324' title='bbox 1170 2646 1508 2702; x_wconf 76' lang='lat' dir='ltr'><strong>Adversatrix</strong></span> <span class='ocrx_word' id='word_1_325' title='bbox 1556 2646 1728 2702; x_wconf 89' lang='lat' dir='ltr'><strong>Israel</strong></span> 
     </span>
    </p>
   </div>
   <div class='ocr_carea' id='block_1_28' title="bbox 147 2731 1732 2808">
    <p class='ocr_par' dir='ltr' id='par_1_28' title="bbox 147 2731 1732 2808">
     <span class='ocr_line' id='line_1_28' title="bbox 147 2731 1732 2808; baseline 0.006 -23"><span class='ocrx_word' id='word_1_326' title='bbox 147 2731 301 2797; x_wconf 83' lang='lat' dir='ltr'><strong>abiit,</strong></span> <span class='ocrx_word' id='word_1_327' title='bbox 329 2743 376 2786; x_wconf 84' lang='lat' dir='ltr'><strong>et</strong></span> <span class='ocrx_word' id='word_1_328' title='bbox 417 2733 676 2802; x_wconf 73' lang='lat' dir='ltr'><strong>fornicata</strong></span> <span class='ocrx_word' id='word_1_329' title='bbox 704 2744 777 2789; x_wconf 87' lang='lat' dir='ltr'><strong>est</strong></span> <span class='ocrx_word' id='word_1_330' title='bbox 805 2735 904 2789; x_wconf 83' lang='lat' dir='ltr'><strong>sibi</strong></span> <span class='ocrx_word' id='word_1_331' title='bbox 950 2735 1086 2808; x_wconf 84' lang='lat' dir='ltr'><strong>(Jer.</strong></span> <span class='ocrx_word' id='word_1_332' title='bbox 1125 2753 1210 2803; x_wconf 87' lang='grc' dir='ltr'>ιιι,</span> <span class='ocrx_word' id='word_1_333' title='bbox 1240 2738 1316 2807; x_wconf 85' lang='lat'><strong>8).</strong></span> <span class='ocrx_word' id='word_1_334' title='bbox 1343 2738 1411 2793; x_wconf 88' lang='lat' dir='ltr'><strong>Et</strong></span> <span class='ocrx_word' id='word_1_335' title='bbox 1436 2739 1638 2802; x_wconf 83' lang='lat' dir='ltr'><strong>statim,</strong></span> <span class='ocrx_word' id='word_1_336' title='bbox 1674 2748 1732 2795; x_wconf 89' lang='lat' dir='ltr'><strong>ut</strong></span> 
     </span>
    </p>
   </div>
   <div class='ocr_carea' id='block_1_29' title="bbox 145 2822 1742 2894">
    <p class='ocr_par' dir='ltr' id='par_1_29' title="bbox 145 2822 1742 2894">
     <span class='ocr_line' id='line_1_29' title="bbox 145 2822 1742 2894; baseline 0.004 -16"><span class='ocrx_word' id='word_1_337' title='bbox 145 2822 576 2888; x_wconf 84' lang='lat' dir='ltr'><strong>ecclesiasticos,</strong></span> <span class='ocrx_word' id='word_1_338' title='bbox 599 2824 692 2894; x_wconf 91' lang='lat' dir='ltr'><strong>qui</strong></span> <span class='ocrx_word' id='word_1_339' title='bbox 717 2825 1020 2880; x_wconf 88' lang='lat' dir='ltr'><strong>imitatione</strong></span> <span class='ocrx_word' id='word_1_340' title='bbox 1044 2827 1384 2884; x_wconf 65' lang='lat' dir='ltr'><strong>saecularium</strong></span> <span class='ocrx_word' id='word_1_341' title='bbox 1405 2829 1742 2885; x_wconf 89' lang='lat' dir='ltr'><strong>deterioran-</strong></span> 
     </span>
    </p>
   </div>
   <div class='ocr_carea' id='block_1_30' title="bbox 145 2919 1736 2994">
    <p class='ocr_par' dir='ltr' id='par_1_30' title="bbox 145 2919 1736 2994">
     <span class='ocr_line' id='line_1_30' title="bbox 145 2919 1736 2994; baseline 0.004 -21"><span class='ocrx_word' id='word_1_342' title='bbox 145 2928 260 2982; x_wconf 91' lang='lat' dir='ltr'><strong>tur,</strong></span> <span class='ocrx_word' id='word_1_343' title='bbox 299 2919 651 2988; x_wconf 85' lang='lat' dir='ltr'><strong>exprimeret,</strong></span> <span class='ocrx_word' id='word_1_344' title='bbox 679 2919 916 2991; x_wconf 87' lang='lat' dir='ltr'><strong>qualiter</strong></span> <span class='ocrx_word' id='word_1_345' title='bbox 951 2935 1049 2991; x_wconf 86' lang='lat' dir='ltr'><strong>per</strong></span> <span class='ocrx_word' id='word_1_346' title='bbox 1092 2923 1337 2994; x_wconf 86' lang='lat' dir='ltr'><strong>exempla</strong></span> <span class='ocrx_word' id='word_1_347' title='bbox 1370 2923 1736 2980; x_wconf 86' lang='lat' dir='ltr'><strong>lsraelitarum</strong></span> 
     </span>
    </p>
   </div>
   <div class='ocr_carea' id='block_1_31' title="bbox 147 3009 1736 3085">
    <p class='ocr_par' dir='ltr' id='par_1_31' title="bbox 147 3009 1736 3085">
     <span class='ocr_line' id='line_1_31' title="bbox 147 3009 1736 3085; baseline 0.005 -24"><span class='ocrx_word' id='word_1_348' title='bbox 147 3012 348 3066; x_wconf 89' lang='lat' dir='ltr'><strong>domus</strong></span> <span class='ocrx_word' id='word_1_349' title='bbox 385 3009 523 3066; x_wconf 78' lang='lat' dir='ltr'><strong>luda</strong></span> <span class='ocrx_word' id='word_1_350' title='bbox 567 3011 848 3075; x_wconf 89' lang='lat' dir='ltr'><strong>ceciderit,</strong></span> <span class='ocrx_word' id='word_1_351' title='bbox 884 3011 1066 3068; x_wconf 87' lang='lat' dir='ltr'><strong>subdit</strong></span> <span class='ocrx_word' id='word_1_352' title='bbox 1090 3011 1277 3069; x_wconf 90' lang='lat' dir='ltr'><strong>dicens</strong></span> <span class='ocrx_word' id='word_1_353' title='bbox 1309 3032 1322 3068; x_wconf 94' lang='lat'><strong>:</strong></span> <span class='ocrx_word' id='word_1_354' title='bbox 1356 3013 1423 3068; x_wconf 85' lang='lat' dir='ltr'><strong>Et</strong></span> <span class='ocrx_word' id='word_1_355' title='bbox 1453 3014 1736 3085; x_wconf 75' lang='lat' dir='ltr'><strong>viditpraz-</strong></span> 
     </span>
    </p>
   </div>
   <div class='ocr_carea' id='block_1_32' title="bbox 1832 2099 3418 2173">
    <p class='ocr_par' dir='ltr' id='par_1_32' title="bbox 1832 2099 3418 2173">
     <span class='ocr_line' id='line_1_32' title="bbox 1832 2099 3418 2173; baseline 0.002 -20"><span class='ocrx_word' id='word_1_356' title='bbox 1832 2099 2071 2154; x_wconf 85' lang='lat' dir='ltr'><strong>vestibus</strong></span> <span class='ocrx_word' id='word_1_357' title='bbox 2097 2101 2390 2170; x_wconf 79' lang='lat' dir='ltr'><strong>gestientes</strong></span> <span class='ocrx_word' id='word_1_358' title='bbox 2438 2102 2703 2172; x_wconf 88' lang='lat' dir='ltr'><strong>pompari.</strong></span> <span class='ocrx_word' id='word_1_359' title='bbox 2731 2102 2868 2156; x_wconf 91' lang='lat' dir='ltr'><strong>Tum</strong></span> <span class='ocrx_word' id='word_1_360' title='bbox 2899 2117 3113 2172; x_wconf 91' lang='lat' dir='ltr'><strong>quoque</strong></span> <span class='ocrx_word' id='word_1_361' title='bbox 3152 2118 3263 2158; x_wconf 67' lang='lat' dir='ltr'><strong>suae</strong></span> <span class='ocrx_word' id='word_1_362' title='bbox 3291 2119 3418 2173; x_wconf 91' lang='lat' dir='ltr'><strong>pro-</strong></span> 
     </span>
    </p>
   </div>
   <div class='ocr_carea' id='block_1_33' title="bbox 1831 2185 3421 2261">
    <p class='ocr_par' dir='ltr' id='par_1_33' title="bbox 1831 2185 3421 2261">
     <span class='ocr_line' id='line_1_33' title="bbox 1831 2185 3421 2261; baseline 0.003 -20"><span class='ocrx_word' id='word_1_363' title='bbox 1831 2185 2083 2242; x_wconf 83' lang='lat' dir='ltr'><strong>fessionis</strong></span> <span class='ocrx_word' id='word_1_364' title='bbox 2127 2187 2275 2242; x_wconf 91' lang='lat' dir='ltr'><strong>obliti</strong></span> <span class='ocrx_word' id='word_1_365' title='bbox 2313 2187 2545 2243; x_wconf 66' lang='lat' dir='ltr'><strong>luxuriae</strong></span> <span class='ocrx_word' id='word_1_366' title='bbox 2595 2205 2785 2244; x_wconf 90' lang='lat' dir='ltr'><strong>manus</strong></span> <span class='ocrx_word' id='word_1_367' title='bbox 2821 2193 3060 2246; x_wconf 88' lang='lat' dir='ltr'><strong>tradunt.</strong></span> <span class='ocrx_word' id='word_1_368' title='bbox 3097 2191 3250 2261; x_wconf 83' lang='lat' dir='ltr'><strong>Apud</strong></span> <span class='ocrx_word' id='word_1_369' title='bbox 3281 2205 3421 2261; x_wconf 88' lang='lat' dir='ltr'><strong>quos</strong></span> 
     </span>
    </p>
   </div>
   <div class='ocr_carea' id='block_1_34' title="bbox 1830 2273 3418 2352">
    <p class='ocr_par' dir='ltr' id='par_1_34' title="bbox 1830 2273 3418 2352">
     <span class='ocr_line' id='line_1_34' title="bbox 1830 2273 3418 2352; baseline -0.001 -18"><span class='ocrx_word' id='word_1_370' title='bbox 1830 2273 2038 2350; x_wconf 78' lang='lat' dir='ltr'><strong>utique,</strong></span> <span class='ocrx_word' id='word_1_371' title='bbox 2065 2280 2220 2350; x_wconf 80' lang='lat' dir='ltr'><strong>juxta</strong></span> <span class='ocrx_word' id='word_1_372' title='bbox 2246 2279 2372 2352; x_wconf 89' lang='lat' dir='ltr'><strong>illud</strong></span> <span class='ocrx_word' id='word_1_373' title='bbox 2402 2280 2619 2345; x_wconf 92' lang='lat' dir='ltr'><strong>comici,</strong></span> <span class='ocrx_word' id='word_1_374' title='bbox 2650 2281 2832 2336; x_wconf 78' lang='lat' dir='ltr'><strong>Venus</strong></span> <span class='ocrx_word' id='word_1_375' title='bbox 2863 2281 3102 2352; x_wconf 86' lang='lat' dir='ltr'><strong>frigeret,</strong></span> <span class='ocrx_word' id='word_1_376' title='bbox 3133 2283 3178 2336; x_wconf 89' lang='lat' dir='ltr'><strong>si</strong></span> <span class='ocrx_word' id='word_1_377' title='bbox 3210 2282 3418 2338; x_wconf 78' lang='lat' dir='ltr'><strong>Cerere</strong></span> 
     </span>
    </p>
   </div>
   <div class='ocr_carea' id='block_1_35' title="bbox 1831 2370 3423 2440">
    <p class='ocr_par' dir='ltr' id='par_1_35' title="bbox 1831 2370 3423 2440">
     <span class='ocr_line' id='line_1_35' title="bbox 1831 2370 3423 2440; baseline 0.002 -14"><span class='ocrx_word' id='word_1_378' title='bbox 1831 2378 1887 2426; x_wconf 90' lang='lat' dir='ltr'><strong>et</strong></span> <span class='ocrx_word' id='word_1_379' title='bbox 1914 2370 2126 2426; x_wconf 87' lang='lat' dir='ltr'><strong>Baccho</strong></span> <span class='ocrx_word' id='word_1_380' title='bbox 2163 2385 2268 2425; x_wconf 91' lang='lat' dir='ltr'><strong>non</strong></span> <span class='ocrx_word' id='word_1_381' title='bbox 2300 2371 2647 2426; x_wconf 87' lang='lat' dir='ltr'><strong>abundasset.</strong></span> <span class='ocrx_word' id='word_1_382' title='bbox 2675 2370 2840 2440; x_wconf 87' lang='lat' dir='ltr'><strong>Cujus</strong></span> <span class='ocrx_word' id='word_1_383' title='bbox 2888 2375 3059 2428; x_wconf 74' lang='lat' dir='ltr'><strong>ruina:</strong></span> <span class='ocrx_word' id='word_1_384' title='bbox 3101 2373 3423 2429; x_wconf 80' lang='lat' dir='ltr'><strong>descensio-</strong></span> 
     </span>
    </p>
   </div>
   <div class='ocr_carea' id='block_1_36' title="bbox 1834 2463 3412 2536">
    <p class='ocr_par' dir='ltr' id='par_1_36' title="bbox 1834 2463 3412 2536">
     <span class='ocr_line' id='line_1_36' title="bbox 1834 2463 3412 2536; baseline 0 -17"><span class='ocrx_word' id='word_1_385' title='bbox 1834 2478 1959 2519; x_wconf 89' lang='lat' dir='ltr'><strong>nem</strong></span> <span class='ocrx_word' id='word_1_386' title='bbox 1991 2463 2108 2535; x_wconf 89' lang='lat' dir='ltr'><strong>ipsa</strong></span> <span class='ocrx_word' id='word_1_387' title='bbox 2154 2479 2366 2535; x_wconf 92' lang='lat' dir='ltr'><strong>quoque</strong></span> <span class='ocrx_word' id='word_1_388' title='bbox 2410 2464 2777 2520; x_wconf 89' lang='lat' dir='ltr'><strong>membrorum</strong></span> <span class='ocrx_word' id='word_1_389' title='bbox 2809 2465 3144 2520; x_wconf 88' lang='lat' dir='ltr'><strong>demonstrat</strong></span> <span class='ocrx_word' id='word_1_390' title='bbox 3190 2468 3412 2536; x_wconf 71' lang='lat' dir='ltr'><strong>positio,</strong></span> 
     </span>
    </p>
   </div>
   <div class='ocr_carea' id='block_1_37' title="bbox 1837 2554 3418 2627">
    <p class='ocr_par' dir='ltr' id='par_1_37' title="bbox 1837 2554 3418 2627">
     <span class='ocr_line' id='line_1_37' title="bbox 1837 2554 3418 2627; baseline 0.004 -18"><span class='ocrx_word' id='word_1_391' title='bbox 1837 2569 1960 2610; x_wconf 73' lang='lat' dir='ltr'><strong>cum</strong></span> <span class='ocrx_word' id='word_1_392' title='bbox 1974 2554 2222 2612; x_wconf 83' lang='lat' dir='ltr'><strong>videlicet</strong></span> <span class='ocrx_word' id='word_1_393' title='bbox 2251 2570 2348 2612; x_wconf 90' lang='lat' dir='ltr'><strong>cor</strong></span> <span class='ocrx_word' id='word_1_394' title='bbox 2369 2557 2468 2612; x_wconf 74' lang='lat' dir='ltr'><strong>tiri</strong></span> <span class='ocrx_word' id='word_1_395' title='bbox 2501 2555 2751 2627; x_wconf 86' lang='lat' dir='ltr'><strong>superbia</strong></span> <span class='ocrx_word' id='word_1_396' title='bbox 2774 2558 3418 2627; x_wconf 77' lang='lat' dir='ltr'><strong>tumetspiritus,dein:le</strong></span> 
     </span>
    </p>
   </div>
   <div class='ocr_carea' id='block_1_38' title="bbox 1837 2647 3422 2720">
    <p class='ocr_par' dir='ltr' id='par_1_38' title="bbox 1837 2647 3422 2720">
     <span class='ocr_line' id='line_1_38' title="bbox 1837 2647 3422 2720; baseline 0.004 -20"><span class='ocrx_word' id='word_1_397' title='bbox 1837 2655 2045 2712; x_wconf 79' lang='lat' dir='ltr'><strong>venter,</strong></span> <span class='ocrx_word' id='word_1_398' title='bbox 2078 2656 2354 2719; x_wconf 86' lang='lat' dir='ltr'><strong>postremo</strong></span> <span class='ocrx_word' id='word_1_399' title='bbox 2378 2647 2634 2718; x_wconf 80' lang='lat' dir='ltr'><strong>genitalia</strong></span> <span class='ocrx_word' id='word_1_400' title='bbox 2661 2648 3014 2704; x_wconf 87' lang='lat' dir='ltr'><strong>collocantur.</strong></span> <span class='ocrx_word' id='word_1_401' title='bbox 3043 2648 3304 2720; x_wconf 88' lang='lat' dir='ltr'><strong>Superbia</strong></span> <span class='ocrx_word' id='word_1_402' title='bbox 3338 2662 3422 2706; x_wconf 90' lang='lat' dir='ltr'><strong>cst</strong></span> 
     </span>
    </p>
   </div>
   <div class='ocr_carea' id='block_1_39' title="bbox 1840 2735 3422 2810">
    <p class='ocr_par' dir='ltr' id='par_1_39' title="bbox 1840 2735 3422 2810">
     <span class='ocr_line' id='line_1_39' title="bbox 1840 2735 3422 2810; baseline 0.003 -20"><span class='ocrx_word' id='word_1_403' title='bbox 1840 2735 2084 2805; x_wconf 84' lang='lat' dir='ltr'><strong>spiritus,</strong></span> <span class='ocrx_word' id='word_1_404' title='bbox 2111 2738 2332 2808; x_wconf 71' lang='lat' dir='ltr'><strong>reliqua:</strong></span> <span class='ocrx_word' id='word_1_405' title='bbox 2361 2737 2479 2792; x_wconf 71' lang='lat' dir='ltr'><strong>dua:</strong></span> <span class='ocrx_word' id='word_1_406' title='bbox 2511 2739 2710 2793; x_wconf 86' lang='lat' dir='ltr'><strong>carnis.</strong></span> <span class='ocrx_word' id='word_1_407' title='bbox 2730 2737 2861 2806; x_wconf 69' lang='lat' dir='ltr'><strong>Qum</strong></span> <span class='ocrx_word' id='word_1_408' title='bbox 2878 2739 2995 2793; x_wconf 64' lang='lat' dir='ltr'><strong>duae</strong></span> <span class='ocrx_word' id='word_1_409' title='bbox 3013 2749 3298 2810; x_wconf 83' lang='lat' dir='ltr'><strong>postquam</strong></span> <span class='ocrx_word' id='word_1_410' title='bbox 3325 2741 3422 2794; x_wconf 83' lang='lat' dir='ltr'><strong>ho-</strong></span> 
     </span>
    </p>
   </div>
   <div class='ocr_carea' id='block_1_40' title="bbox 1841 2823 3426 2898">
    <p class='ocr_par' dir='ltr' id='par_1_40' title="bbox 1841 2823 3426 2898">
     <span class='ocr_line' id='line_1_40' title="bbox 1841 2823 3426 2898; baseline 0.005 -21"><span class='ocrx_word' id='word_1_411' title='bbox 1841 2823 2042 2879; x_wconf 82' lang='lat' dir='ltr'><strong>minem</strong></span> <span class='ocrx_word' id='word_1_412' title='bbox 2056 2824 2362 2892; x_wconf 82' lang='lat' dir='ltr'><strong>illexerunt,</strong></span> <span class='ocrx_word' id='word_1_413' title='bbox 2377 2840 2443 2882; x_wconf 89' lang='lat' dir='ltr'><strong>eo</strong></span> <span class='ocrx_word' id='word_1_414' title='bbox 2456 2825 2726 2882; x_wconf 80' lang='lat' dir='ltr'><strong>diﬁlcilius</strong></span> <span class='ocrx_word' id='word_1_415' title='bbox 2741 2827 3081 2898; x_wconf 89' lang='lat' dir='ltr'><strong>deponuntur</strong></span> <span class='ocrx_word' id='word_1_416' title='bbox 3093 2844 3198 2898; x_wconf 92' lang='lat' dir='ltr'><strong>quo</strong></span> <span class='ocrx_word' id='word_1_417' title='bbox 3215 2828 3426 2885; x_wconf 87' lang='lat' dir='ltr'><strong>dulcius</strong></span> 
     </span>
    </p>
   </div>
   <div class='ocr_carea' id='block_1_41' title="bbox 1844 2918 3425 2991">
    <p class='ocr_par' dir='ltr' id='par_1_41' title="bbox 1844 2918 3425 2991">
     <span class='ocr_line' id='line_1_41' title="bbox 1844 2918 3425 2991; baseline 0.002 -18"><span class='ocrx_word' id='word_1_418' title='bbox 1844 2928 2090 2974; x_wconf 85' lang='lat' dir='ltr'><strong>utuntur.</strong></span> <span class='ocrx_word' id='word_1_419' title='bbox 2115 2919 2235 2974; x_wconf 79' lang='lat' dir='ltr'><strong>1am</strong></span> <span class='ocrx_word' id='word_1_420' title='bbox 2263 2934 2395 2974; x_wconf 90' lang='lat' dir='ltr'><strong>vero</strong></span> <span class='ocrx_word' id='word_1_421' title='bbox 2418 2920 2471 2974; x_wconf 93' lang='lat' dir='ltr'><strong>hi</strong></span> <span class='ocrx_word' id='word_1_422' title='bbox 2500 2918 2634 2976; x_wconf 89' lang='lat' dir='ltr'><strong>tales</strong></span> <span class='ocrx_word' id='word_1_423' title='bbox 2660 2928 2852 2976; x_wconf 88' lang='lat' dir='ltr'><strong>contra</strong></span> <span class='ocrx_word' id='word_1_424' title='bbox 2887 2921 3201 2991; x_wconf 87' lang='lat' dir='ltr'><strong>Apostoluni</strong></span> <span class='ocrx_word' id='word_1_425' title='bbox 3227 2937 3425 2977; x_wconf 81' lang='lat' dir='ltr'><strong>secun-</strong></span> 
     </span>
    </p>
   </div>
   <div class='ocr_carea' id='block_1_42' title="bbox 1845 3009 3412 3084">
    <p class='ocr_par' dir='ltr' id='par_1_42' title="bbox 1845 3009 3412 3084">
     <span class='ocr_line' id='line_1_42' title="bbox 1845 3009 3412 3084; baseline 0.002 -21"><span class='ocrx_word' id='word_1_426' title='bbox 1845 3009 1970 3063; x_wconf 92' lang='lat' dir='ltr'><strong>dum</strong></span> <span class='ocrx_word' id='word_1_427' title='bbox 2002 3021 2224 3065; x_wconf 88' lang='lat' dir='ltr'><strong>carnem</strong></span> <span class='ocrx_word' id='word_1_428' title='bbox 2281 3009 2524 3066; x_wconf 82' lang='lat' dir='ltr'><strong>viventes</strong></span> <span class='ocrx_word' id='word_1_429' title='bbox 2568 3011 2634 3065; x_wconf 93' lang='lat' dir='ltr'><strong>de</strong></span> <span class='ocrx_word' id='word_1_430' title='bbox 2687 3024 2944 3081; x_wconf 80' lang='lat' dir='ltr'><strong>corporea</strong></span> <span class='ocrx_word' id='word_1_431' title='bbox 2999 3011 3278 3067; x_wconf 88' lang='lat' dir='ltr'><strong>nobilitate</strong></span> <span class='ocrx_word' id='word_1_432' title='bbox 3314 3013 3412 3084; x_wconf 86' lang='lat' dir='ltr'><strong>glo-</strong></span> 
     </span>
    </p>
   </div>
   <div class='ocr_carea' id='block_1_43' title="bbox 145 3093 3422 3174">
    <p class='ocr_par' dir='ltr' id='par_1_43' title="bbox 145 3093 3422 3174">
     <span class='ocr_line' id='line_1_43' title="bbox 145 3093 3422 3174; baseline 0.004 -18"><span class='ocrx_word' id='word_1_433' title='bbox 145 3102 440 3157; x_wconf 78' lang='lat' dir='ltr'><strong>caricatria:</strong></span> <span class='ocrx_word' id='word_1_434' title='bbox 485 3119 636 3157; x_wconf 86' lang='lat' dir='ltr'><strong>soror</strong></span> <span class='ocrx_word' id='word_1_435' title='bbox 662 3102 773 3174; x_wconf 80' lang='lat' dir='ltr'><strong>ejus</strong></span> <span class='ocrx_word' id='word_1_436' title='bbox 796 3101 834 3156; x_wconf 79' lang='grc' dir='ltr'><em>Ι</em></span> <span class='ocrx_word' id='word_1_437' title='bbox 839 3103 964 3170; x_wconf 89' lang='lat' dir='ltr'><strong>uda,</strong></span> <span class='ocrx_word' id='word_1_438' title='bbox 999 3104 1138 3174; x_wconf 85' lang='lat' dir='ltr'><strong>quod</strong></span> <span class='ocrx_word' id='word_1_439' title='bbox 1181 3105 1438 3160; x_wconf 66' lang='lat' dir='ltr'><strong>machara</strong></span> <span class='ocrx_word' id='word_1_440' title='bbox 1474 3115 1606 3160; x_wconf 80' lang='lat' dir='ltr'><strong>esset</strong></span> <span class='ocrx_word' id='word_1_441' title='bbox 1634 3106 1734 3160; x_wconf 80' lang='lat' dir='ltr'><strong>ad-</strong></span> <span class='ocrx_word' id='word_1_442' title='bbox 1764 3093 1809 3154; x_wconf 85' lang='lat' dir='ltr'><strong>C</strong></span> <span class='ocrx_word' id='word_1_443' title='bbox 1842 3097 2052 3153; x_wconf 82' lang='lat' dir='ltr'><strong>riantur</strong></span> <span class='ocrx_word' id='word_1_444' title='bbox 2084 3116 2097 3153; x_wconf 88' lang='lat'><strong>:</strong></span> <span class='ocrx_word' id='word_1_445' title='bbox 2123 3099 2214 3170; x_wconf 90' lang='lat' dir='ltr'><strong>qui</strong></span> <span class='ocrx_word' id='word_1_446' title='bbox 2235 3097 2281 3154; x_wconf 88' lang='lat' dir='ltr'><strong>si</strong></span> <span class='ocrx_word' id='word_1_447' title='bbox 2312 3114 2410 3169; x_wconf 90' lang='lat' dir='ltr'><strong>pro</strong></span> <span class='ocrx_word' id='word_1_448' title='bbox 2431 3107 2582 3154; x_wconf 82' lang='lat' dir='ltr'><strong>certo</strong></span> <span class='ocrx_word' id='word_1_449' title='bbox 2609 3099 2703 3154; x_wconf 84' lang='lat' dir='ltr'><strong>Dei</strong></span> <span class='ocrx_word' id='word_1_450' title='bbox 2731 3099 2869 3156; x_wconf 78' lang='lat' dir='ltr'><strong>ﬁlios</strong></span> <span class='ocrx_word' id='word_1_451' title='bbox 2888 3115 2946 3156; x_wconf 80' lang='lat' dir='ltr'><strong>se</strong></span> <span class='ocrx_word' id='word_1_452' title='bbox 2972 3115 3032 3156; x_wconf 72' lang='grc' dir='ltr'><strong>οε</strong></span> <span class='ocrx_word' id='word_1_453' title='bbox 3060 3117 3091 3157; x_wconf 79' lang='lat' dir='ltr'><strong>e</strong></span> <span class='ocrx_word' id='word_1_454' title='bbox 3114 3103 3422 3168; x_wconf 58' lang='lat' dir='ltr'><strong>crederent.</strong></span> 
     </span>
    </p>
   </div>
   <div class='ocr_carea' id='block_1_44' title="bbox 140 3191 1738 3262">
    <p class='ocr_par' dir='ltr' id='par_1_44' title="bbox 140 3191 1738 3262">
     <span class='ocr_line' id='line_1_44' title="bbox 140 3191 1738 3262; baseline 0.002 -16"><span class='ocrx_word' id='word_1_455' title='bbox 140 3195 410 3248; x_wconf 78' lang='lat' dir='ltr'><strong>eersatria:</strong></span> <span class='ocrx_word' id='word_1_456' title='bbox 435 3191 626 3258; x_wconf 85' lang='lat' dir='ltr'><strong>Israel,</strong></span> <span class='ocrx_word' id='word_1_457' title='bbox 649 3202 696 3248; x_wconf 90' lang='lat' dir='ltr'><strong>et</strong></span> <span class='ocrx_word' id='word_1_458' title='bbox 721 3193 862 3262; x_wconf 84' lang='lat' dir='ltr'><strong>quod</strong></span> <span class='ocrx_word' id='word_1_459' title='bbox 890 3193 1202 3248; x_wconf 84' lang='lat' dir='ltr'><strong>dimisissem</strong></span> <span class='ocrx_word' id='word_1_460' title='bbox 1243 3212 1381 3261; x_wconf 89' lang='lat' dir='ltr'><strong>eam,</strong></span> <span class='ocrx_word' id='word_1_461' title='bbox 1408 3205 1455 3249; x_wconf 87' lang='lat' dir='ltr'><strong>et</strong></span> <span class='ocrx_word' id='word_1_462' title='bbox 1479 3195 1738 3251; x_wconf 81' lang='lat' dir='ltr'><strong>dedissem</strong></span> 
     </span>
    </p>
   </div>
   <div class='ocr_carea' id='block_1_45' title="bbox 139 3284 1744 3357">
    <p class='ocr_par' dir='ltr' id='par_1_45' title="bbox 139 3284 1744 3357">
     <span class='ocr_line' id='line_1_45' title="bbox 139 3284 1744 3357; baseline 0.002 -19"><span class='ocrx_word' id='word_1_463' title='bbox 139 3286 192 3338; x_wconf 87' lang='lat' dir='ltr'><strong>ei</strong></span> <span class='ocrx_word' id='word_1_464' title='bbox 218 3284 460 3340; x_wconf 83' lang='lat' dir='ltr'><strong>libellum</strong></span> <span class='ocrx_word' id='word_1_465' title='bbox 511 3285 713 3354; x_wconf 81' lang='lat' dir='ltr'><strong>repudii</strong></span> <span class='ocrx_word' id='word_1_466' title='bbox 744 3300 763 3339; x_wconf 88' lang='lat'><strong><em>:</em></strong></span> <span class='ocrx_word' id='word_1_467' title='bbox 787 3301 892 3339; x_wconf 84' lang='lat' dir='ltr'><strong>non</strong></span> <span class='ocrx_word' id='word_1_468' title='bbox 921 3286 1130 3352; x_wconf 80' lang='lat' dir='ltr'><strong>timuit;</strong></span> <span class='ocrx_word' id='word_1_469' title='bbox 1174 3288 1264 3342; x_wconf 84' lang='lat' dir='ltr'><strong>sed</strong></span> <span class='ocrx_word' id='word_1_470' title='bbox 1311 3288 1460 3354; x_wconf 85' lang='lat' dir='ltr'><strong>abiit,</strong></span> <span class='ocrx_word' id='word_1_471' title='bbox 1490 3298 1538 3343; x_wconf 88' lang='lat' dir='ltr'><strong>et</strong></span> <span class='ocrx_word' id='word_1_472' title='bbox 1576 3288 1744 3357; x_wconf 79' lang='lat' dir='ltr'><strong>forni-</strong></span> 
     </span>
    </p>
   </div>
   <div class='ocr_carea' id='block_1_46' title="bbox 139 3375 1745 3450">
    <p class='ocr_par' dir='ltr' id='par_1_46' title="bbox 139 3375 1745 3450">
     <span class='ocr_line' id='line_1_46' title="bbox 139 3375 1745 3450; baseline 0.002 -20"><span class='ocrx_word' id='word_1_473' title='bbox 139 3386 268 3431; x_wconf 84' lang='lat' dir='ltr'><strong>cata</strong></span> <span class='ocrx_word' id='word_1_474' title='bbox 305 3387 384 3431; x_wconf 90' lang='lat' dir='ltr'><strong>est</strong></span> <span class='ocrx_word' id='word_1_475' title='bbox 419 3376 576 3431; x_wconf 88' lang='lat' dir='ltr'><strong>etiam</strong></span> <span class='ocrx_word' id='word_1_476' title='bbox 601 3377 712 3447; x_wconf 88' lang='lat' dir='ltr'><strong>ipsa</strong></span> <span class='ocrx_word' id='word_1_477' title='bbox 745 3375 956 3448; x_wconf 84' lang='lat' dir='ltr'><strong>(Ibid.).</strong></span> <span class='ocrx_word' id='word_1_478' title='bbox 983 3377 1114 3446; x_wconf 68' lang='lat' dir='ltr'><strong>Quae</strong></span> <span class='ocrx_word' id='word_1_479' title='bbox 1147 3379 1327 3432; x_wconf 88' lang='lat' dir='ltr'><strong>omnia</strong></span> <span class='ocrx_word' id='word_1_480' title='bbox 1352 3394 1494 3434; x_wconf 91' lang='lat' dir='ltr'><strong>nunc</strong></span> <span class='ocrx_word' id='word_1_481' title='bbox 1521 3379 1745 3450; x_wconf 89' lang='lat' dir='ltr'><strong>implen-</strong></span> 
     </span>
    </p>
   </div>
   <div class='ocr_carea' id='block_1_47' title="bbox 138 3466 1747 3532">
    <p class='ocr_par' dir='ltr' id='par_1_47' title="bbox 138 3466 1747 3532">
     <span class='ocr_line' id='line_1_47' title="bbox 138 3466 1747 3532; baseline 0.005 -12"><span class='ocrx_word' id='word_1_482' title='bbox 138 3476 259 3532; x_wconf 90' lang='lat' dir='ltr'><strong>tur,</strong></span> <span class='ocrx_word' id='word_1_483' title='bbox 295 3481 424 3522; x_wconf 90' lang='lat' dir='ltr'><strong>cum</strong></span> <span class='ocrx_word' id='word_1_484' title='bbox 469 3466 538 3522; x_wconf 89' lang='lat' dir='ltr'><strong>ad</strong></span> <span class='ocrx_word' id='word_1_485' title='bbox 568 3467 924 3522; x_wconf 88' lang='lat' dir='ltr'><strong>imitationem</strong></span> <span class='ocrx_word' id='word_1_486' title='bbox 959 3469 1262 3525; x_wconf 89' lang='lat' dir='ltr'><strong>carnalium</strong></span> <span class='ocrx_word' id='word_1_487' title='bbox 1293 3471 1529 3526; x_wconf 87' lang='lat' dir='ltr'><strong>ministri</strong></span> <span class='ocrx_word' id='word_1_488' title='bbox 1558 3471 1747 3529; x_wconf 87' lang='lat' dir='ltr'><strong>Eccle-</strong></span> 
     </span>
    </p>
   </div>
   <div class='ocr_carea' id='block_1_48' title="bbox 150 3558 1742 3637">
    <p class='ocr_par' dir='ltr' id='par_1_48' title="bbox 150 3558 1742 3637">
     <span class='ocr_line' id='line_1_48' title="bbox 150 3558 1742 3637; baseline 0.005 -25"><span class='ocrx_word' id='word_1_489' title='bbox 150 3559 256 3613; x_wconf 79' lang='lat' dir='ltr'><strong>sia:</strong></span> <span class='ocrx_word' id='word_1_490' title='bbox 288 3558 679 3626; x_wconf 87' lang='lat' dir='ltr'><strong>devolvuntur;</strong></span> <span class='ocrx_word' id='word_1_491' title='bbox 719 3575 841 3616; x_wconf 89' lang='lat' dir='ltr'><strong>cum</strong></span> <span class='ocrx_word' id='word_1_492' title='bbox 877 3560 1128 3617; x_wconf 91' lang='lat' dir='ltr'><strong>similiter</strong></span> <span class='ocrx_word' id='word_1_493' title='bbox 1150 3577 1244 3620; x_wconf 85' lang='lat' dir='ltr'><strong>eos</strong></span> <span class='ocrx_word' id='word_1_494' title='bbox 1266 3564 1515 3634; x_wconf 87' lang='lat' dir='ltr'><strong>superbia</strong></span> <span class='ocrx_word' id='word_1_495' title='bbox 1562 3565 1742 3637; x_wconf 87' lang='lat' dir='ltr'><strong>erigit,</strong></span> 
     </span>
    </p>
   </div>
   <div class='ocr_carea' id='block_1_49' title="bbox 137 3648 1746 3726">
    <p class='ocr_par' dir='ltr' id='par_1_49' title="bbox 137 3648 1746 3726">
     <span class='ocr_line' id='line_1_49' title="bbox 137 3648 1746 3726; baseline 0.004 -23"><span class='ocrx_word' id='word_1_496' title='bbox 137 3648 387 3704; x_wconf 84' lang='lat' dir='ltr'><strong>avaritia</strong></span> <span class='ocrx_word' id='word_1_497' title='bbox 442 3649 719 3717; x_wconf 85' lang='lat' dir='ltr'><strong>tabefacit,</strong></span> <span class='ocrx_word' id='word_1_498' title='bbox 761 3651 1008 3723; x_wconf 85' lang='lat' dir='ltr'><strong>voluptas</strong></span> <span class='ocrx_word' id='word_1_499' title='bbox 1064 3651 1279 3720; x_wconf 89' lang='lat' dir='ltr'><strong>dilatat,</strong></span> <span class='ocrx_word' id='word_1_500' title='bbox 1327 3654 1536 3711; x_wconf 90' lang='lat' dir='ltr'><strong>malitia</strong></span> <span class='ocrx_word' id='word_1_501' title='bbox 1577 3671 1746 3726; x_wconf 86' lang='lat' dir='ltr'><strong>angu-</strong></span> 
     </span>
    </p>
   </div>
   <div class='ocr_carea' id='block_1_50' title="bbox 135 3737 1748 3812">
    <p class='ocr_par' dir='ltr' id='par_1_50' title="bbox 135 3737 1748 3812">
     <span class='ocr_line' id='line_1_50' title="bbox 135 3737 1748 3812; baseline 0.005 -20"><span class='ocrx_word' id='word_1_502' title='bbox 135 3745 285 3803; x_wconf 86' lang='lat' dir='ltr'><strong>stat,</strong></span> <span class='ocrx_word' id='word_1_503' title='bbox 318 3739 401 3793; x_wconf 90' lang='lat' dir='ltr'><strong>ira</strong></span> <span class='ocrx_word' id='word_1_504' title='bbox 438 3737 753 3803; x_wconf 80' lang='lat' dir='ltr'><strong>inﬂammat,</strong></span> <span class='ocrx_word' id='word_1_505' title='bbox 801 3739 1072 3796; x_wconf 87' lang='lat' dir='ltr'><strong>discordia</strong></span> <span class='ocrx_word' id='word_1_506' title='bbox 1099 3751 1336 3812; x_wconf 87' lang='lat' dir='ltr'><strong>separat,</strong></span> <span class='ocrx_word' id='word_1_507' title='bbox 1369 3743 1570 3800; x_wconf 90' lang='lat' dir='ltr'><strong>invidia</strong></span> <span class='ocrx_word' id='word_1_508' title='bbox 1596 3744 1748 3800; x_wconf 86' lang='lat' dir='ltr'><strong>exul-</strong></span> 
     </span>
    </p>
   </div>
   <div class='ocr_carea' id='block_1_51' title="bbox 134 3830 1748 3907">
    <p class='ocr_par' dir='ltr' id='par_1_51' title="bbox 134 3830 1748 3907">
     <span class='ocr_line' id='line_1_51' title="bbox 134 3830 1748 3907; baseline 0.003 -22"><span class='ocrx_word' id='word_1_509' title='bbox 134 3837 329 3896; x_wconf 86' lang='lat' dir='ltr'><strong>cerat,</strong></span> <span class='ocrx_word' id='word_1_510' title='bbox 379 3830 592 3885; x_wconf 87' lang='lat' dir='ltr'><strong>luxuria</strong></span> <span class='ocrx_word' id='word_1_511' title='bbox 641 3831 932 3901; x_wconf 90' lang='lat' dir='ltr'><strong>inquinans</strong></span> <span class='ocrx_word' id='word_1_512' title='bbox 983 3841 1158 3888; x_wconf 90' lang='lat' dir='ltr'><strong>necat.</strong></span> <span class='ocrx_word' id='word_1_513' title='bbox 1201 3833 1269 3888; x_wconf 82' lang='lat' dir='ltr'><strong>Et</strong></span> <span class='ocrx_word' id='word_1_514' title='bbox 1315 3834 1442 3890; x_wconf 91' lang='lat' dir='ltr'><strong>item</strong></span> <span class='ocrx_word' id='word_1_515' title='bbox 1495 3835 1596 3906; x_wconf 90' lang='lat' dir='ltr'><strong>ipsi</strong></span> <span class='ocrx_word' id='word_1_516' title='bbox 1649 3851 1748 3907; x_wconf 91' lang='lat' dir='ltr'><strong>per</strong></span> 
     </span>
    </p>
   </div>
   <div class='ocr_carea' id='block_1_52' title="bbox 131 3922 1750 3994">
    <p class='ocr_par' dir='ltr' id='par_1_52' title="bbox 131 3922 1750 3994">
     <span class='ocr_line' id='line_1_52' title="bbox 131 3922 1750 3994; baseline 0.005 -20"><span class='ocrx_word' id='word_1_517' title='bbox 131 3937 290 3993; x_wconf 84' lang='lat' dir='ltr'><strong>quos</strong></span> <span class='ocrx_word' id='word_1_518' title='bbox 322 3922 613 3978; x_wconf 67' lang='lat' dir='ltr'><strong>sreculares</strong></span> <span class='ocrx_word' id='word_1_519' title='bbox 643 3923 842 3994; x_wconf 77' lang='lat' dir='ltr'><strong>corrigi</strong></span> <span class='ocrx_word' id='word_1_520' title='bbox 891 3924 1212 3992; x_wconf 90' lang='lat' dir='ltr'><strong>debuerant,</strong></span> <span class='ocrx_word' id='word_1_521' title='bbox 1268 3939 1362 3982; x_wconf 91' lang='lat' dir='ltr'><strong>eos</strong></span> <span class='ocrx_word' id='word_1_522' title='bbox 1410 3929 1477 3982; x_wconf 91' lang='lat' dir='ltr'><strong>ad</strong></span> <span class='ocrx_word' id='word_1_523' title='bbox 1513 3935 1750 3982; x_wconf 77' lang='lat' dir='ltr'><strong>contem-</strong></span> 
     </span>
    </p>
   </div>
   <div class='ocr_carea' id='block_1_53' title="bbox 130 4011 1746 4087">
    <p class='ocr_par' dir='ltr' id='par_1_53' title="bbox 130 4011 1746 4087">
     <span class='ocr_line' id='line_1_53' title="bbox 130 4011 1746 4087; baseline 0.005 -21"><span class='ocrx_word' id='word_1_524' title='bbox 130 4022 305 4084; x_wconf 88' lang='lat' dir='ltr'><strong>ptum</strong></span> <span class='ocrx_word' id='word_1_525' title='bbox 348 4011 726 4068; x_wconf 89' lang='lat' dir='ltr'><strong>mandatorum</strong></span> <span class='ocrx_word' id='word_1_526' title='bbox 762 4014 856 4069; x_wconf 89' lang='lat' dir='ltr'><strong>Dei</strong></span> <span class='ocrx_word' id='word_1_527' title='bbox 887 4027 985 4084; x_wconf 88' lang='lat' dir='ltr'><strong>per</strong></span> <span class='ocrx_word' id='word_1_528' title='bbox 1016 4028 1115 4069; x_wconf 90' lang='lat' dir='ltr'><strong>sua</strong></span> <span class='ocrx_word' id='word_1_529' title='bbox 1138 4015 1276 4070; x_wconf 89' lang='lat' dir='ltr'><strong>mala</strong></span> <span class='ocrx_word' id='word_1_530' title='bbox 1317 4017 1560 4087; x_wconf 87' lang='lat' dir='ltr'><strong>exempla</strong></span> <span class='ocrx_word' id='word_1_531' title='bbox 1591 4017 1746 4074; x_wconf 92' lang='lat' dir='ltr'><strong>insti-</strong></span> 
     </span>
    </p>
   </div>
   <div class='ocr_carea' id='block_1_54' title="bbox 129 4101 1747 4178">
    <p class='ocr_par' dir='ltr' id='par_1_54' title="bbox 129 4101 1747 4178">
     <span class='ocr_line' id='line_1_54' title="bbox 129 4101 1747 4178; baseline 0.005 -23"><span class='ocrx_word' id='word_1_532' title='bbox 129 4113 307 4174; x_wconf 82' lang='lat' dir='ltr'><strong>gant.</strong></span> <span class='ocrx_word' id='word_1_533' title='bbox 343 4101 409 4156; x_wconf 87' lang='lat' dir='ltr'><strong>Et</strong></span> <span class='ocrx_word' id='word_1_534' title='bbox 432 4118 556 4158; x_wconf 91' lang='lat' dir='ltr'><strong>cum</strong></span> <span class='ocrx_word' id='word_1_535' title='bbox 581 4102 878 4159; x_wconf 90' lang='lat' dir='ltr'><strong>debuerant</strong></span> <span class='ocrx_word' id='word_1_536' title='bbox 908 4102 1112 4170; x_wconf 87' lang='lat' dir='ltr'><strong>lucere,</strong></span> <span class='ocrx_word' id='word_1_537' title='bbox 1156 4114 1216 4160; x_wconf 89' lang='lat' dir='ltr'><strong>ut</strong></span> <span class='ocrx_word' id='word_1_538' title='bbox 1257 4107 1666 4178; x_wconf 85' lang='lat' dir='ltr'><strong>aitApostolus,</strong></span> <span class='ocrx_word' id='word_1_539' title='bbox 1692 4108 1747 4163; x_wconf 90' lang='lat' dir='ltr'><strong>in</strong></span> 
     </span>
    </p>
   </div>
   <div class='ocr_carea' id='block_1_55' title="bbox 129 4197 1745 4269">
    <p class='ocr_par' dir='ltr' id='par_1_55' title="bbox 129 4197 1745 4269">
     <span class='ocr_line' id='line_1_55' title="bbox 129 4197 1745 4269; baseline 0.001 -17"><span class='ocrx_word' id='word_1_540' title='bbox 129 4197 340 4253; x_wconf 85' lang='lat' dir='ltr'><strong>medio</strong></span> <span class='ocrx_word' id='word_1_541' title='bbox 365 4197 602 4253; x_wconf 88' lang='lat' dir='ltr'><strong>nationis</strong></span> <span class='ocrx_word' id='word_1_542' title='bbox 634 4213 830 4269; x_wconf 62' lang='lat' dir='ltr'><strong>pravae,</strong></span> <span class='ocrx_word' id='word_1_543' title='bbox 867 4207 927 4254; x_wconf 94' lang='lat' dir='ltr'><strong>ut</strong></span> <span class='ocrx_word' id='word_1_544' title='bbox 974 4213 1068 4254; x_wconf 88' lang='lat' dir='ltr'><strong>eos</strong></span> <span class='ocrx_word' id='word_1_545' title='bbox 1099 4197 1450 4269; x_wconf 88' lang='lat' dir='ltr'><strong>resplendere</strong></span> <span class='ocrx_word' id='word_1_546' title='bbox 1481 4197 1745 4266; x_wconf 88' lang='lat' dir='ltr'><strong>facerent,</strong></span> 
     </span>
    </p>
   </div>
   <div class='ocr_carea' id='block_1_56' title="bbox 127 4289 1747 4365">
    <p class='ocr_par' dir='ltr' id='par_1_56' title="bbox 127 4289 1747 4365">
     <span class='ocr_line' id='line_1_56' title="bbox 127 4289 1747 4365; baseline 0.004 -21"><span class='ocrx_word' id='word_1_547' title='bbox 127 4290 334 4361; x_wconf 83' lang='lat' dir='ltr'><strong>magis</strong></span> <span class='ocrx_word' id='word_1_548' title='bbox 364 4289 580 4346; x_wconf 92' lang='lat' dir='ltr'><strong>illorum</strong></span> <span class='ocrx_word' id='word_1_549' title='bbox 634 4291 878 4362; x_wconf 83' lang='lat' dir='ltr'><strong>exempla</strong></span> <span class='ocrx_word' id='word_1_550' title='bbox 924 4301 1216 4365; x_wconf 89' lang='lat' dir='ltr'><strong>sequentes</strong></span> <span class='ocrx_word' id='word_1_551' title='bbox 1249 4293 1652 4360; x_wconf 90' lang='lat' dir='ltr'><strong>tenebrescunt,</strong></span> <span class='ocrx_word' id='word_1_552' title='bbox 1689 4304 1747 4350; x_wconf 93' lang='lat' dir='ltr'><strong>ut</strong></span> 
     </span>
    </p>
   </div>
   <div class='ocr_carea' id='block_1_57' title="bbox 125 4383 1744 4458">
    <p class='ocr_par' dir='ltr' id='par_1_57' title="bbox 125 4383 1744 4458">
     <span class='ocr_line' id='line_1_57' title="bbox 125 4383 1744 4458; baseline 0 -20"><span class='ocrx_word' id='word_1_553' title='bbox 125 4384 423 4454; x_wconf 84' lang='lat' dir='ltr'><strong>scriptum</strong></span> <span class='ocrx_word' id='word_1_554' title='bbox 452 4392 538 4438; x_wconf 90' lang='lat' dir='ltr'><strong>est</strong></span> <span class='ocrx_word' id='word_1_555' title='bbox 571 4401 583 4437; x_wconf 91' lang='lat'><strong>:</strong></span> <span class='ocrx_word' id='word_1_556' title='bbox 637 4383 753 4437; x_wconf 82' lang='lat' dir='ltr'><strong>Erit</strong></span> <span class='ocrx_word' id='word_1_557' title='bbox 782 4384 913 4439; x_wconf 87' lang='lat' dir='ltr'><strong>sicut</strong></span> <span class='ocrx_word' id='word_1_558' title='bbox 957 4383 1182 4455; x_wconf 82' lang='lat' dir='ltr'><strong>populus</strong></span> <span class='ocrx_word' id='word_1_559' title='bbox 1208 4385 1285 4440; x_wconf 83' lang='lat' dir='ltr'><strong>sic</strong></span> <span class='ocrx_word' id='word_1_560' title='bbox 1314 4386 1561 4440; x_wconf 84' lang='lat' dir='ltr'><strong>sacerdos</strong></span> <span class='ocrx_word' id='word_1_561' title='bbox 1605 4385 1744 4458; x_wconf 87' lang='lat' dir='ltr'><strong>(Isa.</strong></span> 
     </span>
    </p>
   </div>
   <div class='ocr_carea' id='block_1_58' title="bbox 1842 3191 3425 3262">
    <p class='ocr_par' dir='ltr' id='par_1_58' title="bbox 1842 3191 3425 3262">
     <span class='ocr_line' id='line_1_58' title="bbox 1842 3191 3425 3262; baseline 0.003 -18"><span class='ocrx_word' id='word_1_562' title='bbox 1842 3203 2117 3261; x_wconf 88' lang='lat' dir='ltr'><strong>nunquam</strong></span> <span class='ocrx_word' id='word_1_563' title='bbox 2155 3200 2278 3262; x_wconf 90' lang='lat' dir='ltr'><strong>post</strong></span> <span class='ocrx_word' id='word_1_564' title='bbox 2311 3192 2522 3246; x_wconf 90' lang='lat' dir='ltr'><strong>divinos</strong></span> <span class='ocrx_word' id='word_1_565' title='bbox 2553 3191 2760 3248; x_wconf 89' lang='lat' dir='ltr'><strong>natales</strong></span> <span class='ocrx_word' id='word_1_566' title='bbox 2804 3193 3137 3248; x_wconf 90' lang='lat' dir='ltr'><strong>nobilitatem</strong></span> <span class='ocrx_word' id='word_1_567' title='bbox 3184 3194 3425 3248; x_wconf 84' lang='lat' dir='ltr'><strong>admira-</strong></span> 
     </span>
    </p>
   </div>
   <div class='ocr_carea' id='block_1_59' title="bbox 1844 3282 3428 3354">
    <p class='ocr_par' dir='ltr' id='par_1_59' title="bbox 1844 3282 3428 3354">
     <span class='ocr_line' id='line_1_59' title="bbox 1844 3282 3428 3354; baseline 0.001 -18"><span class='ocrx_word' id='word_1_568' title='bbox 1844 3292 2031 3337; x_wconf 89' lang='lat' dir='ltr'><strong>rentur</strong></span> <span class='ocrx_word' id='word_1_569' title='bbox 2057 3291 2328 3338; x_wconf 89' lang='lat' dir='ltr'><strong>terrenam</strong></span> <span class='ocrx_word' id='word_1_570' title='bbox 2362 3299 2376 3336; x_wconf 86' lang='lat'><strong>:</strong></span> <span class='ocrx_word' id='word_1_571' title='bbox 2415 3291 2614 3337; x_wconf 89' lang='lat' dir='ltr'><strong>etcum</strong></span> <span class='ocrx_word' id='word_1_572' title='bbox 2643 3282 2902 3354; x_wconf 87' lang='lat' dir='ltr'><strong>scriptum</strong></span> <span class='ocrx_word' id='word_1_573' title='bbox 2934 3283 3005 3338; x_wconf 89' lang='lat' dir='ltr'><strong>sit</strong></span> <span class='ocrx_word' id='word_1_574' title='bbox 3033 3298 3048 3337; x_wconf 90' lang='lat'><strong>:</strong></span> <span class='ocrx_word' id='word_1_575' title='bbox 3082 3282 3164 3337; x_wconf 86' lang='lat' dir='ltr'><strong>Ne</strong></span> <span class='ocrx_word' id='word_1_576' title='bbox 3189 3283 3428 3354; x_wconf 83' lang='lat' dir='ltr'><strong>glorieris</strong></span> 
     </span>
    </p>
   </div>
   <div class='ocr_carea' id='block_1_60' title="bbox 1845 3373 3430 3448">
    <p class='ocr_par' dir='ltr' id='par_1_60' title="bbox 1845 3373 3430 3448">
     <span class='ocr_line' id='line_1_60' title="bbox 1845 3373 3430 3448; baseline 0.003 -21"><span class='ocrx_word' id='word_1_577' title='bbox 1845 3374 1898 3428; x_wconf 86' lang='lat' dir='ltr'><strong>in</strong></span> <span class='ocrx_word' id='word_1_578' title='bbox 1941 3376 2126 3430; x_wconf 83' lang='lat' dir='ltr'><strong>vestitu</strong></span> <span class='ocrx_word' id='word_1_579' title='bbox 2169 3391 2396 3446; x_wconf 84' lang='lat' dir='ltr'><strong>unquam</strong></span> <span class='ocrx_word' id='word_1_580' title='bbox 2427 3373 2618 3446; x_wconf 81' lang='lat' dir='ltr'><strong>(Eccli.</strong></span> <span class='ocrx_word' id='word_1_581' title='bbox 2648 3392 2700 3430; x_wconf 73' lang='grc' dir='ltr'>χι</span> <span class='ocrx_word' id='word_1_582' title='bbox 2724 3416 2739 3440; x_wconf 91' lang='grc'><strong>,</strong></span> <span class='ocrx_word' id='word_1_583' title='bbox 2773 3374 2827 3448; x_wconf 74' lang='grc'><strong>4)</strong></span> <span class='ocrx_word' id='word_1_584' title='bbox 2858 3416 2872 3439; x_wconf 95' lang='grc'><strong>,</strong></span> <span class='ocrx_word' id='word_1_585' title='bbox 2905 3376 2990 3430; x_wconf 91' lang='lat' dir='ltr'><strong>isti</strong></span> <span class='ocrx_word' id='word_1_586' title='bbox 3042 3377 3183 3444; x_wconf 91' lang='lat' dir='ltr'><strong>quod</strong></span> <span class='ocrx_word' id='word_1_587' title='bbox 3228 3377 3430 3432; x_wconf 75' lang='lat' dir='ltr'><strong>audent</strong></span> 
     </span>
    </p>
   </div>
   <div class='ocr_carea' id='block_1_61' title="bbox 1847 3462 3404 3536">
    <p class='ocr_par' dir='ltr' id='par_1_61' title="bbox 1847 3462 3404 3536">
     <span class='ocr_line' id='line_1_61' title="bbox 1847 3462 3404 3536; baseline 0.001 -19"><span class='ocrx_word' id='word_1_588' title='bbox 1847 3462 2070 3520; x_wconf 88' lang='lat' dir='ltr'><strong>faciunt.</strong></span> <span class='ocrx_word' id='word_1_589' title='bbox 2107 3464 2243 3519; x_wconf 82' lang='lat' dir='ltr'><strong>Nam</strong></span> <span class='ocrx_word' id='word_1_590' title='bbox 2294 3479 2462 3534; x_wconf 77' lang='lat' dir='ltr'><strong>genus</strong></span> <span class='ocrx_word' id='word_1_591' title='bbox 2491 3464 2708 3536; x_wconf 88' lang='lat' dir='ltr'><strong>quidem</strong></span> <span class='ocrx_word' id='word_1_592' title='bbox 2756 3465 3104 3529; x_wconf 87' lang='lat' dir='ltr'><strong>vestimenti,</strong></span> <span class='ocrx_word' id='word_1_593' title='bbox 3138 3464 3279 3534; x_wconf 85' lang='lat' dir='ltr'><strong>quod</strong></span> <span class='ocrx_word' id='word_1_594' title='bbox 3308 3463 3404 3518; x_wconf 72' lang='grc' dir='ltr'><strong>τειὶ</strong></span> 
     </span>
    </p>
   </div>
   <div class='ocr_carea' id='block_1_62' title="bbox 1845 3558 3430 3630">
    <p class='ocr_par' dir='ltr' id='par_1_62' title="bbox 1845 3558 3430 3630">
     <span class='ocr_line' id='line_1_62' title="bbox 1845 3558 3430 3630; baseline -0.002 -16"><span class='ocrx_word' id='word_1_595' title='bbox 1845 3561 1992 3628; x_wconf 84' lang='lat' dir='ltr'><strong>gioni</strong></span> <span class='ocrx_word' id='word_1_596' title='bbox 2041 3560 2349 3616; x_wconf 89' lang='lat' dir='ltr'><strong>dedicatum</strong></span> <span class='ocrx_word' id='word_1_597' title='bbox 2409 3569 2542 3629; x_wconf 84' lang='lat' dir='ltr'><strong>est,</strong></span> <span class='ocrx_word' id='word_1_598' title='bbox 2599 3559 2815 3630; x_wconf 86' lang='lat' dir='ltr'><strong>penitus</strong></span> <span class='ocrx_word' id='word_1_599' title='bbox 2871 3568 3090 3629; x_wconf 86' lang='lat' dir='ltr'><strong>propter</strong></span> <span class='ocrx_word' id='word_1_600' title='bbox 3137 3558 3430 3612; x_wconf 87' lang='lat' dir='ltr'><strong>humanam</strong></span> 
     </span>
    </p>
   </div>
   <div class='ocr_carea' id='block_1_63' title="bbox 1847 3650 3429 3722">
    <p class='ocr_par' dir='ltr' id='par_1_63' title="bbox 1847 3650 3429 3722">
     <span class='ocr_line' id='line_1_63' title="bbox 1847 3650 3429 3722; baseline 0 -17"><span class='ocrx_word' id='word_1_601' title='bbox 1847 3652 2321 3722; x_wconf 88' lang='lat' dir='ltr'><strong>reprehensionem</strong></span> <span class='ocrx_word' id='word_1_602' title='bbox 2350 3652 2586 3722; x_wconf 84' lang='lat' dir='ltr'><strong>abjicere</strong></span> <span class='ocrx_word' id='word_1_603' title='bbox 2615 3652 2939 3706; x_wconf 89' lang='lat' dir='ltr'><strong>erubescunt</strong></span> <span class='ocrx_word' id='word_1_604' title='bbox 2963 3689 2978 3714; x_wconf 94' lang='lat'><strong>,</strong></span> <span class='ocrx_word' id='word_1_605' title='bbox 3010 3650 3220 3705; x_wconf 90' lang='lat' dir='ltr'><strong>colores</strong></span> <span class='ocrx_word' id='word_1_606' title='bbox 3249 3657 3429 3705; x_wconf 88' lang='lat' dir='ltr'><strong>tamen</strong></span> 
     </span>
    </p>
   </div>
   <div class='ocr_carea' id='block_1_64' title="bbox 1846 3737 3433 3810">
    <p class='ocr_par' dir='ltr' id='par_1_64' title="bbox 1846 3737 3433 3810">
     <span class='ocr_line' id='line_1_64' title="bbox 1846 3737 3433 3810; baseline -0.001 -16"><span class='ocrx_word' id='word_1_607' title='bbox 1846 3748 1901 3794; x_wconf 88' lang='lat' dir='ltr'><strong>et</strong></span> <span class='ocrx_word' id='word_1_608' title='bbox 1949 3739 2231 3796; x_wconf 89' lang='lat' dir='ltr'><strong>mollitiem</strong></span> <span class='ocrx_word' id='word_1_609' title='bbox 2275 3741 2515 3796; x_wconf 90' lang='lat' dir='ltr'><strong>studiose</strong></span> <span class='ocrx_word' id='word_1_610' title='bbox 2564 3746 2855 3810; x_wconf 64' lang='lat' dir='ltr'><strong>quaerunt:</strong></span> <span class='ocrx_word' id='word_1_611' title='bbox 2890 3738 3138 3808; x_wconf 89' lang='lat' dir='ltr'><strong>quamvis</strong></span> <span class='ocrx_word' id='word_1_612' title='bbox 3190 3737 3433 3793; x_wconf 89' lang='lat' dir='ltr'><strong>nonnulli</strong></span> 
     </span>
    </p>
   </div>
   <div class='ocr_carea' id='block_1_65' title="bbox 1847 3827 3435 3900">
    <p class='ocr_par' dir='ltr' id='par_1_65' title="bbox 1847 3827 3435 3900">
     <span class='ocr_line' id='line_1_65' title="bbox 1847 3827 3435 3900; baseline -0.001 -16"><span class='ocrx_word' id='word_1_613' title='bbox 1847 3829 2012 3885; x_wconf 88' lang='lat' dir='ltr'><strong>etiam</strong></span> <span class='ocrx_word' id='word_1_614' title='bbox 2054 3831 2298 3897; x_wconf 86' lang='lat' dir='ltr'><strong>abbates,</strong></span> <span class='ocrx_word' id='word_1_615' title='bbox 2328 3839 2388 3886; x_wconf 93' lang='grc' dir='ltr'><strong>ιιι</strong></span> <span class='ocrx_word' id='word_1_616' title='bbox 2417 3837 2634 3900; x_wconf 89' lang='lat' dir='ltr'><strong>apertas</strong></span> <span class='ocrx_word' id='word_1_617' title='bbox 2661 3829 2827 3885; x_wconf 89' lang='lat' dir='ltr'><strong>etiam</strong></span> <span class='ocrx_word' id='word_1_618' title='bbox 2859 3828 3171 3884; x_wconf 90' lang='lat' dir='ltr'><strong>inimicitias</strong></span> <span class='ocrx_word' id='word_1_619' title='bbox 3199 3827 3340 3883; x_wconf 87' lang='lat' dir='ltr'><strong>inter</strong></span> <span class='ocrx_word' id='word_1_620' title='bbox 3371 3842 3435 3884; x_wconf 87' lang='lat' dir='ltr'><strong>se</strong></span> 
     </span>
    </p>
   </div>
   <div class='ocr_carea' id='block_1_66' title="bbox 1847 3919 3430 3994">
    <p class='ocr_par' dir='ltr' id='par_1_66' title="bbox 1847 3919 3430 3994">
     <span class='ocr_line' id='line_1_66' title="bbox 1847 3919 3430 3994; baseline -0.002 -18"><span class='ocrx_word' id='word_1_621' title='bbox 1847 3931 1902 3976; x_wconf 91' lang='lat' dir='ltr'><strong>et</strong></span> <span class='ocrx_word' id='word_1_622' title='bbox 1945 3930 2188 3978; x_wconf 85' lang='lat' dir='ltr'><strong>sanctam</strong></span> <span class='ocrx_word' id='word_1_623' title='bbox 2219 3925 2458 3994; x_wconf 86' lang='lat' dir='ltr'><strong>regulam</strong></span> <span class='ocrx_word' id='word_1_624' title='bbox 2484 3929 2850 3992; x_wconf 88' lang='lat' dir='ltr'><strong>protestentur</strong></span> <span class='ocrx_word' id='word_1_625' title='bbox 2879 3919 3040 3992; x_wconf 72' lang='lat'><strong>(667),</strong></span> <span class='ocrx_word' id='word_1_626' title='bbox 3068 3919 3430 3975; x_wconf 83' lang='lat' dir='ltr'><strong>monasticam</strong></span> 
     </span>
    </p>
   </div>
   <div class='ocr_carea' id='block_1_67' title="bbox 1849 4009 3435 4081">
    <p class='ocr_par' dir='ltr' id='par_1_67' title="bbox 1849 4009 3435 4081">
     <span class='ocr_line' id='line_1_67' title="bbox 1849 4009 3435 4081; baseline -0.001 -15"><span class='ocrx_word' id='word_1_627' title='bbox 1849 4012 2064 4068; x_wconf 88' lang='lat' dir='ltr'><strong>schema</strong></span> <span class='ocrx_word' id='word_1_628' title='bbox 2088 4052 2106 4079; x_wconf 88' lang='lat'><strong>,</strong></span> <span class='ocrx_word' id='word_1_629' title='bbox 2156 4012 2408 4068; x_wconf 91' lang='lat' dir='ltr'><strong>videlicet</strong></span> <span class='ocrx_word' id='word_1_630' title='bbox 2457 4010 2718 4066; x_wconf 85' lang='lat' dir='ltr'><strong>eucullam</strong></span> <span class='ocrx_word' id='word_1_631' title='bbox 2740 4051 2756 4074; x_wconf 94' lang='lat'><strong>,</strong></span> <span class='ocrx_word' id='word_1_632' title='bbox 2785 4010 3008 4065; x_wconf 88' lang='lat' dir='ltr'><strong>induere</strong></span> <span class='ocrx_word' id='word_1_633' title='bbox 3053 4009 3435 4081; x_wconf 79' lang='lat' dir='ltr'><strong>dedignantur.</strong></span> 
     </span>
    </p>
   </div>
   <div class='ocr_carea' id='block_1_68' title="bbox 1850 4099 3436 4168">
    <p class='ocr_par' dir='ltr' id='par_1_68' title="bbox 1850 4099 3436 4168">
     <span class='ocr_line' id='line_1_68' title="bbox 1850 4099 3436 4168; baseline -0.001 -11"><span class='ocrx_word' id='word_1_634' title='bbox 1850 4103 1917 4157; x_wconf 86' lang='lat' dir='ltr'><strong>Et</strong></span> <span class='ocrx_word' id='word_1_635' title='bbox 1954 4114 2101 4160; x_wconf 91' lang='lat' dir='ltr'><strong>certe</strong></span> <span class='ocrx_word' id='word_1_636' title='bbox 2131 4104 2272 4159; x_wconf 89' lang='lat' dir='ltr'><strong>sicut</strong></span> <span class='ocrx_word' id='word_1_637' title='bbox 2327 4105 2378 4158; x_wconf 89' lang='lat' dir='ltr'><strong>in</strong></span> <span class='ocrx_word' id='word_1_638' title='bbox 2431 4103 2569 4158; x_wconf 91' lang='lat' dir='ltr'><strong>libro</strong></span> <span class='ocrx_word' id='word_1_639' title='bbox 2613 4101 2943 4157; x_wconf 87' lang='lat' dir='ltr'><strong>Geronticon</strong></span> <span class='ocrx_word' id='word_1_640' title='bbox 2991 4099 3212 4168; x_wconf 89' lang='lat' dir='ltr'><strong>dicitur,</strong></span> <span class='ocrx_word' id='word_1_641' title='bbox 3242 4100 3436 4156; x_wconf 86' lang='lat' dir='ltr'><strong>eadem</strong></span> 
     </span>
    </p>
   </div>
   <div class='ocr_carea' id='block_1_69' title="bbox 1849 4191 3440 4266">
    <p class='ocr_par' dir='ltr' id='par_1_69' title="bbox 1849 4191 3440 4266">
     <span class='ocr_line' id='line_1_69' title="bbox 1849 4191 3440 4266; baseline -0.001 -16"><span class='ocrx_word' id='word_1_642' title='bbox 1849 4195 2010 4250; x_wconf 92' lang='lat' dir='ltr'><strong>datur</strong></span> <span class='ocrx_word' id='word_1_643' title='bbox 2049 4195 2222 4266; x_wconf 86' lang='lat' dir='ltr'><strong>gratia</strong></span> <span class='ocrx_word' id='word_1_644' title='bbox 2251 4194 2304 4249; x_wconf 92' lang='lat' dir='ltr'><strong>in</strong></span> <span class='ocrx_word' id='word_1_645' title='bbox 2335 4193 2654 4249; x_wconf 90' lang='lat' dir='ltr'><strong>monachico</strong></span> <span class='ocrx_word' id='word_1_646' title='bbox 2696 4193 2882 4249; x_wconf 90' lang='lat' dir='ltr'><strong>habitu</strong></span> <span class='ocrx_word' id='word_1_647' title='bbox 2915 4232 2930 4259; x_wconf 96' lang='lat'><strong>,</strong></span> <span class='ocrx_word' id='word_1_648' title='bbox 2967 4208 3086 4263; x_wconf 67' lang='lat' dir='ltr'><strong>quae</strong></span> <span class='ocrx_word' id='word_1_649' title='bbox 3111 4202 3168 4248; x_wconf 91' lang='lat' dir='ltr'><strong>et</strong></span> <span class='ocrx_word' id='word_1_650' title='bbox 3214 4192 3266 4248; x_wconf 91' lang='lat' dir='ltr'><strong>in</strong></span> <span class='ocrx_word' id='word_1_651' title='bbox 3305 4191 3440 4248; x_wconf 88' lang='lat' dir='ltr'><strong>albis</strong></span> 
     </span>
    </p>
   </div>
   <div class='ocr_carea' id='block_1_70' title="bbox 1849 4283 3436 4356">
    <p class='ocr_par' dir='ltr' id='par_1_70' title="bbox 1849 4283 3436 4356">
     <span class='ocr_line' id='line_1_70' title="bbox 1849 4283 3436 4356; baseline -0.001 -16"><span class='ocrx_word' id='word_1_652' title='bbox 1849 4285 2123 4356; x_wconf 90' lang='lat' dir='ltr'><strong>baptismi.</strong></span> <span class='ocrx_word' id='word_1_653' title='bbox 2173 4285 2237 4340; x_wconf 85' lang='lat' dir='ltr'><strong>Et</strong></span> <span class='ocrx_word' id='word_1_654' title='bbox 2285 4285 2425 4341; x_wconf 92' lang='lat' dir='ltr'><strong>sicut</strong></span> <span class='ocrx_word' id='word_1_655' title='bbox 2461 4285 2652 4339; x_wconf 87' lang='lat' dir='ltr'><strong>beatus</strong></span> <span class='ocrx_word' id='word_1_656' title='bbox 2705 4283 3065 4354; x_wconf 85' lang='lat' dir='ltr'><strong>Hieronymus</strong></span> <span class='ocrx_word' id='word_1_657' title='bbox 3112 4285 3166 4338; x_wconf 91' lang='lat' dir='ltr'><strong>in</strong></span> <span class='ocrx_word' id='word_1_658' title='bbox 3206 4283 3436 4354; x_wconf 89' lang='lat' dir='ltr'><strong>epistola</strong></span> 
     </span>
    </p>
   </div>
   <div class='ocr_carea' id='block_1_71' title="bbox 1851 4375 3440 4448">
    <p class='ocr_par' dir='ltr' id='par_1_71' title="bbox 1851 4375 3440 4448">
     <span class='ocr_line' id='line_1_71' title="bbox 1851 4375 3440 4448; baseline -0.002 -15"><span class='ocrx_word' id='word_1_659' title='bbox 1851 4379 1917 4433; x_wconf 88' lang='lat' dir='ltr'><strong>ad</strong></span> <span class='ocrx_word' id='word_1_660' title='bbox 1960 4378 2123 4433; x_wconf 87' lang='lat' dir='ltr'><strong>ﬁliam</strong></span> <span class='ocrx_word' id='word_1_661' title='bbox 2151 4377 2395 4431; x_wconf 84' lang='lat' dir='ltr'><strong>Mauricii</strong></span> <span class='ocrx_word' id='word_1_662' title='bbox 2435 4377 2721 4446; x_wconf 88' lang='lat' dir='ltr'><strong>perhibet,</strong></span> <span class='ocrx_word' id='word_1_663' title='bbox 2755 4375 2975 4448; x_wconf 81' lang='lat' dir='ltr'><strong>grandis</strong></span> <span class='ocrx_word' id='word_1_664' title='bbox 3012 4375 3204 4431; x_wconf 83' lang='lat' dir='ltr'><strong>divinae</strong></span> <span class='ocrx_word' id='word_1_665' title='bbox 3251 4376 3440 4447; x_wconf 69' lang='lat' dir='ltr'><strong>gratim</strong></span> 
     </span>
    </p>
   </div>
   <div class='ocr_carea' id='block_1_72' title="bbox 127 4439 3443 4546">
    <p class='ocr_par' dir='ltr' id='par_1_72' title="bbox 127 4439 3443 4546">
     <span class='ocr_line' id='line_1_72' title="bbox 127 4439 3443 4546; baseline -0.001 -18"><span class='ocrx_word' id='word_1_666' title='bbox 127 4439 306 4538; x_wconf 60' lang='lat' dir='ltr'><strong>xxiv,</strong></span> <span class='ocrx_word' id='word_1_667' title='bbox 335 4473 420 4544; x_wconf 71' lang='lat'><strong>‘2).</strong></span> <span class='ocrx_word' id='word_1_668' title='bbox 472 4472 580 4528; x_wconf 90' lang='lat' dir='ltr'><strong>Sed</strong></span> <span class='ocrx_word' id='word_1_669' title='bbox 609 4473 838 4530; x_wconf 91' lang='lat' dir='ltr'><strong>solerter</strong></span> <span class='ocrx_word' id='word_1_670' title='bbox 867 4439 1185 4531; x_wconf 75' lang='lat' dir='ltr'><strong>intuendum</strong></span> <span class='ocrx_word' id='word_1_671' title='bbox 1210 4482 1314 4541; x_wconf 90' lang='lat' dir='ltr'><strong>est,</strong></span> <span class='ocrx_word' id='word_1_672' title='bbox 1340 4475 1483 4546; x_wconf 93' lang='lat' dir='ltr'><strong>quod</strong></span> <span class='ocrx_word' id='word_1_673' title='bbox 1513 4489 1579 4530; x_wconf 86' lang='lat' dir='ltr'><strong>ex</strong></span> <span class='ocrx_word' id='word_1_674' title='bbox 1607 4439 1746 4531; x_wconf 51' lang='lat' dir='ltr'><strong>‘voce</strong></span> <span class='ocrx_word' id='word_1_675' title='bbox 1778 4439 1826 4499; x_wconf 73' lang='grc' dir='ltr'>υ</span> <span class='ocrx_word' id='word_1_676' title='bbox 1851 4469 2174 4527; x_wconf 90' lang='lat' dir='ltr'><strong>contumelia</strong></span> <span class='ocrx_word' id='word_1_677' title='bbox 2195 4477 2278 4524; x_wconf 90' lang='lat' dir='ltr'><strong>est</strong></span> <span class='ocrx_word' id='word_1_678' title='bbox 2301 4470 2557 4523; x_wconf 89' lang='lat' dir='ltr'><strong>mundani</strong></span> <span class='ocrx_word' id='word_1_679' title='bbox 2584 4478 2638 4524; x_wconf 91' lang='lat' dir='ltr'><strong>et</strong></span> <span class='ocrx_word' id='word_1_680' title='bbox 2666 4468 2941 4525; x_wconf 71' lang='lat' dir='ltr'><strong>saecularis</strong></span> <span class='ocrx_word' id='word_1_681' title='bbox 2966 4468 3273 4525; x_wconf 85' lang='lat' dir='ltr'><strong>ornamenti</strong></span> <span class='ocrx_word' id='word_1_682' title='bbox 3300 4485 3443 4538; x_wconf 81' lang='lat' dir='ltr'><strong>pra:-</strong></span> 
     </span>
    </p>
   </div>
   <div class='ocr_carea' id='block_1_73' title="bbox 122 4563 1743 4634">
    <p class='ocr_par' dir='ltr' id='par_1_73' title="bbox 122 4563 1743 4634">
     <span class='ocr_line' id='line_1_73' title="bbox 122 4563 1743 4634; baseline 0.002 -17"><span class='ocrx_word' id='word_1_683' title='bbox 122 4563 234 4618; x_wconf 88' lang='lat' dir='ltr'><strong>Dei</strong></span> <span class='ocrx_word' id='word_1_684' title='bbox 269 4563 484 4619; x_wconf 88' lang='lat' dir='ltr'><strong>dicitur</strong></span> <span class='ocrx_word' id='word_1_685' title='bbox 510 4579 525 4617; x_wconf 88' lang='lat'><strong>:</strong></span> <span class='ocrx_word' id='word_1_686' title='bbox 551 4563 690 4630; x_wconf 85' lang='lat' dir='ltr'><strong>Quia</strong></span> <span class='ocrx_word' id='word_1_687' title='bbox 737 4566 811 4619; x_wconf 88' lang='lat' dir='ltr'><strong>sic</strong></span> <span class='ocrx_word' id='word_1_688' title='bbox 857 4564 1032 4618; x_wconf 85' lang='lat' dir='ltr'><strong>dimisi</strong></span> <span class='ocrx_word' id='word_1_689' title='bbox 1059 4581 1208 4631; x_wconf 74' lang='lat' dir='ltr'><strong>eam;</strong></span> <span class='ocrx_word' id='word_1_690' title='bbox 1250 4573 1305 4620; x_wconf 89' lang='lat' dir='ltr'><strong>et</strong></span> <span class='ocrx_word' id='word_1_691' title='bbox 1336 4565 1478 4634; x_wconf 94' lang='lat' dir='ltr'><strong>quod</strong></span> <span class='ocrx_word' id='word_1_692' title='bbox 1503 4565 1743 4632; x_wconf 86' lang='lat' dir='ltr'><strong>additur,</strong></span> 
     </span>
    </p>
   </div>
   <div class='ocr_carea' id='block_1_74' title="bbox 118 4655 1743 4726">
    <p class='ocr_par' dir='ltr' id='par_1_74' title="bbox 118 4655 1743 4726">
     <span class='ocr_line' id='line_1_74' title="bbox 118 4655 1743 4726; baseline 0.004 -19"><span class='ocrx_word' id='word_1_693' title='bbox 118 4655 269 4709; x_wconf 76' lang='lat' dir='ltr'><strong>dedi</strong></span> <span class='ocrx_word' id='word_1_694' title='bbox 333 4655 381 4709; x_wconf 88' lang='lat' dir='ltr'><strong>ei</strong></span> <span class='ocrx_word' id='word_1_695' title='bbox 427 4655 662 4709; x_wconf 85' lang='lat' dir='ltr'><strong>libellum</strong></span> <span class='ocrx_word' id='word_1_696' title='bbox 712 4656 914 4726; x_wconf 82' lang='lat' dir='ltr'><strong>repudii</strong></span> <span class='ocrx_word' id='word_1_697' title='bbox 957 4655 1136 4726; x_wconf 84' lang='lat' dir='ltr'><strong>(Deut.</strong></span> <span class='ocrx_word' id='word_1_698' title='bbox 1193 4673 1342 4723; x_wconf 86' lang='lat' dir='ltr'><strong>xxtv,</strong></span> <span class='ocrx_word' id='word_1_699' title='bbox 1380 4656 1454 4726; x_wconf 78' lang='lat'><strong>5).</strong></span> <span class='ocrx_word' id='word_1_700' title='bbox 1495 4657 1630 4714; x_wconf 85' lang='lat' dir='ltr'><strong>Nam</strong></span> <span class='ocrx_word' id='word_1_701' title='bbox 1662 4659 1743 4714; x_wconf 89' lang='lat' dir='ltr'><strong>vel</strong></span> 
     </span>
    </p>
   </div>
   <div class='ocr_carea' id='block_1_75' title="bbox 120 4746 1746 4822">
    <p class='ocr_par' dir='ltr' id='par_1_75' title="bbox 120 4746 1746 4822">
     <span class='ocr_line' id='line_1_75' title="bbox 120 4746 1746 4822; baseline 0.004 -23"><span class='ocrx_word' id='word_1_702' title='bbox 120 4746 430 4817; x_wconf 87' lang='lat' dir='ltr'><strong>quoslibet</strong></span> <span class='ocrx_word' id='word_1_703' title='bbox 461 4747 769 4813; x_wconf 75' lang='lat' dir='ltr'><strong>szeculares,</strong></span> <span class='ocrx_word' id='word_1_704' title='bbox 817 4747 972 4817; x_wconf 87' lang='lat' dir='ltr'><strong>quasi</strong></span> <span class='ocrx_word' id='word_1_705' title='bbox 1029 4747 1305 4816; x_wconf 85' lang='lat' dir='ltr'><strong>Israelem,</strong></span> <span class='ocrx_word' id='word_1_706' title='bbox 1338 4749 1423 4804; x_wconf 90' lang='lat' dir='ltr'><strong>vel</strong></span> <span class='ocrx_word' id='word_1_707' title='bbox 1470 4765 1746 4822; x_wconf 88' lang='lat' dir='ltr'><strong>quoscun-</strong></span> 
     </span>
    </p>
   </div>
   <div class='ocr_carea' id='block_1_76' title="bbox 119 4837 1746 4910">
    <p class='ocr_par' dir='ltr' id='par_1_76' title="bbox 119 4837 1746 4910">
     <span class='ocr_line' id='line_1_76' title="bbox 119 4837 1746 4910; baseline 0.004 -21"><span class='ocrx_word' id='word_1_708' title='bbox 119 4854 247 4907; x_wconf 86' lang='lat' dir='ltr'><strong>que</strong></span> <span class='ocrx_word' id='word_1_709' title='bbox 282 4837 344 4892; x_wconf 91' lang='lat' dir='ltr'><strong>in</strong></span> <span class='ocrx_word' id='word_1_710' title='bbox 380 4837 568 4892; x_wconf 89' lang='lat' dir='ltr'><strong>habitu</strong></span> <span class='ocrx_word' id='word_1_711' title='bbox 613 4837 889 4909; x_wconf 82' lang='lat' dir='ltr'><strong>religionis</strong></span> <span class='ocrx_word' id='word_1_712' title='bbox 935 4838 1162 4907; x_wconf 89' lang='lat' dir='ltr'><strong>positos,</strong></span> <span class='ocrx_word' id='word_1_713' title='bbox 1195 4839 1351 4910; x_wconf 83' lang='lat' dir='ltr'><strong>quasi</strong></span> <span class='ocrx_word' id='word_1_714' title='bbox 1390 4839 1584 4896; x_wconf 82' lang='lat' dir='ltr'><strong>Judam</strong></span> <span class='ocrx_word' id='word_1_715' title='bbox 1617 4849 1746 4896; x_wconf 90' lang='lat' dir='ltr'><strong>tunc</strong></span> 
     </span>
    </p>
   </div>
   <div class='ocr_carea' id='block_1_77' title="bbox 116 4927 1747 5001">
    <p class='ocr_par' dir='ltr' id='par_1_77' title="bbox 116 4927 1747 5001">
     <span class='ocr_line' id='line_1_77' title="bbox 116 4927 1747 5001; baseline 0.004 -19"><span class='ocrx_word' id='word_1_716' title='bbox 116 4927 296 4986; x_wconf 85' lang='lat' dir='ltr'><strong>Deus</strong></span> <span class='ocrx_word' id='word_1_717' title='bbox 331 4927 579 4994; x_wconf 87' lang='lat' dir='ltr'><strong>dimittit,</strong></span> <span class='ocrx_word' id='word_1_718' title='bbox 615 4943 736 4983; x_wconf 92' lang='lat' dir='ltr'><strong>cum</strong></span> <span class='ocrx_word' id='word_1_719' title='bbox 761 4942 876 4994; x_wconf 89' lang='lat' dir='ltr'><strong>eos,</strong></span> <span class='ocrx_word' id='word_1_720' title='bbox 922 4937 980 4983; x_wconf 91' lang='lat' dir='ltr'><strong>ut</strong></span> <span class='ocrx_word' id='word_1_721' title='bbox 1004 4930 1265 5001; x_wconf 84' lang='lat' dir='ltr'><strong>scriptum</strong></span> <span class='ocrx_word' id='word_1_722' title='bbox 1300 4941 1405 4998; x_wconf 89' lang='lat' dir='ltr'><strong>est,</strong></span> <span class='ocrx_word' id='word_1_723' title='bbox 1450 4933 1747 4989; x_wconf 87' lang='lat' dir='ltr'><strong>secundum</strong></span> 
     </span>
    </p>
   </div>
   <div class='ocr_carea' id='block_1_78' title="bbox 115 5017 1750 5083">
    <p class='ocr_par' dir='ltr' id='par_1_78' title="bbox 115 5017 1750 5083">
     <span class='ocr_line' id='line_1_78' title="bbox 115 5017 1750 5083; baseline 0.002 -10"><span class='ocrx_word' id='word_1_724' title='bbox 115 5017 429 5073; x_wconf 86' lang='lat' dir='ltr'><strong>desideria</strong></span> <span class='ocrx_word' id='word_1_725' title='bbox 479 5017 658 5074; x_wconf 82' lang='lat' dir='ltr'><strong>cordis</strong></span> <span class='ocrx_word' id='word_1_726' title='bbox 687 5033 876 5074; x_wconf 90' lang='lat' dir='ltr'><strong>eorum</strong></span> <span class='ocrx_word' id='word_1_727' title='bbox 913 5020 1043 5075; x_wconf 91' lang='lat' dir='ltr'><strong>sinit</strong></span> <span class='ocrx_word' id='word_1_728' title='bbox 1085 5038 1100 5074; x_wconf 91' lang='lat'><strong>:</strong></span> <span class='ocrx_word' id='word_1_729' title='bbox 1141 5023 1237 5078; x_wconf 90' lang='lat' dir='ltr'><strong>sed</strong></span> <span class='ocrx_word' id='word_1_730' title='bbox 1265 5038 1388 5078; x_wconf 91' lang='lat' dir='ltr'><strong>cum</strong></span> <span class='ocrx_word' id='word_1_731' title='bbox 1418 5039 1512 5080; x_wconf 93' lang='lat' dir='ltr'><strong>eos</strong></span> <span class='ocrx_word' id='word_1_732' title='bbox 1544 5024 1750 5083; x_wconf 85' lang='lat' dir='ltr'><strong>securi-</strong></span> 
     </span>
    </p>
   </div>
   <div class='ocr_carea' id='block_1_79' title="bbox 117 5106 1752 5184">
    <p class='ocr_par' dir='ltr' id='par_1_79' title="bbox 117 5106 1752 5184">
     <span class='ocr_line' id='line_1_79' title="bbox 117 5106 1752 5184; baseline 0.004 -22"><span class='ocrx_word' id='word_1_733' title='bbox 117 5117 215 5163; x_wconf 82' lang='lat' dir='ltr'><strong>tas</strong></span> <span class='ocrx_word' id='word_1_734' title='bbox 269 5115 410 5178; x_wconf 86' lang='lat' dir='ltr'><strong>post</strong></span> <span class='ocrx_word' id='word_1_735' title='bbox 455 5107 662 5180; x_wconf 89' lang='lat' dir='ltr'><strong>culpam</strong></span> <span class='ocrx_word' id='word_1_736' title='bbox 691 5106 962 5178; x_wconf 88' lang='lat' dir='ltr'><strong>sequitur,</strong></span> <span class='ocrx_word' id='word_1_737' title='bbox 999 5124 1121 5164; x_wconf 90' lang='lat' dir='ltr'><strong>cum</strong></span> <span class='ocrx_word' id='word_1_738' title='bbox 1148 5111 1295 5166; x_wconf 89' lang='lat' dir='ltr'><strong>nulla</strong></span> <span class='ocrx_word' id='word_1_739' title='bbox 1326 5111 1611 5184; x_wconf 82' lang='lat' dir='ltr'><strong>disciplina</strong></span> <span class='ocrx_word' id='word_1_740' title='bbox 1666 5113 1752 5169; x_wconf 88' lang='lat' dir='ltr'><strong>vel</strong></span> 
     </span>
    </p>
   </div>
   <div class='ocr_carea' id='block_1_80' title="bbox 1851 4559 3439 4630">
    <p class='ocr_par' dir='ltr' id='par_1_80' title="bbox 1851 4559 3439 4630">
     <span class='ocr_line' id='line_1_80' title="bbox 1851 4559 3439 4630; baseline -0.002 -14"><span class='ocrx_word' id='word_1_741' title='bbox 1851 4560 2065 4626; x_wconf 87' lang='lat' dir='ltr'><strong>fatio,et</strong></span> <span class='ocrx_word' id='word_1_742' title='bbox 2079 4561 2284 4616; x_wconf 90' lang='lat' dir='ltr'><strong>crimen</strong></span> <span class='ocrx_word' id='word_1_743' title='bbox 2298 4567 2383 4615; x_wconf 92' lang='lat' dir='ltr'><strong>est</strong></span> <span class='ocrx_word' id='word_1_744' title='bbox 2398 4559 2840 4630; x_wconf 88' lang='lat' dir='ltr'><strong>postchrismatis</strong></span> <span class='ocrx_word' id='word_1_745' title='bbox 2853 4559 3335 4615; x_wconf 87' lang='lat' dir='ltr'><strong>sanctiﬁcationem</strong></span> <span class='ocrx_word' id='word_1_746' title='bbox 3351 4576 3439 4615; x_wconf 83' lang='lat' dir='ltr'><strong>eu-</strong></span> 
     </span>
    </p>
   </div>
   <div class='ocr_carea' id='block_1_81' title="bbox 1847 4651 3438 4726">
    <p class='ocr_par' dir='ltr' id='par_1_81' title="bbox 1847 4651 3438 4726">
     <span class='ocr_line' id='line_1_81' title="bbox 1847 4651 3438 4726; baseline -0.002 -19"><span class='ocrx_word' id='word_1_747' title='bbox 1847 4654 2152 4726; x_wconf 89' lang='lat' dir='ltr'><strong>juscunque</strong></span> <span class='ocrx_word' id='word_1_748' title='bbox 2178 4653 2358 4725; x_wconf 89' lang='lat' dir='ltr'><strong>specie</strong></span> <span class='ocrx_word' id='word_1_749' title='bbox 2390 4663 2621 4709; x_wconf 83' lang='lat' dir='ltr'><strong>terrenae</strong></span> <span class='ocrx_word' id='word_1_750' title='bbox 2651 4661 2916 4708; x_wconf 65' lang='lat' dir='ltr'><strong>creatura:</strong></span> <span class='ocrx_word' id='word_1_751' title='bbox 2945 4661 3106 4722; x_wconf 88' lang='lat' dir='ltr'><strong>caput</strong></span> <span class='ocrx_word' id='word_1_752' title='bbox 3133 4651 3213 4705; x_wconf 85' lang='lat' dir='ltr'><strong>vel</strong></span> <span class='ocrx_word' id='word_1_753' title='bbox 3240 4665 3438 4720; x_wconf 86' lang='lat' dir='ltr'><strong>corpus</strong></span> 
     </span>
    </p>
   </div>
   <div class='ocr_carea' id='block_1_82' title="bbox 1853 4739 3442 4818">
    <p class='ocr_par' dir='ltr' id='par_1_82' title="bbox 1853 4739 3442 4818">
     <span class='ocr_line' id='line_1_82' title="bbox 1853 4739 3442 4818; baseline -0.004 -17"><span class='ocrx_word' id='word_1_754' title='bbox 1853 4746 2077 4814; x_wconf 89' lang='lat' dir='ltr'><strong>ornari,</strong></span> <span class='ocrx_word' id='word_1_755' title='bbox 2118 4747 2262 4818; x_wconf 91' lang='lat' dir='ltr'><strong>quod</strong></span> <span class='ocrx_word' id='word_1_756' title='bbox 2305 4745 2418 4816; x_wconf 79' lang='lat' dir='ltr'><strong>jam</strong></span> <span class='ocrx_word' id='word_1_757' title='bbox 2469 4745 2679 4801; x_wconf 75' lang='lat' dir='ltr'><strong>cmlesti</strong></span> <span class='ocrx_word' id='word_1_758' title='bbox 2715 4743 3002 4814; x_wconf 90' lang='lat' dir='ltr'><strong>splendore</strong></span> <span class='ocrx_word' id='word_1_759' title='bbox 3050 4743 3297 4812; x_wconf 79' lang='lat' dir='ltr'><strong>refulget.</strong></span> <span class='ocrx_word' id='word_1_760' title='bbox 3349 4739 3442 4794; x_wconf 87' lang='lat' dir='ltr'><strong>Ille</strong></span> 
     </span>
    </p>
   </div>
   <div class='ocr_carea' id='block_1_83' title="bbox 1854 4836 3444 4912">
    <p class='ocr_par' dir='ltr' id='par_1_83' title="bbox 1854 4836 3444 4912">
     <span class='ocr_line' id='line_1_83' title="bbox 1854 4836 3444 4912; baseline -0.004 -17"><span class='ocrx_word' id='word_1_761' title='bbox 1854 4840 2003 4896; x_wconf 89' lang='lat' dir='ltr'><strong>dives</strong></span> <span class='ocrx_word' id='word_1_762' title='bbox 2039 4855 2198 4912; x_wconf 88' lang='lat' dir='ltr'><strong>quem</strong></span> <span class='ocrx_word' id='word_1_763' title='bbox 2244 4839 2312 4894; x_wconf 89' lang='lat' dir='ltr'><strong>ad</strong></span> <span class='ocrx_word' id='word_1_764' title='bbox 2365 4853 2616 4910; x_wconf 86' lang='lat' dir='ltr'><strong>magnam</strong></span> <span class='ocrx_word' id='word_1_765' title='bbox 2675 4839 3146 4908; x_wconf 83' lang='lat' dir='ltr'><strong>exprobrationem</strong></span> <span class='ocrx_word' id='word_1_766' title='bbox 3194 4836 3444 4891; x_wconf 88' lang='lat' dir='ltr'><strong>Christus</strong></span> 
     </span>
    </p>
   </div>
   <div class='ocr_carea' id='block_1_84' title="bbox 1856 4925 3445 5002">
    <p class='ocr_par' dir='ltr' id='par_1_84' title="bbox 1856 4925 3445 5002">
     <span class='ocr_line' id='line_1_84' title="bbox 1856 4925 3445 5002; baseline -0.005 -18"><span class='ocrx_word' id='word_1_767' title='bbox 1856 4938 2107 4985; x_wconf 89' lang='lat' dir='ltr'><strong>ornatum</strong></span> <span class='ocrx_word' id='word_1_768' title='bbox 2137 4943 2376 5001; x_wconf 88' lang='lat' dir='ltr'><strong>purpura</strong></span> <span class='ocrx_word' id='word_1_769' title='bbox 2412 4937 2469 4982; x_wconf 91' lang='lat' dir='ltr'><strong>et</strong></span> <span class='ocrx_word' id='word_1_770' title='bbox 2501 4931 2665 5002; x_wconf 84' lang='lat' dir='ltr'><strong>bysso</strong></span> <span class='ocrx_word' id='word_1_771' title='bbox 2693 4935 3104 4985; x_wconf 88' lang='lat' dir='ltr'><strong>commemorat,</strong></span> <span class='ocrx_word' id='word_1_772' title='bbox 3142 4940 3247 4979; x_wconf 93' lang='lat' dir='ltr'><strong>non</strong></span> <span class='ocrx_word' id='word_1_773' title='bbox 3272 4925 3445 4994; x_wconf 84' lang='lat' dir='ltr'><strong>legem</strong></span> 
     </span>
    </p>
   </div>
   <div class='ocr_carea' id='block_1_85' title="bbox 1857 5014 3452 5094">
    <p class='ocr_par' dir='ltr' id='par_1_85' title="bbox 1857 5014 3452 5094">
     <span class='ocr_line' id='line_1_85' title="bbox 1857 5014 3452 5094; baseline -0.006 -20"><span class='ocrx_word' id='word_1_774' title='bbox 1857 5029 1948 5074; x_wconf 89' lang='lat' dir='ltr'><strong>aut</strong></span> <span class='ocrx_word' id='word_1_775' title='bbox 1993 5021 2288 5094; x_wconf 87' lang='lat' dir='ltr'><strong>prophetas</strong></span> <span class='ocrx_word' id='word_1_776' title='bbox 2321 5018 2619 5083; x_wconf 88' lang='lat' dir='ltr'><strong>audierat,</strong></span> <span class='ocrx_word' id='word_1_777' title='bbox 2671 5025 2726 5070; x_wconf 90' lang='lat' dir='ltr'><strong>et</strong></span> <span class='ocrx_word' id='word_1_778' title='bbox 2757 5025 2942 5072; x_wconf 85' lang='lat' dir='ltr'><strong>tamen</strong></span> <span class='ocrx_word' id='word_1_779' title='bbox 2978 5019 3043 5072; x_wconf 89' lang='lat' dir='ltr'><strong>de</strong></span> <span class='ocrx_word' id='word_1_780' title='bbox 3091 5014 3332 5084; x_wconf 85' lang='lat' dir='ltr'><strong>appetitu</strong></span> <span class='ocrx_word' id='word_1_781' title='bbox 3360 5027 3452 5065; x_wconf 85' lang='lat' dir='ltr'><strong>ve-</strong></span> 
     </span>
    </p>
   </div>
   <div class='ocr_carea' id='block_1_86' title="bbox 1855 5105 3456 5185">
    <p class='ocr_par' dir='ltr' id='par_1_86' title="bbox 1855 5105 3456 5185">
     <span class='ocr_line' id='line_1_86' title="bbox 1855 5105 3456 5185; baseline -0.007 -15"><span class='ocrx_word' id='word_1_782' title='bbox 1855 5113 2019 5170; x_wconf 86' lang='lat' dir='ltr'><strong>stium</strong></span> <span class='ocrx_word' id='word_1_783' title='bbox 2042 5115 2400 5185; x_wconf 89' lang='lat' dir='ltr'><strong>vituperatur.</strong></span> <span class='ocrx_word' id='word_1_784' title='bbox 2427 5110 2565 5170; x_wconf 83' lang='lat' dir='ltr'><strong>Istis</strong></span> <span class='ocrx_word' id='word_1_785' title='bbox 2590 5123 2720 5180; x_wconf 84' lang='lat' dir='ltr'><strong>ergo</strong></span> <span class='ocrx_word' id='word_1_786' title='bbox 2739 5107 2872 5177; x_wconf 89' lang='lat' dir='ltr'><strong>quid</strong></span> <span class='ocrx_word' id='word_1_787' title='bbox 2899 5109 2954 5164; x_wconf 91' lang='lat' dir='ltr'><strong>in</strong></span> <span class='ocrx_word' id='word_1_788' title='bbox 2981 5105 3182 5178; x_wconf 81' lang='lat' dir='ltr'><strong>judicio</strong></span> <span class='ocrx_word' id='word_1_789' title='bbox 3209 5105 3456 5162; x_wconf 80' lang='lat' dir='ltr'><strong>dicturus</strong></span> 
     </span>
    </p>
   </div>
  </div>
