3934 5400
462 291 640 355 ,κο

1483 287 1541 342 Β.
1582 288 1829 346 000le
1866 289 2158 346 ABBATIS
2193 285 2688 348 CLUNIACENSIS
2721 284 2766 345 ιι
2983 345 2986 348 .
3673 286 3762 350 α

533 401 860 474 prohibent?
909 398 1059 458 Unde
1096 399 1291 457 Petrus
1319 415 1332 453 :
1364 396 1624 465 Quarum,
1669 399 1864 470 inquit,
1895 401 1963 456 sit
2002 418 2106 456 non
2134 410 2182 471 Α
2209 400 2306 454 mis
2330 397 2710 455 luereditabunt
2733 400 2909 468 illum,
2936 410 2985 455 et
3013 393 3225 456 tolletur
3261 395 3324 458 de
3366 421 3584 459 numero
3607 409 3763 462 animo

533 497 853 552 extrinsecus
887 490 1243 562 capillatum,
1291 499 1382 545 aut
1425 490 1770 544 circumdatio
1814 491 1934 545 auri
1959 531 1974 557 ,
2017 503 2108 547 aut

532 584 826 640 indumenti
859 582 1278 638 vestimentorum
1317 579 1523 647 cultus;
1573 581 1662 634 sed
1701 581 1791 651 qui
1825 581 2109 636 absconsus

533 676 706 737 cordis
735 685 809 730 est
828 676 1005 730 --ltonto
1048 673 1102 744 (Ι
1137 671 1283 728 I’etr.
1313 688 1394 738 III,
1423 674 1482 739 3,
1507 672 1584 744 4).
1627 672 1692 726 Ει
1719 672 1915 728 Paulus
1947 691 1961 727 :
1990 672 2111 726 Mu-

532 769 684 824 lieres
721 766 963 821 similiter
1002 767 1054 820 in
1095 763 1276 818 habitu
1320 773 1528 828 ornato,
1571 779 1689 816 cum
1720 763 2029 817 verecundia
2062 771 2110 816 et

530 863 808 921 sobrietate
831 869 1113 924 amantes,
1147 873 1249 912 non
1275 857 1327 911 in
1349 857 1499 910 tortis
1530 855 1763 909 crinibus
1791 894 1806 920 ,
1837 865 1926 909 aut
1955 871 2109 919 auro,

531 963 624 1006 aut
645 953 966 1022 margaritis,
999 960 1088 1004 aut
1111 957 1244 1008 reste
1265 949 1510 1018 pretiosa,
1537 947 1627 999 sed
1651 947 1790 1016 quod
1823 947 1966 1000 decet
1991 962 2111 998 mu-

530 1045 704 1108 lieres,
731 1043 1086 1112 promittentes
1116 1041 1430 1102 castitatem,
1465 1046 1514 1091 et
1536 1035 1722 1090 bonam
1767 1036 2112 1092 conversatio-

531 1151 646 1188 nent
684 1133 736 1204 (I
771 1133 906 1186 Tim.
935 1131 1085 1196 tt,-9,
1118 1129 1230 1201 10).

602 1226 736 1280 VIII.
774 1224 830 1280 Si
861 1240 992 1295 ergo
1026 1224 1106 1280 sic
1141 1239 1171 1278 a
1198 1221 1502 1292 conjugatis
1531 1221 1823 1286 inhibetur,
1850 1227 2110 1292 quantum

531 1317 688 1374 nefas
715 1326 820 1384 est,
861 1317 964 1372 hoc
998 1323 1092 1371 aut
1120 1314 1291 1370 sancti
1321 1314 1538 1369 habitus
1578 1312 1724 1368 viros
1747 1351 1762 1378 ,
1792 1320 1886 1368 aut
1912 1309 2113 1367 sancti-

531 1408 796 1472 moniales
823 1405 1120 1478 appetere?
1162 1403 1396 1460 Sanctus
1438 1402 1741 1459 Germanus
1771 1399 1839 1455 ad
1865 1400 2112 1454 Genovc-

531 1499 640 1556 tam
674 1501 816 1556 inter
844 1499 989 1552 alia:
1025 1497 1101 1560 Si,
1142 1494 1340 1565 inquit,
1365 1493 1545 1550 saeculi
1577 1492 1734 1562 hujus
1762 1491 1847 1546 vel
1887 1490 2114 1559 exiguus

531 1593 696 1649 decor
718 1601 864 1646 tuam
893 1587 1166 1659 superavit
1201 1594 1456 1651 mentem,
1480 1583 1698 1639 aeternis
1721 1591 1777 1636 et
1803 1579 2114 1636 cmlestibus

531 1677 1322 1739 arnamentis~carebis.‘llinc
1373 1676 1604 1731 domnus
1652 1672 1914 1727 Martinus
1965 1669 2113 1726 brevi

2211 492 2325 562 ejus
2357 489 2546 562 (Eccli.
2572 507 2687 558 xu,
2724 491 2802 562 5).
2833 492 2978 548 Bona
3010 508 3140 548 vero
3176 493 3414 550 etelestia
3436 497 3643 566 sponsi,
3667 512 3767 565 qua

2210 597 2308 651 pro
2353 581 2440 637 his
2469 583 2818 638 emendicatis
2847 584 3096 654 perdunt,
3134 592 3331 640 teterna
3371 594 3517 650 sunt,
3563 595 3618 640 et
3660 587 3768 642 talis

2210 684 2355 740 sunt,
2389 683 2448 729 ut
2484 677 2661 730 adhuc
2691 691 2791 732 nec
2813 677 2880 732 ad
2907 677 3056 732 Pauli
3085 669 3299 746 quidem
3327 678 3575 733 auditum
3603 693 3770 747 perve-

2212 765 2412 831 nerint,
2444 782 2544 822 nec
2567 768 2635 822 ad
2667 783 2762 823 cor
2783 769 2900 838 ejus
2934 769 3296 840 ascenderint,
3321 769 3572 839 quamvis
3607 769 3674 824 ad
3695 784 3771 840 pa-

2212 857 2448 913 radisum
2481 867 2666 928 raptus
2695 835 2878 914 luerit.
3177 835 3190 866 ¹

2218 999 2222 1002 η
2281 946 2372 1003 IX.
2414 948 2626 1003 Etenim
2675 948 3126 1018 pulchritudinem
3172 949 3417 1019 corporis
3465 947 3636 1004 certis
3675 949 3772 1018 qui-

2212 1036 2440 1092 busdam
2460 1046 2515 1092 et
2547 1037 2881 1092 naturalibus
2903 1039 3145 1093 terminis
3167 1038 3308 1093 Deus
3331 1039 3566 1106 clausit;
3603 1041 3775 1094 animat

2213 1136 2392 1182 autem
2420 1127 2872 1197 pulchritudinem
2901 1128 3126 1183 liberam
3149 1128 3297 1194 fecit,
3323 1137 3379 1183 et
3406 1129 3555 1182 nulla
3578 1131 3681 1184 sub
3702 1146 3776 1185 ne-

2213 1218 2466 1274 cessitate
2495 1218 2780 1276 conclusit.
2820 1218 2955 1274 Nam
2987 1220 3087 1275 etsi
3118 1220 3279 1274 etiam
3311 1221 3560 1290 corporei
3586 1221 3777 1276 decoris

2213 1317 2535 1380 potestatem
2582 1311 2842 1366 Dominus
2872 1311 2925 1366 in
2960 1320 3144 1366 nostro
3175 1312 3512 1381 permisisset
3551 1313 3777 1377 arbitrio,

2215 1399 2516 1456 sollicitudo
2539 1401 2696 1456 nobis
2733 1401 3040 1456 immineret
3075 1401 3367 1471 superﬂua,
3394 1413 3561 1473 atque
3612 1404 3669 1456 in
3713 1404 3781 1458 his

2215 1503 2332 1559 qua:
2358 1490 2491 1544 nihil
2527 1493 2846 1560 prodessent
2885 1505 3045 1546 omne
3071 1491 3195 1545 vita:
3223 1502 3422 1546 nostra:
3464 1501 3682 1562 tempus
3704 1508 3780 1549 oc-

2215 1593 2558 1648 cuparemus.
2585 1579 2662 1633 Ex
2687 1594 2794 1650 quo
2821 1580 3001 1634 cultus
3052 1580 3246 1636 anima:
3276 1583 3593 1636 necessario
3637 1583 3782 1654 negli-

2218 1679 2452 1740 geretur.
2482 1670 2689 1743 Quippe
2721 1672 2813 1743 qui
2843 1673 3005 1727 etiam
3036 1689 3178 1728 nunc
3198 1713 3214 1738 ,
3240 1674 3331 1728 ubi
3353 1675 3500 1734 nulla
3526 1674 3688 1729 nobis
3708 1690 3782 1745 po-

532 1774 750 1845 quidem
776 1812 792 1836 ,
854 1771 951 1827 sed
1002 1767 1185 1842 magni
1220 1766 1487 1838 ponderis
1534 1763 1800 1820 sententia
1833 1801 1849 1829 ,
1879 1761 2118 1816 mulieris
2150 1762 2195 1820 Β
2227 1771 2394 1818 testas
2437 1772 2520 1818 est
2547 1763 2858 1819 conferendi
2906 1764 3108 1834 aliqutd
3156 1767 3398 1834 corporis
3445 1767 3662 1831 decori,
3704 1767 3784 1822 hoc

520 1865 867 1922 .honestatem
896 1859 1211 1930 complexus
1247 1873 1262 1911 :
1292 1856 1513 1911 Summa
1537 1893 1554 1920 ,
1583 1853 1756 1922 inquit
1781 1890 1796 1917 ,
1836 1851 2007 1904 virtus
2033 1857 2116 1904 est

518 1953 772 2020 mulieris
806 1950 947 2007 nolle
975 1948 1166 2004 videri.
1193 1945 1495 2017 Cyprianus
1539 1943 1822 2013 episcopus
1854 1939 1920 1994 de
1946 1937 2112 2010 virgi-

528 2047 688 2102 nibus
714 2045 794 2100 sic
822 2042 952 2097 ait:
983 2040 1173 2096 Serico
1222 2046 1276 2093 et
1306 2050 1557 2108 purpura
1591 2033 1790 2088 induta).
1838 2030 2113 2086 Christum

528 2135 889 2192 induerenon
912 2139 1173 2201 possunt;
1217 2143 1350 2184 auro
1380 2125 1781 2196 et-margaritis,
1819 2131 1875 2179 et
1896 2120 2114 2178 monili-

525 2225 631 2281 bus
659 2225 954 2288 adornatae,
1000 2227 1319 2276 ornamenta
1369 2216 1547 2272 cordis
1574 2225 1630 2270 et
1657 2213 1900 2284 corporis
1924 2211 2114 2284 perdi-

527 2317 742 2370 derunt.
775 2312 928 2380 Quod
970 2311 1013 2366 si
1045 2311 1240 2366 Petrus
1265 2349 1281 2374 ,
1333 2307 1523 2377 inquit,
1576 2304 1828 2360 mulieres
1861 2304 2116 2358 admonet

527 2405 861 2462 coercendas
885 2443 902 2469 ,
932 2418 1052 2473 quae
1096 2415 1359 2458 excusare
1393 2399 1603 2455 soleant
1634 2397 1822 2454 cultus
1856 2411 1987 2452 suos
2016 2409 2114 2465 per

525 2496 785 2552 maritos:
815 2501 1018 2563 quanto
1072 2490 1246 2562 magis
1281 2489 1336 2545 id
1383 2489 1674 2545 observare
1714 2487 1985 2556 virginem
2031 2484 2113 2540 fas

523 2593 632 2650 est,
662 2583 749 2639 cui
780 2580 924 2636 nulla
953 2586 1180 2635 ornatus
1213 2577 1296 2632 sui
1322 2575 1584 2645 competit
1617 2574 1774 2630 venia
1798 2612 1815 2640 ,
1845 2589 1946 2628 nec
1971 2572 2114 2628 deri-

435 2707 445 2716 -
522 2675 644 2730 vari
667 2673 722 2729 in
746 2672 1070 2727 alterutrum
1096 2668 1267 2739 possit
1290 2667 1627 2722 mendacium
1653 2665 1843 2734 culpae,
1875 2663 1970 2721 sed
1998 2662 2112 2719 sola

525 2767 643 2835 ipsa
670 2770 958 2818 remaneat
1003 2760 1058 2815 in
1089 2757 1359 2830 corpore?
1398 2755 1504 2811 Sed
1535 2770 1655 2826 qua:
1681 2753 1942 2824 ejusmodi
1968 2760 2109 2816 sunt,

525 2870 636 2910 non
662 2861 908 2910 sanctam
942 2852 1088 2907 illam
1123 2864 1313 2906 vocem
1353 2848 1499 2904 beati
1538 2847 1791 2921 Cypriani
1822 2846 2111 2916 recipiunt,

527 2946 659 3017 quin
688 2945 866 3015 potius
905 2943 1117 2999 irritam
1166 2941 1376 2996 faciunt
1412 2939 1578 2999 ﬁdem
1621 2937 1845 3002 Christi,
1876 2945 1930 2993 et
1960 2944 2110 2992 scer-

526 3045 765 3090 tatorum
791 3033 963 3090 oculis
1007 3047 1066 3087 se
1109 3029 1282 3101 magis
1328 3036 1571 3085 comunt.
1595 3026 1696 3095 Qui
1728 3026 1936 3082 scilicet
1963 3039 2116 3081 scor-

2219 1861 2394 1908 tanteu
2422 1854 2655 1926 agimus,
2684 1863 2738 1910 et
2768 1856 2871 1910 hoc
2897 1855 3193 1921 studemus,
3214 1856 3530 1926 utspeciem
3558 1857 3786 1927 corporis

2219 1944 2543 2000 omnimodis
2563 1945 2896 2010 excolamus,
2935 1945 3063 2000 dum
3091 1946 3332 2000 colorum
3361 1946 3521 2010 fucis,
3549 1947 3638 2002 vel
3661 1963 3765 2002 com

2205 2033 2484 2103 positione
2507 2035 2761 2099 crinium,
2792 2034 2874 2089 vel
2895 2034 3173 2089 oculorum
3200 2045 3402 2100 rotatu,
3426 2036 3510 2090 vel
3535 2037 3787 2091 varietate

2213 2123 2465 2190 vestium,
2502 2125 2838 2195 diversisque
2866 2124 2986 2179 aliis
3015 2133 3073 2181 et
3099 2125 3382 2196 exquisitis
3407 2129 3672 2184 conferre
3709 2129 3785 2182 ali-

2213 2219 2366 2291 quid,
2409 2229 2468 2275 ut
2495 2221 2629 2287 dixi,
2655 2221 2835 2278 decori
2883 2223 3125 2293 corporis
3165 2223 3446 2292 cupimus;
3478 2222 3574 2276 sed
3605 2228 3787 2293 quanto

2213 2307 2386 2379 magis
2414 2309 2772 2364 conveniebat
2802 2309 2958 2364 nobis
2983 2348 2998 2375 ,
3033 2319 3093 2364 ut
3120 2310 3185 2365 ad
3213 2310 3419 2365 cultum
3447 2311 3651 2364 animae
3682 2322 3787 2376 ope-

2211 2413 2329 2454 ram
2359 2398 2650 2456 daremus?
2699 2399 2832 2455 Nam
2871 2415 3130 2470 corporea
3175 2400 3526 2470 pulchritudo
3571 2401 3626 2454 in
3672 2399 3787 2470 pello

2212 2491 2549 2548 solummodo
2591 2499 2826 2546 constat.
2864 2491 3000 2547 Nam
3031 2493 3074 2547 si
3105 2493 3349 2547 viderent
3393 2491 3655 2546 hmuines
3705 2491 3790 2544 hoc

2213 2582 2353 2654 quod
2393 2585 2583 2638 subtus
2611 2583 2802 2654 pellem
2829 2592 2933 2650 est,
2957 2583 3098 2639 sicut
3142 2583 3323 2654 lynces
3353 2583 3407 2638 in
3455 2581 3652 2636 Doetia
3690 2595 3790 2636 eer-

2215 2687 2345 2730 nere
2374 2673 2634 2729 interiora
2651 2673 2922 2740 feruntur,
2955 2675 3209 2730 mulieres
3238 2675 3422 2730 videre
3454 2683 3787 2728 nauseareat.

2213 2761 2326 2819 lste
2353 2763 2516 2819 decor
2545 2780 2599 2820 tn
2623 2765 2895 2836 llegmate,
2930 2773 2985 2818 et
3019 2765 3301 2834 sanguine,
3344 2773 3399 2820 et
3438 2765 3698 2829 humore,
3736 2778 3790 2816 ac

2215 2853 2358 2920 felle,
2404 2855 2672 2910 consistit.
2724 2854 2782 2910 Si
2829 2855 2956 2925 quis
3006 2857 3149 2912 enim
3203 2855 3517 2911 considerat
3566 2870 3689 2925 quae
3723 2855 3789 2908 in-

2215 2956 2298 3002 tra
2343 2962 2525 3013 nares,
2572 2957 2629 3004 et
2677 2962 2796 3018 quae
2831 2947 2974 3002 intra
3003 2946 3208 3012 fauces,
3253 2956 3309 3001 et
3347 2962 3474 3018 qua:
3503 2947 3650 3002 intra
3679 2961 3789 3000 ven-

2215 3048 2355 3094 trem
2384 3037 2608 3106 lateant,
2639 3038 2829 3094 sordes
2849 3037 3033 3108 utique
3062 3038 3310 3108 reperiet.
3335 3037 3403 3091 Et
3431 3037 3478 3092 si
3504 3052 3609 3092 nec
3628 3048 3788 3091 exue

529 3137 734 3182 tatores
764 3167 780 3194 ,
815 3136 876 3180 ut
931 3125 1010 3180 ait
1062 3124 1254 3180 beatus
1299 3120 1664 3192 Hieronymus
1694 3119 1749 3173 in
1778 3115 2006 3188 epistola
2046 3115 2112 3170 ad

2218 3129 2321 3184 mis
2349 3128 2533 3200 digitis
2559 3125 2751 3198 llegma
2779 3127 2861 3182 vel
2886 3136 3097 3182 stercus
3135 3137 3356 3199 tangere
3383 3127 3650 3198 patimur,
3676 3139 3788 3196 quo-

527 3227 760 3274 matrem
811 3225 866 3272 et
916 3217 1080 3272 tiliam
1111 3254 1127 3284 ,
1173 3212 1392 3284 quando
1441 3211 1641 3268 audent
1691 3223 1886 3264 uxores
1917 3205 2117 3262 Christi

530 3321 760 3379 sponsas
788 3304 1126 3376 frequentius
1152 3308 1460 3372 respectant
1501 3319 1515 3355 :
1548 3299 1844 3369 loquuntur
1874 3295 2112 3361 nutibus,

530 3405 587 3452 et
628 3395 771 3466 quod
797 3393 976 3451 minus
1012 3392 1140 3448 licet
1177 3390 1455 3446 ardentius
1489 3387 1762 3445 affectant.
1787 3387 2001 3449 Minus,
2035 3384 2118 3440 in-

450 3487 454 3490 ’
533 3486 673 3558 quit,
716 3486 868 3550 licet,
899 3483 1024 3554 quia
1052 3491 1258 3552 quanto
1300 3479 1670 3536 detestabilius
1701 3485 1784 3532 est
1821 3475 2116 3545 infringere

534 3582 940 3632 sacrosanctam
969 3587 1129 3643 quam
1157 3569 1420 3640 plebeiam
1472 3568 1713 3634 domum,
1747 3573 1896 3619 tanto
1948 3561 2116 3618 scele-

533 3669 673 3726 stius
722 3674 808 3723 est
859 3677 1111 3734 sponsam
1159 3661 1359 3716 Christi
1389 3655 1573 3730 quam
1627 3671 1850 3712 uxorem
1883 3651 2114 3726 proximi

530 3759 758 3815 violare.
800 3755 961 3811 Certe
992 3769 1114 3808 cum
1163 3769 1268 3808 una
1317 3765 1386 3806 ex
1435 3749 1646 3804 duabus
1685 3747 1965 3804 sororibus
1995 3745 2115 3799 viro

533 3851 922 3924 cottjuugitur,
988 3856 1044 3902 et
1102 3845 1178 3902 illi
1232 3844 1393 3899 fidem
1455 3850 1677 3908 servat;
1739 3855 1837 3896 cur
1895 3838 2112 3904 altera,

534 3959 656 4014 quae
718 3941 935 3998 Christo
995 3939 1396 4008 desponsatur,
1455 3934 1702 3990 eamdem
1757 3933 1806 3987 ei
1862 3945 2116 3986 reveren-

531 4035 662 4088 tiam
717 4047 824 4087 non
878 4029 1150 4086 custodit?
1188 4027 1387 4082 Verum
1434 4034 1495 4080 ut
1542 4025 1596 4078 in
1651 4023 1839 4078 eadem
1886 4020 2113 4092 epistola

531 4123 778 4192 sequitur
833 4134 848 4176 :
896 4121 1016 4175 Ista:
1067 4115 1309 4173 nitidulis
1352 4115 1659 4170 vestiuntur
1687 4154 1702 4182 ,
1750 4112 1932 4169 oblita:
1969 4110 2112 4181 quod

492 4277 493 4280 η
529 4216 782 4271 Christus
807 4213 863 4267 in
916 4211 1182 4267 Zacharia
1217 4210 1448 4266 sordidis
1494 4209 1732 4265 vestibus
1785 4207 1994 4278 legatur
2033 4207 2114 4260 in-

531 4308 710 4361 dutus.
751 4304 1030 4374 Siquidem
1066 4302 1184 4358 istis
1240 4299 1464 4372 pulchra
1494 4298 1658 4354 vestis
1705 4298 1900 4353 animae
1948 4297 2110 4352 lasci-

528 4401 728 4454 vieutis
761 4398 1016 4452 indicium
1049 4406 1131 4452 est
1163 4414 1178 4450 :
1208 4411 1306 4466 per
1332 4404 1530 4450 terram
1559 4394 1788 4450 trahitur
1815 4403 1873 4449 ut
1901 4401 2108 4450 statura

2217 3223 2376 3278 modo
2400 3220 2573 3292 ipsum
2597 3220 2854 3302 stercoris
2878 3235 3092 3275 saccum
3119 3221 3370 3289 amplecti
3392 3215 3789 3274 desideramus?

2201 3311 2420 3373 ,Auctor
2453 3310 2650 3380 quippe
2683 3320 3001 3364 naturarum
3047 3309 3328 3375 Dominus,
3359 3308 3488 3363 licet
3525 3307 3697 3362 multa
3724 3307 3788 3359 dio

2216 3401 2417 3472 gnitate
2449 3399 2719 3455 hominem
2741 3400 3065 3463 condiderit,
3097 3409 3275 3454 tamen
3303 3400 3357 3453 in
3395 3399 3500 3453 hac
3530 3396 3787 3466 corrupti-

2214 3493 2306 3548 bili
2332 3493 2438 3546 vita
2473 3491 2626 3562 plura
2656 3507 2754 3546 nos
2778 3492 2887 3561 pati
2909 3490 3193 3561 permittit,
3225 3504 3310 3559 pet
3339 3505 3462 3559 quze
3490 3489 3788 3560 superbiam

2215 3580 2398 3636 carnis
2429 3581 2698 3635 rctuudat.
2731 3580 2860 3636 Inde
2886 3591 2970 3635 est
2990 3580 3134 3650 quod
3163 3580 3300 3650 pilus
3327 3579 3570 3634 hominis
3603 3578 3656 3631 in
3684 3577 3791 3631 cibo

2214 3672 2300 3728 vel
2340 3685 2467 3744 potu
2517 3683 2765 3744 repertus
2811 3673 2986 3743 magis
3032 3671 3344 3736 fastiditur;
3386 3679 3446 3726 et
3490 3671 3700 3740 pelices
3733 3668 3788 3721 de

2213 3761 2437 3832 pulvere
2464 3772 2824 3833 emergentes,
2857 3764 3036 3818 minus
3065 3777 3226 3831 quam
3275 3762 3578 3832 pediculos,
3609 3761 3701 3831 qui
3726 3775 3783 3812 ex

2217 3856 2441 3910 humore
2471 3855 2716 3924 corporis
2745 3854 2912 3910 nostri
2945 3856 3233 3924 prodeunt,
3280 3868 3445 3923 super
3486 3869 3589 3908 nos
3635 3850 3786 3906 videri

2217 3943 2590 3999 ahhorremus.
2617 3942 2689 3998 Ut
2717 3953 2896 3998 autem
2925 3943 3236 3998 noverimus
3285 3945 3428 4014 quod
3460 3945 3576 4015 ipsa
3605 3943 3788 4013 qualis-

2214 4049 2425 4104 cunque
2448 4035 2518 4090 sit
2543 4035 2886 4106 pulchritudo
2915 4037 3176 4104 corporis,
3209 4051 3314 4090 non
3362 4035 3430 4089 de
3476 4050 3662 4100 carne,
3705 4031 3786 4086 sed

2214 4125 2280 4180 de
2302 4128 2481 4181 anima
2507 4138 2590 4181 est
2609 4168 2624 4192 ,
2647 4141 2936 4199 peusnmus
2959 4142 3118 4196 quant
3140 4125 3452 4181 delectabile
3475 4127 3550 4180 sit
3573 4127 3789 4180 cadaver

2213 4217 2469 4284 hominis,
2497 4217 2625 4288 quin
2663 4218 2842 4288 potius
2870 4228 3128 4287 quantum
3161 4218 3444 4272 horrorem
3491 4217 3784 4273 videntibus

2215 4322 2273 4362 se
2301 4307 2545 4364 incutiat.
2599 4306 2787 4360 Anima
2819 4308 3019 4375 quippe
3072 4305 3438 4374 pulcherrima
3491 4307 3782 4365 recedente.

2214 4397 2558 4468 pulchritudo
2613 4411 2776 4466 quam
2823 4397 2973 4450 carui
3010 4396 3231 4451 dederat
3254 4405 3367 4450 tota
3418 4397 3648 4451 recedit.
3691 4394 3786 4449 Sed

529 4487 811 4560 procerior
839 4487 1083 4541 videatur
1102 4525 1117 4553 ,
1145 4462 1501 4542 de—industria
1524 4482 1804 4550 dissuitur,
1829 4492 1888 4538 ut
1911 4484 2110 4554 aliquid
2142 4462 2190 4521 ί)
2216 4462 2305 4547 isti
2334 4491 2418 4547 vel
2449 4490 2553 4546 iste
2579 4462 2667 4560 qui
2708 4490 2914 4544 auctori
2965 4489 3312 4558 turpitudinis
3353 4504 3414 4543 se
3440 4487 3786 4558 superbiendo

530 4587 791 4651 appareat
817 4577 959 4647 quod
986 4586 1149 4633 amet.
1187 4575 1366 4632 Calcei
1393 4574 1577 4648 nigelli
1621 4585 1675 4632 et
1722 4577 1953 4630 nitentes
1987 4575 2114 4629 stri-

530 4676 662 4730 dore
685 4686 785 4726 suo
810 4668 994 4726 oculos
1019 4668 1250 4725 lascivos
1276 4667 1330 4722 in
1353 4681 1524 4723 satvos
1558 4667 1797 4722 excitant
1822 4666 2110 4736 appetitus.

531 4765 721 4837 Capilli
751 4779 943 4836 parum
968 4760 1226 4828 defluunt,
1270 4769 1327 4816 et
1372 4759 1778 4831 recolligantur.
1810 4759 2017 4814 Collum
2059 4767 2113 4812 et

529 4867 714 4930 guttur
742 4856 1008 4912 deﬂuente
1043 4852 1256 4924 palliolo
1307 4867 1434 4908 casu
1462 4848 1715 4915 nudatur,
1758 4857 1813 4904 et
1849 4848 2002 4920 quasi
2039 4848 2116 4902 vi-

532 4948 648 5002 deri
691 4948 961 5002 noluerint
1000 4942 1210 5014 operire
1255 4941 1530 4998 festinant.
1575 4937 1702 4996 Haec
1736 4935 2112 5009 Hieronymus.

531 5039 590 5054 τι·
782 5038 803 5054 ιι
837 5052 855 5053 η
901 5051 910 5053 Α
1031 5037 1064 5054 I,
1086 5046 1099 5054 .
1148 5032 1249 5054 0-]
1275 5033 1319 5054 Ξ,
1345 5035 1358 5054 l
1385 5033 1425 5054 2-
1456 5033 1699 5054 -..-..ε1.--..
1722 5043 1763 5054 ..ι
1791 5031 1804 5054 1

1901 5028 2088 5054 ιΑΜηιιι

2218 4581 2570 4645 submittunt,
2624 4579 2758 4634 nihil
2801 4580 3100 4634 secundum
3154 4579 3473 4649 religionem
3525 4579 3649 4633 fidei
3712 4576 3781 4629 tti-

2218 4670 2400 4739 ltilque
2429 4665 2725 4723 secundum
2753 4667 2978 4722 rationis
3004 4668 3341 4722 honestatem
3383 4667 3714 4727 discernunt,
3735 4673 3784 4717 et

2220 4759 2422 4813 idcirco
2447 4757 2560 4813 sola
2585 4772 2705 4828 qute
2729 4756 2911 4812 carnis
2936 4755 3070 4811 sunt
3087 4756 3324 4826 sapiunt,
3354 4772 3466 4812 non
3513 4772 3636 4828 qua:
3685 4756 3782 4824 spi-

2223 4851 2357 4904 ritus
2389 4849 2505 4904 Dei.

2289 4937 2355 4994 X.
2393 4939 2691 5009 Antequam
2725 4937 2858 4993 fides
2884 4937 3086 4993 Christi
3115 4936 3478 5000 claresceret.
3509 4948 3778 5008 antequam

2255 5030 2446 5054 ...κ-³....
2477 5029 2696 5054 ΑΙΙΛα-Α-νι
2727 5028 2891 5054 ..ζει-..-
2924 5029 3081 5054 ηυδε-ιιι.
3135 5028 3221 5054 ..Ιιῖ
3273 5027 3352 5054 -νΛΙ
3404 5039 3661 5054 ωειλ-και-..
3707 5041 3772 5054 ’Δγ
