3934 5400
210 189 326 248 551

1162 188 1652 259 οοιωιτωιιυιι
1687 187 1868 245 LIBRI
1907 188 2107 246 TRES.
2146 220 2216 230 —
2255 182 2383 246 LIB.
2411 189 2478 245 ll.

3372 182 3484 251 δε,

213 303 362 357 mira
386 310 492 366 est.
523 299 609 357 vel
627 298 811 371 potius
834 298 1033 356 misera
1061 297 1178 355 haec
1204 309 1394 356 nostra
1420 299 1712 364 dementia,
1742 306 1802 353 ut
1829 302 1875 363 Α
1906 299 2234 357 tenebuntur
2258 308 2408 355 certe
2436 297 2630 369 pocula
2658 298 2839 371 plena,
2874 300 3018 361 sicut
3052 302 3108 358 iu
3159 300 3483 377 Apocalypsi

213 392 487 468 eligamus
514 389 870 448 emendicatis
898 397 955 445 et
976 388 1165 460 egenis
1192 388 1502 461 pruritibus
1527 389 1596 445 ad
1624 387 1799 443 modi-

213 499 346 539 cum
368 483 549 540 ilmtari
579 491 936 548 momentum,
982 483 1166 554 magis
1194 494 1358 555 quam
1389 483 1445 541 in
1488 482 1800 539 omnimoda

212 572 392 644 gloria
421 572 619 628 sociari
643 571 850 629 sanctis
898 572 955 633 in
998 581 1285 628 :eteruum.
1339 572 1445 629 Sed
1498 572 1628 645 quid
1673 573 1803 628 lict?

212 664 410 734 utique
436 664 579 735 quod
600 661 780 737 'Judex
818 663 936 735 ipse
980 664 1348 720 comminatur
1394 665 1583 721 dicens
1630 682 1646 719 :
1698 663 1801 730 Qui

208 764 559 809 contemnant
600 770 703 820 nte,
750 764 905 810 emat
948 754 1199 826 ignobiles
1236 755 1288 828 (Ι
1312 754 1448 827 Reg.
1482 772 1544 821 ιι,
1573 755 1689 828 30).
1736 755 1802 811 Et

212 840 351 896 item
391 858 406 895 :
433 841 760 911 ﬂespeaa'stis
784 858 938 898 omne
950 844 1237 899 consilium
1266 861 1474 914 meum,
1510 855 1561 900 et
1602 847 1800 911 vocavi,

160 946 163 947 '
210 941 262 985 et
298 932 567 986 renaistis.
585 932 699 1003 Ego
713 935 917 1005 quoque
938 935 992 987 in
1020 934 1234 990 interitu
1261 947 1428 992 vestro
1456 936 1652 992 ridebo.
1671 936 1801 992 Cum

210 1023 433 1077 irruerit
464 1026 731 1096 repentina
753 1025 1052 1091 ralamilaa,
1073 1027 1288 1097 quando
1315 1028 1509 1082 uenerit
1530 1044 1695 1099 super
1714 1045 1802 1085 vos

207 1111 494 1167 tribulatio
513 1122 563 1167 et
581 1115 857 1184 “angustia.
906 1113 1052 1168 Tunc
1101 1116 1416 1172 invocabant
1458 1133 1562 1183 nte,
1601 1126 1648 1173 et
1696 1135 1804 1174 non

210 1205 529 1270 exaudiam,
582 1221 640 1259 eo
681 1205 823 1276 quod
873 1221 1088 1261 exosant
1143 1206 1421 1264 habuerint
1470 1208 1801 1280 disciplinam

207 1292 409 1364 (Prov.
438 1295 732 1365 1,95-29).
778 1295 909 1363 Sed,
955 1305 1016 1351 ut
1062 1297 1190 1353 item
1237 1298 1500 1369 scriptum
1535 1307 1637 1365 est,
1688 1299 1802 1354 sola

215 1387 439 1442 vexatio
494 1387 832 1443 intellectum
880 1387 1030 1442 dabit
1087 1387 1328 1453 auditui,
1374 1391 1500 1459 quia
1553 1389 1804 1445 videlicet

212 1488 415 1534 cuncta
445 1494 567 1547 qua:
586 1493 730 1534 nunc
754 1479 810 1533 in
850 1478 1151 1549 Scripturis
1199 1479 1447 1545 audiunt,
1483 1494 1606 1550 qua
1644 1481 1800 1551 quasi

214 1582 331 1623 non
382 1568 721 1640 intelligant,
747 1576 1136 1637 contemnunt,
1168 1570 1342 1626 donec
1386 1586 1482 1640 per
1528 1580 1797 1627 tormenta

1905 389 2120 462 legitur,
2149 388 2589 448 fornicationum.
2622 390 2873 447 ltemiuh
2898 392 2975 448 ait
3025 411 3038 445 :
3092 391 3155 450 Si
3210 396 3482 466 deceptum

1901 494 2090 535 est‘cor
2113 495 2287 535 meum
2303 497 2469 545 super
2508 482 2773 536 mulierem
2816 481 2941 549 (Job
2989 499 3140 549 xxxi,
3170 483 3250 555 9).
3293 485 3393 552 Qui
3422 496 3485 542 ut

1906 571 2329 643 magnitudinem
2356 572 2495 627 tanti
2524 571 2783 628 facinoris
2808 574 3139 640 ostenderet,
3158 566 3481 647 sulﬁunxit:

1900 663 2075 734 Quam
2105 662 2248 719 enim
2278 671 2489 733 partem
2522 663 2746 719 haberet
2770 664 2824 720 in
2853 680 2937 721 me
2961 664 3101 720 Deus
3128 664 3397 738 desuper?
3421 667 3485 724 Et

1903 754 2024 811 illos
2052 755 2270 824 quidem
2293 754 2409 810 sola
2437 754 2519 810 vis
2565 753 2831 812 naturalis
2868 755 3002 827 legis
3048 756 3356 814 coercebat.
3408 757 3482 815 At

1902 856 2004 900 nos
2033 844 2217 900 multis
2266 852 2322 899 et
2369 844 2563 901 validis
2608 844 3004 901 conditionibus
3048 846 3381 917 ligaremur,
3432 846 3483 902 si

1902 935 2124 992 omnino
2150 935 2392 992 iufreues
2427 943 2534 992 neu
2560 935 2872 992 fuissemus.
2911 935 3046 992 Nam
3088 945 3147 992 ut
3188 938 3255 992 de
3296 937 3486 995 multis

1901 1042 2075 1101 pauca
2108 1027 2497 1100 perstringam,
2529 1026 2782 1084 Christus
2807 1028 2919 1099 jam
2944 1026 3013 1082 de
3051 1020 3273 1099 Virgine
3322 1034 3486 1083 natus

1900 1128 2003 1185 est,
2030 1128 2089 1175 ut
2114 1121 2372 1176 exhibeat
2399 1118 2502 1176 sibi
2527 1135 2783 1191 sponsam
2826 1131 2932 1175 non
2965 1119 3252 1175 habentem
3301 1134 3485 1176 macu-

1904 1212 2133 1268 lam‘aut
2161 1217 2371 1284 rugam,
2400 1211 2495 1268 sed
2534 1211 2823 1281 virginem,
2859 1221 2915 1267 ut
2959 1210 3037 1265 ait
3075 1208 3386 1281 Apostolus,
3429 1219 3486 1265 et

1900 1311 2131 1361 castam.
2161 1300 2281 1357 iam
2316 1301 2523 1358 levavit
2543 1302 2755 1373 signum
2785 1302 2966 1357 crucis
2990 1302 3045 1359 in
3073 1301 3408 1367 nationibus,
3431 1310 3488 1356 et

1902 1397 2237 1462 protestatur
2271 1389 2498 1445 dicens:
2531 1388 2636 1455 Qui
2683 1405 2790 1444 non
2820 1389 3030 1461 bajsrlat
3072 1406 3286 1446 cmem
3333 1406 3485 1445 sua»:

1900 1479 2131 1553 quotidie
2159 1494 2264 1535 non
2306 1490 2385 1534 est
2413 1496 2495 1534 me
2524 1481 2714 1552 dignus
2757 1479 2910 1551 (Luc.
2946 1496 3055 1549 xlv,
3083 1480 3200 1553 ‘27).
3256 1480 3485 1537 Crucem

1905 1588 2037 1628 vero
2066 1571 2292 1642 bajulat,
2329 1573 2427 1642 qui
2482 1573 2645 1628 corde
2697 1583 2753 1629 ct
2799 1583 3029 1645 oorpore
3070 1582 3260 1630 castus
3306 1573 3489 1629 carnis

206 1660 401 1730 puniri
428 1661 708 1731 incipiant,
743 1671 874 1718 tunc
897 1662 965 1717 ad
990 1662 1309 1719 memoriam
1360 1663 1637 1731 reducent,
1673 1673 1801 1721 tunc
1830 1647 1879 1711 Β
1905 1680 2092 1720 curam
2119 1664 2173 1719 in
2204 1663 2490 1720 desideriis
2520 1680 2859 1736 npquaquam
2893 1666 3041 1721 facit.
3075 1664 3362 1733 Quomodo
3390 1662 3490 1736 igi-

210 1766 376 1808 snens
399 1767 590 1818 eorum
618 1763 908 1821 exaestuat,
925 1763 1065 1810 tunc
1084 1754 1440 1812 infructuosa:
1466 1757 1802 1828 ptenitcutim
1907 1766 1997 1813 tur
2034 1772 2249 1813 crucem
2279 1755 2482 1827 bajulat
2508 1758 2599 1827 qui
2624 1772 2843 1813 carnem
2875 1769 3027 1814 suam
3050 1773 3082 1813 a
3102 1757 3506 1829 concupiscenv

211 1845 436 1917 ignibus
458 1862 517 1901 se
547 1845 870 1902 inﬂammat.
898 1846 1023 1914 Qui,
1055 1856 1115 1903 ut
1142 1848 1403 1918 scriptum
1429 1857 1547 1915 est,
1570 1850 1800 1915 utinam,
1905 1848 1997 1903 riis
2025 1862 2131 1904 non
2160 1846 2462 1919 crucifigit?
2493 1846 2783 1919 Apostolus
2809 1849 2953 1903 enim
2984 1848 3220 1905 cultores
3255 1846 3487 1911 ventris,

207 1935 348 1992 dum
405 1936 559 2003 licet,
618 1938 986 2009 intelligerent,
1041 1955 1104 1995 ae
1152 1942 1434 2001 novissima
1474 1943 1802 2013 providerent
1906 1954 2010 1993 non
2027 1940 2348 2012 portitores,
2377 1939 2471 1995 sed
2493 1939 2744 1995 inimicos
2768 1937 3006 2008 ejusdem
3025 1940 3209 1997 crucis
3231 1938 3485 2011 appellat.

210 2027 400 2099 (Deut.
442 2044 616 2092 xxxu,
643 2027 759 2101 29).
796 2028 1051 2099 Alioquin
1085 2030 1187 2087 tale
1214 2040 1298 2087 est
1322 2047 1391 2089 ac
1415 2033 1462 2089 si
1491 2033 1650 2089 alicui
1679 2047 1805 2105 pro—

208 2127 456 2189 ponatur
491 2128 672 2175 utrum
697 2119 969 2191 velit,per
991 2122 1212 2179 brevem
1243 2124 1484 2195 quidem,
1501 2127 1594 2180 sed
1620 2135 1804 2196 petro-

213 2223 335 2262 sam
362 2208 509 2264 riam
554 2209 840 2280 paululum
884 2211 1168 2280 incedere,
1209 2224 1267 2268 et
1318 2214 1391 2268 ita
1435 2214 1578 2269 inter
1625 2215 1805 2286 regios

208 2316 419 2371 pueros
444 2303 523 2358 ad
566 2303 754 2374 regale
796 2304 1089 2375 prandium
1139 2305 1463 2362 intromitti?
1512 2322 1584 2363 an
1633 2308 1806 2379 magis

211 2392 350 2449 velit
375 2409 500 2449 cuin
529 2395 734 2450 scurris
754 2403 813 2451 et
835 2396 1170 2452 damnatitiis
1192 2413 1292 2469 per
1311 2398 1561 2457 ﬂoridum
1589 2408 1803 2471 pratum

209 2482 455 2541 ludendo
474 2498 721 2555 pergere,
746 2495 802 2540 et
831 2487 896 2541 ad
925 2486 1089 2543 linem
1126 2489 1268 2557 prati
1309 2498 1541 2547 mortem
1587 2488 1805 2547 subire?

210 2574 309 2630 Ille
340 2589 470 2631 vero
492 2591 606 2632 non
632 2575 820 2643 linem,
847 2578 944 2637 sed
968 2577 1286 2648 qualitatem
1325 2580 1540 2637 itineris
1558 2581 1804 2653 cogitans

208 2665 386 2736 eligat
407 2666 582 2738 magis
614 2682 836 2725 suavem
864 2669 1030 2735 viam,
1057 2684 1157 2740 per
1204 2685 1368 2740 quam
1413 2672 1574 2731 citius
1623 2674 1806 2730 veniat

210 2760 287 2814 ad
330 2760 665 2835 horrendum
705 2761 955 2818 exitium.
1006 2761 1104 2817 lsti
1166 2777 1298 2818 sane
1353 2763 1611 2821 nonnulla
1661 2765 1803 2822 bona

212 2854 447 2921 faciunt,
474 2869 541 2912 ac
567 2855 842 2912 interdum
874 2856 1057 2913 vivere
1110 2859 1409 2915 secundum
1461 2860 1802 2931 disciplinam

209 2955 550 3016 proponunt,
580 2947 676 3003 sed
700 2962 916 3017 semper
940 2948 1011 3002 ad
1039 2958 1299 3006 consueta
1347 2950 1487 3007 mala
1534 2952 1805 3024 replican-

213 3010 336 3091 ἰυιῖ
358 3036 495 3093 Esse
522 3010 722 3108 quippe
750 3010 983 3093 humiles
1013 3038 1221 3106 volunt,
1252 3040 1349 3096 sed
1372 3040 1491 3097 sine
1513 3010 1801 3112 despectu;
1829 3010 1874 3074 θ

210 3142 340 3183 esse
360 3130 604 3186 contenti
648 3131 947 3201 prosperis,
969 3130 1064 3187 sed
1102 3131 1224 3188 sine
1267 3134 1626 3201 necessitate;
1680 3150 1803 3192 esse

209 3223 379 3288 casti,
409 3223 503 3279 sed
526 3224 644 3279 sine
669 3223 1034 3281 uisceratione
1060 3224 1337 3295 corporis;
1365 3241 1487 3284 esse
1510 3229 1801 3298 patientes,

208 3312 314 3368 sed
343 3313 464 3369 sine
487 3313 868 3380 auatumeliis;
896 3313 1127 3385 adipisci
1153 3315 1382 3373 virtutes
1409 3328 1679 3388 quatrunt,
1709 3321 1805 3377 sed

210 3405 479 3474 consequi
520 3421 627 3460 non
658 3412 911 3476 possunt,
969 3405 1096 3474 quia
1152 3404 1369 3464 labores
1423 3424 1613 3465 earum
1658 3411 1803 3467 refu-

209 3494 392 3565 giunt.
421 3495 576 3552 Unde
600 3497 738 3557 bene
762 3495 1026 3566 scriptum
1048 3503 1169 3550 est:
1189 3495 1449 3553 Involuta:
1466 3510 1589 3556 sunt
1608 3502 1806 3557 semita

211 3600 493 3655 gressum
513 3602 696 3640 eorum
734 3583 859 3656 (Job
911 3583 1142 3661 11,18);
1177 3589 1304 3657 quia
1335 3588 1594 3644 virtutum
1629 3589 1803 3644 studia

212 3685 447 3733 autnou
486 3687 769 3750 appetunt,
802 3690 897 3736 aut
921 3683 967 3737 si
996 3685 1368 3755 appetierunt,
1405 3682 1565 3739 fracti
1602 3683 1658 3739 in
1705 3697 1805 3739 suo

209 3771 528 3836 conamine,
556 3785 662 3826 non
700 3786 764 3827 ea
803 3784 1234 3846 consequuntur.
1286 3775 1426 3831 Hinc
1471 3775 1599 3831 item
1644 3792 1658 3828 :
1718 3772 1807 3827 Va:

207 3863 474 3931 peceamri
498 3863 813 3934 ingredienti
845 3864 1049 3920 duabus
1075 3865 1206 3922 aiis!
1237 3865 1431 3937 (Earli.
1463 3882 1531 3932 ιι,
1563 3865 1679 3936 ll.)

286 3949 381 4005 ιι.
410 3947 567 4005 Nulla
594 3949 680 4007 lex
707 3951 836 4007 olim
869 3960 1066 4024 praeter
1088 3953 1391 4009 naturalem
1432 3964 1617 4025 stupra
1648 3955 1805 4010 cohi-

210 4040 405 4106 bebat,
433 4051 493 4099 et
523 4049 706 4099 tamen
743 4049 896 4099 tanto
943 4045 1125 4101 studio
1180 4047 1549 4111 resecahatur,
1598 4055 1659 4102 ut
1713 4063 1805 4103 rex

211 4131 535 4191 Abimclech
564 4132 768 4190 diceret
801 4150 818 4189 :
854 4132 1072 4190 Poterat
1109 4136 1301 4206 aliquis
1340 4138 1480 4193 coire
1504 4137 1573 4192 de
1614 4136 1806 4208 populo

208 4240 338 4279 cum
371 4241 535 4281 uxore
562 4235 678 4291 tua,
699 4236 748 4281 et
774 4227 1046 4283 induceres
1072 4244 1228 4299 super
1258 4247 1353 4284 nos
1389 4230 1588 4300 grande
1623 4246 1807 4299 pecca-

211 4324 333 4369 tum
351 4314 661 4388 (Comum,
693 4314 802 4387 10).
830 4316 897 4373 Et
924 4307 1184 4385 Thamar,
1220 4335 1342 4390 quas
1371 4322 1437 4375 de
1479 4319 1616 4378 inda
1668 4333 1804 4375 cou-

210 4417 464 4479 ceperat,
490 4406 729 4466 ﬂammis
753 4410 1064 4481 adiudicata
1093 4420 1197 4478 est,
1224 4427 1293 4469 eo
1327 4412 1472 4483 quod
1525 4411 1579 4466 iu
1630 4412 1806 4467 vidui-

1905 2028 2015 2087 Nos
2041 2039 2298 2102 parentes
2336 2030 2531 2097 nomri,
2561 2030 2707 2086 sicut
2752 2029 3026 2086 Abraham
3068 2029 3274 2086 obtulit
3314 2028 3487 2091 Isaac,

1902 2131 1961 2179 et
1983 2121 2138 2177 Anna
2171 2120 2507 2186 Samuelem,
2533 2120 2646 2177 Deo
2672 2121 2725 2177 in
2776 2120 3104 2176 sacriﬁcium
3152 2118 3488 2175 obtulerunt.

1904 2214 2016 2272 Nos
2041 2215 2298 2288 templum
2329 2214 2422 2270 Dei
2462 2214 2605 2285 quod
2646 2228 2768 2270 esse
2817 2214 2916 2285 ipsi
2966 2213 3249 2269 debuimus
3283 2210 3492 2266 violam

1881 2318 2010 2382 tes,
2039 2317 2095 2365 et
2122 2308 2451 2365 oblationem
2507 2305 2626 2376 eius
2659 2304 3124 2361 commaculantes
3167 2306 3311 2360 idem
3358 2319 3489 2359 nos-

1904 2401 2187 2472 metipsos,
2220 2401 2274 2455 in
2311 2398 2639 2455 fermentum
2692 2397 2942 2455 conversi
2999 2412 3204 2453 stunus.
3246 2394 3487 2451 Naaman

1898 2488 2079 2566 Syrus
2110 2493 2163 2548 in
2200 2500 2404 2548 tantam
2435 2490 2625 2547 habuit
2648 2488 3010 2546 reverentiam
3048 2488 3228 2544 locum
3276 2486 3331 2542 in
3379 2502 3490 2557 quo

1905 2592 2105 2642 nomen
2135 2583 2232 2640 Dei
2287 2582 2667 2647 invocabatur,
2709 2589 2768 2636 ut
2819 2580 2886 2635 de
2927 2579 3094 2635 Israel
3136 2588 3338 2635 terram
3364 2591 3490 2637 cum

1904 2676 2247 2734 hurdonibus
2272 2684 2539 2748 portaret.
2569 2672 2677 2730 N05
2706 2675 2761 2730 in
2806 2674 2962 2729 atriis
2996 2660 3256 2730 ecclesiae
3305 2671 3488 2745 consi-

1906 2776 2138 2833 steutcs,
2166 2766 2222 2822 in
2257 2777 2458 2823 terram
2484 2775 2825 2832 sanctorum,
2848 2765 3005 2833 juxta
3033 2763 3177 2835 quod
3220 2762 3487 2834 propheta

1906 2861 2132 2934 plangit,
2157 2860 2338 2930 iniqua
2367 2858 2608 2931 gerimus
2630 2876 2649 2912 ς
2681 2856 2749 2913 In
2776 2868 2917 2912 terra
2949 2853 3488 2925 sanctorum,inquit,

1905 2950 2086 3021 iniqua
2123 2949 2280 3021 gessit
2332 2949 2468 3021 (lsa.
2498 2959 2662 3014 xxvi,
2710 2947 2820 3006 ιθ).
2874 2946 2981 3003 Sed
3040 2945 3330 3017 sequitur:
3359 2943 3489 3000 Ideo

1906 3057 2010 3096 non
2041 3040 2227 3099 videbit
2250 3040 2477 3112 gloriam
2505 3039 2718 3094 Domini
2738 3038 2955 3112 (Ibid.).
2980 3038 3099 3096 Vox
3124 3037 3193 3093 ad
3223 3035 3442 3108 Moysen
3467 3048 3485 3090 :

1906 3131 2097 3196 Locus,
2119 3130 2217 3197 ait,
2243 3129 2300 3185 in
2316 3146 2421 3202 quo
2446 3140 2503 3184 tu
2530 3137 2663 3196 stas,
2693 3139 2835 3185 terra
2865 3138 3048 3185 sancta
3081 3138 3158 3184 est
3187 3126 3387 3200 (Exod.
3405 3142 3489 3190 tu,

1904 3221 1982 3294 ὃ).
1999 3221 2101 3290 Qui
2130 3220 2296 3277 etiam
2325 3235 2429 3277 non
2443 3228 2705 3277 estausus
2726 3219 3198 3291 respicerecontra
3218 3218 3417 3291 ignem,
3435 3227 3493 3273 et

1901 3328 2032 3370 ecce
2055 3308 2177 3386 plus
2203 3323 2289 3370 est
2311 3313 2365 3370 in
2397 3312 2594 3379 altare,
2620 3313 2691 3368 ad
2714 3313 2864 3383 quod
2885 3313 3223 3386 nos'impure
3263 3319 3319 3367 et
3347 3311 3488 3367 irre-

1905 3417 2160 3462 vereuter
2177 3406 2510 3462 accedimus.
2536 3403 2671 3461 Nam
2699 3404 2839 3474 ignis
2868 3404 2958 3461 ille
3002 3419 3111 3460 non
3163 3411 3285 3459 erat
3321 3400 3490 3468 Deus,

1907 3494 2002 3549 sed
2025 3504 2302 3560 creatura,
2338 3508 2406 3551 ex
2434 3510 2543 3567 qua
2567 3509 2669 3551 vox
2706 3493 2804 3550 Dei
2858 3501 3174 3561 resonaret;
3222 3493 3312 3549 hic
3362 3506 3494 3549 vero

1906 3598 2105 3655 corpus
2135 3584 2340 3642 Christi
2365 3596 2468 3651 est,
2493 3585 2548 3641 in
2585 3598 2696 3656 quo
2733 3583 2943 3641 habitat
2987 3584 3167 3640 omnis
3206 3583 3490 3655 plenitudo

1906 3674 2225 3731 divinitatis.
2252 3674 2451 3731 Verum
2478 3676 2608 3748 quia
2644 3676 2711 3731 de
2746 3675 2888 3730 sacri
2911 3674 3014 3731 loci
3039 3674 3344 3730 reverentia
3367 3688 3490 3731 sese

1905 3767 2123 3823 occasio
2155 3768 2396 3837 prtehct,
2433 3767 2719 3825 dicendum
2768 3768 2984 3824 videtur
3034 3767 3163 3839 quid
3210 3776 3337 3824 ante
3389 3769 3491 3825 hos

1908 3870 2082 3911 annos
2109 3855 2551 3914 iuCar'rilocensi
2594 3858 2927 3915 monasterio
2957 3857 3203 3928 contigit.
3253 3855 3486 3925 Quidam

1908 3961 2104 4004 vassus
2126 3948 2347 4004 nomine
2374 3948 2666 4006 Richerius
2690 3949 2762 4005 ibi
2797 3960 2945 4006 metu
2976 3950 3317 4006 inimicorum
3357 3965 3492 4008 cou-

1908 4037 2144 4110 fugerat,
2174 4041 2266 4110 qui
2296 4041 2349 4095 in
2382 4041 2543 4107 cella,
2571 4055 2693 4114 quae
2737 4042 2983 4098 ecclesiae
3021 4043 3284 4110 adhaeret,
3335 4051 3495 4098 nocte

1909 4130 2185 4189 dormiens
2226 4147 2350 4188 cum
2392 4147 2617 4189 uxorem
2666 4149 2820 4189 suam
2848 4148 3178 4205 cognoscere
3208 4132 3392 4201 vellet,
3419 4134 3495 4191 ita

1910 4222 2230 4280 sicutcanis
2251 4224 2429 4279 eidem
2460 4222 2698 4292 inhaesit,
2723 4235 2783 4280 ut
2828 4220 3137 4284 nullatenus
3174 4224 3245 4281 ab
3298 4240 3362 4280 ea
3412 4224 3496 4297 di-

1908 4315 2030 4372 velli
2053 4323 2259 4388 posset.
2299 4314 2434 4373 Cum
2464 4315 2633 4386 igitur
2662 4331 2723 4373 se
2749 4317 2821 4373 ita
2858 4318 3030 4374 teneri
3058 4316 3341 4383 sensisset,
3369 4331 3521 4371 sucu.

1908 4405 2188 4472 clamavit,
2218 4420 2407 4463 rumor
2432 4405 2645 4464 subitus
2677 4407 2967 4478 increpuit.
2984 4406 3355 4466 Accurrerunt
3376 4421 3493 4463 om-

216 4508 337 4555 tate
376 4501 647 4558 mmcltata
686 4502 981 4560 videretur.
1022 4503 1275 4563 Lua-otia
1323 4520 1539 4575 quoque
1585 4505 1804 4577 gentilis
1906 4509 2024 4552 nes.
2075 4495 2155 4555 Illi
2209 4506 2318 4553 tam
2374 4506 2521 4553 metu
2567 4511 2727 4571 quam
2774 4499 3099 4556 verecundia
3143 4498 3494 4557 vehementer

216 4588 408 4649 Romae
432 4602 702 4658 matrona,
733 4607 858 4651 cum
883 4602 1031 4653 esset
1053 4609 1084 4649 a
1121 4594 1401 4665 Tarquinii
1445 4594 1555 4650 tilio
1602 4595 1805 4651 violen-
1907 4583 2117 4644 confusi
2143 4595 2288 4644 sunt.
2314 4586 2610 4646 Mouachos
2636 4591 2821 4647 vocari
2844 4588 3044 4659 fecere,
3070 4599 3274 4663 quanta
3299 4599 3491 4665 potue-

217 4691 306 4738 ter
329 4696 608 4753 oppressa,
655 4690 852 4753 patruo
889 4697 990 4744 suo
1037 4698 1104 4743 ac
1153 4685 1272 4741 viro
1316 4683 1528 4742 facinus
1571 4685 1639 4742 ad
1693 4686 1796 4741 hoc
1907 4688 2038 4736 runt
2065 4692 2295 4737 munera
2320 4679 2441 4736 loco
2459 4690 2651 4738 sancto
2675 4682 2958 4739 dederunt.
3003 4682 3139 4741 Cum
3170 4682 3261 4739 diu
3290 4688 3488 4737 esseta

215 4775 512 4845 patefecit,
570 4783 633 4831 ut
688 4784 1052 4844 stupratorem
1100 4787 1596 4848 persequerentur;
1643 4791 1807 4848 porro
1908 4770 2191 4829 monachis
2229 4780 2467 4838 oratum,
2495 4772 2597 4829 sibi
2625 4771 2817 4830 redditi
2847 4783 2996 4830 sunt.
3040 4772 3235 4831 Filium
3275 4769 3492 4840 ejus,ct

218 4869 341 4934 ipsa
363 4865 739 4925 confusionem
766 4880 875 4921 non
901 4867 1197 4932 sustinens,
1225 4869 1464 4939 seipsam
1507 4866 1801 4926 interfecit.
1905 4861 2107 4920 fratres
2131 4877 2231 4934 ego
2254 4862 2413 4928 novi;
2443 4862 2514 4921 ab
2542 4864 2626 4921 his
2653 4864 2747 4936 qui
2782 4863 3141 4943 interfuerunt
3161 4863 3266 4919 hoc
3290 4858 3494 4943 audivi.

202 4955 305 5020 Et,
334 4957 488 5013 utad
513 4964 739 5017 sanctos
764 4956 1066 5022 veniamus,
1092 4956 1195 5013 Job
1213 4958 1333 5015 sine
1357 4957 1512 5029 legali
1535 4966 1806 5029 praecepto
1911 4952 2069 5012 Sicut
2091 4963 2273 5010 autem
2304 4954 2417 5025 ipsa
2455 4968 2551 5011 res
2585 4954 2799 5019 edocet,
2831 4940 3147 5028 complexus
3179 4940 3500 5021 coniugum.

217 5048 369 5103 inter
398 5047 628 5119 gentiles
647 5047 853 5116 degens
881 5047 962 5103 ait
994 5061 1011 5100 :
1038 5047 1225 5120 Ριρὶθὶ
1271 5048 1442 5119 [tedas
1480 5064 1598 5104 cum
1635 5046 1805 5105 Oculis
1909 5048 2039 5119 quia
2074 5048 2260 5107 licitus
2284 5054 2429 5113 erat,
2455 5046 2830 5120 temporaliter
2854 5051 3077 5123 punitus
3098 5052 3183 5101 est
3220 5042 3289 5097 ob
3332 5040 3499 5098 illici-

214 5141 371 5205 ateia,
396 5156 460 5195 ne
484 5141 697 5212 quildem
727 5139 1011 5207 cogitarem
1034 5139 1101 5192 de
1126 5142 1324 5212 uirgine
1369 5138 1497 5210 (Job
1543 5155 1697 5206 xxxi,
1732 5137 1806 5203 l).
1914 5145 2026 5194 tam
2054 5138 2196 5195 illius
2230 5136 2375 5193 sacri
2408 5136 2516 5195 loci
2546 5139 3045 5215 praesumptionem,
3069 5134 3161 5191 ubi
3189 5128 3504 5203 gerebatur.
