3934 5400
486 272 591 347 m
696 300 701 305 λ

1459 287 1517 344 s.
1556 272 1806 345 osurus
1842 283 2669 347 ABBATIS‘CLUNIACENSIS
2708 284 2748 343 u

3650 293 3747 352 εει

488 382 584 461 rex
616 402 1117 475 Lougobardorum,
1143 400 1285 456 sicut
1312 401 1365 455 iu
1392 400 1634 470 ejusdem
1657 399 1833 472 gentis
1854 396 2079 453 historia
2110 398 2157 458 Α
2180 396 2230 451 si
2265 412 2363 467 pro
2392 399 2676 469 temporali
2711 401 2913 457 honore
2940 399 3181 471 quolibet
3203 402 3547 474 adipiscendo
3572 410 3752 477 quovis

486 499 706 568 legitur,
724 497 778 550 in
801 485 1116 568 cmtncterio
1137 492 1420 562 cujusdam
1443 491 1688 547 ecclesiae
1708 482 1880 545 sancti
1907 489 2069 545 Joau-

486 566 576 645 nis
602 587 817 658 sepeliri
845 566 1095 650 se"fecit,
1129 584 1420 641 haereticus
1462 592 1639 638 tamen
1681 580 2068 654 perseveravit.

485 677 654 747 Cujus
686 675 952 731 tumulum
989 674 1230 745 quidam
1280 668 1367 727 fur
1411 672 1726 743 effringens,
1755 678 2073 727 ornamenta

486 783 610 824 cum
642 766 860 838 quibus,
894 774 955 821 ut
976 780 1073 821 rex
1091 806 1106 833 ,
1130 764 1373 835 sepultus
1394 761 1594 828 fuerat,
1621 764 1921 833 asportavit
1952 779 1965 816 :
1991 762 2074 817 ei-

491 863 614 915 dem
643 873 776 914 vero
803 856 1287 914 sanctusdoauues
1328 870 1427 927 per
1467 855 1728 910 visionem
1756 853 1893 909 dixit
1922 872 1935 908 :
1967 851 2075 908 Cur

487 965 652 1008 ausus
689 950 987 1020 es'corpus
1032 947 1201 1019 ipsius
1243 947 1477 1003 hominis
1523 943 1874 1015 contingere?
1910 942 2075 998 fuerit

486 1042 615 1099 licet
652 1058 757 1099 non
789 1051 935 1099 reete
957 1043 1191 1098 credens
1214 1083 1230 1107 ,
1268 1034 1605 1095 tamen‘mihi
1639 1052 1698 1094 se
1727 1036 2076 1093 commenda-

483 1136 580 1190 vit.
616 1133 750 1202 Quia
776 1149 906 1206 ergo
936 1134 1040 1189 hoc
1070 1133 1249 1188 facere
1278 1128 1690 1203 praesumpsisti,
1715 1142 1991 1197 nunquam
2010 1126 2074 1181 in

484 1242 665 1283 meam
697 1226 976 1282 basilicam
1016 1224 1271 1296 deinceps
1301 1224 1602 1294 ingressum
1634 1217 1879 1275 habebis.
1921 1218 2075 1286 Quod

486 1319 563 1374 ita
594 1319 793 1374 factum
824 1326 906 1374 est
936 1335 950 1372 :
984 1317 1427 1386 Quotiescunque
1448 1314 1611 1370 enim
1634 1312 1896 1368 voluisset
1933 1310 2075 1366 beati

484 1407 709 1467 Joannis
729 1409 1027 1465 oratorimn
1055 1406 1281 1480 ingredi,
1304 1405 1491 1461 statim
1520 1403 1665 1458 velut
1685 1418 1715 1458 a
1739 1400 2075 1457 validissimo

483 1500 652 1573 pugili
698 1508 885 1570 guttur
935 1499 985 1555 ei
1033 1497 1319 1563 feriretur,
1352 1496 1432 1552 sic
1470 1494 1648 1551 subito
1692 1488 1840 1549 retro
1888 1491 2079 1546 ruebat

483 1591 769 1662 impulsus.
796 1588 852 1645 Si
883 1604 1010 1661 ergo
1033 1588 1336 1644 reverentia
1361 1584 1534 1641 sancti
1557 1583 1658 1641 ioci
1688 1592 1877 1639 contra
1904 1580 2076 1636 viola-

2174 485 2448 543 discedere
2474 489 2726 554 voluerit,
2765 489 2950 546 favent
2976 506 3199 560 omnes,
3222 502 3281 549 et
3306 495 3748 563 adhortationem,

2180 575 2258 631 rel
2284 577 2449 632 etiam
2472 589 2758 636 munerum
2797 580 3124 637 adminicula
3152 583 3423 653 praebent;
3452 594 3509 640 et
3537 602 3646 641 non
3671 588 3754 643 de-

2172 676 2457 737 sertorem,
2507 669 2602 727 sed
2650 686 2763 728 suae
2809 671 3101 729 humilitati
3128 675 3478 746 provisorem
3520 689 3750 733 censent.

2174 759 2242 814 Et
2301 767 2448 817 certe
2507 761 2660 817 locus
2714 763 2949 821 ﬁdelium
2992 766 3277 835 paradisus
3324 776 3427 833 est,
3479 769 3566 824 vel
3612 768 3755 839 quili-

2175 850 2268 905 bet
2320 850 2477 919 alius,
2527 868 2635 923 quo
2691 854 2859 909 tutius
2889 856 3015 923 *via,
3058 871 3165 927 qua
3212 858 3283 912 ad
3329 858 3648 928 paradisum
3677 874 3755 914 re-

2175 941 2321 997 ditur
2348 982 2363 1009 ,
2429 945 2599 1000 teneri
2656 954 2851 1017 potest.
2911 946 3081 1015 Quem
3127 948 3301 1005 locum
3351 951 3519 1006 tcties
3566 951 3759 1006 descri-

2176 1045 2319 1097 mus,
2339 1032 2551 1101 quoties
2560 1047 2869 1104 peccamus.
2882 1034 2961 1092 De
2975 1035 3064 1091 illa
3076 1037 3383 1095 desertione
3400 1056 3569 1096 nemo
3586 1043 3758 1111 queri—

2176 1130 2291 1189 tur;
2312 1123 2412 1179 ista
2422 1139 2556 1180 vero
2571 1126 2640 1181 ob
2657 1125 2711 1180 id
2725 1126 3033 1197 opponitur,
3050 1127 3176 1199 quia
3195 1131 3321 1183 dum
3336 1119 3629 1200 praesentia
3648 1149 3759 1186 cor-

2176 1213 2379 1284 poralis
2424 1214 2479 1271 in
2531 1214 2623 1270 illo
2662 1215 2758 1271 tali
2809 1216 3069 1289 diligitur,
3114 1228 3374 1289 quantum
3423 1222 3547 1293 ejus
3593 1224 3760 1279 anima

2175 1306 2451 1376 peccando
2485 1308 2735 1378 supernis
2788 1310 2959 1367 oculis
3008 1310 3346 1376 absentetur,
3389 1315 3621 1370 omnino
3666 1331 3763 1370 non

2172 1403 2421 1452 curatur.
2471 1395 2579 1452 Nec
2605 1399 2802 1454 mirum
2829 1400 2876 1455 si
2904 1399 3144 1474 Egyptii
3166 1402 3305 1459 ﬁlios
3340 1402 3509 1460 Israel
3554 1421 3627 1461 ne
3664 1404 3766 1461 Deo

2176 1485 2382 1542 servire
2422 1488 2629 1557 possint
2668 1489 2987 1560 impediunt.
3028 1491 3177 1549 Sane
3213 1504 3501 1565 postquam
3524 1510 3764 1551 commu-

2171 1577 2261 1633 nis
2294 1577 2574 1646 Dominus,
2603 1581 2688 1636 cui
2716 1596 2942 1652 prorsus
2966 1583 3170 1655 ubique
3183 1588 3439 1651 servitur,
3471 1585 3766 1643 Pharistos

488 1692 660 1740 torem
684 1682 915 1754 sepulcri
941 1682 1079 1737 illius
1108 1680 1348 1736 haeretici
1379 1685 1599 1734 sanctus
1626 1675 1861 1732 Joannes
1887 1675 1959 1729 ita
1989 1670 2074 1728 iu-
2110 1751 2139 1754 _
2174 1666 2476 1739 redarguit.
2508 1682 2576 1723 eo
2601 1669 2743 1739 (NOII
2767 1684 2868 1726 nec
2897 1670 2999 1740 ipsi
3023 1672 3374 1738 intreutmec
3402 1674 3541 1729 alios
3569 1675 3767 1732 intrate

485 1751 874 1848 dignatus—est,
905 1782 1165 1844 quantum
1222 1782 1381 1842 putas
1408 1781 1464 1826 et
1482 1769 1633 1824 Deus
1670 1777 1724 1823 et
1761 1766 1932 1823 sancti
1962 1765 2078 1836 ejus
2102 1751 2153 1812 Β
2180 1755 2359 1848 Simul
2392 1774 2405 1811 ε
2436 1756 2625 1813 saltem
2673 1760 2775 1815 hac
2817 1759 3182 1831 increpatione
3229 1763 3452 1818 coerciti
3482 1778 3616 1818 suas
3647 1778 3770 1819 co..-

484 1868 799 1922 irascuutur
833 1867 1094 1920 adversus
1120 1863 1408 1934 quemdam
1445 1860 1556 1931 qui-
1584 1867 1771 1915 sancta
1800 1858 1917 1914 loca
1944 1873 2079 1928 quo-

480 1957 618 2014 libet
645 1958 805 2013 modo
834 1954 1196 2012 commaculat
1214 1954 1238 2007 ?
1258 1952 1427 2009 Totus
1454 1951 1688 2007 mundus
1716 1949 2079 2019 sanctaScri-

477 2061 666 2122 ptura,
691 2066 821 2121 qua:
856 2064 954 2104 nos
975 2063 1204 2120 peccare
1236 2045 1511 2117 prohibet,
1559 2043 1881 2099 illustratur.
1913 2040 2080 2098 Totus

481 2143 583 2200 Dei
617 2142 863 2208 testibus,
885 2141 977 2212 qui
1007 2141 1148 2196 hanc
1169 2139 1615 2201 observaverunt,
1643 2135 1832 2205 plenus
1855 2141 1937 2189 est
1966 2150 1979 2188 :
2009 2132 2077 2188 de

486 2234 705 2304 quibus,
738 2242 798 2286 ut
822 2245 985 2301 supra
1018 2229 1251 2295 dicitur,
1280 2229 1356 2283 ait
1387 2226 1489 2284 Job
1535 2245 1548 2281 :
1601 2227 1880 2281 Instauras
1927 2234 2078 2279 testes

486 2334 605 2378 tuos
630 2333 813 2379 contra
848 2339 927 2376 me
952 2321 1073 2393 (Job
1112 2337 1170 2387 ι,
1203 2320 1312 2392 l7).
1345 2318 1566 2375 Scilicet
1600 2318 1726 2389 quia
1752 2326 1829 2373 tot
1853 2316 1906 2371 in
1936 2314 2080 2386 judi-

486 2416 573 2470 cio
602 2414 968 2471 testimonium
998 2422 1185 2469 contra
1219 2427 1318 2468 uos
1346 2412 1568 2476 dabunt,
1600 2418 1732 2481 quot
1756 2409 1929 2480 legem
1956 2406 2076 2473 Dei,

480 2521 651 2577 quam
673 2520 771 2561 nos
798 2503 1218 2570 conteumimus,
1241 2503 1359 2558 siue
1376 2501 1627 2574 praecepti
1658 2501 1821 2556 etiam
1843 2498 2076 2555 constri-

484 2598 667 2653 ctioue
703 2603 1077 2653 servaverunt.
1109 2595 1278 2666 Igitur
1304 2602 1382 2650 tot
1409 2608 1588 2649 causae
1614 2590 1829 2648 frenare
1860 2605 1959 2647 nos
1986 2592 2082 2646 de-

478 2688 737 2756 buerant,
762 2690 1011 2747 videlicet
1031 2700 1087 2745 et
1115 2688 1289 2745 fuedus
1312 2688 1584 2743 imitanda:
1610 2687 1875 2745 castitatis
1896 2727 1912 2754 ,
1934 2685 2079 2759 quod

482 2798 612 2840 cum
661 2782 776 2839 suis
820 2782 1082 2839 militihus
1120 2781 1263 2838 filius
1296 2782 1519 2854 virginis
1560 2792 1816 2853 tanquam
1872 2781 1981 2836 dux
2025 2788 2082 2837 ει

480 2872 722 2945 praevius
748 2871 888 2939 iniit,
916 2880 971 2928 et
996 2872 1238 2928 conditio
1260 2872 1544 2943 portanda:
1574 2873 1774 2939 crucis,
1806 2881 1865 2929 et
1886 2886 2081 2928 conse-

486 2966 683 3033 cratio,
710 2980 824 3036 qua
852 2963 936 3020 vel
974 2979 1019 3027 a,
1040 2954 1369 3035 parentibus,
1410 2964 1493 3019 vel
1519 2980 1548 3019 a
1576 2964 1733 3021 nobis
1761 2964 1875 3021 Deo
1903 2964 2080 3021 initia-

478 3071 628 3120 mur,
657 3053 1003 3126 etprofcssio
1045 3054 1217 3112 sancti
1264 3055 1565 3125 propositi,
1599 3056 1695 3110 sed
1741 3065 1795 3111 et
1836 3054 2078 3111 locorum

2167 1847 2529 1905 tradictiones
2547 1848 2845 1906 debuerant
2866 1852 2957 1906 isti
2981 1851 3275 1919 refrenare,
3301 1865 3356 1911 et
3381 1855 3466 1911 vel
3490 1852 3770 1927 Egyptios

2180 1938 2401 2007 imitari,
2423 1942 2533 2011 qui
2562 1941 3091 2000 divinteformidinis
3129 1960 3329 2015 pavore
3355 1948 3637 2014 concussi,
3664 1964 3768 2002 non

2171 2031 2354 2088 solum
2390 2032 2711 2091 dimiserunt
2728 2033 2914 2091 «Israel
2934 2076 2949 2103 ,
2978 2035 3074 2091 sed
3098 2037 3261 2093 etiam
3288 2047 3613 2095 ornamenta
3638 2055 3771 2110 pne-

2163 2128 2454 2184 stiteruut.
2494 2127 2648 2196 Quod
2676 2129 2898 2200 quidem
2946 2138 3002 2186 et
3045 2131 3551 2187 iSti‘dehortatores
3596 2132 3775 2188 facere

2182 2219 2378 2287 solent,
2423 2221 2528 2278 illis
2564 2223 2830 2278 duntaxat
2855 2222 2947 2294 qui
2975 2239 3074 2294 pro
3099 2223 3279 2295 aliquo
3308 2224 3593 2296 temporali
3627 2240 3773 2280 com-

2180 2313 2342 2369 modo
2394 2314 2713 2381 discedunt,
2746 2330 2915 2384 quos,
2960 2322 3021 2370 ut
3062 2330 3224 2385 supra
3268 2315 3473 2372 dictum
3523 2323 3631 2379 est,
3666 2332 3773 2371 nou

2164 2403 2486 2459 desertores
2520 2412 2737 2475 putant,
2770 2405 3004 2460 sed-sua:
3028 2403 3217 2459 salutis
3241 2405 3574 2475 provisores.
3624 2405 3773 2459 Scri-

2180 2504 2332 2565 ptum
2371 2495 2569 2566 quippe
2609 2505 2694 2551 est
2721 2492 2877 2550 τινος
2899 2496 2991 2565 qui
3012 2495 3065 2548 in
3091 2494 3283 2549 Austro
3306 2495 3561 2549 habitatis
3591 2512 3775 2549 occur-

2170 2585 2280 2639 .rite
2315 2585 2510 2640 sitienti
2537 2601 2655 2640 cum
2679 2584 2902 2656 panibus
2934 2583 3069 2657 (Isa.
3090 2600 3215 2650 aut,
3246 2585 3358 2655 14).
3414 2586 3497 2641 Ac
3542 2587 3591 2641 si
3639 2586 3779 2640 dice-

2183 2682 2354 2741 retur,
2405 2689 2498 2731 eos
2549 2675 2642 2746 qui
2703 2676 2989 2732 charitatis
3036 2674 3230 2731 ardore
3276 2675 3525 2742 fervelis,
3571 2676 3651 2742 ei,
3687 2678 3775 2747 qui

2184 2762 2468 2820 Dominum
2496 2762 2697 2819 fontem
2726 2764 2907 2819 vivum
2935 2779 3181 2835 qumrere
3204 2765 3420 2831 nititur,
3446 2764 3775 2834 adjutorium

2179 2856 2433 2926 praebete.
2485 2854 2691 2912 Verum
2715 2857 2760 2911 si
2774 2855 2953 2912 Iacob
2991 2856 3058 2912 ad
3088 2866 3295 2927 patrem
3348 2858 3532 2913 redire
3554 2859 3777 2928 cupiens

2182 2945 2598 3003 obstinationem
2625 2945 2809 3001 Lahau
2838 2946 3071 3001 reditum
3097 2944 3213 3014 ejus
3242 2946 3512 3016 impedire
3552 2947 3777 3003 molien-

2184 3038 2255 3094 tis
2285 3037 2638 3109 deprehendit
2663 3076 2678 3103 ,
2709 3045 2923 3107 oportet
2969 3046 3028 3092 ut
3071 3037 3211 3092 hanc
3244 3036 3497 3094 clanculo
3547 3037 3774 3107 fugiens,

484 3124 795 3204 reverentia
818 3154 1177 3211 sacratorum,
1204 3154 1260 3200 et
1287 3124 1537 3201 vicinitas
1560 3154 1723 3201 tantae
1753 3144 2077 3215 majestatis,

2183 3128 2267 3185 vel
2293 3124 3145 3184 humanoconsilio«frustretur.
3186 3124 3302 3181 Hoc
3337 3136 3424 3182 est
3463 3127 3616 3182 enim
3666 3143 3777 3198 pro-

486 3253 610 3310 qute
644 3238 699 3294 in
727 3236 913 3292 altaris
942 3236 1197 3308 mysterio
1225 3237 1561 3303 continetur,
1585 3252 1685 3293 nec
1714 3252 1819 3294 rion
1843 3246 1900 3294 et
1928 3238 2077 3293 Scri-

473 3338 775 3400 ,pturarum
832 3324 1129 3382 auctoritas
1191 3325 1529 3393 divinarum,
1583 3334 1747 3397 atque
1807 3336 2079 3383 tantorum

478 3414 544 3477 et
571 3428 696 3478 ante
726 3420 901 3492 legem
932 3429 988 3475 et
1019 3428 1145 3490 post
1170 3419 1344 3491 legem
1372 3420 1620 3490 exempla
1651 3429 1984 3477 sanctorum.
2046 3436 2047 3441 π

558 3512 674 3569 XII.
714 3513 939 3570 Constat
961 3520 1138 3566 autem
1170 3511 1335 3568 etiam
1366 3525 1510 3566 nunc
1546 3518 1669 3583 post
1696 3511 2081 3583 redemptionis

480 3604 721 3676 gratiam
748 3601 838 3657 illa
866 3600 1155 3668 sententia,
1194 3616 1302 3673 qua
1341 3600 1563 3666 dicitur,
1594 3600 1721 3671 quia
1751 3602 1918 3656 omnis
1958 3616 2081 3655 caro

486 3709 656 3766 prona
685 3703 760 3748 est
792 3692 862 3747 ad
898 3691 1097 3748 rnatum
1129 3690 1315 3764 (Leuit.
1341 3707 1491 3759 -xvn,
1516 3691 1627 3765 ﬂ).
1677 3691 1830 3747 Licet
1852 3691 1996 3746 enim
2022 3690 2085 3745 ti-

484 3785 598 3840 tius
620 3783 849 3859 virginis
873 3783 1438 3854 ad‘hoc'apparuerit,
1471 3794 1533 3838 ut
1558 3797 1723 3854 Opera
1753 3782 1951 3839 diaboli
1985 3782 2082 3838 de-

487 3884 748 3942 strueret,
778 3882 833 3931 et
853 3875 1151 3942 libidinem,
1178 3890 1339 3945 quam
1360 3873 1884 3946 patriarchaiacob,
1912 3874 2081 3931 tilium

490 3965 774 4039 plangens,
798 3964 970 4020 feram
1000 3965 1291 4037 pessimam
1317 3973 1509 4032 vocat,
1539 3978 1570 4019 a
1595 3963 1709 4021 suis
1736 3964 2085 4020 dilectoribus

489 4058 825 4115 truncaverit
856 4075 871 4113 :
901 4056 1038 4113 adeo
1077 4065 1258 4112 tamen
1300 4056 1479 4111 adhuc
1506 4054 1560 4111 in
1589 4055 1742 4111 silvis
1774 4063 2083 4111 nostrarum

490 4150 882 4222 cogitationum
904 4150 1091 4207 eadem
1115 4148 1286 4204 bestia
1312 4147 1469 4205 saevit
1492 4156 1550 4204 et
1568 4146 1773 4215 fremit,
1799 4158 1859 4204 ut
1886 4148 2085 4205 vix-re-

492 4241 673 4313 perias
694 4242 797 4313 qui-
818 4239 1162 4313 naufragium
1189 4240 1413 4312 pudoris
1437 4249 1584 4297 tutus
1621 4241 1836 4297 evadat.
1859 4241 1933 4297 ‘At
1954 4257 2084 4298 vero

493 4348 619 4389 cum
647 4333 762 4404 ipse
786 4332 931 4390 filius
953 4333 1184 4405 virginis
1211 4333 1433 4405 respicit
1454 4341 1654 4390 terram
1678 4334 1861 4392 cordis
1888 4336 2083 4402 nostri,

494 4431 554 4479 et
586 4421 718 4479 facit
747 4435 869 4478 eam
922 4431 1181 4490 tremere,
1208 4431 1267 4478 et
1291 4422 1422 4479 dicit
1465 4420 1650 4479 ﬂuctui
1693 4424 2083 4497 cogitationum

2164 3223 2545 3279 dentem-esse
2575 3221 2714 3276 sicut
2734 3228 3076 3291 serpentem,
3104 3219 3199 3289 qui
3225 3218 3438 3274 vulneri
3467 3228 3641 3289 caput
3668 3236 3773 3273 ma-

2166 3312 2327 3368 .xime
2374 3312 2624 3384 subjicit;
2672 3310 2717 3366 si
2762 3319 2813 3366 te
2856 3324 2922 3366 eo
2960 3308 3249 3374 subducas,
3284 3308 3377 3364 ubi
3409 3316 3606 3378 caput,
3642 3309 3777 3380 quod

2183 3405 2431 3460 Christus
2468 3412 2572 3469 est,
2620 3415 2947 3459 conservare
2995 3400 3194 3472 possis.
3245 3401 3289 3453 Α
3318 3399 3630 3454 domesticis
3657 3409 3777 3463 tua.

2184 3494 2382 3565 inquit,
2426 3510 2549 3549 cave
2596 3489 2788 3565 (Ereti.
2827 3505 3001 3555 xxxtt,
3036 3490 3150 3555 26).
3208 3487 3267 3544 Si
3314 3504 3450 3560 ergo
3491 3488 3774 3544 dixerint:

2184 3585 2532 3642 Necessarias
2555 3598 2615 3640 es
2635 3581 3000 3640 confratribus
3032 3580 3118 3636 vel
3146 3581 3469 3652 propinquis
3520 3582 3634 3636 tuis
3662 3593 3778 3637 ειτ-

2176 3675 2474 3747 spondebis
2502 3690 2524 3730 ε
2553 3676 2757 3730 Bonum
2794 3680 2878 3729 est
2909 3671 3128 3728 visitare
3172 3670 3426 3742 pupillos,
3471 3671 3555 3726 ita
3604 3680 3775 3726 tamen

2185 3780 2246 3824 ut
2283 3768 2684 3825 immaculatum
2732 3776 2786 3823 te
2839 3765 3116 3821 custodias
3167 3764 3236 3820 ab
3280 3764 3387 3819 hoc
3437 3763 3667 3820 saeculo.
3718 3761 3779 3816 Et

2184 3858 2678 3934 Apostotus-Jesum
2717 3858 2869 3930 sequi
2904 3857 3112 3928 jussus,
3158 3872 3259 3912 nec
3299 3867 3516 3927 patrem
3565 3856 3775 3928 sepeliri

2186 3954 2522 4026 permittitur
2555 3951 2794 4023 quidem.
2838 3949 2911 4006 »ιιι
2956 3949 3098 4006 libro
3138 3949 3368 4020 septimo
3410 3948 3775 4004 Collationutn

2174 4042 2384 4115 Joseph
2424 4044 2647 4100 eremita
2693 4042 3023 4098 sufﬁcienter
3080 4040 3328 4095 edisserit
3366 4041 3515 4110 quod
3567 4042 3663 4096 ille
3715 4042 3775 4094 ti-

2158 4173 2164 4179 -
2189 4137 2309 4193 dem
2332 4151 2451 4205 sua:
2474 4133 2824 4206 professionis
2861 4132 3063 4190 rectius
3086 4139 3300 4197 servat,
3326 4132 3425 4201 qui
3468 4145 3534 4186 se
3569 4132 3639 4186 ad
3657 4145 3775 4186 eam

2170 4230 2366 4288 'locum
2395 4229 2703 4296 contulerit,
2744 4244 2851 4301 quo
2878 4229 3172 4286 Dominicte
3207 4229 3328 4285 fidei
3358 4236 3635 4300 praecepta
3667 4228 3777 4299 plc-

2153 4321 2628 4392 «niusadimplere
2656 4323 2914 4403 potuerit.
2968 4320 3035 4376 Et
3084 4335 3274 4377 revera
3320 4320 3488 4391 quate
3525 4328 3694 4385 esset,
3734 4320 3774 4372 si

2122 4480 2133 4487 ,
2186 4413 2311 4481 quis
2340 4411 2678 4484 naufragium
2722 4412 3119 4477 debona-retur,
3160 4427 3229 4468 ne
3260 4411 3344 4468 vel
3373 4413 3618 4469 tabulam
3646 4411 3778 4468 arri-

494 4512 798 4571 carnalium
845 4520 1103 4585 tanquam
1137 4514 1274 4569 mari
1318 4531 1331 4569 :
1378 4512 1499 4568 Huc
1526 4530 1688 4586 usque
1713 4516 1998 4587 procedes,
2038 4528 2079 4572 et

2184 4511 2365 4574 peret,
2395 4502 2478 4559 vel
2511 4502 2559 4559 si
2584 4518 2794 4558 ramum
2821 4502 3171 4568 truncaverit,
3217 4517 3380 4574 quem
3427 4502 3577 4560 forte
3623 4518 3775 4558 manu

497 4608 583 4663 hic
610 4606 908 4677 confringe:
934 4613 1188 4659 tumentes
1199 4606 1392 4675 ﬂuctus
1409 4614 1525 4660 tuos
1547 4605 1668 4678 (Job
1716 4621 1944 4674 xxxvm,
1965 4607 1989 4661 l
2008 4606 2085 4680 l):

499 4696 777 4768 resipiscit
816 4696 1063 4767 quisquis
1102 4695 1399 4751 illuminari
1430 4697 1711 4763 meruerit,
1746 4704 1802 4753 et
1828 4706 2087 4754 aeternam

498 4790 822 4860 gehennam,
855 4801 1017 4858 quam
1062 4787 1115 4842 in
1151 4786 1345 4858 agonio
1369 4784 1761 4861 [matrimonio]
1796 4787 2088 4859 voluptatis

499 4887 803 4951 comparat,
825 4878 1053 4934 sollicite
1073 4877 1461 4934 contremiscit.
1499 4876 1605 4933 Sed
1628 4877 1673 4933 si
1708 4877 2088 4935 considerave-

499 4972 573 5026 rit
616 4972 760 5042 quod
801 4969 1096 5042 Apostolus
1138 4967 1551 5025 fornicationem
1589 4967 1742 5037 jubet
1774 4967 1994 5042 fugere,
2035 4980 2088 5026 et

502 5063 648 5131 quod
689 5061 847 5117 Jesus
892 5061 962 5117 ab
992 5074 1082 5127 eo,
1120 5074 1286 5131 quem
1332 5065 1639 5126 sanaverat,
1689 5074 1794 5115 non
1835 5059 2088 5131 possitin

504 5149 659 5206 turba
709 5144 953 5220 reperiri,
985 5158 1041 5205 et
1068 5149 1212 5219 quod
1268 5140 1560 5205 sanaturus
1606 5149 1769 5206 alium
1821 5151 1888 5207 de
1935 5149 2090 5207 turba

2191 4599 2259 4653 de
2289 4596 2502 4669 gurgite
2520 4610 2813 4669 emergens
2837 4596 3274 4666 apprehenderit,
3316 4595 3401 4651 vel
3451 4605 3605 4651 certe
3645 4596 3691 4650 si
3728 4595 3776 4648 ei

2190 4692 2282 4762 qui
2323 4688 2578 4745 ceciderit
2624 4689 2873 4753 suadeat,
2916 4696 2974 4744 ut
3018 4697 3302 4758 postquam
3345 4689 3519 4743 semel
3554 4686 3776 4747 corruit,

2191 4781 2265 4837 ibi
2297 4780 2550 4851 deinceps
2571 4778 2772 4849 jaceat,
2804 4793 2929 4835 cum
2973 4778 3256 4835 Psalmista
3304 4777 3454 4833 dicat
3482 4795 3498 4832 :
3525 4777 3775 4848 Nunquid

2190 4872 2281 4944 qui
2326 4872 2487 4938 cadit,
2529 4885 2632 4925 non
2665 4870 2904 4953 adficiet,
2943 4879 3001 4924 ut
3037 4880 3271 4941 resurgat
3297 4869 3322 4924 ἱ
3352 4869 3535 4941 (Paul.
3577 4885 3666 4935 XL,
3702 4868 3775 4934 9.)

2196 4964 2263 5019 Et
2290 4963 2499 5018 utinam
2543 4961 2732 5017 saltem
2765 4960 2855 5016 tali
2885 4962 3110 5016 horrore
3131 4960 3306 5015 locum
3333 4961 3426 5015 ubi
3451 4960 3636 5014 anima
3661 4974 3778 5014 cor.

2194 5056 2301 5111 ruit
2354 5068 2765 5110 exsecrarentur
2790 5093 2806 5119 ,
2864 5061 3080 5122 tamque
3130 5050 3485 5120 pertinaciter
3539 5049 3611 5103 ab
3664 5049 3777 5117 ejus

2193 5145 2346 5217 lapsu
2376 5159 2655 5216 resurgere
2685 5157 3027 5208 conaremur,
3062 5150 3121 5196 ut
3145 5140 3396 5197 videlicet
3440 5140 3595 5196 illum
3647 5141 3777 5194 vita-
