3934 5400
1064 262 1552 325 εοιιΑτιοΝυΜ
1591 261 1772 321 LIBRI
1810 259 2008 319 TRES.
2045 294 2117 306 --
2154 265 2278 323 LIB.
2320 267 2382 324 ll.

3271 268 3376 324 362

88 385 382 440 minantur
404 425 419 450 ,
449 391 504 440 et
533 392 718 441 erecto
741 383 881 440 collo
912 384 1318 455 compositoque
1345 384 1514 455 gradu
1544 381 1690 437 ince-
1717 377 1768 440 Δ
1796 379 1884 436 ille
1913 390 2193 437 auctorem
2223 382 2584 453 superbiendo
2613 383 2931 450 contemnit,
2957 381 3080 452 jure
3110 391 3165 438 et
3192 397 3221 437 ι
3253 379 3391 438 sub;

88 478 224 533 dere
272 485 530 533 notantur
563 495 576 531 :
613 478 811 536 Durum
848 487 951 541 est,
991 477 1261 548 inquiunt,
1286 474 1687 548 quodjubetur,

89 568 322 638 fragiles
369 584 575 636 sumus,
605 571 776 640 quiet
812 586 1142 644 paganorum
1187 569 1595 640 irruptionibus,
1640 575 1697 622 et

89 659 286 716 multis
323 659 447 715 aliis
469 663 738 731 angustati
769 664 1059 732 pressuris,
1087 675 1428 732 nequaquam
1454 659 1698 716 valemus

87 765 326 807 servare
365 753 700 823 propositum
733 767 749 808 :
780 754 872 810 sed
895 754 939 808 si
969 752 1189 825 fragiles
1216 766 1428 816 sumus,
1466 749 1698 806 humiles

90 858 192 910 per
217 845 327 900 hoc
348 858 471 899 esse
495 843 666 898 decet.
699 843 833 899 Nam
860 845 989 915 quid
1017 843 1258 926 superbit
1280 853 1424 900 terra
1451 851 1498 899 et
1525 842 1699 899 cinis?

93 934 152 989 Si
194 934 470 1002 oppressi.
509 936 930 991 comessationes
985 944 1041 992 et
1091 937 1404 993 indumenta
1462 935 1705 1005 pretiosa-

93 1027 246 1083 unde
275 1028 610 1098 suppetunt?
645 1029 728 1083 An
759 1029 948 1096 vestis,
989 1029 1075 1084 cui
1104 1029 1245 1085 Deus
1266 1029 1524 1085 nativum
1554 1027 1705 1084 dedit

95 1117 368 1183 colorem,
406 1133 510 1172 non
543 1116 685 1172 valet
727 1116 897 1189 frigus
925 1133 1112 1175 arcere
1141 1119 1243 1174 nisi
1279 1118 1564 1189 tingatur"!
1598 1115 1707 1171 Aut

98 1207 224 1262 sine
254 1207 550 1262 concubitu
576 1223 681 1262 non
709 1216 887 1280 potest
931 1209 1116 1264 vivere
1162 1209 1371 1263 homo?
1415 1208 1510 1264 sed
1567 1206 1708 1263 forte

97 1298 510 1354 intolerabilem
566 1299 688 1370 quis
728 1309 986 1355 causatur
1035 1301 1308 1355 ardorem.
1365 1299 1434 1354 Et
1486 1300 1576 1355 ubi
1626 1308 1710 1354 est

97 1391 237 1444 illud
262 1390 288 1444 ?
314 1387 441 1444 Non
469 1391 696 1458 patietur
715 1407 803 1446 uos
823 1391 1014 1446 tentari
1033 1407 1190 1460 super
1213 1391 1269 1444 id
1294 1391 1434 1462 quod
1459 1391 1712 1460 potestis?

99 1482 157 1555 (Ι
211 1479 340 1538 Cor.
399 1499 458 1548 x,
509 1481 643 1554 l5.)
681 1483 1036 1554 Respondeat
1080 1491 1302 1539 sanctus
1352 1481 1714 1554 Hieronymus

98 1572 558 1630 excusationibus
603 1572 662 1628 in
702 1573 958 1645 peccatis.
1011 1573 1150 1629 Dicit
1204 1573 1348 1629 enim
1388 1573 1440 1628 in
1481 1572 1710 1644 epistola

101 1666 176 1721 ad
229 1664 632 1722 Demetriadem
684 1682 699 1720 :
753 1665 940 1736 Neque
1001 1665 1146 1723 enim
1203 1666 1305 1722 alia
1358 1681 1522 1722 causa
1580 1664 1714 1722 facit

101 1757 503 1815 dimcultatem
535 1761 672 1816 bene
715 1761 952 1825 videndi,
997 1776 1160 1832 quam
1189 1761 1346 1833 longa
1377 1759 1710 1816 consuetudo

105 1853 385 1923 peccandi
428 1868 549 1924 quae
582 1854 780 1908 nos-ita
814 1863 962 1910 tenet
1010 1855 1275 1919 addictos,
1315 1861 1376 1908 ut
1420 1853 1710 1924 quamdam

104 1946 228 2000 vim
288 1953 498 2000 natura:
547 1945 794 2000 videatur
846 1946 1066 2000 habere.
1127 1943 1388 2000 Miramur
1429 1959 1550 1999 cum
1605 1959 1714 2001 non

103 2042 279 2097 nobis
312 2041 618 2104 desidiosis,
649 2041 767 2097 sine
799 2040 1004 2107 labore,
1049 2040 1202 2112 quasi
1251 2041 1320 2096 ab
1371 2039 1477 2095 alio
1515 2039 1718 2094 sancti-

105 2141 203 2187 tas
235 2129 577 2195 conferatur,
606 2129 698 2201 qui
726 2129 926 2184 nullam
956 2128 1082 2187 boui
1112 2129 1559 2185 consuetudinem
1587 2127 1726 2184 feci-‘

107 2236 264 2275 mnis.
331 2219 528 2274 Malum
573 2235 810 2291 namque
854 2227 1013 2274 vetus
1065 2220 1342 2292 impugnat
1385 2218 1728 2274 voluntatem

107 2327 365 2378 novam;
425 2311 690 2383 quidquid
734 2312 970 2383 primum
1021 2311 1074 2367 in
1127 2320 1180 2368 te
1230 2311 1566 2375 institueris,
1617 2311 1731 2366 boc-

114 2405 402 2460 mancbit.
460 2403 802 2476 Quapropter
851 2420 985 2461 usus
1031 2403 1254 2460 inolevit
1315 2413 1374 2460 ut
1443 2405 1595 2476 pueri
1639 2403 1736 2460 vel‘

1797 475 1904 533 dita
1937 487 2100 531 carne
2125 483 2521 531 contemnetur.
2574 473 2717 545 Ergo
2745 474 2895 529 virus
2927 472 3165 529 libidinis
3192 473 3258 528 de
3288 489 3378 527 ra-

1797 569 1938 635 dice,
1976 577 2032 626 et
2060 569 2128 626 de
2157 567 2352 624 merito
2382 568 2626 623 nascitur
2650 566 2922 623 elationis;
2967 566 3121 633 Quod
3151 579 3275 620 cum
3305 564 3380 618 ita

1797 664 1906 729 sit,
1944 671 2074 717 tunc
2105 662 2284 716 anima
2318 676 2416 732 per
2441 659 2706 732 originem
2736 659 2906 729 culpze
2934 673 3086 713 more
3107 657 3382 728 jumento-
3442 721 3452 732 ρ

1800 772 1919 814 rum
1947 757 2000 812 in
2025 754 2293 811 luxuriam
2324 753 2492 819 cadit,
2515 769 2637 810 cum
2666 752 3026 824 superbiendo
3056 767 3206 807 more
3238 749 3386 804 volu-
3440 729 3448 744 ’

1801 866 1953 907 crum
1987 849 2130 904 ultra
2158 847 2301 919 quod
2331 847 2515 904 debuit
2542 847 2736 903 elevat.
2791 845 2928 902 llinc
2955 855 3040 901 est
3065 845 3208 901 enim
3240 843 3386 915 quod

1805 943 1888 998 vel
1923 942 1968 998 is
1994 942 2086 1014 qui
2119 949 2267 997 stare
2296 941 2580 998 videbatur
2605 940 2784 1003 cadit,
2834 939 2917 996 vel
2968 939 3013 994 is
3058 937 3148 1004 qui
3195 937 3384 1008 lapsus

1805 1040 1920 1096 est,
1967 1045 2253 1103 resurgere
2281 1031 2488 1101 nequit.
2538 1029 2680 1087 Hinc
2724 1038 2807 1087 est
2846 1029 3032 1100 itaque
3059 1028 3202 1100 quod
3231 1027 3391 1098 longa

1807 1121 2142 1180 continentia
2172 1129 2398 1194 repente
2426 1120 2675 1188 solvitur,
2695 1129 2752 1177 et
2771 1119 3090 1192 plerumque
3112 1117 3396 1188 virginitas

1810 1214 1864 1270 in
1896 1213 2051 1270 senili
2094 1197 2254 1270 aetate
2299 1213 2544 1270 vitiatur.
2580 1212 2675 1270 Sic
2720 1212 2882 1269 elatio
2939 1211 3195 1266 nimirum
3231 1209 3396 1265 debet

1813 1305 1926 1362 tieri
1972 1323 1986 1360 :
2036 1313 2096 1362 ut
2119 1306 2210 1377 qui
2246 1321 2306 1362 se
2334 1305 2694 1378 superbiendo
2721 1312 2846 1361 ante
2873 1302 3059 1359 oculos
3089 1301 3180 1356 Dei
3209 1298 3383 1356 extol-

1812 1399 1950 1464 lunt,
1981 1414 2154 1470 usque
2189 1397 2256 1454 ad
2287 1397 2660 1468 iumentorum
2699 1395 3108 1453 similitudinem
3138 1392 3270 1448 foris
3300 1392 3394 1446 deo

1813 1489 2145 1546 volvantur?
2195 1489 2299 1559 Qui
2329 1505 2462 1562 ergo
2490 1489 2640 1546 vitiis
2667 1487 2921 1545 resistere
2951 1484 3132 1556 cupit,
3173 1485 3274 1540 sub
3302 1499 3410 1554 pom

1817 1583 1951 1638 tenti
1981 1598 2143 1638 manu
2174 1581 2268 1639 Dei
2296 1581 2631 1638 humilietur.

1888 1673 2006 1730 XV.
2048 1675 2242 1730 Annon
2273 1673 2330 1729 in
2359 1672 2654 1729 luxuriosis
2704 1671 3070 1743 jumentorum
3101 1667 3406 1725 similitudo

1815 1773 1898 1821 est
1917 1765 1943 1819 ἲ
1995 1766 2191 1821 Annon
2221 1765 2302 1822 sic’
2330 1779 2504 1836 equus
2534 1773 2590 1822 et
2618 1763 2796 1819 mulus
2829 1762 3104 1819 intellectu
3163 1767 3354 1817 carent
3381 1799 3398 1824 ,

1814 1858 1906 1930 qui
1955 1865 2209 1930 sperant,
2255 1857 2340 1913 vel
2372 1859 2552 1930 potius
2595 1872 2818 1929 sperare
2856 1871 2915 1912 se
2954 1855 3205 1926 lingunt,
3257 1851 3404 1922 quod

1817 1949 2002 2007 carnis
2037 1949 2360 2005 concubitus
2394 1950 2462 2004 ad
2497 1949 2782 2005 sanitatem
2828 1947 3077 2020 proficiat
3108 1942 3402 2014 corporis?

1819 2055 1943 2096 cum
1989 2041 2252 2111 propheta
2278 2041 2465 2097 dicat:
2501 2039 2648 2096 Sana
2673 2057 2775 2105 me,
2807 2039 3048 2104 Domine,
3089 2049 3137 2094 et
3180 2025 3411 2092 sanabor

1821 2132 2108 2205 (Jenxvn,
2127 2132 2236 2203 η).
2269 2131 2494 2187 Damino
2523 2149 2737 2203 sperans
2767 2148 2870 2185 non
2896 2129 3205 2200 iuﬁrmabor
3229 2127 3406 2199 (Psal.

1823 2239 1950 2290 xxv,
1977 2223 2051 2296 l).
2087 2223 2242 2292 Quod
2273 2224 2346 2279 ita
2376 2223 2443 2280 de
2470 2223 2705 2279 sanitate
2733 2222 2932 2278 mentis
2962 2221 3304 2290 intelligitur,
3352 2227 3415 2273 ut

1826 2323 2005 2371 tamen
2056 2317 2123 2371 de
2171 2315 2405 2371 sanitate
2449 2313 2633 2369 carnis
2684 2328 2788 2368 non
2839 2320 3085 2383 negetur.
3144 2309 3212 2365 Et
3257 2307 3410 2364 enim

1824 2416 2047 2465 econtra
2080 2406 2218 2462 nihil
2246 2406 2320 2462 ita
2346 2419 2567 2462 carnem
2599 2403 2848 2460 debilitat
2883 2411 2944 2458 ut
2989 2399 3206 2456 luxuria
3227 2441 3240 2465 ,
3268 2399 3422 2453 unde

109 2495 325 2566 puellae
377 2495 715 2566 Spiritalibus
768 2495 964 2551 studiis
1015 2497 1490 2567 manciparemur,
1541 2496 1734 2566 prius-'
1827 2501 2189 2571 Hieronymus
2239 2498 2354 2553 ait:
2399 2496 2520 2554 Cito
2561 2505 2855 2553 senescunt
2897 2511 3018 2566 quae
3061 2494 3216 2565 juxta
3265 2491 3414 2546 viros

109 2601 291 2658 quam
327 2585 685 2641 saecularibus
713 2584 992 2640 blanditiis
1033 2586 1388 2641 illicerentur.
1443 2585 1550 2642 Sed
1587 2581 1723 2680 drob
1758 2571 1972 2673 bsunt.
2011 2590 2114 2660 Qui
2144 2590 2399 2647 destinati
2432 2589 2572 2660 apud
2603 2588 2830 2658 gentiles
2865 2595 3022 2643 erant
3049 2585 3132 2640 vel
3191 2585 3256 2638 ad
3283 2584 3412 2638 bra-

112 2682 324 2738 dolor!
374 2680 662 2751 iniquitate
697 2681 810 2752 jam
842 2681 1343 2751 superabundante,
1373 2695 1459 2737 res
1497 2683 1549 2736 in
1590 2696 1721 2737 con-

113 2773 362 2831 trarium
393 2788 552 2827 versa
583 2781 707 2828 est:
743 2773 928 2828 schola
947 2762 1212 2827 virtutum
1243 2772 1382 2828 facta
1410 2781 1493 2829 est
1517 2773 1725 2840 amphi-

116 2869 410 2921 theatrum
441 2863 722 2918 vitiorum.
773 2861 849 2918 lbi
879 2863 1010 2917 vitia
1047 2845 1338 2934 discuntur
1378 2877 1581 2930 magis,
1633 2863 1723 2917 ubi

114 2954 399 3011 dissuesci
438 2953 755 3008 debuerant.
807 2953 980 3021 Quid,
1008 2953 1152 3023 quod
1176 2953 1621 3023 'tergiversamur,
1672 2960 1728 3008 et

1827 2686 1972 2742 vium
2003 2697 2226 2740 currere
2255 2682 2338 2738 vel
2389 2682 2442 2738 in
2471 2681 2688 2738 theatro
2718 2681 2913 2736 luctari
2952 2695 2968 2734 :
2999 2694 3067 2734 ne
3099 2677 3286 2748 polluti
3316 2690 3417 2746 per

1828 2774 2098 2831 somnium
2143 2774 2351 2830 viribus
2401 2780 2819 2834 enervarentur,
2868 2770 3146 2841 plumbeas
3187 2768 3420 2823 laminas

1829 2869 1974 2924 circa
2006 2866 2254 2937 inguincs
2285 2865 2632 2921 adhibebant.
2689 2863 2796 2919 Sed
2845 2861 2994 2926 istis,
3047 2870 3105 2914 ut
3153 2859 3424 2930 prOpheta

1831 2960 1945 3025 ait,
1998 2957 2373 3014 fornicationis
2419 2971 2575 3012 amor
2623 2954 2848 3011 abstulit
2894 2969 3024 3019 cor;
3079 2953 3280 3023 quippe
3323 2950 3422 3020 qui

116 3057 346 3103 naturae
388 3046 755 3117 fragilitatem
781 3046 1104 3117 opponimus
1145 3047 1274 3111 Deo,
1319 3045 1473 3115 quasi
1517 3046 1726 3100 nesciat
1753 3085 1810 3149 Cp
1836 3067 1934 3108 nec
1973 3052 2076 3106 hoc
2117 3050 2293 3120 ipsum
2335 3049 2642 3120 intelligunt
2675 3061 2776 3118 per
2820 3061 3033 3103 sacram
3073 3043 3420 3113 Scripturam

114 3141 218 3196 ille
251 3139 446 3209 quales
475 3153 574 3193 nos
606 3137 752 3201 fecit,
785 3146 841 3192 et
866 3137 1068 3194 oblitus
1099 3148 1300 3193 nostra:
1331 3138 1582 3192 humanae
1613 3136 1722 3192 fra-

114 3232 364 3306 gilitatis
401 3231 721 3302 imposuerit
749 3231 955 3285 homini
997 3231 1247 3285 mandata
1289 3243 1409 3300 quae
1444 3229 1588 3285 ferre
1623 3244 1728 3284 non

114 3323 304 3394 possit
329 3321 448 3376 2‘0
493 3337 691 3376 ezecam
735 3321 1000 3376 insaniam
1038 3328 1092 3376 et
1125 3321 1409 3391 profanam
1451 3329 1728 3376 temerita-

114 3416 281 3472 rem!
352 3412 652 3483 Dupliciter
693 3413 892 3482 quippe
940 3412 1112 3468 Deum
1160 3411 1411 3467 videmur
1459 3413 1728 3466 incusare.

114 3511 326 3578 Neque
378 3507 524 3562 enim
573 3505 751 3575 justus
800 3507 892 3575 qui
945 3521 1104 3577 posse
1155 3507 1341 3569 dedit,
1401 3505 1732 3576 impossibile

114 3597 345 3668 aliquid
414 3596 686 3668 imperare
748 3606 971 3668 potest;
1045 3612 1220 3667 neque
1273 3597 1364 3667 qui
1424 3597 1545 3666 pius
1608 3605 1730 3661 est,

117 3692 419 3750 hominem
475 3693 867 3748 condemnaret
919 3707 1018 3762 pro
1076 3692 1160 3747 his
1220 3708 1341 3762 quae
1394 3693 1566 3748 vitare
1626 3708 1732 3747 non

113 3793 344 3858 potest.
411 3783 480 3838 Et
531 3785 802 3854 quomodo
852 3792 1028 3839 staret
1077 3782 1218 3852 quod
1272 3783 1388 3852 ipse
1436 3783 1730 3852 perhibet:

114 3877 155 3931 ,1
162 3891 342 3948 ugum
374 3890 547 3929 meum
568 3892 724 3929 suave
752 3875 867 3930 est?
894 3873 1116 3944 (Matth:
1138 3873 1348 3943 xl,50.)
1374 3873 1522 3929 Hanc
1553 3873 1735 3944 itaque

111 3972 282 4041 justo
332 3966 720 4036 iniquitatem,
773 3982 892 4022 nec-
929 3967 1016 4037 pio
1071 3965 1446 4022 crudelitatem
1490 3967 1734 4023 ascriba-

118 4076 281 4119 mus.

197 4150 359 4208 XIV.
402 4149 544 4218 Quid
573 4160 750 4206 autem
782 4151 873 4216 sit,
901 4149 1044 4220 quod
1073 4149 1317 4221 plerique
1348 4164 1448 4205 nec
1478 4145 1738 4206 resisten-

119 4248 196 4300 do
257 4241 412 4296 vitiis
459 4241 736 4296 contraire
782 4249 1046 4312 possunt,
1101 4239 1392 4296 Psalmista
1441 4240 1739 4310 rcquisitus

122 4335 422 4396 insinuat,
460 4347 584 4387 nam
617 4333 872 4402 quasi'de
903 4331 1021 4387 sola
1050 4341 1222 4387 matre
1250 4331 1504 4386 vitiorum
1538 4331 1736 4389 sollici-

123 4441 224 4484 tus
258 4427 339 4480 ait
369 4441 382 4478 :
425 4424 606 4479 Veniat
639 4423 767 4478 mihi
813 4441 900 4495 pes
941 4423 1197 4495 superbia:
1227 4421 1398 4493 (Psal.
1429 4439 1588 4488 xxxv,
1622 4423 1731 4489 12).

127 4523 200 4578 Et
236 4516 390 4588 quod
426 4516 740 4587 ipsa-totius
772 4517 940 4570 ruiuze
970 4530 1130 4569 causa
1176 4523 1228 4569 et
1259 4513 1476 4569 occasio
1507 4513 1577 4568 sit
1605 4516 1735 4569 sub-

127 4609 328 4666 dendo
361 4604 692 4671 manifestat,
719 4606 903 4660 dicens
931 4604 1003 4658 ibi
1032 4606 1172 4659 idem
1202 4621 1214 4656 :
1245 4603 1308 4657 In
1337 4603 1579 4673 superbia
1602 4605 1736 4657 ceci-

124 4705 362 4762 derunt,
411 4699 502 4770 qui
548 4706 832 4768 operantur
870 4697 1199 4767 iniquitatem
1231 4693 1403 4766 (Psal.
1433 4710 1596 4760 xxxv,
1630 4695 1735 4767 l5).

131 4794 245 4862 Qui
300 4788 474 4860 igitur
518 4798 776 4858 operatur
825 4787 1162 4856 iniquitatem
1218 4784 1389 4850 foris,
1451 4784 1602 4855 prius
1650 4799 1750 4854 per

133 4881 468 4959 superbiam
502 4881 708 4936 corruit
739 4881 907 4934 intus.
962 4878 1079 4946 Quo
1107 4884 1297 4933 contra
1333 4876 1489 4931 electi
1529 4877 1594 4931 de
1634 4877 1746 4932 Deo

133 4981 376 5036 dicunt:
415 4972 522 5040 Qui
549 4972 696 5027 docet
729 4989 823 5027 nos
855 4986 1008 5038 super
1026 4971 1289 5040 jumenta,
1331 4977 1378 5022 et
1418 4983 1574 5036 super
1598 4969 1746 5022 volu-

132 5088 252 5127 cres
303 5068 427 5123 ω)ιὶ
472 5065 644 5120 erudit
689 5082 780 5120 nos
812 5062 936 5134 (Job
966 5079 1128 5128 xxxv,
1161 5061 1273 5133 ll’),
1319 5062 1446 5131 quia
1493 5059 1745 5119 videlicet

135 5166 271 5220 dum
307 5174 383 5215 eo
419 5156 716 5227 inspirante
745 5154 986 5224 cogitant
1015 5153 1141 5223 quid
1178 5162 1338 5218 sunt,
1379 5167 1481 5206 nec
1511 5165 1604 5207 eos
1635 5153 1742 5208 fra-

134 5256 330 5329 gilitas
365 5246 557 5304 carnis
583 5245 724 5302 velut
745 5247 994 5318 jumenta
1025 5243 1228 5315 dcjicit,
1269 5259 1374 5300 nec
1400 5243 1453 5298 in
1490 5244 1742 5312 superbia

135 5349 377 5400 sniritus
405 5339 561 5400 quasi
592 5340 835 5397 volucres
865 5337 1060 5393 clcvat.
1099 5337 1198 5400 Qui
1228 5339 1373 5394 enim
1405 5353 1568 5393 carne
1604 5337 1741 5396 labi-

1833 3143 1976 3214 quod
2006 3141 2198 3214 pagani
2233 3149 2502 3196 noverant
2539 3156 2642 3211 per
2669 3139 3126 3210 experimentum.
3167 3135 3425 3192 Christus

1835 3248 2068 3303 namque
2094 3231 2249 3300 jubet
2278 3241 2339 3287 ut
2364 3247 2466 3302 pro
2495 3230 2669 3287 salute
2702 3230 2898 3284 animae
2927 3229 3174 3283 tradatur
3203 3241 3424 3296 corpus,

1835 3325 1922 3379 isti
1977 3332 2199 3380 econtra
2232 3339 2332 3393 pro
2369 3322 2553 3378 salute
2593 3321 2842 3391 corporis
2890 3320 3113 3374 tradunt
3158 3318 3425 3373 animam.

1834 3414 1968 3469 Cum
1999 3413 2215 3483 quidem
2243 3413 2348 3467 hoc
2375 3413 2549 3482 magis
2578 3411 2963 3466 detrimentum
2999 3407 3070 3462 sit
3105 3407 3276 3476 ipsius
3304 3422 3428 3460 cor-
3455 3448 3457 3452 .

1834 3503 2004 3574 p0ris.
2043 3502 2153 3557 Nec
2183 3503 2379 3557 mirum
2411 3502 2456 3557 si
2485 3502 2554 3566 is,
2584 3501 2674 3570 qui
2708 3499 2882 3571 diligit
2915 3497 3280 3567 iniquitatem,
3310 3496 3428 3550 odit

1835 3593 2072 3647 animam
2100 3606 2288 3657 suam;
2338 3599 2430 3645 aut
2455 3590 2501 3646 si
2532 3590 2600 3657 is,
2631 3590 2788 3661 cujus
2825 3589 2957 3644 deus
2985 3595 3175 3643 venter
3213 3596 3330 3650 est,
3369 3596 3428 3641 ct

1836 3685 1927 3754 qui
1960 3682 2209 3754 sequitur
2237 3682 2522 3738 avaritiam
2543 3722 2560 3748 ,
2599 3696 2721 3752 quae
2749 3688 2835 3736 est
2865 3678 3131 3735 idolorum
3166 3678 3427 3740 servitus,

1837 3774 2064 3829 salutem
2097 3771 2283 3828 carnis
2312 3788 2437 3828 cum
2467 3771 2565 3827 Dei
2599 3778 2913 3842 contemptu
2949 3777 3208 3839 tanquam
3250 3766 3426 3820 idolo-

1836 3865 1975 3920 la‘tra
2008 3865 2260 3935 requirit.
2311 3862 2412 3931 Qui
2435 3874 2702 3934 perverso
2732 3861 2922 3917 ordine
2950 3857 3135 3915 colunt
3162 3871 3381 3913 carnem
3408 3897 3423 3919 ,

1838 3971 1958 4028 qua:
1989 3971 2094 4011 non
2123 3957 2344 4026 prodest
2363 3995 2377 4021 ,
2414 3954 2724 4024 quicunque
2750 3949 3110 4021 et'negligunt
3143 3946 3428 4018 spiritum,

1838 4047 1931 4117 qui
1961 4044 2294 4111 vivificatur,
2329 4059 2521 4100 revera
2550 4043 2675 4098 vani
2715 4050 2770 4097 et
2799 4040 3090 4096 mendaces
3122 4038 3216 4095 ﬁlii
3249 4037 3429 4094 homi-

1840 4155 2006 4203 num,
2052 4138 2281 4210 populus
2319 4136 2678 4199 Gomorrlue,
2722 4142 2783 4189 ut
2821 4133 2899 4189 ait
2942 4132 3145 4198 Isaias,
3193 4130 3432 4187 cultores

1840 4231 2108 4296 vestium;
2142 4244 2267 4285 cum
2297 4228 2441 4284 Deus
2470 4243 2567 4298 per
2593 4224 2931 4282 Ezecltielem
2965 4233 3250 4295 queratur,
3283 4221 3431 4294 quod

1843 4325 1895 4379 in
1927 4322 2181 4393 superbia
2208 4320 2546 4378 ornamentis
2585 4319 2753 4390 ipsius
2793 4325 3039 4372 utantur.
3093 4315 3198 4384 Qui
3227 4314 3392 4370 etiam
3413 4351 3432 4379 ,

1761 4451 1819 4514 Β
1845 4417 1986 4472 sicut
2010 4413 2277 4486 Josephus
2303 4410 2522 4468 Judatos
2570 4421 2698 4466 ante
2745 4407 3017 4465 excidium
3045 4406 3240 4463 fecisse
3283 4419 3434 4461 com-

1847 4517 2145 4575 memorat,
2188 4506 2530 4563 vestimentis
2562 4503 2792 4560 exoticis
2830 4501 3150 4557 induuntur.
3201 4497 3334 4554 Nam
3369 4496 3438 4551 de

1847 4603 1934 4658 his
1959 4601 2292 4671 Hegesippus
2319 4598 2506 4662 refert,
2533 4595 2664 4666 quia
2692 4603 2822 4650 tunc
2847 4590 3100 4647 femineis
3121 4589 3452 4651 utebantur,

1848 4704 1906 4750 et
1950 4694 2276 4750 mutilabant
2319 4691 2422 4747 sibi
2470 4689 2700 4754 barbas,
2738 4694 2903 4753 atque
2934 4698 3062 4739 suas
3091 4681 3258 4738 facies
3287 4690 3440 4733 more

1850 4787 2199 4842 meretricum
2232 4782 2579 4839 dealbabant.
2634 4779 2703 4835 Hi
2729 4790 2860 4832 vero
2889 4774 3127 4845 priscum
3167 4771 3443 4826 imitantes

1853 4891 2098 4943 morem,
2135 4886 2190 4932 et
2225 4873 2471 4932 novellas
2498 4871 2766 4940 quasdam
2796 4866 3016 4936 species
3047 4865 3104 4919 in
3140 4861 3329 4917 habitu
3361 4871 3445 4910 as-

1854 4976 2156 5034 sumentes,
2206 4965 2398 5022 eodem
2450 4976 2510 5016 se
2551 4963 2752 5032 Spiritu
2795 4955 3044 5011 libidinis
3084 4952 3292 5008 adlatos
3329 4959 3453 5005 esse

1857 5058 2088 5122 docent;
2122 5070 2247 5113 cum
2279 5055 2424 5111 Deus
2454 5052 2824 5106 comminetur
2867 5045 2997 5113 quia
3024 5042 3263 5099 visitabit
3289 5051 3454 5110 super

1854 5163 2070 5203 omnem
2099 5147 2190 5220 qui
2220 5145 2446 5202 indutus
2471 5147 2554 5197 est
2580 5149 2738 5198 veste
2761 5135 3074 5220 peregrina.

1931 5235 2069 5292 XVI.
2113 5217 2221 5295 Sed
2250 5223 2648 5292 erubescamus
2679 5222 2976 5295 aliquando
3003 5219 3115 5276 vile
3147 5217 3438 5275 subselliun

1859 5326 2101 5386 libidinis
2131 5341 2292 5386 esse:
2327 5331 2596 5381 novemus
2634 5316 2794 5374 nobis
2833 5311 3066 5377 navale,
3114 5320 3176 5364 ut
3221 5310 3298 5365 ait
3339 5320 3498 5379 prc-~
