3934 5400
199 258 401 334 res.

1153 283 1645 341 COLLA'I‘IONUM
1684 277 1864 336 LIBRI
1903 273 2086 331 τηε
2114 263 2198 318 Ξ
2229 274 2356 333 ιω.
2399 264 2468 333 ﬂ.-

3366 273 3472 332 κδ

200 405 410 468 propter
443 395 769 453 stomachum
811 403 960 451 tuum
1006 394 1077 468 (1
1104 394 1239 451 Tim.
1271 411 1322 463 ν,
1347 396 1476 472 ξε).
1523 395 1790 451 Modicum
1817 387 2214 453 Amortallbus
2273 402 2382 442 non
2435 385 2610 442 solum
2668 384 2882 444 Veteris
2941 400 3008 444 ac
3078 383 3213 443 Novi
3282 387 3477 444 Testa-

198 484 487 550 videlicct,
541 493 600 542 et
645 493 864 557 propter
921 486 1259 542 stomachum
1308 505 1321 541 :
1372 487 1628 558 quoniam
1674 487 1789 556 ipse

202 575 561 648 Hieronymus
590 577 667 632 ait
693 577 747 632 in
785 576 1012 648 epistola
1059 579 1127 633 ad
1156 578 1416 648 Ephesios
1447 592 1462 632 :
1496 575 1640 631 Sicut
1683 593 1787 631 non

198 683 474 738 possumus
505 667 612 722 Deo
643 678 690 723 et
737 683 1050 724 mammona:
1076 671 1266 725 servire
1315 667 1534 741 (Matth.
1562 686 1637 732 vr,
1665 669 1785 738 24),

197 758 274 811 sic
313 758 586 828 nequimus
631 759 818 829 spiritu
856 760 1052 830 pariter
1079 759 1281 830 impleri
1324 771 1371 814 et
1404 761 1522 813 vino
1567 756 1784 829 (Ep/tes.

196 865 250 914 v,
276 850 389 920 l8).
421 849 618 905 Vinum
651 867 780 926 ergo
805 855 1076 918 concedit,
1105 855 1196 909 sed
1226 855 1517 908 modicum.
1559 855 1632 911 De
1662 872 1786 911 car-

196 941 356 996 nibus
407 958 680 1012 nunquam
736 943 841 999 tale
889 947 1157 1014 reperies:
1205 946 1263 1000 lu
1301 957 1478 1001 autem
1507 947 1787 1003 Moralium

199 1029 340 1085 libro
379 1031 450 1086 50
478 1033 676 1086 dicitur
725 1034 852 1103 quia
892 1035 1136 1104 plerique
1178 1035 1495 1091 certaminis
1541 1037 1787 1092 ordinem

195 1122 532 1190 ignorantes,
557 1122 809 1179 edomare
831 1124 1009 1194 gulam
1040 1124 1332 1196 negligant,
1359 1134 1414 1180 et
1438 1136 1630 1181 ctctera
1661 1127 1788 1181 vilia

194 1223 512 1279 expugnare
551 1213 820 1268 nituntur.
867 1212 973 1268 Sed
1001 1215 1126 1269 dum
1157 1224 1348 1269 venter
1379 1233 1480 1270 non
1513 1228 1613 1272 rest
1626 1218 1790 1289 ringi-

195 1308 303 1364 tur,
351 1300 511 1356 simul
539 1312 746 1359 cunctae
774 1305 1006 1360 virtutes
1052 1322 1149 1376 per
1180 1308 1362 1362 carnis
1392 1310 1786 1380 concupiscen-

194 1388 328 1443 tiam
374 1391 702 1448 obruuntur.
750 1391 888 1448 Hinc
935 1403 1020 1449 est
1071 1397 1216 1465 quod
1255 1412 1359 1451 non
1400 1398 1538 1452 alius
1563 1399 1790 1468 quilibet

194 1495 382 1537 muros
400 1481 726 1550 Jerusalem,
744 1485 838 1539 sed
879 1485 1133 1558 princeps
1163 1502 1459 1558 coquorum
1482 1488 1785 1545 destruxit:

193 1573 323 1643 quia
370 1584 580 1643 venter,
627 1575 752 1631 dum
783 1593 890 1634 non
935 1580 1303 1651 restringitur,
1332 1581 1558 1636 virtutes
1595 1582 1790 1638 animm

192 1663 392 1735 perdit.
424 1664 500 1720 Ea
534 1667 695 1738 igitur
708 1670 984 1724 sumenda
1013 1680 1138 1726 sunt
1168 1657 1289 1742 quae
1319 1680 1526 1728 naturae
1552 1673 1788 1727 necessi-

1889 477 2058 533 menti
2087 476 2389 539 sententiae,
2417 475 2511 531 sed
2538 475 2652 546 ipsa
2680 485 2895 546 quoque
2920 477 3268 534 manifestam
3294 491 3479 533 excin-

1887 570 1997 642 pla.
2049 569 2185 624 Nam
2215 569 2304 624 ille
2331 567 2424 639 qui
2464 575 2549 624 est
2587 567 2909 640 principium
2947 569 3155 624 viarum
3196 569 3325 632 Dei,
3366 570 3478 641 pri-

1889 677 2009 716 mus
2053 660 2504 730 per'superbiam
2554 659 2780 714 corruit.
2832 658 2986 714 Unde
3025 668 3080 714 et
3106 659 3378 728 Salvator,
3411 677 3480 716 ne

1887 753 2132 823 discipuli
2185 753 2252 807 de
2291 761 2511 822 accepta
2579 752 2853 823 signorum
2905 761 3172 820 potestate
3224 753 3478 823 superbi-

1887 856 2034 910 rent,
2072 845 2383 916 prolapsum
2427 846 2678 915 angelum
2706 845 2786 898 eis
2831 845 2897 899 ad
2945 847 3262 900 memoriam
3320 861 3478 901 revn-

1887 949 1993 1003 cat,
2019 940 2206 995 dicens
2238 955 2254 992 :
2301 937 2550 993 Videbam
2584 938 2843 994 Satanam
2868 939 3001 992 sicut
3034 938 3216 1008 fulgur
3253 940 3317 993 de
3351 937 3478 992 caelo

1887 1031 2154 1085 cadentem
2191 1030 2342 1102 (Luc.
2381 1047 2436 1095 χ,
2473 1031 2582 1100 18).
2610 1030 2685 1085 De
2707 1046 2813 1101 quo
2841 1030 3004 1084 etiam
3027 1029 3187 1084 beato
3211 1029 3312 1085 Job
3338 1031 3481 1085 Deus

1889 1130 1996 1176 tam
2050 1124 2184 1176 mira
2220 1123 2270 1176 in
2304 1122 2500 1193 quibus
2532 1121 2652 1187 fuit,
2683 1132 2738 1176 et
2760 1138 2881 1191 quae
2904 1122 3088 1176 amisit
3111 1121 3377 1186 insinuat,
3420 1131 3480 1174 ut

1890 1215 2079 1269 territo
2122 1213 2324 1268 homini
2351 1214 2606 1268 ostendat
2657 1213 2786 1282 quid
2829 1213 2965 1282 ipse,
2996 1213 3040 1267 si
3077 1213 3374 1282 superbiat,
3406 1211 3476 1266 de

1887 1305 2136 1361 elationis
2168 1321 2279 1361 sum
2302 1307 2457 1378 culpa
2486 1323 2748 1378 passurus
2779 1306 2870 1369 sit,
2901 1305 2943 1359 si
2979 1305 3221 1361 feriendo
3246 1304 3321 1360 illi
3351 1320 3476 1374 par-

1888 1409 2012 1451 cere
2034 1395 2224 1460 noluit,
2261 1413 2422 1466 quem
2447 1397 2681 1451 creando
2725 1395 2778 1451 in
2815 1395 2983 1466 gloria
3019 1403 3183 1452 tanta:
3208 1395 3477 1452 claritatis

1888 1486 2143 1542 elevavit.
2173 1486 2494 1543 Consideret
2520 1505 2649 1559 ergo
2679 1489 2841 1543 homo
2877 1487 3008 1558 quid
3037 1487 3212 1544 elatus
3245 1487 3298 1543 in
3330 1497 3478 1545 terra

1889 1585 2184 1640 mereatur,
2222 1577 2266 1632 si
2311 1586 2368 1632 et
2409 1579 2663 1648 praelatus
2693 1577 2898 1648 angelis
2921 1576 3148 1648 angelus
3174 1579 3478 1649 prosterni-

1891 1666 2015 1720 tur?
2045 1665 2198 1722 Unde
2239 1675 2296 1722 et
2320 1666 2460 1722 bene
2489 1682 2584 1738 per
2621 1667 2939 1738 prophetam
2967 1667 3099 1722 dicit
3127 1685 3141 1722 :
3174 1667 3477 1724 Inebriatus

192 1766 280 1812 las
308 1757 526 1827 quaerit,
559 1774 664 1814 non
693 1775 816 1830 quae
848 1761 1098 1832 voluptas
1141 1762 1277 1834 gulae
1328 1765 1568 1836 suggerit
1593 1805 1607 1828 ,
1657 1766 1782 1835 quia
1815 1743 1858 1804 Β
1885 1767 1959 1812 est
1981 1759 2034 1812 in
2062 1758 2188 1813 caelo
2213 1758 2422 1830 gladius
2452 1777 2596 1814 mcns
2628 1759 2764 1831 (Isa.
2795 1775 2982 1826 xxxiv,
3018 1759 3097 1834 5),
3127 1777 3190 1818 ac
3219 1761 3264 1817 si
3289 1771 3477 1833 aperte

193 1847 339 1903 sicut
367 1849 494 1904 item
525 1849 576 1904 in
606 1849 870 1908 Pastorali
892 1853 1150 1908 scribitur
1175 1855 1396 1918 :_Toties
1419 1856 1578 1926 primi
1613 1856 1789 1913 homi-

190 1940 283 1995 nis
336 1939 519 2012 lapsus
588 1942 860 2011 iteratur,
922 1946 1145 2016 quoties.
1213 1945 1460 2018 quasdam
1529 1949 1784 2005 alimenta

189 2030 357 2088 saluti
388 2034 584 2090 animae
612 2037 882 2092 contraria
916 2054 1014 2110 per
1060 2040 1242 2096 carnis
1287 2041 1784 2112 concupiscentiam

187 2135 505 2181 sumuntur.
594 2175 598 2178 .

263 2216 411 2275 XIX.
447 2218 796 2291 Compositus
842 2237 982 2280 vero.
1011 2223 1259 2281 incessus
1288 2241 1410 2281 cum
1439 2241 1471 2281 a
1497 2227 1780 2300 religione,

185 2317 306 2366 tum
355 2310 522 2365 etiam
572 2313 641 2368 ab
689 2313 971 2369 honestate
1010 2315 1240 2370 multum
1287 2316 1569 2373 abhorret.
1628 2318 1784 2376 Sicut

184 2402 336 2456 enim
367 2415 429 2456 os
449 2399 604 2470 juxta
631 2417 819 2457 vocem
865 2403 1077 2458 Domini
1128 2418 1198 2462 ex
1242 2404 1422 2460 cordis
1453 2407 1796 2467 abundantia~

182 2488 454 2562 loquitur,
501 2493 580 2550 sic
627 2495 918 2550 exterioris
958 2497 1193 2552 hominis
1222 2507 1398 2554 motus
1424 2514 1491 2555 ex
1521 2500 1785 2570 qualitate

181 2581 466 2639 lnterioris
523 2583 843 2641 formantur.
912 2586 1049 2642 Hinc
1101 2590 1245 2642 enim
1311 2590 1573 2661 scriptum
1635 2601 1718 2647 est
1766 2611 1778 2647 :

182 2672 429 2728 Amictus
458 2675 712 2745 corporis,
740 2685 788 2730 et
817 2676 952 2730 risus
982 2677 1236 2743 dentium,
1273 2689 1320 2733 et
1352 2680 1584 2735 incessus
1611 2682 1783 2737 hami-

1890 1849 2124 1917 diceret;
2155 1866 2259 1920 qua
2309 1850 2388 1906 ira
2421 1851 2610 1906 feriam
2642 1853 2904 1922 superbos
2951 1860 3108 1909 terra:
3134 1853 3474 1924 perpendite,

1889 1939 1933 1994 si
1963 1941 2110 2010 ipsos
2140 1941 2302 1996 etiam
2330 1956 2467 2012 quos
2496 1942 2549 1997 in
2575 1943 2715 1998 cmlo
2736 1942 2891 2014 juxta
2923 1959 3009 1999 me
3040 1945 3254 2021 condidi
3283 1960 3478 2016 percu-

1890 2042 2004 2090 tere
2027 2051 2124 2104 pro
2157 2035 2410 2091 elationis
2451 2037 2583 2092 vitio
2609 2053 2716 2092 non
2763 2035 3032 2108 perperci.
3066 2037 3170 2093 Per
3190 2037 3330 2095 hanc
3349 2053 3479 2109 ergo

1887 2121 2121 2179 Satanas
2160 2125 2388 2190 corruit,
2433 2141 2533 2195 per
2579 2127 2720 2182 hanc
2770 2141 3044 2198 unumque
3096 2127 3370 2184 hominem
3418 2144 3480 2185 so

1885 2225 2237 2286 spernentem
2269 2219 2486 2273 sternit.
2529 2219 2654 2274 Hmc
2679 2218 2723 2274 si
2752 2218 2804 2273 in
2831 2220 2997 2275 corde
3045 2230 3260 2292 recepta
3289 2220 3479 2290 fuerit,

1887 2322 1990 2361 non
2021 2307 2193 2367 solum
2239 2309 2574 2378 quibuslibet
2626 2309 2776 2364 vitiis
2822 2310 3098 2366 hominem
3147 2312 3480 2368 traditzscd

1885 2396 1952 2454 de
1984 2396 2118 2466 ipsis
2159 2413 2376 2469 quoque
2409 2399 2725 2464 virtutibus,
2776 2415 2912 2470 quas
2957 2400 3099 2457 forte
3153 2402 3343 2473 egerit,
3375 2397 3478 2458 sibi

1884 2489 2025 2546 hanc
2059 2492 2266 2546 servire
2307 2490 2456 2557 facit,
2481 2493 2608 2546 dum
2638 2491 2814 2548 dehis
2844 2508 3038 2547 vanam
3074 2492 3302 2565 gloriam
3325 2508 3477 2564 quae.

1885 2579 1972 2636 rit.
2001 2580 2152 2636 Alios
2176 2587 2356 2635 autem
2385 2581 3084 2651 extemporalibusrebus,
3116 2581 3258 2637 alios
3275 2597 3341 2636 ex
3369 2581 3481 2652 spi-

1884 2671 2171 2727 ritualibus
2219 2681 2414 2728 tentat.
2459 2671 2592 2726 Nam
2630 2672 2768 2728 alius
2796 2673 3111 2727 intumescit
3147 2687 3300 2737 auro,
3335 2671 3482 2727 alius

180 2767 292 2832 nis,
317 2769 595 2838 enuntiant
625 2768 689 2824 de
716 2785 776 2823 eo
822 2769 1012 2842 (Eccli.
1044 2787 1156 2835 XIX,
1179 2770 1293 2841 27).
1341 2771 1556 2828 Natura:
1584 2775 1782 2846 quippe
1881 2760 2120 2831 eloquio,
2151 2761 2289 2818 alius
2327 2762 2544 2822 inlimis
2588 2763 2776 2828 rebus,
2825 2762 2962 2818 alius
2989 2761 3478 2824 coelestibus.,l.lna

177 2860 264 2918 nil
312 2858 552 2916 fucatum
599 2861 816 2932 placet,
867 2863 960 2918 sed
1006 2863 1184 2934 potius
1240 2873 1503 2936 quantum
1553 2865 1778 2923 Auctori
1880 2853 2182 2924 eademque
2214 2862 2508 2910 Γθείθπιεη
2537 2862 2664 2909 ἕηκε
2687 2854 2781 2909 θεῖ
2813 2854 2999 2910 οευιοε
3039 2855 3253 2926 agitur;
3284 2870 3479 2926 quam“

178 2949 430 3021 ejusdem
460 2960 668 3006 natura:
701 2953 1005 3024 diSpliceat,
1031 2955 1146 3024 ipse
1179 2963 1430 3020 testatur,
1463 2956 1648 3013 dicens
1678 2973 1780 3028 per

1887 2943 1964 2998 vis
1994 2943 2046 2998 in
2075 2944 2414 3000 diversorum
2447 2945 2702 3001 cordibus
2731 2945 2967 3011 diverso,
3001 2960 3070 3001 ne
3093 2946 3475 3016 cegnosci-va-

174 3039 514 3112 prophetam
553 3061 566 3096 ε
608 3039 715 3097 pro
745 3060 805 3098 εο
834 3045 974 3115 quod
999 3044 1209 3100 elevata;
1243 3055 1364 3100 εηηι
1393 3045 1521 3116 μίξας
1551 3047 1698 3115 Sion,
1729 3058 1776 3103 ει
1811 3109 1850 3116 _
1881 3034 2009 3098 leat,
2044 3035 2247 3091 amictu
2273 3035 2545 3107 pallietur,
2576 3036 2682 3091 nisi
2719 3034 2860 3094 forte
2887 3037 3016 3106 quia
3046 3045 3174 3093 tunc
3199 3037 3475 3108 periculo-

175 3109 356 3187 erecto
383 3131 780 3188 ambulaverunt
808 3109 965 3198 collo,
991 3144 1038 3188 et
1074 3135 1285 3189 nutibus
1315 3109 1584 3190 oculorum
1611 3109 1776 3206 ibant,
1802 3109 1854 3172 (ἶ
1882 3132 1999 3187 sior
2020 3139 2123 3198 est,
2151 3147 2274 3188 cum
2313 3133 2380 3188 de
2413 3132 2710 3189 virtutibus
2757 3131 3004 3204 pullulat,
3053 3135 3308 3205 quoniam
3338 3135 3389 3189 in
3411 3149 3478 3192 eo

176 3231 230 3277 et
260 3219 604 3290 plaudebant,
629 3231 678 3277 et
710 3222 1091 3314 ambulabant“
1105 3235 1151 3278 et
1179 3226 1395 3294 pedibus
1423 3227 1534 3281 sui;
1563 3244 1776 3297 compo-
1881 3222 1974 3292 qui
2000 3232 2228 3278 sanctus
2253 3223 2496 3278 creditur
2536 3223 2716 3279 nullus
2739 3224 2881 3282 hanc
2922 3240 3149 3297 argue-re
3176 3225 3476 3296 praesumit.

174 3312 286 3372 sita
315 3311 486 3382 gradu
525 3312 866 3380 incedebant,
906 3311 1194 3369 decaluabit
1239 3315 1497 3371 Dominus
1541 3319 1779 3372 verticem
1885 3311 2178 3368 Dilioribus
2210 3320 2410 3379 alitem.
2444 3311 2529 3367 νει
2577 3313 2800 3379 άῖνίιὶῖεν
2832 3314 2917 3369 νει
2955 3313 3247 3369 νίνῑυῑῖδυε
3279 3314 3349 3370 0b
3374 3315 3479 3372 hoc

174 3387 421 3472 filiarum
472 3402 646 3470 Sion,
689 3413 736 3459 et
784 3404 1039 3460 Dominus
1081 3407 1280 3462 crinem
1328 3425 1510 3462 earnm
1561 3409 1777 3463 nudabit

1887 3401 2068 3456 durius
2088 3401 2414 3465 dominatur,
2447 3402 2572 3472 quia
2604 3402 2744 3473 apud
2787 3401 2909 3458 illos
2939 3417 3005 3458 eo
3033 3400 3294 3476 majorem
3322 3403 3475 3457 intu-

176 3491 328 3566 (Isa.
382 3509 464 3560 tu,
495 3494 583 3560 16,
615 3495 730 3567 l7),
761 3505 817 3550 et
841 3507 1040 3552 ctetera
1070 3513 1241 3569 usque
1266 3498 1394 3554 illud
1429 3516 1442 3552 :
1473 3497 1540 3553 Et
1569 3500 1663 3553 erit
1685 3517 1779 3570 pro

175 3585 340 3637 suavi
391 3583 550 3638 odore
593 3585 751 3653 fetor,
801 3595 849 3639 et
891 3602 986 3656 pro
1047 3603 1182 3640 zona
1235 3586 1504 3655 funiculus
1533 3627 1549 3653 ,
1596 3598 1644 3642 et
1685 3605 1781 3658 pro

175 3671 451 3742 crispante
477 3673 623 3727 crine
648 3673 934 3737 calvitium,
972 3684 1020 3728 et
1047 3692 1142 3746 pro
1174 3675 1344 3745 fascia
1377 3676 1632 3746 pectorali
1660 3677 1749 3731 cili
1760 3708 1780 3720 -

174 3763 328 3818 cium
386 3762 523 3834 (lsa.
575 3779 659 3832 ut,
711 3763 823 3836 2i).
877 3764 1110 3822 Sanctus
1158 3766 1478 3822 Ambrosius
1531 3767 1586 3822 in
1641 3767 1780 3823 libro

175 3850 501 3910 Ofﬁciorum
538 3854 672 3910 dicit
713 3855 779 3911 de
825 3855 1034 3912 duobus
1078 3857 1293 3912 clericis
1332 3859 1422 3929 qui
1476 3859 1781 3916 inordinate

175 3946 550 4023 incedebant,
591 3946 733 4017 quod
770 3957 1011 4018 tempore
1042 3949 1405 4018 processionis
1434 3959 1581 4004 retro
1613 3965 1671 4005 se
1702 3948 1781 4003 fa-

174 4036 367 4093 ciebat
386 4052 481 4093 eos
505 4038 776 4102 incedere,
795 4038 918 4108 quia
941 4039 1193 4103 videlicet
1215 4056 1368 4094 usum
1395 4039 1594 4096 malum
1619 4055 1802 4110 quem.

174 4125 464 4198 corrigere
494 4127 548 4181 in
575 4127 656 4182 eis
688 4143 792 4182 non
822 4136 1052 4198 poterat,
1085 4129 1269 4184 videre
1300 4145 1402 4184 non
1430 4129 1738 4200 patiebatur
1763 4149 1802 4198 ελ

173 4231 419 4288 quorum
451 4233 592 4274 unus
621 4229 808 4290 postea
834 4220 974 4275 sicut
995 4221 1109 4289 ipse
1141 4220 1307 4275 refert
1334 4223 1546 4292 publice
1575 4223 1778 4292 lapsus,

172 4315 355 4379 atque
395 4309 459 4365 de
488 4326 589 4365 suo
622 4312 792 4383 gradu
826 4311 1065 4380 dejectus
1099 4321 1202 4368 est.
1239 4312 1535 4384 Gregorius
1562 4330 1780 4386 quoque

170 4398 566 4459 Nazianzenus
602 4403 656 4458 in
699 4405 941 4460 secundo
987 4417 1181 4460 contra
1237 4421 1477 4478 paganos
1526 4407 1663 4463 libro
1701 4409 1777 4473 ita

1884 3491 2158 3546 meseendi
2176 3493 2459 3546 materiam
2478 3491 2662 3557 habet,
2679 3506 2787 3562 quo
2801 3492 2854 3545 in
2874 3491 2953 3547 eis
2967 3492 3158 3563 majori
3182 3501 3476 3562 potestate,

1884 3589 1978 3636 aut
1999 3580 2340 3636 laudabiliori
2357 3581 2652 3640 sanctitate
2670 3579 2911 3635 fulcitur.

1953 3668 2093 3731 XXI.
2135 3669 2636 3725 His.vcro-iudiciis
2681 3670 3126 3740 deprehenditur,
3151 3687 3314 3743 quem
3343 3689 3474 3745 pos-

1883 3757 2104 3822 sederit,
2123 3772 2349 3828 semper
2372 3759 2517 3814 hunc
2539 3759 2606 3814 ad
2653 3758 2964 3816 inlerendas
3003 3762 3363 3818 contumelias
3388 3762 3476 3818 fa-

1883 3851 1960 3905 cit
1984 3849 2342 3920 prtecipitem,
2378 3852 2446 3907 ad
2475 3851 2813 3908 sull‘erendas
2833 3869 2964 3909 vero
2989 3856 3228 3926 pigrum.
3260 3854 3397 3911 Hinc
3419 3856 3477 3912 in

1882 3957 1945 3997 ea
1975 3958 2033 3998 re
2060 3959 2222 4013 quam
2255 3953 2448 4014 sponte
2477 3959 2583 4000 non
2621 3945 2846 4015 appetit,
2892 3945 3057 4001 nullis
3081 3945 3479 4002 exhortationi-

1882 4039 1984 4094 bus
1999 4037 2141 4094 llecti
2174 4039 2400 4109 patitur.
2439 4038 2519 4094 Ad
2550 4039 2653 4094 hoc
2683 4047 2864 4094 autem
2894 4040 3038 4110 quod
3072 4039 3310 4096 latenter
3337 4040 3478 4094 desi-

1884 4132 2038 4187 derat
2065 4131 2261 4202 quatrit
2306 4147 2404 4203 per
2446 4131 2854 4186 similitudinem
2896 4139 2954 4185 ut
2986 4141 3232 4203 cogatur,
3272 4139 3327 4187 et
3357 4131 3477 4201 ipse

1883 4239 1950 4280 se.
1971 4225 2185 4296 ingerit,
2219 4224 2263 4280 si
2290 4225 2566 4296 contingat
2602 4233 2717 4279 uta
2747 4224 2895 4280 nullo
2925 4224 3202 4280 invitetur.
3247 4225 3476 4295 Semper

1885 4316 2058 4372 aliena
2089 4333 2254 4387 opera
2297 4317 2550 4387 despicit,
2577 4332 2792 4390 semper
2833 4333 2930 4374 sua
2961 4319 3211 4384 miratur,
3229 4319 3474 4389 singula-

1885 4400 2019 4463 τηεν
2053 4423 2112 4464 se
2141 4415 2335 4464 cuncta
2383 4422 2547 4478 agere
2573 4408 2769 4474 credit,
2799 4416 2856 4462 et
2896 4408 2942 4464 si
2979 4408 3156 4463 nullus
3186 4409 3463 4464 collauda-

169 4491 249 4548 de
276 4489 495 4548 Juliann
523 4504 772 4566 apostata
809 4496 1029 4560 refert:
1067 4495 1217 4564 Mihi,
1249 4496 1446 4570 inquit,
1479 4499 1606 4563 olim
1638 4500 1783 4572 ejus.
1809 4484 1861 4544 Ι)
1887 4500 2048 4565 verit,
2076 4499 2192 4570 ipse
2217 4508 2395 4555 tamen
2424 4516 2553 4555 suas
2582 4499 2772 4556 laudes
2805 4509 2894 4555 aut
2939 4502 3155 4564 tacitus,
3187 4510 3278 4556 aut
3308 4501 3475 4556 etiam

169 4582 309 4638 dem
355 4581 555 4642 Juliani
599 4599 780 4640 mores
823 4586 1088 4656 comperti
1132 4598 1259 4642 sunt
1285 4629 1323 4654 ,_
1349 4588 1482 4652 dum
1531 4590 1675 4646 hunc
1715 4591 1782 4647 ab

165 4672 415 4730 Athenis
451 4675 656 4732 clarius
703 4677 1066 4748 agnovissem.
1120 4677 1472 4735 Cousideravi
1512 4682 1656 4736 enim
1695 4683 1780 4739 vi-

165 4781 306 4831 tum
332 4805 350 4833 ,
402 4775 459 4823 et
494 4783 601 4824 non
635 4767 860 4824 frustra.
894 4770 1057 4825 Vates
1094 4771 1240 4827 enim
1286 4775 1536 4846 egregius
1564 4784 1649 4831 est
1686 4779 1780 4848 qui

162 4857 327 4915 bene
352 4859 682 4917 considerat.
713 4860 845 4915 Erat
884 4861 1052 4934 igitur
1083 4863 1135 4917 in
1165 4879 1231 4918 eo
1263 4864 1629 4922 inconstantia
1661 4884 1778 4925 mo-

1884 4606 1982 4662 per
2006 4590 2388 4646 ostentationis
2409 4607 2599 4648 vocem
2637 4590 2853 4646 clamat.
2880 4591 2936 4646 In
2966 4591 3186 4647 tristitia
3205 4606 3334 4645 vero
3361 4590 3478 4646 sive

1885 4682 1940 4738 in
1971 4681 2160 4737 laetitia
2185 4697 2324 4754 pene
2351 4697 2571 4754 semper
2601 4684 2818 4739 modum
2857 4685 3091 4748 excedit,
3122 4682 3394 4738 clamosus
3422 4683 3481 4737 in

1885 4789 2040 4840 voce,
2069 4773 2122 4828 in
2154 4774 2374 4830 silentio
2394 4775 2622 4839 nimius,
2646 4773 2828 4828 verbis
2849 4782 2907 4828 et
2921 4773 3108 4829 habitu
3124 4769 3485 4840 compositus,

1884 4864 2101 4920 actione
2127 4865 2446 4936 dissipatus.
2484 4862 2814 4922 Humilitatis
2841 4863 3075 4933 speciem
3103 4858 3377 4913 interdum
3403 4873 3497 4911 as-

1887 4959 2084 5022 sumit;
2112 4957 2209 5013 sed
2237 4958 2327 5011 vel
2353 4958 2644 5014 oculorum
2674 4962 2832 5017 nutu,
2881 4953 2968 5010 vel
2995 4964 3268 5012 sermone,
3313 4947 3510 5012 qualis

1885 5048 2034 5105 intus
2058 5048 2130 5104 sit
2152 5057 2276 5119 post
2308 5048 2598 5116 paululum
2629 5045 2955 5110 innotescit,
2988 5041 3078 5112 qui
3118 5051 3261 5108 saepe
3295 5049 3519 5106 magna

1884 5140 2049 5210 gerit,
2079 5139 2123 5194 si
2156 5139 2274 5197 haec
2299 5150 2467 5206 juxta
2502 5151 2662 5198 suum
2714 5134 3001 5213 arbitrium
3030 5142 3184 5203 agere
3219 5126 3526 5200 permitta-

1885 5235 1996 5287 tur.
2049 5228 2119 5282 At
2170 5236 2368 5292 contra
2421 5226 2665 5288 humiles
2703 5234 2924 5292 semper
2951 5218 3150 5294 pavidi,
3178 5228 3532 5287 semperque

1884 5319 2146 5389 suspecti,
2172 5319 2279 5375 hoc
2322 5317 2536 5378 habent
2569 5311 2856 5390 proprium
2889 5322 2951 5367 ut
2982 5322 3192 5380 semper
3220 5318 3398 5377 opera
3426 5322 3538 5386 sua

165 4965 332 5013 rum,
383 4951 626 5010 incessus
673 4952 918 5016 uberior,
963 4953 1160 5018 cervix,
1195 4954 1526 5023 inflexibilis,
1564 4959 1777 5014 humeri

149 5040 464 5109 jactabiles
486 5084 501 5110 ,
546 5044 692 5104 oculi
738 5045 846 5109 huc
877 5044 1128 5116 illucque.
1155 5047 1525 5105 discurrentes
1550 5089 1565 5114 ,
1615 5049 1780 5116 pedes

162 5133 550 5202 impatientes,
575 5150 736 5192 nares
765 5135 1036 5204 spirantes
1069 5146 1464 5208 contemptum,
1499 5140 1641 5195 risus
1692 5140 1776 5195 in-

157 5223 488 5290 continens,
527 5237 580 5282 et
615 5225 774 5297 quasi
811 5227 1161 5284 subbulliens.
1205 5228 1310 5286 Sed
1356 5232 1485 5303 quid
1530 5244 1632 5302 per
1660 5234 1775 5288 uni.

158 5329 344 5369 versa
385 5315 663 5374 discurro?
709 5316 870 5373 Hunc
921 5329 1048 5375 ante
1097 5336 1259 5392 opera
1310 5325 1480 5390 vidi,_
1509 5332 1564 5379 et
1607 5322 1716 5380 dixi
1757 5344 1772 5380 :
