3934 5400
565 321 669 394 βω
1573 323 1630 380 S.
1672 323 1919 382 ODONS
1947 322 2240 379 ABBATIS
2277 321 2764 381 CLUNMCENSIS
2800 322 2860 380 ll~
3661 331 3740 389 568

563 435 658 490 illa
683 434 898 504 fecimus
921 431 1134 504 (Matth.
1166 447 1295 498 xxv,
1324 433 1457 504 57)?
1501 434 1634 490 Cum
1661 445 1880 491 econtra
1913 434 2126 505 superbi
2161 435 2203 495 Α
2235 435 2286 488 bi
2326 450 2424 492 nec
2456 435 2906 507 Patriarcltarum,
2937 448 3035 490 nec
3073 433 3471 506 prophetarum,
3519 394 3606 496 nec
3638 459 3739 514 apo.

561 527 727 583 etiam
757 526 866 581 Deo
887 525 1195 596 increpante
1213 538 1474 581 excusare
1512 540 1572 582 se
1601 527 1868 581 nituntur.
1893 525 2132 582 Humiles

561 615 742 685 itaque
754 613 1208 677 cumhumilitate,
1225 615 1374 685 quasi
1394 615 1736 686 subquodam
1762 616 1994 686 tegmine
2013 628 2134 670 sese

568 704 924 771 abscondent,
953 712 1008 760 et
1037 720 1067 759 a
1092 705 1273 760 divina
1292 706 1460 762 nimia
1487 707 1802 763 adversione
1823 714 2020 761 contra.
2041 719 2135 760 su-

559 798 800 868 perbiam
825 797 1203 868 principaliter
1227 808 1491 869 pugnant,
1514 808 1572 854 et
1588 799 1742 869 quasi
1764 807 1952 853 contra
1971 797 2133 853 vehe-

560 900 772 944 mentes
796 891 938 945 ictus
967 888 1181 944 oculum
1225 889 1279 944 in
1325 905 1425 946 suo
1464 905 1691 960 corpore
1735 889 1910 959 magis
1949 897 2132 944 custo-

560 979 735 1044 diunt,
763 979 889 1034 dum
949 979 1242 1034 studiosius
1294 979 1348 1033 in
1393 995 1452 1034 se
1507 979 1864 1035 humilitatem
1919 987 2134 1037 tuentes

568 1081 784 1137 semper
800 1081 860 1122 se
887 1066 1029 1122 inter
1057 1067 1284 1123 virtutes
1316 1069 1524 1124 timent.
1551 1069 1688 1137 Quia
1729 1085 1860 1125 vero
1902 1069 2132 1126 Redem-

558 1166 685 1226 ptor
705 1165 888 1212 noster
913 1157 1077 1212 corda
1106 1158 1245 1229 regit
1270 1158 1574 1224 humilium,
1603 1169 1659 1216 et
1687 1161 1799 1230 ipse
1826 1162 1894 1217 ad
1911 1161 2130 1218 beatum

561 1247 662 1304 Job
691 1249 843 1315 dicit,
873 1249 1014 1320 quod
1044 1249 1341 1306 Leviathan
1376 1268 1471 1308 rex
1500 1253 1570 1308 sit
1599 1255 1974 1323 superborum,
2003 1270 2132 1312 cun-

559 1339 766 1394 sideret
808 1340 1036 1409 quisque
1069 1349 1249 1396 utrum
1300 1342 1660 1400 humilitatem
1705 1361 1774 1402 an
1822 1348 2130 1420 superbiam

558 1430 775 1486 habeat.
821 1430 1004 1486 Facile
1046 1431 1210 1488 veluti
1256 1437 1484 1504 quodam
1518 1436 1719 1492 indicio
1747 1439 1998 1507 reperiet,
2031 1439 2132 1496 sub

557 1537 668 1592 quo
709 1536 834 1593 rege
863 1521 1082 1590 militat,
1107 1524 1362 1593 quoniam
1391 1527 1615 1582 omnino
1630 1528 2128 1586 manifestissimum

557 1613 769 1684 signum
799 1615 1147 1685 reproborum
1175 1617 1426 1687 superbia
1451 1628 1557 1684 est,
1587 1627 1642 1674 et
1670 1628 1888 1675 econtra
1916 1619 2137 1676 humilia

557 1713 642 1760 tas
661 1705 975 1761 electorum.
1009 1707 1192 1777 Itaque
1240 1709 1492 1780 superbia
1533 1709 1864 1766 abominatio
1897 1721 1999 1778 est,
2027 1711 2128 1767 Int-

557 1793 761 1850 militas
792 1774 1140 1852 sacriﬁcium.
1165 1774 1395 1854 Nam—de
1426 1799 1515 1853 il'a
1539 1799 1732 1854 dicitur
1757 1817 1770 1854 τ
1795 1774 2129 1857 Abominabi-
2161 1774 2203 1832 η

553 1883 621 1938 lis
643 1895 718 1939 est
754 1886 895 1957 apud
921 1885 1090 1941 Deum
1112 1888 1281 1942 omnis
1306 1889 1394 1959 qui
1434 1887 1629 1943 exaltat
1659 1905 1748 1944 cor
1765 1906 1918 1944 suum
1949 1889 2126 1962 (Deut.

553 1992 692 2044 nrt,
714 1977 883 2048 5).De
900 1978 1000 2034 ista
1022 1994 1152 2036 vero
1178 1979 1538 2050 :-Sacri/icium
1565 1981 1671 2036 Deo
1688 1981 1914 2054 spiritus.
1939 1981 2126 2037 contri-

559 2067 770 2123 bulatus
800 2068 972 2141 (Psal.
995 2085 1046 2136 ι,
1075 2070 1184 2141 l9).
1203 2071 1416 2140 Quanto
1427 2082 1604 2128 autem
1628 2075 1826 2144 quique
1847 2074 2132 2145 pauperio-

553 2174 644 2213 res
669 2172 821 2225 sunt,
843 2169 993 2216 tanto
1015 2162 1067 2216 in
1093 2162 1236 2218 illam
1265 2164 1723 2220 abominationem
1755 2166 1931 2222 rarius
1947 2167 2131 2221 incur-

554 2260 700 2317 runt,
730 2259 786 2307 at
810 2267 938 2308 vero
957 2253 1099 2308 istud
1131 2254 1458 2310 sacriﬁcium
1481 2255 1676 2311 divites
1702 2256 1792 2310 vix
1819 2256 2122 2311 inveniunt.

624 2344 787 2400 XXII.
828 2347 904 2402 De
932 2347 1177 2417 quinque
1199 2348 1378 2404 modis
1400 2347 1536 2420 gula:
1564 2363 1710 2420 quos
1735 2349 1804 2404 ob
1841 2348 2128 2420 prolixita-

552 2444 661 2490 tem
688 2436 1012 2502 omittimus,
1040 2437 1094 2491 in
1141 2437 1277 2492 libro
1307 2437 1590 2493 Moralium
1619 2454 1751 2493 xxxx
1777 2453 1972 2509 magna
1993 2440 2126 2494 sub-

552 2529 742 2584 tilitate
772 2529 1095 2600 disputatur.
1123 2529 1223 2586 llic
1259 2539 1437 2586 tamen
1473 2532 1867 2603 suggerendum
1893 2532 2122 2596 videtur,

552 2631 610 2678 ut
633 2621 862 2691 quisque
890 2622 1088 2692 cogitet
1113 2621 1270 2692 quale
1296 2632 1574 2693 peccatum
1599 2631 1668 2677 snt
1702 2638 1800 2694 pro
1828 2636 1935 2693 quo
1954 2623 2123 2677 Adam

549 2727 672 2767 cum
699 2711 844 2766 omni
892 2712 1061 2782 stirpe
1085 2727 1183 2768 sua
1223 2712 1289 2767 de
1333 2714 1584 2784 paradiso
1629 2713 1836 2784 eiectus
1876 2721 1962 2768 est
1987 2730 2000 2766 :
2025 2725 2124 2783 pro

548 2816 658 2872 quo
681 2800 908 2872 pupulus
931 2801 985 2856 in
1011 2801 1229 2858 deserto
1265 2819 1435 2873 usque
1465 2803 1530 2858 ad
1562 2803 1922 2859 idololatriam
1955 2805 2122 2869 venit,

551 2895 764 2950 dicente
786 2895 1044 2964 Apostolo
1069 2912 1083 2950 :
1117 2895 1263 2951 Sedit
1290 2897 1510 2968 populus
1530 2898 1848 2953 manducare
1865 2907 1911 2952 et
1931 2897 2125 2963 bibere,

547 2994 595 3039 et
620 2995 961 3038 surrexerunt
989 2985 1167 3040 ludere
1197 2984 1249 3057 (I
1279 2984 1402 3040 Cor.
1438 3002 1495 3053 x,
1519 2987 1596 3056 7).
1625 2987 1691 3042 Et
1720 2987 1848 3042 item
1893 2988 1958 3042 de
1992 3002 2123 3043 con-

549 3075 744 3144 cupitis
773 3076 1026 3132 carnibus
1054 3094 1066 3129 :
1097 3077 1280 3132 Adhuc
1298 3095 1427 3132 eme
1463 3095 1644 3134 eorum
1663 3090 1810 3134 erant
1839 3080 1895 3134 in
1925 3096 2012 3134 ore
2037 3080 2121 3149 ip-

545 3180 727 3218 sarum
764 3163 938 3234 (Psal.
987 3181 1187 3230 Lxxvn,
1235 3166 1348 3238 50),
1394 3176 1455 3222 et
1488 3184 1607 3237 qua:
1652 3176 1973 3238 sequuntur.
2016 3167 2122 3222 Pro

549 3266 656 3320 quo
705 3262 760 3308 et
805 3268 928 3308 cum
979 3252 1285 3310 Madianitis
1333 3257 1585 3312 mcechati
1650 3265 1796 3313 sunt.
1856 3257 1961 3313 Pro
2018 3272 2124 3328 quo

551 3352 606 3400 et
652 3341 794 3400 Esau
835 3343 1190 3415 primogenita
1243 3361 1339 3402 sua
1385 3347 1638 3416 perdidit.
1697 3347 1801 3403 Pro
1852 3363 1960 3419 quo
2019 3347 2121 3403 So-

548 3433 706 3488 doma
757 3435 824 3488 ad
873 3435 1246 3492 fornicationis
1304 3435 1512 3507 lapsum
1575 3439 1813 3508 proruit,
1877 3438 1986 3493 Deo
2039 3446 2121 3491 te-

549 3531 748 3589 stante,
776 3525 868 3594 qui
904 3526 1015 3580 ait:
1051 3525 1179 3580 Ila'c
1204 3527 1305 3596 [ait
1359 3529 1605 3598 iniquitas
1653 3529 1856 3583 sororis
1879 3539 1986 3583 ture
2015 3527 2120 3583 So-

547 3611 737 3678 domw,
770 3617 1023 3668 saturitas
1050 3615 1200 3685 panis
1229 3613 1444 3688 (Ezech.
1497 3633 1608 3684 xvt,
1641 3616 1754 3689 49).
1805 3616 1970 3686 Cujus
2005 3616 2119 3670 vitii

547 3702 758 3772 culpam
788 3703 1025 3774 perﬁdiae
1052 3715 1329 3776 comparat
1379 3707 1672 3778 Apostolus
1722 3706 1938 3772 dicens,
1978 3704 2121 3777 quod

547 3791 782 3847 cultores
810 3793 1016 3848 ventris
1049 3803 1108 3848 et
1153 3794 1355 3850 inimici
1401 3797 1510 3850 sint
1553 3805 1757 3852 sanctae
1814 3797 2012 3862 crucis,
2067 3803 2124 3850 et

547 3885 679 3939 deus
715 3885 953 3953 ipsorum
979 3885 1050 3940 sit
1072 3895 1260 3940 venter
1284 3901 1492 3942 eorum.
1525 3886 1694 3954 Quem
1718 3885 1965 3940 videlicet
1995 3901 2122 3940 ven-

549 3985 684 4030 trem
715 3984 769 4030 et
816 3990 968 4030 escas
1016 3975 1183 4031 Deum
1224 3977 1418 4032 asserit
1457 3976 1850 4030 dcstructorem
1889 3975 2072 4029 dicens
2104 3991 2117 4029 :

548 4067 687 4121 Esca
715 4069 900 4132 ventri,
932 4081 980 4120 et
1010 4076 1184 4121 venter
1218 4067 1369 4132 escis,
1427 4065 1565 4120 Deus
1615 4075 1790 4120 autem
1829 4075 1876 4118 et
1915 4064 2050 4118 hunc
2073 4074 2120 4119 et

546 4158 643 4212 Ims
670 4157 896 4211 destruet
920 4157 970 4230 (I
1007 4157 1128 4212 Cor.
1165 4173 1236 4224 vt,
1268 4157 1376 4227 l3).
1413 4157 1478 4210 Et
1519 4156 1648 4226 quid
1692 4155 1875 4210 multis
1903 4169 2122 4210 necesse

548 4249 668 4304 est?
689 4248 804 4319 Ipse
825 4249 1050 4304 Creator
1069 4259 1123 4304 et
1153 4248 1396 4318 cognitor
1445 4248 1694 4302 humanae
1725 4256 1933 4302 uatum
1967 4245 2122 4300 Chri-

548 4347 682 4404 stus,
717 4347 777 4391 ut
801 4339 1109 4393 ostenderet
1128 4339 1213 4392 ubi
1245 4347 1437 4393 cuncta
1461 4338 1589 4392 vilia
1611 4337 1894 4409 pullulant,
1921 4336 2004 4392 vel
2032 4336 2120 4392 ubi

550 4429 716 4485 recidi
755 4430 1004 4495 debeant,
1037 4429 1136 4484 hoc
1166 4429 1338 4483 solum
1366 4429 1527 4484 veluti
1571 4429 1842 4500 prtecipue
1873 4443 2122 4486 necessa-
2153 4470 2198 4529 υ

552 4524 690 4577 rium
713 4521 886 4590 jubet.
915 4521 1101 4576 Videte
1131 4537 1196 4575 ne.
1211 4531 1501 4592 graventur
1523 4522 1686 4577 corda
1716 4531 1892 4577 vestra
1924 4521 1976 4574 in
2001 4536 2120 4576 cra-

547 4615 674 4685 pula
701 4625 755 4670 ct
778 4615 1058 4670 ebrietate.
1094 4612 1222 4680 Qua:
1249 4614 1355 4668 duo
1395 4614 1440 4670 si
1463 4614 1798 4682 reciduntur,
1825 4623 2017 4670 cratera
2043 4613 2119 4667 fa-

549 4706 653 4761 cile
691 4712 1030 4775 supcranlur.
1057 4703 1123 4758 Et
1147 4713 1295 4758 certe
1329 4704 1451 4774 quis
1481 4703 1684 4774 absque
1707 4697 2035 4774 parcimonia
2063 4715 2120 4756 se

556 4791 834 4866 prtesumit
880 4795 1020 4848 inter
1060 4795 1263 4850 electos
1309 4795 1518 4858 haberi,
1563 4807 1684 4848 cum
1723 4792 1836 4862 ipse
1877 4807 1972 4846 vas
2007 4790 2121 4846 ele-

551 4885 746 4939 ctionis
773 4883 970 4939 Paulus
999 4884 1121 4939 ideo
1145 4900 1341 4954 corpus
1367 4898 1524 4938 suum
1551 4882 1803 4952 castigat,
1837 4895 1903 4935 ne
1932 4894 2120 4951 repro-

550 4974 652 5029 bus
685 4975 813 5028 liat?
848 4975 981 5028 Nam
1012 4983 1065 5030 et
1106 4973 1207 5030 Job
1235 4975 1386 5040 dicit,
1411 4974 1537 5044 quia
1579 4972 1839 5042 sapientia
1887 4987 1990 5024 non
2044 4972 2122 5024 in-

551 5057 780 5117 venietur
823 5066 874 5118 in
911 5075 1050 5119 terra
1085 5065 1314 5118 suaviter
1341 5063 1615 5119 viventium
1640 5063 1761 5133 (Iob
1792 5077 1984 5128 xxvnt,
2009 5061 2118 5132 l3).

553 5151 617 5204 Et
639 5152 752 5220 ipsa
781 5153 1052 5222 Sapientia
1089 5160 1334 5218 testatur,
1365 5152 1486 5221 quia
1514 5152 1764 5205 neminem
1783 5150 1948 5220 diligit
1979 5149 2120 5203 Deus

556 5242 655 5294 nisi
675 5259 791 5294 eum
816 5244 901 5313 qui
923 5260 1038 5296 cum
1058 5244 1167 5312 ipsa
1187 5243 1384 5296 habitat
1411 5240 1672 5314 (Sap.vn,
1702 5239 1814 5310 28).
1849 5240 1991 5310 Ergo
2012 5255 2119 5294 non

556 5346 614 5386 se
641 5333 878 5400 palpent,
902 5334 992 5400 qui
1020 5335 1260 5388 suaviter
1283 5334 1490 5398 vivunt,
1523 5346 1589 5385 ne
1617 5331 1756 5385 forte
1788 5330 1832 5386 si
1861 5331 2008 5400 apud
2027 5344 2120 5386 eos

2232 524 2528 590 stolorum,
2579 525 2672 580 sed
2721 539 2817 581 nec
2859 525 3098 581 omnium
3143 536 3450 584 sanctorum
3495 531 3558 586 ab
3576 535 3743 608 origine

2235 615 2416 669 mundi
2449 616 2516 669 de
2543 614 2802 686 religione
2845 615 3175 686 loquentium
3205 631 3363 672 voces
3409 632 3610 674 curant.
3635 624 3744 690 Quin

2231 713 2287 760 et
2314 705 2486 775 ipsum
2515 705 2684 773 ﬁlium
2704 706 2931 777 virginis
2965 708 3038 762 ita
3077 717 3451 775 contemnunt,
3473 720 3530 765 ut
3557 713 3606 767 in
3626 718 3744 774 atriis

2233 795 2348 866 ejus
2375 797 2492 868 ipso
2515 797 2734 852 vidente
2760 797 3116 864 fornicentur,
3143 809 3197 853 et
3227 799 3279 854 in
3306 800 3437 870 ipsis
3459 801 3744 868 diversoriis.

2230 899 2350 954 quae
2372 884 2438 937 ad
2474 883 2575 939 hoc
2598 885 2882 941 devotione
2926 885 3163 941 ﬁdelium
3207 897 3515 943 constructa
3565 902 3671 948 sunt
3704 905 3747 949 ut

2230 974 2453 1030 castitas
2481 973 2535 1029 in
2591 975 2759 1044 septis
2803 975 2937 1029 locis
2977 976 3142 1030 tutius
3184 988 3510 1045 servaretur,
3541 980 3608 1034 ita
3634 981 3745 1037 ﬂuxu

2231 1063 2468 1119 libidinis
2495 1063 2818 1128 redundant,
2842 1074 3033 1120 utnon
3065 1066 3134 1120 sit
3163 1066 3338 1122 Maria:
3369 1067 3518 1125 locus
3557 1071 3635 1124 ubi
3656 1088 3746 1143 pue-

2231 1168 2350 1209 rum
2371 1151 2552 1208 Jesum
2575 1154 2816 1210 reclinet.
2839 1155 2947 1211 Nec
2976 1156 3169 1210 mirum
3199 1173 3326 1212 sane
3370 1158 3417 1213 si
3449 1163 3686 1230 mancipia
3702 1163 3748 1217 li-

2229 1245 2426 1300 bidinis
2455 1261 2560 1301 non
2595 1244 2905 1314 formident,
2927 1248 3051 1318 quia
3081 1249 3219 1305 sicut
3242 1249 3316 1304 ait
3340 1252 3622 1321 propheta:
3645 1252 3748 1308 Far-

2231 1337 2424 1390 nicatio
2452 1335 2623 1406 aufert
2653 1353 2744 1390 cor
2788 1335 2941 1407 (Osee
2977 1355 3048 1400 tv,
3082 1338 3193 1410 ll).
3228 1338 3340 1395 Non
3371 1340 3515 1395 enim
3532 1353 3606 1397 est
3627 1344 3748 1398 timor

2231 1423 2323 1478 Dei
2353 1433 2479 1479 ante
2507 1423 2689 1479 oculos
2719 1440 2928 1492 eorum,
2956 1442 3182 1496 quorum
3226 1437 3412 1499 guttur
3437 1438 3519 1483 est
3539 1440 3592 1484 ut
3611 1433 3747 1501 sepul-

2229 1529 2382 1571 crum
2412 1523 2620 1584 patens.
2672 1513 2876 1582 Quibus
2906 1523 3082 1570 tamen
3114 1516 3313 1588 aliquid
3355 1518 3577 1574 rationis
3615 1521 3748 1575 adhuc

2231 1606 2391 1672 inest,
2419 1615 2698 1678 oporteret
2722 1617 2780 1662 ut
2807 1607 3015 1678 pondus
3037 1609 3166 1663 tanti
3204 1609 3448 1675 sceleris,
3477 1611 3559 1666 vel
3597 1627 3651 1666 ex
3689 1627 3748 1666 re-

2231 1698 2332 1754 bus
2359 1699 2411 1753 in
2434 1699 2632 1754 szeculo
2668 1699 2853 1769 gestis,
2884 1700 2966 1755 vel
2993 1716 3056 1755 ex
3086 1711 3393 1759 sanctorum
3425 1703 3578 1760 dictis
3603 1721 3749 1776 pensa-

2232 1798 2372 1853 rent,
2402 1788 2468 1844 de
2507 1788 2703 1859 quibus
2742 1805 2936 1859 pauca,
2983 1791 3030 1846 si
3070 1790 3209 1847 forte
3261 1783 3451 1848 audire
3495 1795 3750 1866 dignentur,

2232 1896 2736 1937 commemoremus.
2762 1880 2832 1937 Ut
2861 1882 3041 1953 itaque
3066 1884 3205 1938 Deus
3228 1883 3429 1940 futuris
3447 1884 3595 1955 hujus
3613 1887 3749 1941 saeculi

2230 1974 2481 2030 :etatibus
2521 1973 2830 2030 ostenderet
2865 1975 3007 2044 quod
3050 1975 3281 2032 maxime
3325 1991 3428 2047 per
3470 1977 3566 2033 hoc
3603 1978 3749 2033 vitium

2229 2065 2665 2132 cxacerbaretur,
2712 2082 2837 2122 mox
2879 2077 2937 2123 ut
2967 2067 3067 2123 ﬁlii
3117 2068 3245 2124 Seth
3280 2069 3497 2126 ﬁliabus
3526 2071 3641 2126 Cain
3663 2087 3750 2126 sese

2230 2157 2712 2222 commiscuerunt,
2739 2166 2794 2212 et
2818 2172 2877 2212 se
2897 2157 3164 2228 perhibuit
3179 2160 3448 2229 paenitere
3471 2162 3600 2230 quod
3621 2160 3750 2214 homi-

2229 2260 2351 2301 nem
2378 2244 2616 2311 fecisset,
2635 2255 2688 2300 et
2706 2246 2852 2300 omni
2885 2255 3147 2302 creaturae
3173 2248 3436 2303 diluvium
3452 2249 3750 2304 comminatus

2227 2344 2327 2391 est.
2362 2333 2495 2390 Nam
2523 2335 2649 2391 licet
2673 2335 2843 2390 Adam
2873 2345 3129 2407 peccante
3155 2347 3353 2393 terram
3389 2338 3690 2394 maledixerit
3712 2347 3751 2392 et

2226 2426 2357 2481 Cain
2397 2425 2751 2481 fratricidium
2786 2425 2967 2496 jaculo
3008 2425 3402 2483 maledictionis
3444 2428 3747 2491 mulctaverit,

2227 2535 2332 2574 non
2348 2528 2522 2573 tamen
2535 2517 2715 2573 dolore
2725 2518 2919 2581 cordis,
2939 2527 3025 2572 aut
3040 2520 3368 2588 paenitudine
3383 2520 3612 2576 sicutbic
3623 2529 3751 2574 tactus

2227 2611 2508 2676 asseritur,
2538 2625 2710 2679 neque
2739 2609 2972 2680 generali
3008 2611 3172 2666 exitio
3201 2611 3467 2666 mundum
3499 2612 3656 2682 perire
3683 2611 3751 2665 de-

2226 2703 2436 2770 crevit,
2483 2717 2657 2772 neque
2705 2717 2802 2772 pro
2847 2702 3207 2773 qualicunque
3263 2703 3366 2758 alio
3420 2703 3610 2759 scelere
3639 2713 3747 2758 tanta

2225 2792 2695 2850 animadversione
2741 2807 2860 2848 sese
2902 2793 3047 2848 ultus
3075 2802 3177 2858 est,
3208 2809 3369 2863 quam
3403 2809 3500 2864 pro
3528 2795 3635 2859 isto,
3659 2806 3747 2847 cum

2227 2885 2316 2941 illa
2373 2885 2734 2940 famosissima
2787 2883 3207 2957 conﬂagratione
3251 2886 3494 2957 quinque
3554 2886 3746 2940 civitates

2227 2977 2347 3048 igne
2368 2985 2418 3032 et
2444 2976 2698 3047 sulphure
2720 2977 2881 3031 etiam
2907 2987 3030 3031 ante
3056 2977 3226 3048 legem
3253 2978 3600 3048 consumpsit.
3625 2974 3745 3043 Cujut

2228 3067 2368 3123 fama
2399 3066 2522 3123 facti
2553 3067 2706 3123 libris
2743 3083 2955 3138 quoque
2986 3069 3262 3140 gentilium
3301 3068 3615 3124 celebratur.
3647 3065 3745 3120 Nam

2223 3168 2276 3215 et
2307 3159 2482 3214 adhuc
2516 3157 2696 3213 omnia
2737 3173 2856 3228 quae
2881 3158 2953 3213 ibi
2986 3160 3276 3229 gignuntur
3313 3158 3474 3228 plena
3504 3159 3742 3220 cineribus,

2224 3259 2358 3307 teste
2386 3249 2600 3313 Orosio,
2634 3251 2992 3319 reperiuntur.
3025 3249 3201 3317 Quare
3235 3258 3416 3304 autem
3451 3250 3528 3304 vel
3558 3251 3660 3319 igne
3679 3247 3742 3316 qui

2221 3343 2422 3408 exurit,
2449 3345 2532 3399 vel
2567 3342 2825 3411 sulphure
2850 3341 2990 3411 quod
3021 3338 3167 3404 fetet,
3195 3338 3409 3393 luxuria
3442 3339 3684 3409 puniatur,
3705 3335 3741 3387 in

2224 3433 2438 3504 Dialogo
2459 3434 2629 3489 sancti
2656 3429 2896 3502 Gregorii
2922 3428 3131 3500 plenius
3154 3428 3466 3484 edocemur.
3495 3428 3603 3496 Quo
3625 3424 3743 3480 nimi-

2223 3541 2340 3579 rum
2372 3524 2514 3580 facto
2541 3524 2681 3579 Deus
2705 3536 2891 3578 onmes
2922 3521 2974 3574 in
3005 3520 3241 3575 futurum
3268 3521 3630 3591 generationes
3654 3531 3741 3571 eru-

2223 3617 2336 3672 dire
2371 3616 2579 3683 noluit,
2634 3624 2693 3669 ut
2745 3613 2946 3669 scirent
2977 3619 3313 3682 quantopere
3362 3610 3652 3682 fugiendum
3690 3606 3742 3660 sit

2222 3705 2363 3761 istud
2412 3705 2670 3777 ﬂagitium
2718 3712 2838 3775 post
2886 3701 3009 3757 ﬁdei
3059 3701 3423 3772 cognitionem
3452 3741 3468 3766 ,
3515 3700 3642 3772 quod
3682 3697 3742 3750 illo

2223 3806 2369 3852 tanta
2398 3795 2866 3852 animadversione
2905 3793 3114 3865 punivit
3142 3793 3308 3848 etiam
3347 3802 3474 3848 ante
3505 3792 3626 3863 legis
3647 3802 3741 3860 pro-

2221 3887 2556 3942 hibitionem.
2602 3883 2745 3941 Sane
2791 3899 2914 3940 cum
2959 3883 3028 3937 ad
3067 3885 3293 3954 gratiam
3342 3879 3741 3939 reconciliationis

2220 3992 2387 4049 genus
2417 3977 2711 4031 humanum
2737 3975 2994 4030 reducere
3021 3972 3372 4038 decrevisset,
3405 3988 3528 4028 mox
3559 3968 3741 4026 Abrahze

2219 4083 2377 4138 quem
2395 4065 2517 4121 ﬁdei
2541 4065 2849 4136 primordiis
2868 4064 3112 4120 initiabat
3134 4064 3477 4131 adjndicium
3494 4058 3739 4118 recidenda

2221 4158 2459 4214 libidinis
2483 4158 2795 4213 circumcidi
2835 4157 3120 4229 prtecepit;
3159 4157 3231 4211 ita
3259 4165 3386 4212 tunc
3415 4156 3740 4212 demonstrans

2222 4250 2346 4321 quia
2379 4263 2599 4305 necesse
2623 4257 2706 4304 est
2735 4257 2793 4303 ut
2821 4263 3008 4304 omnes
3053 4248 3142 4316 qui
3185 4247 3252 4302 ad
3281 4260 3402 4300 eum
3436 4247 3737 4316 pertineant

2224 4341 2366 4395 vitiis
2391 4351 2446 4396 et
2471 4340 2918 4410 concupiscentiis
2973 4353 3226 4395 mucrone
3263 4339 3443 4394 crucis
3472 4353 3529 4393 se
3557 4337 3738 4391 circum-

2224 4431 2425 4487 cidant.
2465 4431 2618 4486 illum
2670 4446 2797 4486 vero
2836 4431 2924 4499 qui
2977 4438 3098 4500 post
3141 4429 3520 4500 redemptionis
3557 4425 3737 4498 gratiam

2227 4521 2434 4591 primus
2461 4520 2514 4574 in
2543 4528 2697 4576 reatu
2729 4517 3098 4574 fornicationis
3143 4517 3505 4587 deprehensus
3532 4525 3607 4572 est
3629 4514 3736 4580 Apo-

2225 4609 2393 4665 stolus
2426 4608 2568 4664 illico
2595 4607 2808 4664 Satanae
2842 4606 3078 4670 tradidit,
3113 4605 3204 4674 qui
3231 4615 3280 4657 et
3306 4604 3459 4670 alios,
3490 4617 3611 4672 quos
3636 4599 3736 4652 forte

2227 4699 2458 4754 Satanas
2491 4699 2561 4753 ob
2607 4697 2710 4752 alia
2755 4697 3001 4766 quaelibet
3044 4693 3244 4762 ﬂagitia
3285 4692 3542 4756 vexabat,
3575 4687 3736 4755 eripere

2225 4788 2414 4843 solitus
2463 4795 2599 4842 erat.
2657 4785 2884 4856 Propter
2934 4785 3038 4840 hoc
3089 4793 3268 4838 tamen
3317 4781 3490 4838 scelus
3532 4780 3652 4834 hunc
3681 4773 3736 4828 ei-

2225 4877 2346 4931 dem
2385 4874 2600 4932 Satanac
2645 4875 2968 4945 mancipavi‘t
2994 4914 3009 4939 ,
3061 4873 3153 4944 qui
3191 4873 3375 4944 utique
3425 4871 3507 4926 vel
3547 4868 3734 4924 novitate

2228 4983 2400 5038 nuper
2464 4977 2728 5038 suscepta:
2793 4967 3102 5037 religionis,
3153 4964 3239 5020 vel
3297 4963 3586 5036 ignorantia
3641 4971 3734 5012 nec-

2227 5059 2351 5114 dum
2381 5067 2614 5128 experta:
2651 5056 3050 5113 constrictionis
3087 5063 3296 5127 poterat
3331 5065 3590 5124 utcunque
3613 5060 3733 5103 escu-

2225 5165 2366 5207 sare.

2295 5239 2482 5295 XXIV.
2522 5240 2746 5296 Versum
2786 5249 2845 5294 ut
2890 5240 3087 5310 aliquid
3135 5238 3234 5294 sub
3281 5246 3586 5310 argumento
3623 5231 3730 5287 dica-

2225 5348 2366 5400 mus,
2395 5347 2558 5400 quare
2575 5330 2753 5400 justus
2773 5331 2937 5400 iudex
2963 5333 3100 5387 Deus
3126 5329 3378 5388 infantem
3409 5328 3630 5400 legitimo
3649 5334 3731 5374 Ina-
