3934 5400
121 370 218 430 569

1073 384 1567 445 COLLATIONUM
1607 388 1781 444 LIBRI
1821 389 2018 446 TRES.
2061 425 2127 435 --
2165 395 2290 450 LIB.
2334 397 2394 454 ll.

3269 397 3371 464 s70

117 487 250 558 quod
291 490 350 544 lit
378 491 532 572 hora
577 496 963 566 conceptionis.
1005 499 1061 554 Si
1093 517 1223 574 ergo
1248 511 1394 558 tanta
1421 515 1504 559 est
1531 503 1686 574 culpa
1720 509 1763 564 Α
1791 503 1904 560 Joel
1932 507 2057 562 dicit
2085 527 2098 563 :
2131 509 2187 564 lu
2215 526 2280 565 eo
2319 512 2497 568 cordis
2523 514 2706 570 oculos
2736 518 2852 572 haec
2873 518 3058 575 eadem
3089 521 3254 578 libido
3281 539 3374 578 ει-

118 580 168 634 in
195 580 462 654 coniugali
503 587 828 656 concubitu,
872 601 931 646 ιιι
967 591 1144 650 infans
1172 612 1270 667 pro
1309 591 1410 653 illa
1440 597 1555 653 sola
1593 615 1689 669 pn-

114 669 215 725 niri
243 672 456 740 debeat,
484 687 688 746 quanta
718 680 770 734 in
819 691 1006 752 stupro
1042 697 1125 740 est
1164 687 1254 742 vel
1291 689 1341 742 in
1373 688 1688 759 pollutione,

114 778 229 831 qua
247 764 314 818 ad
339 765 510 821 solam
539 769 818 826 libidinem
845 773 1162 845 explendam
1184 779 1470 847 patratur?
1497 778 1688 834 Merito

111 853 270 925 igitur
315 866 652 928 protestatur
701 863 1028 934 Apostolus,
1078 870 1203 940 quia
1250 851 1608 929 fornicatores
1637 882 1692 929 et

111 943 383 1001 adulteros
401 947 663 1018 iudicabit
693 953 851 1008 Deus.
889 954 1084 1026 Liquet
1106 968 1254 1014 certe
1278 963 1420 1032 quod
1452 963 1688 1020 minores

109 1049 285 1092 causa:
311 1053 412 1109 per
434 1040 669 1098 minores
689 1043 899 1115 iudices
927 1046 1136 1104 soleant
1154 1048 1408 1118 iudicari,
1440 1053 1534 1108 sed
1565 1070 1686 1109 eum

107 1125 320 1196 aliquod
346 1129 451 1196 tale
481 1134 752 1203 negotium
781 1135 1106 1206 obrepserit,
1137 1140 1280 1210 quod
1306 1156 1408 1210 per
1432 1157 1493 1197 se
1519 1141 1688 1198 nulla-

108 1226 263 1274 tenus
288 1220 546 1290 expedire
577 1223 811 1291 valeant,
846 1225 901 1281 id
931 1228 996 1282 ad
1033 1229 1293 1301 principis
1327 1232 1573 1288 notitiam
1605 1249 1691 1290 re-

102 1307 304 1363 ferunt.
353 1309 424 1368 Ut
451 1312 614 1383 igitur
638 1326 873 1384 quantus
899 1318 970 1374 sit
1011 1319 1110 1374 iste
1141 1330 1325 1378 reatus
1354 1333 1689 1381 monstrare-

103 1409 213 1464 tur,
244 1401 308 1454 ad
355 1402 522 1458 solius
561 1406 663 1461 Dei
676 1406 940 1476 judicium
987 1411 1191 1469 referri
1208 1415 1542 1484 perhibetur.
1576 1417 1688 1473 Sub

102 1493 206 1548 hoc
235 1509 396 1550 sensu
429 1506 513 1551 est
552 1497 960 1571 intelligendum
993 1503 1159 1559 etiam
1193 1505 1341 1573 illud,
1373 1508 1516 1577 quod
1547 1508 1685 1564 idem

99 1585 388 1656 Apostolus
430 1591 507 1646 ait
541 1607 556 1645 ε
589 1589 742 1646 Nihil
774 1595 905 1649 mihi
937 1597 1176 1654 conscius
1197 1615 1332 1665 sum,
1369 1601 1460 1654 sed
1491 1618 1592 1656 non
1632 1602 1688 1656 in

97 1676 271 1749 hocju
302 1681 534 1749 tiﬁcatus
560 1699 674 1738 sum
709 1684 759 1756 (Ι
787 1683 909 1741 Cor.
935 1703 1008 1754 tv,
1031 1688 1107 1762 4).
1142 1689 1275 1745 Nam
1297 1707 1395 1747 cur
1414 1691 1688 1764 sejustilly

97 1783 226 1848 care
252 1786 356 1824 non
404 1773 628 1838 audeat,
673 1778 920 1846 quamvis
951 1779 1086 1835 nihil
1115 1782 1238 1837 mali
1271 1794 1394 1852 post
1420 1784 1684 1856 baptisma

1790 613 2020 665 cmcans,
2051 602 2124 655 ita
2169 617 2386 657 sensum
2442 604 2558 672 ejus
2608 607 2865 676 inebriat,
2899 621 2958 666 ut
2982 624 3201 683 propter
3226 615 3374 687 igno-

1790 690 2076 746 miniosam
2103 696 2346 764 corporis
2369 705 2577 766 partem
2609 701 2901 770 pretiosam
2922 705 3153 760 animant
3184 706 3237 760 in
3262 723 3376 762 ser-

1787 781 1922 838 viles
1950 783 2242 840 blanditias
2279 787 2605 855 inclinel,.et
2652 791 2704 844 in
2747 794 3002 862 praesenti
3041 804 3246 865 turpem
3296 797 3378 851 in-

1787 870 2033 937 famiam,
2077 873 2130 928 in
2163 874 2346 932 futuro
2395 887 2575 934 autem
2610 879 3007 937 damnationem
3059 896 3374 954 perpetuam

1788 961 2052 1017 deliberet
2099 964 2402 1032 incurrere,
2451 967 2580 1023 dum
2611 968 2804 1024 insano
2826 973 3032 1042 pruritu
3067 974 3147 1028 vel
3173 983 3376 1043 puncto

1791 1052 2050 1122 temporis
2079 1053 2351 1109 abutatur.
2385 1054 2570 1126 Neque
2618 1059 2760 1114 enim
2812 1060 3100 1118 inevitabili
3133 1064 3372 1121 necessi-

1788 1149 1902 1198 tate
1930 1141 2204 1197 hominem
2233 1146 2576 1217 constringit,
2620 1157 2678 1202 ut
2725 1149 2829 1204 alia
2877 1151 3003 1206 vitia
3057 1153 3373 1225 plerumque

1787 1231 2012 1298 faciunt,
2048 1233 2187 1290 sicut
2207 1234 2395 1293 fames.
2419 1237 2572 1305 Quod
2603 1239 2857 1296 Salomon
2884 1244 3119 1298 ostendit
3143 1245 3324 1301 dicens
3352 1264 3365 1300 :

1792 1320 1915 1377 Non
1948 1325 2164 1394 grandis
2202 1327 2356 1397 culpa
2411 1340 2505 1395 est,
2560 1347 2678 1385 cum
2725 1333 2842 1403 quis
2869 1335 3082 1404 furatur
3112 1350 3131 1388 :
3161 1336 3376 1406 furatur

1786 1414 1923 1466 enim
1963 1423 2020 1467 ut
2069 1417 2378 1471 esurientem
2413 1417 2624 1488 impleat
2661 1423 2912 1485 animam,
2945 1433 3176 1479 attamen
3203 1427 3373 1481 reddit

1787 1505 2079 1576 septuplum
2111 1507 2292 1577 (Prov.
2317 1525 2390 1574 vt,
2413 1509 2525 1582 '50).
2552 1511 2651 1578 Qui
2675 1523 2853 1569 autem
2882 1515 3092 1572 adulter
3113 1526 3211 1578 est.
3244 1534 3370 1588 per-

1789 1595 1880 1651 det
1899 1597 2136 1653 animam
2166 1615 2342 1667 suam,
2384 1610 2438 1656 et
2467 1605 2815 1673 opprobrium
2847 1605 2988 1663 illius
3034 1623 3139 1662 non
3171 1608 3373 1664 delebi-

1793 1694 1898 1742 tur.
1931 1685 2196 1754 Quoniam
2221 1689 2344 1746 talis
2365 1692 2592 1762 quisque
2618 1703 2840 1764 propter
2864 1696 3032 1752 solam
3064 1697 3370 1767 superbiant

1791 1789 2002 1849 peccat.
2031 1779 2284 1838 Nonnulli
2336 1798 2466 1838 vero
2513 1787 2755 1854 quaedam
2786 1787 2924 1842 bona
2981 1787 3203 1852 faciunt,
3235 1798 3294 1842 ut
3318 1789 3371 1842 itt

97 1846 201 1911 sibi
229 1860 478 1916 conscius
500 1863 591 1927 sit,
621 1865 934 1922 manifestat
957 1869 1194 1927 subdens
1225 1890 1239 1926 :
1271 1846 1377 1938 Qui
1396 1846 1570 1928 autem
1592 1873 1686 1943 ju-
1717 1856 1762 1917 Β
1789 1846 1890 1927 hoc
1917 1874 2049 1929 vitio
2074 1874 2292 1946 impune
2332 1877 2662 1933 volutentur.
2708 1878 2914 1946 Quibus
2939 1882 2992 1935 in
3022 1882 3373 1951 sequentibus

93 1948 236 2001 dicat
278 1965 359 2004 me
393 1948 651 2008 Dominus
691 1965 765 2010 est
811 1956 1034 2028 (Ibid);
1086 1974 1149 2016 ac
1187 1961 1231 2016 si
1273 1961 1480 2018 diceret
1517 1980 1531 2018 :
1565 1961 1681 2019 Non

92 2038 341 2108 aequalis,
373 2041 466 2094 sed
496 2042 652 2112 cujus
682 2045 775 2101 ira:
812 2048 1065 2106 resistere
1097 2066 1254 2107 nemo
1283 2063 1480 2122 potest.
1513 2052 1684 2110 Porro

91 2129 165 2184 ad
207 2131 590 2210 enormitatem
638 2139 770 2193 tattti
822 2139 937 2195 vitii
985 2140 1460 2200 demonstrandam
1488 2187 1503 2212 ,
1539 2146 1680 2202 idem

92 2219 212 2289 ipse
246 2219 536 2292 Apostolus
566 2226 747 2281 subdit
785 2248 798 2283 :
835 2229 1000 2287 Omne
1025 2247 1293 2303 peccatum
1337 2238 1683 2310 quodcunque

93 2311 279 2379 fecerit
303 2312 482 2378 homo,
510 2325 658 2369 extra
682 2335 869 2389 corpus
895 2333 1006 2388 est;
1038 2325 1128 2393 qui
1156 2337 1329 2379 autem
1366 2327 1678 2397 fornicatur,

90 2404 148 2456 in
177 2421 367 2474 corpus
404 2423 557 2461 suum
592 2421 767 2479 peccat
814 2411 863 2483 (1
888 2412 1010 2468 Cor.
1037 2431 1111 2481 vt,
1137 2416 1260 2488 18)..
1296 2416 1403 2474 Cor
1448 2434 1694 2491 namque

91 2505 341 2551 nostrum
369 2538 385 2563 ,
430 2498 496 2554 de
542 2517 649 2570 quo
680 2503 939 2560 Dominus
971 2518 1189 2578 peccata
1219 2511 1368 2566 exire
1411 2514 1678 2582 perhibet,

88 2586 238 2639 intra
265 2602 464 2656 corpus
492 2597 594 2644 est.
625 2589 737 2646 lloc
771 2608 912 2666 crgo-
929 2613 1034 2652 non
1062 2601 1132 2654 ob
1161 2600 1264 2656 hoc
1290 2603 1419 2658 dicit
1445 2604 1679 2676 Aposto-

86 2673 198 2740 lus,
229 2685 289 2730 ιιι
314 2677 424 2731 sola
448 2677 733 2738 fornicatio
763 2683 902 2740 intra
931 2702 1127 2758 corpus
1157 2691 1260 2758 sit;
1293 2693 1388 2748 sed
1415 2704 1472 2749 ut
1494 2673 1684 2752 osten-

85 2766 246 2821 deret
301 2770 424 2839 quia
461 2781 721 2842 quantum
761 2779 979 2848 gravior
1006 2789 1091 2837 est
1117 2784 1238 2840 aliis
1263 2790 1524 2856 peccatis,
1563 2799 1684 2846 tan-

85 2867 204 2911 tum
243 2859 409 2915 distat
435 2865 655 2923 morbus
689 2867 917 2925 interior
941 2872 1010 2927 ab
1035 2872 1309 2931 ulceribus
1334 2893 1453 2947 qum
1477 2881 1529 2935 in
1558 2891 1684 2938 cute

81 2957 238 3003 sunt.
269 2948 460 3008 Nonne
486 2962 540 3008 et
576 2955 677 3010 hoc
710 2956 849 3014 Deus
875 2963 1158 3031 approbat,
1185 2966 1285 3037 qui
1305 2966 1678 3027 fortitudinem

81 3040 293 3096 diaboli
349 3044 403 3098 in
453 3045 556 3102 hoc
592 3048 724 3104 vitio
769 3062 1022 3110 constare
1064 3057 1338 3127 perhibuit
1382 3061 1589 3129 dicens,
1620 3070 1682 3117 ιιι

81 3135 461 3203 supradictum
501 3146 586 3192 est
615 3141 684 3196 ad
727 3141 942 3199 beatum
987 3144 1089 3203 Job
1122 3167 1135 3202 :
1169 3147 1454 3205 Fortitudo
1482 3153 1596 3222 ejus
1626 3153 1688 3207 in

1789 1963 2045 2020 SaIOmon
2067 1966 2270 2030 obviat,
2301 1968 2486 2024 dicens
2509 1969 2575 2025 de
2603 1970 2719 2025 zelo
2744 1971 2837 2025 Dei
2870 1991 2883 2026 :
2931 1971 3055 2028 Non
3083 1975 3372 2044 acquiescet

1785 2055 2096 2125 cujusquam
2150 2059 2412 2127 precibus,
2459 2077 2552 2115 nec
2595 2061 2838 2131 suscipiet
2884 2079 2978 2133 pro
3023 2065 3374 2132 redemptione

1786 2146 1924 2200 dena
1956 2148 2183 2216 plurima
2213 2147 2396 2218 (Prov.
2425 2166 2502 2215 vt,
2533 2151 2645 2221 55).
2680 2151 2818 2207 lliue
2845 2153 2898 2208 in
2926 2153 3027 2208 Job
3062 2172 3075 2208 :
3111 2153 3232 2208 Non
3262 2170 3375 2208 cre-

1783 2238 1874 2291 dat
1899 2237 2099 2307 [rustra
2140 2254 2318 2292 errore
2344 2240 2604 2310 deceptus,
2655 2243 2796 2313 quod
2840 2243 3013 2312 aliqua
3049 2246 3212 2313 pretio
3236 2243 3376 2299 redi-

1785 2327 2002 2382 mendas
2046 2328 2114 2381 sit
2169 2329 2290 2398 (Job
2326 2346 2415 2395 xv,
2464 2331 2575 2402 51).
2606 2331 2826 2399 Quoties
2875 2343 2996 2402 post
3021 2334 3231 2404 culpam
3261 2334 3376 2389 elc-

1784 2431 2099 2490 emosyuam
2129 2420 2435 2485 tribuimus,
2468 2422 2622 2492 quasi
2679 2439 2778 2492 pro
2823 2425 3010 2478 eadem
3047 2425 3202 2494 culpa
3255 2439 3374 2495 pre-

1784 2511 1916 2566 tium
1965 2513 2174 2579 damus,
2222 2511 2378 2580 juxta
2423 2513 2586 2570 illud:
2623 2513 2768 2570 Sicut
2799 2532 2935 2587 aqua
2988 2517 3265 2586 exstinguit
3297 2517 3377 2586 ἔρι’

1781 2621 1920 2670 nem,
1959 2606 2034 2660 ita
2091 2604 2414 2677 ereemosyna
2443 2607 2722 2677 exstinguit
2757 2617 3024 2676 peccatum
3068 2605 3256 2675 (Eccli.
3287 2622 3370 2672 ιιι,

1782 2695 1896 2767 55).
1921 2693 2075 2750 Unde
2108 2694 2295 2751 Daniel
2325 2695 2391 2751 ad
2429 2694 2931 2751 Nabuchodonosor
2963 2713 2976 2749 :
3012 2693 3257 2758 I’eccata,
3290 2695 3372 2748 in-

1782 2788 1921 2858 quit,
1949 2796 2042 2841 tua
2078 2786 2418 2857 eleemosyuis
2448 2787 2644 2841 redime
2671 2786 2834 2856 (Dan.
2878 2802 2952 2853 tv,
2974 2785 3089 2856 24).
3125 2786 3188 2840 Et
3215 2787 3372 2841 dom-

1781 2879 1891 2932 nus
1911 2876 2173 2932 Martinus
2212 2879 2465 2949 perbibet
2487 2876 2708 2948 antiqua
2739 2875 2931 2931 delicta
2982 2874 3220 2930 melioris
3251 2875 3374 2930 vita:

1783 2970 2196 3025 conversatione
2215 2969 2454 3041 purgari.
2485 2967 2592 3024 Sed
2627 2969 2769 3024 sicut
2795 2969 2848 3024 in
2880 2968 3021 3023 libro
3044 2984 3157 3023 χχιι
3191 2966 3369 3021 Mora-

1782 3060 1912 3114 lium
1945 3061 2250 3130 disputatur
2302 3079 2314 3113 :
2365 3061 2454 3130 qui
2502 3061 2576 3114 ita
2623 3058 3022 3132 clcemosynant
3075 3058 3374 3120 tribuit,ut

1783 3150 1998 3221 culpam
2030 3165 2137 3204 non
2168 3149 2428 3215 dimittat,
2455 3150 2691 3205 animam
2738 3163 2844 3204 non
2875 3147 3107 3214 redimit,
3140 3162 3302 3219 quam
3339 3162 3374 3201 a

78 3223 280 3277 lutnbis
331 3227 448 3297 ejus
493 3229 630 3299 (J‘ob
677 3239 766 3304 η,
831 3235 982 3308 ll);
1028 3239 1154 3295 hinc
1195 3241 1359 3297 etiam
1397 3251 1481 3298 est
1537 3247 1680 3315 quod

1786 3242 2058 3297 vitiisuon
2095 3241 2411 3310 compescit.

77 3315 383 3384 prmdictus
449 3320 737 3390 Apostolus
784 3335 973 3382 contra
1028 3338 1221 3386 caetera
1277 3333 1495 3403 quidem
1545 3337 1676 3392 vitia

76 3421 331 3477 pugnare
407 3426 509 3468 nos
583 3414 636 3469 in
707 3418 954 3475 cominus
1015 3414 1212 3491 jubet,
1267 3423 1679 3482 fornicationem

75 3512 216 3552 vero
244 3498 437 3571 fugere
467 3503 754 3573 hortatur;
796 3509 1051 3564 nimirum
1083 3513 1342 3579 suadens,
1375 3525 1434 3570 ut
1478 3517 1522 3572 si
1560 3518 1683 3586 quis

73 3590 366 3658 przeli'ator
432 3592 700 3665 frequenti
767 3599 1004 3656 hostium
1076 3608 1460 3676 congressione
1514 3607 1682 3662 victo-

74 3683 267 3738 riosus
289 3722 309 3750 ,
353 3684 400 3739 si
447 3696 714 3743 armatum
747 3690 907 3768 talem
941 3692 1185 3748 incurrat
1231 3695 1554 3764 aliquando,
1593 3698 1680 3752 cui

71 3775 346 3844 congredi
374 3775 678 3835 nullatenus
700 3783 904 3838 audens
925 3783 992 3838 ab
1017 3799 1080 3839 eo
1101 3800 1198 3854 per
1221 3784 1398 3858 fugam
1415 3788 1678 3844 declinet:

70 3873 153 3926 ita
188 3873 426 3946 quilibet
463 3875 804 3934 Christianus
842 3880 1003 3935 etiam
1048 3881 1094 3936 si
1151 3881 1253 3936 alia
1305 3883 1432 3938 vitia
1461 3898 1682 3953 supera-

70 3958 247 4030 terit,
294 3965 364 4019 ab
399 3967 776 4024 occasionibus
828 3978 1007 4025 tamen
1042 3969 1281 4026 libidinis
1315 3971 1473 4042 longe
1515 3988 1573 4027 se
1603 3972 1682 4027 fa~

65 4054 214 4119 ciat,
249 4071 322 4111 ne
346 4055 391 4110 si
420 4057 652 4113 minimo.
678 4057 845 4130 digito
871 4059 1064 4131 ligetur
1091 4068 1234 4116 totus
1272 4063 1534 4117 tradatur.

142 4145 326 4200 XXV.
360 4147 486 4203 llaec
529 4147 883 4204 fortissimum
937 4149 1163 4206 Samson
1217 4153 1328 4207 sola
1371 4153 1525 4218 vicit,
1565 4154 1681 4209 hmc

63 4236 499 4292 sanctissimum
535 4237 702 4293 David
752 4255 860 4294 non
902 4241 1180 4310 praeteriit,
1214 4243 1676 4312 sapientissimum

61 4325 438 4381 Salomonem
464 4329 680 4398 penitus
725 4327 1026 4395 suﬂ'ocavit,
1063 4347 1207 4397 ctun,
1243 4333 1382 4388 sicut
1417 4334 1676 4404 scriptum

56 4427 179 4482 est,
212 4424 547 4486 potestatem
576 4418 660 4473 sui
681 4419 925 4490 corporis
939 4435 1044 4475 non
1073 4421 1319 4477 haberet.
1346 4422 1473 4478 Haec
1501 4426 1677 4479 Amon

53 4506 252 4560 tilium
279 4505 449 4561 David
499 4507 550 4561 in
579 4521 819 4564 sororem
849 4510 1228 4580 praecipitavit.
1262 4510 1394 4578 Quis
1417 4527 1544 4583 ergo
1564 4511 1674 4581 jam

1853 3335 2040 3391 XXVI.
2073 3335 2186 3390 Hoc
2216 3334 2302 3389 ille
2325 3334 2549 3388 eremita
2580 3349 2678 3388 suo
2715 3333 2857 3388 facto
2883 3331 3096 3403 probat,
3133 3330 3224 3401 qui
3249 3344 3374 3402 cum

1784 3427 1968 3483 multis
2012 3427 2301 3481 virtutibus
2335 3442 2455 3481 cum
2505 3426 2738 3496 quodam
2783 3425 2894 3478 lilio
2919 3439 3017 3478 suo
3047 3422 3249 3493 collega
3282 3421 3378 3476 de-

1782 3518 2059 3582 seruisset,
2103 3516 2217 3572 haec
2246 3516 2316 3570 illi
2353 3532 2450 3586 per
2471 3504 2738 3569 diabolum
2757 3512 2950 3581 iniecta
2980 3513 3234 3583 cogitatio
3258 3519 3364 3574 est,

1782 3617 1844 3663 ut
1878 3608 2311 3678 quandocunque
2358 3606 2581 3661 libidine
2607 3605 2938 3669 titillaretur,
2973 3603 3053 3658 sic
3089 3617 3273 3657 semen
3307 3602 3375 3654 de

1783 3701 1912 3755 trittt
1971 3700 2218 3770 genitalis
2273 3699 2499 3754 membri
2546 3712 2766 3767 egerere
2815 3696 3057 3758 deberet,
3111 3703 3367 3762 tanquam

1782 3791 1975 3860 ilegma
2025 3791 2090 3845 de
2119 3791 2344 3848 naribus
2384 3789 2693 3858 projiceret.
2728 3785 2828 3852 Qui
2852 3786 2919 3840 ob
2959 3786 3013 3839 id
3034 3793 3089 3839 et
3113 3783 3375 3838 dzemoni-

1783 3884 1884 3938 bus
1915 3881 2152 3935 moriens
2176 3880 2392 3935 vidente
2430 3879 2580 3934 socio
2603 3879 2837 3932 traditus
2863 3885 2968 3941 est,
3000 3891 3121 3932 cum
3150 3874 3371 3944 quidem

1782 3970 1953 4026 isdem
2006 3969 2186 4024 socius
2241 3977 2449 4022 reatum
2505 3968 2622 4038 ejus
2665 3968 2943 4036 ignorans,
2990 3964 3081 4018 sed
3115 3962 3374 4018 exercitia

1782 4060 2042 4114 virtutum
2085 4057 2354 4123 recolens,
2401 4071 2536 4127 pene
2589 4055 2898 4126 desperavit
2933 4053 3157 4108 dicens:
3189 4050 3375 4119 Oquis

1781 4151 1980 4222 poterit
2008 4151 2191 4206 salV'us
2217 4164 2358 4215 esse,
2385 4149 2603 4218 quando
2634 4149 2735 4202 iste
2766 4146 2954 4216 periit!
2989 4144 3088 4200 Cui
3126 4158 3246 4198 mox
3278 4158 3376 4196 an-

1781 4242 1932 4312 gelus
1951 4251 2136 4296 astans
2164 4239 2303 4293 dixit
2327 4258 2341 4292 :
2366 4238 2443 4293 Ne
2469 4238 2721 4304 llll‘bCl‘lS,
2754 4239 2854 4292 iste
2885 4237 3027 4291 enim
3055 4235 3182 4290 licet
3207 4236 3373 4289 multa

1781 4331 1993 4396 fecerit,
2012 4340 2191 4386 tamen
2220 4345 2315 4400 per
2340 4329 2470 4384 illud
2496 4329 2708 4394 vitium,
2741 4326 2884 4398 quod
2901 4325 3190 4396 Apostolus
3214 4334 3374 4379 vocat

1782 4423 2200 4489 immunditiam,
2230 4431 2420 4478 cuncta
2450 4422 2691 4477 l'mdavit.
2723 4424 2799 4476 De
2825 4437 2932 4490 quo
2959 4421 3034 4475 ait
3067 4420 3326 4490 propheta
3358 4439 3372 4474 τ

1787 4514 1976 4570 Manus
2000 4525 2180 4570 vestra:
2205 4515 2459 4584 sanguine
2486 4512 2653 4585 plena:
2669 4513 2940 4583 sunt(lsa.
2969 4528 3005 4576 ι,
3033 4511 3140 4580 15).
3167 4510 3224 4565 Si
3253 4511 3377 4580 qui-

52 4599 131 4655 de
195 4599 472 4653 virtutum
525 4575 868 4656 charismate
898 4575 1174 4656 confidat?
1199 4600 1265 4656 Si
1288 4575 1425 4658 vbrec
1474 4575 1906 4678 lapidesnulem
1926 4607 2032 4661 tale
2055 4606 2256 4676 aliquid
2292 4615 2478 4661 nostro
2503 4615 2742 4674 tempore
2765 4604 3009 4675 contigit,
3027 4603 3168 4672 quod
3199 4616 3265 4656 ne
3289 4602 3375 4655 sui

47 4690 381 4760 relinquat,
423 4689 490 4745 de
527 4691 738 4760 stipulis
765 4691 896 4762 quid
951 4692 1082 4749 fiet?
1125 4692 1253 4761 Quae
1285 4694 1486 4751 idcirco
1535 4697 1679 4766 peri-

50 4783 327 4839 culosior
365 4792 470 4849 est,
527 4783 653 4854 quia
704 4784 864 4841 citius
895 4796 1103 4843 mentes
1138 4798 1383 4855 enervat,
1423 4790 1679 4859 quoniant

52 4875 254 4945 magis
290 4873 545 4930 delectat.
591 4875 798 4932 Idcirco
829 4885 1009 4933 autem
1038 4887 1146 4933 tam
1176 4879 1415 4936 districte
1438 4883 1680 4953 punitur,

51 4963 197 5034 quia
259 4963 427 5019 facile
469 4965 676 5022 domari
736 4976 914 5038 potest
947 4983 961 5021 :
990 4970 1133 5040 quod
1182 4971 1432 5028 videlicet
1480 4989 1547 5030 ex
1575 4975 1679 5030 hoc

52 5063 340 5126 apparet,
369 5056 494 5127 quia
539 5059 874 5128 quantolibet
901 5061 1097 5117 ard’ore
1145 5064 1390 5119 moechus
1422 5064 1675 5132 insaniat,

52 5148 127 5199 ab
161 5145 374 5216 aliquo
411 5153 595 5203 tamen.
628 5150 773 5204 visus
802 5165 927 5205 mox
977 5167 1036 5206 se
1083 5150 1340 5219 refrenat,
1378 5156 1468 5224 qui
1493 5155 1680 5224 utique

50 5235 147 5290 vel
183 5243 415 5290 tantam
459 5239 814 5294 reverentiam
867 5240 1064 5298 divinis
1112 5241 1388 5300 obtutibus
1417 5253 1680 5315 praestare

48 5330 378 5387 debuerat.
429 5327 530 5387 Sed
585 5331 794 5387 insania
846 5331 1104 5400 vincitur,
1137 5341 1192 5390 et
1217 5333 1581 5400 Hieronymus
1619 5335 1677 5392 in

1787 4699 2024 4755 novitate
2052 4698 2293 4763 vilescat,
2340 4697 2787 4754 considerandum
2842 4705 2944 4759 est,
2987 4695 3110 4764 quia
3157 4692 3246 4746 ille
3295 4691 3376 4744 fa-

1787 4792 1862 4845 cit
1887 4791 2178 4845 novissima
2211 4790 2302 4860 qui
2332 4788 2464 4843 facit
2491 4787 2731 4855 antiqua.
2764 4786 2828 4839 Et
2855 4783 3172 4855 poetadicit
3213 4799 3226 4833 :

1913 4881 2098 4932 Rursus
2119 4882 2182 4932 ah
2209 4881 2424 4942 antiquis
2457 4879 2662 4930 veniunt
2684 4875 2910 4926 miracula
2934 4877 3092 4925 causis
3111 4904 3124 4919 .

1783 4973 2011 5042 Quidam
2038 4977 2218 5046 itaque
2235 4973 2520 5046 presbyter
2539 4971 2650 5043 (67)
2674 4971 2725 5024 itt
2744 4984 2882 5040 pago
2896 4965 3266 5025 Abricantino,
3288 4981 3384 5019 ne-

1789 5083 1885 5136 pos
1909 5066 2132 5123 Joannis
2155 5067 2428 5138 praepositi
2456 5066 2567 5140 (68)
2593 5065 2659 5118 de
2681 5074 2862 5118 tnonte
2885 5062 3054 5119 sancti
3077 5057 3392 5124 Michaelis,

1788 5156 1854 5211 de
1899 5159 2234 5213 continentia
2289 5156 2698 5226 desperaverat.
2750 5153 2851 5208 llic
2893 5169 2986 5224 per
3016 5161 3207 5205 novem
3235 5147 3391 5204 vices

1791 5245 2016 5300 Romam
2061 5247 2238 5311 adiit,
2290 5262 2319 5298 ει
2353 5245 2516 5302 beato
2561 5243 2769 5298 scilicet
2807 5243 2968 5297 Petro
3011 5234 3400 5306 impunitatem

1788 5335 2030 5400 sceleris,
2068 5337 2222 5400 quasi
2265 5348 2492 5400 prepter
2519 5337 2860 5400 frequentem
2894 5334 2994 5390 loci
3021 5328 3406 5389 visitationem
