3934 5400
522 429 620 485 HI
1541 428 1602 488 Ι.
1644 427 1895 490 OMNIS
1927 426 2218 484 ABBATIS
2258 428 2756 489 CLUNIACENSIS
2795 429 2836 486 ll
3683 425 3781 480 87!

525 561 750 617 sperans
768 545 1089 616 promereri.
1127 544 1383 614 Quamvis
1402 548 1547 604 enim
1560 559 1841 620 peccatum
1856 548 2107 605 deserere
2136 552 2182 609 Α
2211 545 2366 602 verba
2398 546 2676 612 voluminis
2700 586 2717 613 ,
2748 555 2797 600 et
2823 542 3158 616 perterritum
3185 548 3261 596 cst
3286 555 3375 595 cor
3404 546 3557 593 tuum
3575 576 3594 604 ,
3619 547 3667 592 et
3694 554 3781 606 ego

527 636 711 699 nollet.
746 630 923 693 tamen
948 636 1295 693 vehementer
1322 638 1545 695 timebat
1572 658 1585 695 :
1611 641 1867 712 quoniam
1904 638 2005 694 iste
2026 647 2111 693 est
2210 637 2414 703 audivi,
2442 638 2517 692 ait
2549 635 2805 691 Dominus
2832 674 2848 700 ,
2879 633 3075 688 idcirco
3097 629 3341 702 colligam
3371 637 3422 684 te
3443 629 3501 683 in
3530 644 3659 698 pace
3684 626 3731 699 (l
3749 627 3781 679 7

529 745 648 786 mos
681 745 998 802 pravorum,
1026 739 1085 785 ut
1115 730 1243 787 licet
1271 732 1325 787 in
1376 732 1534 804 culpa
1580 732 1934 803 superbiant,
1985 729 2112 786 licet
2212 726 2337 788 Rea.
2373 743 2512 795 χιιι,
2537 725 2745 799 18-20).
2776 724 3020 783 Joachim
3057 737 3186 779 vero
3217 720 3309 793 qui
3346 734 3456 775 non
3477 718 3655 775 solum
3686 732 3788 775 non

529 834 694 889 prava
726 817 872 875 foras
900 820 1159 876 audacter
1185 819 1387 877 faciant
1413 862 1429 890 ,
1467 821 1520 877 in
1551 822 1712 878 corde
1738 830 1917 876 tamen
1951 820 2114 891 trepi-

530 908 660 964 dare
692 920 981 982 coguntur,
1015 921 1075 965 ut
1100 911 1214 982 ipse
1240 912 1403 968 timor
1439 913 1510 970 sit
1538 922 1759 985 apertus
1787 912 1939 971 testis
1969 911 2116 967 dam-

533 1000 787 1057 nationis.
822 1001 976 1059 Unde
1016 1003 1185 1058 Adam
1216 1013 1339 1075 post
1366 1005 1577 1077 culpam
1608 1006 1676 1061 ad
1706 1003 1986 1059 latibulum
2031 1001 2114 1057 fu-

532 1091 702 1162 git,et
721 1093 916 1150 timens
940 1094 1163 1149 multum
1180 1095 1378 1162 timuit,
1393 1098 1519 1166 quia
1542 1097 1652 1153 Deo
1673 1097 1803 1153 dure
1819 1095 2112 1167 respondit.

534 1184 636 1242 llic
668 1201 799 1258 ergo
826 1188 1021 1246 timens
1062 1189 1217 1260 quasi
1247 1190 1520 1263 religionis
1548 1191 1871 1263 obsequium
1905 1189 2118 1245 defere-

535 1275 671 1331 bat:
706 1278 799 1333 sed
829 1288 891 1334 ut
921 1277 1064 1336 Deus
1108 1282 1455 1347 ostenderet,
1507 1283 1651 1352 quod
1687 1280 2114 1337 satisfactionem

534 1367 639 1422 nisi
667 1385 766 1439 pro
795 1370 878 1425 his
926 1372 1164 1441 peccatis
1192 1387 1313 1442 qum
1360 1373 1683 1429 deseruntur
1732 1388 1835 1428 non
1879 1370 2068 1441 recipit
2098 1410 2118 1437 ,

534 1472 658 1511 cum
692 1458 891 1514 rediret
914 1476 1051 1514 nona
1079 1461 1213 1525 vice,
1241 1471 1295 1517 et
1325 1463 1476 1532 quasi
1509 1463 1750 1519 securior
1768 1463 2115 1518 concubitum

537 1540 828 1617 repeteret,
871 1549 944 1604 ita
976 1550 1159 1606 divino
1185 1550 1396 1621 judicio
1424 1553 1590 1609 miser
1622 1552 1827 1609 inleriit
1848 1593 1863 1617 ,
1902 1562 1960 1607 ut
1995 1567 2116 1609 eum

535 1654 722 1694 semen
768 1639 1054 1708 funderet,
1088 1644 1324 1700 animam
1357 1646 1562 1715 pariter
1606 1645 1932 1712 exhalaret,
1978 1646 2125 1703 sicut.

535 1730 723 1811 infelix
773 1733 965 1790 mulier
1015 1736 1310 1807 perhibuit.
1367 1736 1478 1791 Hoc
1527 1752 1744 1810 quoque
1799 1738 1852 1793 iu
1903 1736 2125 1795 Sichcm.

534 1836 849 1892 expressum
880 1833 966 1880 est
997 1866 1012 1891 ,
1044 1826 1135 1896 qui
1168 1827 1418 1883 videlicet
1463 1826 1653 1883 Diuam
1673 1869 1689 1891 ,
1736 1843 1897 1899 quam
1927 1843 2120 1885 eorru-

2216 821 2418 885 timuit,
2447 820 2542 875 sed
2564 819 2731 875 etiam
2755 819 3003 873 volumen
3027 814 3277 873 Jeremia:
3300 810 3640 875 combussit,
3668 809 3790 870 divi-

2215 926 2339 966 nam
2389 911 2746 967 invectionem
2791 909 3130 980 promeruit,
3162 921 3271 977 qua
3323 906 3374 961 ei
3407 903 3622 959 dictum
3652 907 3736 957 est
3774 919 3792 956 ;

2217 1000 2341 1056 Non
2367 1004 2464 1058 erit
2492 1019 2557 1057 ea:
2579 1019 2637 1058 eo
2660 1001 2752 1074 qui
2770 1000 2946 1056 sedeat
2970 1016 3126 1071 super
3143 996 3334 1059 solium
3355 993 3532 1052 David
3546 1033 3568 1061 ,
3589 992 3685 1048 sed
3711 1006 3795 1046 at-

2213 1101 2372 1156 dnver
2404 1098 2517 1168 ejus
2551 1096 2856 1166 proﬁciatur
2879 1094 3014 1164 (ler.
3040 1108 3176 1156 xm,
3196 1090 3312 1160 30).

2288 1188 2524 1246 XXVlll.
2568 1188 2632 1242 Et
2666 1187 2734 1242 de
2764 1186 2867 1241 hoc
2895 1184 3112 1255 quidem
3142 1183 3288 1255 quod
3315 1179 3403 1237 vel
3427 1193 3531 1250 per
3556 1178 3683 1234 hac
3706 1173 3805 1230 tria

2215 1281 2366 1340 vitia,
2396 1278 2487 1333 vel
2505 1293 2601 1348 per
2623 1285 2821 1331 caetera
2842 1290 2971 1346 quae
2985 1286 3305 1331 enumerare
3324 1269 3517 1342 pudet,
3542 1283 3576 1323 a
3592 1265 3809 1323 Christo

2219 1379 2530 1443 apostatare
2554 1367 2829 1429 videntur,
2859 1363 3016 1418 valde
3038 1361 3330 1417 dolendum
3349 1368 3434 1415 est
3462 1376 3478 1413 :
3510 1357 3615 1412 sed
3643 1353 3809 1443 multo

2218 1462 2340 1533 plus
2365 1460 2430 1515 de
2454 1460 2558 1516 hoc
2581 1457 2724 1530 quod
2751 1455 2879 1510 illud
2902 1460 3310 1511 sacrosanctum
3353 1447 3689 1522 mysterium
3711 1442 3803 1498 Do-

2221 1550 2404 1609 minici
2433 1548 2688 1605 videlicet
2719 1545 2966 1618 corporis
2997 1554 3262 1601 temeratae
3286 1547 3659 1612 praesumunt.
3702 1533 3804 1591 Hoc

2220 1644 2367 1699 enim
2396 1638 2719 1697 beneﬁcium
2764 1634 2938 1705 majus
2960 1643 3045 1690 est
3073 1634 3215 1689 inter
3243 1629 3426 1687 omnia
3453 1628 3608 1684 bona
3635 1665 3655 1691 ,
3695 1639 3807 1694 qua

2224 1732 2532 1788 hominibus
2552 1743 2811 1785 concessa
2833 1736 2982 1788 sunt.
3015 1734 3071 1782 et
3097 1724 3201 1780 hoc
3233 1730 3320 1779 est
3346 1718 3497 1792 quod
3529 1719 3683 1774 Deus
3701 1729 3805 1771 ma-

2218 1824 2323 1896 jori
2355 1820 2624 1878 cbaritate
2648 1811 3378 1883 mortalibus.indulsit,quia
3406 1810 3461 1866 in
3487 1809 3599 1864 hoc
3628 1814 3806 1878 myste-

536 1923 711 1982 perat,
740 1915 978 1973 retinere
1005 1916 1219 1983 maluit,
1254 1916 1512 1974 ultionem
1542 1918 1714 1992 stupri
1745 1935 1846 1975 nec
1889 1918 2127 1977 circum:
2156 1923 2201 1984 Β
2229 1915 2308 1970 rio
2335 1913 2483 1969 salus
2502 1910 2687 1967 mundi
2718 1917 2830 1964 tota
2863 1906 3134 1969 consistit.
3172 1904 3241 1960 Et
3264 1912 3416 1960 certe
3438 1901 3574 1956 dum
3597 1900 3811 1971 indiges

538 2004 686 2060 uisus
723 2008 914 2061 evasit.

613 2091 825 2150 XXVII.
853 2095 1020 2153 Forte
1045 2097 1309 2168 qumritnr
1335 2138 1350 2164 ,
1379 2114 1477 2155 cur
1502 2113 1567 2154 ea
1597 2114 1717 2169 qua:
1750 2106 2015 2159 terrorem
2046 2100 2127 2156 inv.

542 2184 776 2253 rutiunt,
804 2187 921 2243 sine
941 2188 1326 2245 consolationis
1368 2190 1551 2246 verbis
1576 2191 1981 2248 continuentur.
2018 2190 2125 2248 Sed

541 2275 609 2331 de
637 2275 724 2332 bis
751 2293 892 2334 nunc
914 2295 1096 2335 sermo
1124 2290 1209 2335 est
1235 2281 1326 2352 qui
1363 2282 1558 2338 divina:
1598 2284 1946 2354 prmceptioni
1993 2284 2128 2340 resi-

540 2378 746 2425 stentes
784 2371 1030 2426 timorem
1064 2373 1276 2429 Domini
1306 2374 1712 2446 dereliquerunt
1756 2394 1770 2431 :
1813 2376 2127 2448 languorem

541 2458 733 2515 animas
771 2458 1094 2527 incurrunt,
1128 2477 1227 2519 nec
1286 2473 1466 2519 tamen
1519 2466 1853 2536 compnneti.
1902 2465 2130 2536 Oportet

541 2552 687 2607 enim
713 2561 772 2609 ut
796 2552 849 2609 in
886 2554 966 2610 eis
997 2556 1225 2625 putredo
1262 2557 1499 2613 vulneris
1528 2559 1678 2630 prius
1726 2558 1936 2616 timoris
1983 2559 2128 2616 ferro

539 2653 774 2708 secetur.
809 2660 878 2701 ne
913 2644 1119 2717 jugiter
1146 2646 1416 2705 defluente
1445 2649 1595 2705 sanie
1628 2651 1835 2720 peccati
1884 2651 2130 2707 suavitas

541 2736 803 2806 unguenti
835 2733 1131 2804 rejiriatur.
1160 2735 1365 2793 Omnes
1390 2738 1535 2792 enim
1571 2738 1868 2810 Scriptum:
1899 2741 2129 2795 commio

544 2823 794 2881 nationes
837 2835 1031 2882 contra
1093 2838 1407 2897 peccatores
1453 2826 1807 2896 iaculantur,
1863 2828 1957 2887 sed
2022 2845 2130 2900 quo

544 2929 718 2985 usque
769 2918 1114 2988 resipiscam.
1163 2919 1232 2975 Et
1287 2930 1507 2975 econtra
1571 2908 1835 2977 universa:
1885 2921 2127 2993 ejusdem

546 3005 841 3077 Scriptura:
878 3010 1295 3073 consolationes,
1332 3027 1395 3066 ex
1424 3027 1487 3066 ea
1525 3012 1663 3076 hora
1680 3028 1783 3083 qua
1811 3011 1949 3071 forte
1991 3012 2129 3068 resi-a

546 3102 766 3174 puerint
799 3140 814 3164 ,
860 3102 943 3157 eis
984 3102 1353 3157 blandiuntur.
1392 3102 1621 3159 Ferrum
1651 3119 1885 3175 namque
1913 3144 1939 3170 ι
1984 3114 2043 3160 ιιι
2076 3105 2130 3168 in

546 3188 771 3258 epistula
794 3189 1016 3246 Joannis
1044 3193 1378 3263 Augustinus
1411 3193 1519 3257 ait,
1548 3193 1758 3247 corium
1789 3194 2091 3249 transforat
2112 3233 2131 3260 ,

2229 2016 2518 2075 tractatur,
2540 2020 2640 2077 per
2668 2006 2772 2060 hoc
2795 2001 3032 2066 maxime
3061 1998 3247 2054 divina
3267 1995 3519 2068 quotidie
3561 1992 3808 2062 maiestas

2229 2099 2540 2169 iujuriatur.
2564 2096 2643 2151 De
2671 2095 2775 2151 hoc
2793 2089 3241 2163 ergodolendum
3266 2096 3370 2151 est,
3399 2086 3471 2140 de
3508 2084 3624 2141 hoc
3641 2081 3809 2137 omni-

2229 2189 2403 2244 modis
2427 2184 2907 2259 iugemiscendum,
2922 2177 3351 2247 utzsiemendare
3374 2191 3482 2231 non
3507 2186 3813 2245 possumus,

2227 2280 2312 2335 vel
2341 2276 2553 2333 dolendi
2581 2273 2847 2330 allectum.
2863 2271 3018 2331 nobis
3062 2269 3239 2327 inesse
3287 2262 3650 2321 reclamando
3674 2276 3810 2316 mea:

2229 2380 2463 2427 stremus
2493 2382 2562 2423 ne
2592 2367 2731 2422 forte
2760 2380 2880 2429 vox“
2920 2362 3123 2419 Christi
3154 2375 3256 2416 nos
3294 2364 3494 2428 arguat
3517 2395 3539 2423 ,
3588 2354 3811 2410 dicens:

2231 2459 2476 2516 Sustinui
2520 2459 2609 2529 qui
2639 2454 2796 2511 semel
2821 2453 3221 2511 contristantur
3242 2488 3262 2514 ,
3292 2457 3341 2502 et
3369 2462 3476 2502 non
3512 2445 3622 2514 [ait
3649 2441 3812 2513 (Psal.

2229 2570 2437 2619 vam,
2466 2554 2583 2624 2t).
2639 2548 2795 2619 Quod
2845 2547 3078 2618 denique
3127 2541 3453 2616 mysterium
3508 2534 3818 2610 primordiis

2228 2646 2485 2703 Ecclesia:
2528 2659 2633 2699 non
2664 2652 2771 2697 tam
2802 2638 3117 2710 frequenter
3140 2643 3368 2695 manune
3394 2629 3815 2686 celebrabatur:

2229 2746 2409 2792 tamen
2432 2744 2635 2806 quanto
2652 2730 2847 2795 rarius,
2861 2738 3012 2784 tanto
3032 2722 3335 2796 religiosius
3355 2718 3644 2792 agebatur.
3674 2713 3823 2771 Tum.

2228 2845 2359 2899 pore
2381 2841 2614 2896 namque
2644 2824 2885 2894 priorum
2909 2827 3135 2892 patrum
3161 2816 3269 2872 illis
3296 2811 3739 2899 iniungebatnr,
3770 2810 3820 2857 ut

2232 2898 2453 2978 Eusebii
2487 2915 2654 2972 refert
2681 2912 2931 2976 historia,
2963 2905 3304 2969 sacrificandi
3327 2901 3591 2961 ofﬁcium.
3621 2898 3723 2969 qui
3744 2910 3818 2950 ns-

2232 3010 2393 3067 turali
2415 3006 2763 3079 simplicitate
2787 2999 3266 3074 fulgebant,juxta
3295 2994 3429 3053 illud
3475 3011 3489 3048 :
3535 2991 3684 3046 Cum
3709 2989 3819 3044 siut-

2228 3102 2449 3175 plicibus
2474 3095 2839 3178 sermocinatio
2871 3094 2967 3148 Dei
2990 3089 3173 3163 (Prov.
3191 3105 3275 3154 tu,
3298 3086 3411 3178 32).
3440 3083 3602 3178 Quod

2234 3173 2375 3247 rium
2400 3190 2491 3260 qui
2522 3173 2852 3260 participare
2880 3182 3183 3247 debebant,
3208 3175 3563 3234 discalceatis
3594 3173 3819 3243 pedibus

548 3289 610 3338 ut
640 3280 808 3336 linum
838 3281 1041 3338 intrare
1072 3284 1258 3353 possit.
1290 3283 1354 3338 Et
1395 3284 1471 3338 ita
1495 3298 1719 3339 necesse
1746 3293 1830 3339 est
1858 3294 1917 3339 nt
1970 3285 2132 3341 timor
2160 3275 2206 3336 C
2239 3281 2605 3347 accedebant;
2636 3286 2858 3349 prepter
2889 3274 3023 3330 iilud
3045 3271 3190 3343 quod
3219 3267 3391 3340 Moysi
3417 3274 3475 3322 et
3499 3263 3679 3329 Josue
3705 3275 3824 3332 pra

548 3360 787 3441 mentem
830 3374 1141 3446 transfigat,
1174 3373 1329 3443 juxta
1367 3374 1496 3430 illud
1529 3392 1543 3429 :
1576 3373 1791 3445 Conﬁge
1818 3376 2004 3430 timore
2044 3386 2143 3444 tuo

553 3478 737 3518 carnes
767 3479 910 3518 meas
937 3462 1113 3535 (Paul.
1145 3480 1336 3531 cxvtu,
1368 3465 1493 3535 120)
1519 3507 1534 3531 ,
1570 3476 1838 3537 quatenus
1877 3464 2018 3522 facto
2058 3465 2137 3521 [ο-

552 3555 784 3619 ramine,
812 3555 966 3624 quasi
990 3571 1085 3625 per
1117 3555 1320 3611 ferrum
1343 3558 1605 3623 charitas,
1636 3541 1757 3630 quae
1779 3573 2145 3629 permansura

554 3655 661 3710 est,
696 3648 973 3701 succedat.
1005 3647 1178 3703 Porro
1200 3646 1317 3703 mos
1347 3664 1637 3720 pravorum
1659 3661 1762 3717 est,
1794 3660 1851 3704 ut
1878 3651 2014 3706 nihil
2042 3666 2139 3705 au-

557 3737 676 3792 dire
705 3736 888 3804 velint,
924 3754 1022 3809 per
1064 3739 1208 3808 quod
1248 3754 1439 3795 eorum
1470 3748 1681 3796 terrena
1713 3740 1896 3796 laetitia
1927 3750 2142 3811 pertur—

442 3854 452 3862 ~
555 3828 739 3894 betur,
761 3830 854 3885 sed
895 3829 1011 3884 illos
1034 3829 1265 3886 libenter
1294 3832 1601 3886 auscultant
1635 3832 1726 3902 qui
1759 3831 2025 3902 placentia
2059 3830 2140 3886 lo-

556 3924 817 3988 quuntur.
855 3917 931 3972 De
971 3920 1167 3990 quibus
1200 3918 1493 3988 Apostolus
1526 3937 1540 3972 :
1574 3917 1967 3974 Coucervabunt
1998 3959 2013 3983 ,
2064 3919 2144 3974 inv

557 4010 676 4080 quit
701 4050 718 4075 ,
767 4011 1047 4081 magistros
1078 4011 1369 4081 prurientes
1400 4011 1619 4066 auribus
1656 4010 1743 4081 (II
1790 4010 1927 4065 Tim.
1954 4027 2030 4073 tv.
2061 4010 2140 4083 3).

559 4096 628 4153 Et
651 4098 910 4170 propheta
940 4115 1008 4155 ex
1033 4115 1222 4155 eorum
1252 4116 1382 4156 voce
1409 4118 1422 4155 :
1453 4099 1750 4174 Loquimini
1770 4099 1915 4155 nobis
1941 4099 2147 4171 placen-

563 4188 639 4241 tia
664 4186 797 4258 (lsa.
834 4205 965 4255 xxx,
1000 4190 1110 4260 l0).
1170 4189 1277 4246 Sed
1304 4190 1534 4250 Domino
1557 4200 1613 4246 et
1643 4191 1939 4263 magistris,
1970 4200 2026 4248 et
2052 4207 2149 4247 au-

564 4274 828 4332 ditoribus
855 4278 1177 4333 terribiliter
1206 4279 1571 4338 comminatur
1600 4321 1619 4345 ,
1667 4281 1856 4338 dicens
1881 4297 1978 4352 per
2017 4298 2147 4351 pro-

564 4366 784 4441 phetam
811 4385 826 4422 :
855 4368 922 4423 Et
952 4371 1040 4439 qui
1055 4370 1376 4440 beatiﬁcant,
1401 4383 1447 4426 et
1469 4373 1557 4444 qui
1578 4373 1967 4445 beatiﬁcantur,
1998 4384 2149 4431 erant

564 4458 882 4528 prwcipitati
913 4457 1071 4531 (Isai.
1107 4475 1183 4527 ix,
1219 4460 1341 4532 i6);
1369 4461 1714 4532 diligentibus
1754 4463 1950 4534 quippe
1979 4463 2152 4535 legem

569 4563 675 4623 pax
728 4548 899 4605 multa
925 4590 943 4615 ,
972 4559 1030 4606 et
1067 4559 1290 4607 econtra
1323 4568 1429 4607 non
1476 4563 1562 4608 est
1603 4568 1707 4624 pax
1753 4553 1935 4624 impiis
1964 4594 1982 4620 ,
2021 4553 2153 4615 dicit

568 4621 850 4702 Dominus.
888 4640 1143 4714 Quisquis
1171 4658 1301 4716 ergo
1347 4621 1860 4703 comminationibus
1908 4642 2154 4717 Scriptut
2184 4621 2231 4681 Ῐ)

572 4748 781 4801 rarum,
812 4744 977 4791 etiam
1009 4735 1191 4793 auditu
1226 4752 1332 4791 non
1367 4737 1483 4793 vult
1512 4739 1704 4797 terreri
1732 4778 1747 4805 ,
1779 4736 2155 4810 quantomagis

572 4827 733 4885 debet
758 4830 1070 4886 earumdem
1106 4833 1588 4889 comminationum
1620 4833 2015 4905 experientiam
2039 4831 2154 4887 for-

573 4921 821 4980 nudare?
866 4922 1125 4993 Quisquis
1153 4934 1335 4979 autem
1367 4923 1479 4981 vult
1514 4939 1737 4980 securus
1768 4939 1890 4979 esse
1913 4964 1928 4989 ,
1974 4922 2159 4978 audiat

576 5021 887 5073 monentem
918 5014 1205 5070 Dominum
1235 5033 1250 5070 :
1280 5015 1486 5071 Direrte
1516 5033 1548 5070 a
1577 5014 1740 5083 malo,
1770 5026 1818 5069 et
1845 5016 1931 5088 [ac
1968 5014 2158 5070 bonum

578 5104 752 5177 (Psal.
801 5124 996 5175 xxxttt,
1028 5109 1141 5181 15),
1167 5116 1229 5166 ιιι
1266 5109 1358 5164 liat
1383 5109 1509 5164 illud
1537 5124 1552 5164 :
1587 5109 1691 5176 Qui
1722 5117 1897 5164 autem
1937 5124 2016 5162 me
2066 5122 2164 5160 au-

579 5199 733 5257 dierit
775 5201 984 5271 absque
1009 5210 1207 5259 terrore
1235 5201 1458 5270 quiescet
1488 5198 1671 5267 (Prov.
1706 5214 1757 5264 ι,
1784 5197 1896 5268 33).
1926 5198 2161 5252 Econtra

579 5298 678 5358 per
693 5286 884 5341 Isaiam
918 5305 931 5345 :
963 5286 1117 5354 Quod
1142 5286 1188 5339 si
1219 5302 1323 5338 non
1352 5285 1626 5340 audieritis
1650 5301 1754 5352 me,
1782 5285 1992 5357 gladius
2019 5300 2164 5339 meus

588 5376 847 5400 1-..---L21
898 5394 982 5400 μ--
1030 5375 1142 5400 ΙΙ-..
1192 5393 1206 5400 -
1301 5375 1393 5400 ςιηι
1467 5375 1607 5400 Ωιι-..Α
1661 5391 1815 5400 -...-...
1854 5384 2060 5400 _....I.-...
2094 5375 2136 5400 ..2

1301 5375 1393 5400 ﬁt“
1467 5373 1607 5400 an..-
1661 5391 1726 5400 -.η

1733 5391 1815 5400 -..Α
1854 5384 2060 5400 ---1.-..α

2239 3385 2453 3445 ceptum
2485 3381 2590 3428 est.
2632 3369 2865 3427 Sanctus
2889 3378 3104 3436 quoque
3146 3358 3472 3419 Pachumius
3516 3356 3815 3427 pistoribus

2239 3466 2511 3537 prmcepit,
2561 3470 2623 3517 ut
2666 3474 2790 3517 cum
2833 3457 3135 3513 oblationes
3165 3457 3499 3524 coquerent,
3552 3446 3812 3502 salutaris

2241 3557 2673 3620 meditarentur,
2703 3550 2838 3608 nihil
2860 3564 2996 3604 vane
3037 3546 3340 3618 loquentes.
3388 3541 3526 3598 Cum
3554 3554 3692 3611 ergo
3735 3539 3819 3595 hoc

2241 3647 2296 3709 in
2326 3644 2655 3702 monasterio
2685 3641 3041 3697 Tabennense
3067 3636 3306 3709 quadam
3335 3632 3456 3688 vice
3482 3629 3812 3695 violaretur,

2241 3737 2425 3793 statim
2456 3735 2751 3791 Pachomio
2779 3732 3040 3790 divinitus
3064 3727 3367 3786 revelatum
3391 3733 3477 3780 est
3504 3764 3521 3790 ,
3565 3721 3669 3793 qui
3711 3734 3820 3792 pm,

2244 3827 2392 3891 tinus
2439 3827 2785 3883 Theodorum
2830 3824 3054 3879 mittens
3084 3815 3472 3891 negligentiam
3515 3828 3666 3869 nanc
3691 3809 3820 3867 velut

2244 3920 2412 3978 divini
2443 3916 2699 3991 praecepti
2744 3911 3235 3986 transgressionem
3274 3903 3559 3963 emendari
3586 3902 3740 3960 fecit.
3764 3899 3823 3956 Δι

2247 4026 2391 4068 nunc
2410 4009 2566 4064 valde
2589 4007 2829 4079 quidem,
2863 4004 3020 4059 valde
3045 4000 3408 4072 frequentius,
3438 3997 3539 4054 sed
3560 3995 3708 4067 quod
3749 3992 3822 4048 ιιία

2248 4103 2352 4161 mis
2382 4097 2676 4162 dolendum
2707 4106 2811 4162 est,
2838 4092 3200 4164 negligentius
3231 4090 3639 4160 frequentatur.
3666 4084 3822 4153 Quam

2249 4197 2459 4254 scilicet
2484 4190 2866 4263 negligentiam
2895 4197 2951 4242 et
2986 4188 3102 4257 ipsa
3138 4182 3389 4239 ecclesiae
3417 4179 3613 4244 facies,
3634 4184 3690 4233 et
3717 4176 3820 4245 ipsa

2255 4304 2383 4345 vasa
2414 4284 2627 4350 altaris,
2650 4282 2743 4338 sed
2770 4290 2828 4337 et
2848 4277 3187 4344 linteamina,
3216 4289 3311 4331 seu
3335 4271 3601 4344 quaelibet
3617 4276 3824 4329 atem.

2256 4395 2378 4450 qua:
2403 4378 2471 4433 ad
2515 4388 2673 4431 usum
2710 4369 3006 4429 Dominicze
3038 4364 3314 4424 servitutis
3341 4362 3643 4450 pertinent,

2253 4443 2391 4527 feste
2417 4469 2809 4524 demonstrant.
2841 4456 2959 4516 Non
2985 4470 3213 4514 necesse
3235 4463 3324 4511 est
3348 4450 3566 4524 singula
3602 4443 3822 4519 singula-

2258 4564 2352 4619 tim
2384 4559 2613 4631 prodere
2643 4554 2822 4617 :‘szttis
2855 4559 3002 4624 patet
3029 4560 3153 4621 qua:
3192 4542 3494 4631 studiosius
3528 4537 3821 4631 sacerdote!

2256 4628 2439 4709 colunt
2473 4663 2595 4720 qua:
2622 4661 2719 4704 sua
2749 4652 2877 4701 sunt
2899 4682 2920 4710 ι
2947 4656 3017 4697 an
3058 4654 3180 4714 quae
3203 4634 3412 4721 altaris.
3441 4630 3556 4689 Sed
3585 4628 3817 4685 nimirum

2258 4760 2382 4802 cum
2406 4742 2648 4799 cbaritas
2672 4753 2794 4811 quae
2833 4746 2918 4792 est
2951 4730 3222 4805 plenitudo
3276 4726 3413 4798 legis
3458 4724 3680 4796 penitus
3722 4727 3818 4775 tota

2254 4837 2368 4907 jam
2405 4831 2733 4903 refrigescit,
2765 4826 3041 4901 quomodo
3072 4826 3129 4880 in
3162 4818 3528 4899 sacriﬁcando
3562 4812 3821 4912 continua-

2265 4904 2338 4984 tio
2368 4935 2518 4982 tanta
2553 4931 2903 4996 perseverat,
2936 4918 3041 4975 nisi
3065 4916 3192 4988 quia
3248 4911 3528 4984 malignus
3550 4904 3742 4975 gliostis
3780 4904 3824 4953 in

2264 5020 2367 5075 hoc
2408 5014 2846 5074 sacrificantibus
2890 5008 3251 5072 contradicit,
3294 5005 3349 5061 in
3385 5019 3501 5076 quo

2265 5107 2482 5181 gravari
2514 5102 2704 5161 novit?
2740 5100 2928 5171 Neque
2955 5099 3100 5155 enim
3146 5095 3339 5152 ludam
3385 5092 3565 5148 vetuit
3597 5086 3823 5181 Euclnri'

2265 5178 2426 5252 stiam
2456 5208 2689 5251 sumere.
2722 5190 2899 5247 Scivit
2925 5189 3072 5245 enim
3097 5185 3223 5257 quia
3271 5184 3418 5240 sicut
3450 5199 3483 5237 a
3518 5178 3723 5237 devotis
3744 5182 3825 5241 per

2266 5288 2407 5344 illius
2444 5283 2689 5358 mysterii
2717 5280 3118 5355 perceptionem
3144 5276 3263 5347 ejus
3288 5274 3445 5330 fraus
3464 5270 3822 5343 compescitur.

3635 5377 3679 5400 ιε
3703 5372 3825 5400 σηι-

2570 5376 2654 5400 -..2
2686 5390 2800 5400 -.ι-ε..
2848 5371 3050 5400 ζηρτΙΞι-ηζ
3082 5366 3380 5400 λιιι-ηἶηῖηηί
3426 5364 3632 5400 Ιῖροηιῖι
