3934 5400
85 433 195 489 ιη
1067 425 1556 487 εοιιλτιοκωί
1593 425 1700 482 LIB

1813 426 2010 484 TRES.
2073 461 2119 470 —
2157 430 2284 488 LIB.
2325 427 2382 492 η,
3265 422 3370 480 ττι

83 545 416 606 sacerdotes
441 542 674 616 panem,
706 543 758 600 id
800 551 888 602 est
907 557 1103 613 corpus
1132 542 1334 598 Christi
1361 583 1376 608 ,
1406 551 1464 597 ut
1495 541 1688 600 Hiero-
1716 545 1766 603 A
1783 543 2052 613 judicant,
2091 560 2139 602 ει
2188 555 2243 605 in
2282 553 2514 607 ηιεηεάυ
2548 553 2754 618 donni,
2811 560 2858 606 οε
2889 551 2953 604 ξη.
2987 548 3210 619 pecunia
3237 547 3374 602 ἀίω..

90 651 302 716 nymus
329 634 573 707 exponit,
601 633 696 706 qui
727 633 932 706 indigni
955 631 1218 690 accedunt
1240 631 1306 686 ad
1329 630 1520 687 altare.
1547 629 1692 685 Meu-
1795 648 1920 691 nant
1953 639 2139 710 (Mica.
2199 658 2280 709 Ill,
2334 644 2442 716 tl).
2494 644 2560 698 Et
2617 643 2950 698 Malachias:
2988 640 3109 694 Non
3155 641 3372 695 servatis

91 743 220 784 sam
243 742 376 785 vero
402 727 709 797 despectam
743 725 872 782 licet
897 724 1081 780 verbis
1109 738 1218 778 non
1252 723 1436 778 dicant
1465 762 1486 787 ,
1512 731 1690 776 tamen

1810 732 1904 784 tias
1923 748 2062 785 meas
2090 743 2138 787 et
2155 735 2387 806 accipitis
2413 736 2599 805 [aciem
2631 733 2853 807 (Malae.
2887 750 2948 799 tt,
2973 733 3026 799 9)
3050 749 3064 795 ;
3092 734 3182 802 qui
3209 730 3372 785 multa

93 835 228 876 cum
262 818 592 874 exteriorem
634 817 685 873 ei
734 815 939 874 cultum
969 830 1077 870 non
1118 822 1340 878 ornant.
1369 828 1486 868 eam
1529 813 1691 867 etiam
1786 820 1900 890 jam
1927 834 2115 879 contra
2160 827 2472 883 sacerdotes
2523 828 2753 882 dixerat.
2784 826 2893 880 Sed
2916 836 2973 880 ut
3013 824 3378 895 Hieronymus

93 913 261 969 laicis
270 909 690 982 despectabilem
705 909 910 966 faciunt
921 907 1177 979 quoniam
1190 906 1489 962 carnalium
1503 922 1695 962 sensus

1810 916 2032 984 :xponit,
2064 916 2266 971 idcirco
2289 917 2356 972 de
2381 918 2694 989 acceptione
2725 933 2967 989 persome
3010 917 3228 986 ponitur
3253 916 3377 970 ulti-

94 1003 298 1058 deesse
311 1009 505 1072 putant
516 999 932 1056 sanctimoniam
947 999 1144 1052 divinae
1158 997 1392 1060 virtutis,
1407 996 1494 1051 ubi
1507 997 1695 1052 deesse

95 1092 560 1148 videntornatum
573 1090 906 1146 ambitionis.
924 1087 1077 1145 Unde
1094 1097 1148 1144 et
1171 1087 1420 1158 congruit
1444 1087 1525 1142 eis
1548 1085 1694 1155 quod

99 1185 238 1239 item
277 1183 482 1241 dicitur
515 1197 530 1236 :
571 1179 672 1237 Yos
699 1180 953 1236 recessitis
979 1180 1043 1233 de
1065 1180 1146 1234 via
1169 1219 1184 1244 ,
1209 1188 1256 1232 et
1298 1176 1697 1232 scandalisastis

98 1275 366 1344 plurimos
395 1287 415 1325 :
436 1281 648 1344 propter
669 1271 815 1342 quod
837 1280 886 1325 et
937 1287 1032 1340 ego
1063 1269 1184 1326 dedi
1222 1285 1307 1326 vos
1335 1267 1694 1337 contemptibi-

99 1365 180 1419 les
202 1381 319 1418 esse
344 1363 568 1434 (Malae.
591 1379 653 1429 ιι,
680 1362 757 1434 8);
792 1361 1036 1432 Denique
1073 1361 1216 1430 quod
1257 1359 1372 1412 loca
1397 1368 1583 1413 sancta
1615 1357 1700 1412 vel

100 1454 344 1510 ministri
374 1453 626 1509 Ecclesiae
657 1468 802 1507 nunc
829 1451 883 1507 in
929 1459 1240 1518 contemptu
1274 1457 1420 1511 sunt,
1466 1449 1699 1502 maxime

101 1546 353 1617 ipsorqu
384 1546 757 1603 ministrorum
781 1543 938 1612 culpa
960 1552 1065 1598 est.
1083 1542 1234 1609 Quod
1251 1556 1317 1595 ex
1343 1540 1428 1595 bis
1452 1549 1697 1610 apparet,

102 1639 375 1708 quoniam
397 1638 498 1710 ipsi
528 1637 652 1692 laici
682 1635 775 1708 qui
804 1650 899 1690 eos
933 1632 1262 1702 despiciunt,
1299 1629 1343 1685 si
1372 1644 1531 1700 quem
1563 1627 1701 1683 forte

1796 1007 2104 1076 mum.quia
2131 1009 2306 1076 majus
2325 1019 2406 1064 est
2433 1018 2732 1078 peccatum.
2757 1008 2909 1063 Unde
2922 1007 3205 1062 l’sahnista
3233 1025 3243 1060 :
3271 1004 3380 1060 Car

1797 1095 1958 1164 facies
1997 1108 2329 1166 peccatorum
2386 1100 2590 1153 sumitis
2635 1095 2809 1170 (Prol.
2867 1097 3172 1163 LXXXI,2)?
3200 1096 3264 1150 Et
3290 1095 3380 1150 Ja-

1797 1185 1899 1240 cob
1933 1186 2036 1241 hoc
2090 1186 2300 1256 plenius
2330 1197 2607 1258 peccatum
2655 1187 2854 1256 arguit,
2886 1187 3026 1255 quod
3058 1185 3148 1255 qui
3192 1183 3384 1238 fecerit

1798 1277 1980 1330 audiat
2006 1278 2134 1348 quid
2165 1279 2304 1333 Deus
2330 1296 2425 1349 per
2442 1279 2756 1335 Malacltiam
2783 1278 2976 1332 talibus
2999 1277 3378 1330 committetur.

1798 1367 1888 1422 Ait
1909 1369 2053 1422 enim
2099 1369 2333 1423 :Nonne
2383 1370 2508 1424 mihi
2560 1369 2799 1424 voluntas
2826 1369 2880 1421 in
2925 1367 3088 1431 vobis,
3128 1375 3182 1419 et
3223 1380 3383 1418 manu

1802 1475 1904 1512 non
1929 1460 2209 1529 suscipiam
2232 1461 2298 1514 de
2335 1477 2494 1514 manu
2535 1470 2726 1520 vestra.
2757 1459 2847 1512 sed
2895 1459 3174 1528 projiciam
3205 1472 3312 1517 vos,
3336 1461 3388 1508 et

1800 1550 2097 1618 disperdam
2149 1551 2454 1621 magistrum
2507 1561 2553 1606 et
2604 1549 2939 1620 discipulum,
2988 1559 3035 1602 et
3076 1547 3391 1601 maledicam

1802 1639 2244 1696 benedictionibus
2294 1643 2520 1699 vestris?
2552 1641 2772 1712 (Malae.
2824 1639 3003 1707 1,10.)
3059 1637 3211 1705 Quod
3263 1645 3389 1690 tunc

103 1729 414 1801 repererint
455 1743 617 1800 quem
647 1727 960 1799 religiosum
988 1723 1234 1785 credant,
1275 1736 1385 1775 non.
1411 1718 1703 1773 mediocri-

1810 1728 1886 1792 ﬁt,
1915 1740 2036 1782 cum
2068 1729 2322 1784 sacerdos
2365 1746 2460 1800 pro
2489 1730 2578 1784 tali
2612 1728 3013 1800 praesumpserit
3039 1725 3254 1792 oll'crre,
3294 1724 3389 1794 qui

104 1828 193 1876 ter
219 1819 482 1874 venerari
547 1816 744 1873 solent.
777 1815 879 1883 Qui
911 1815 1053 1870 enim
1088 1813 1154 1867 ad
1186 1811 1356 1865 altare
1393 1807 1702 1864 sacriﬁcare

1806 1833 2031 1886 peccare
2066 1835 2170 1874 non
2216 1830 2414 1875 cessat.
2466 1821 2616 1888 Quod
2658 1821 2739 1875 sic
2803 1820 3156 1890 llieronynms
3207 1817 3258 1871 in
3289 1817 3393 1872 hoc

106 1909 226 1966 Deo
255 1909 466 1975 volunt,
501 1909 604 1981 ipsi
641 1909 798 1982 prius
822 1922 919 1976 per
947 1902 1420 1961 mortificationem
1447 1899 1698 1953 vitiorum

1810 1909 1924 1965 loco
1949 1909 2104 1976 dicit,
2134 1911 2236 1967 hoc
2273 1912 2448 1966 solum
2474 1926 2598 1968 esse
2646 1913 2939 1968 remedium
2971 1909 3238 1981 peccatori
3281 1923 3390 1963 non

107 2001 208 2060 Dei
243 2000 572 2065 sacriﬁcium
601 2015 723 2055 esse
747 1998 982 2056 debent:
1011 1993 1248 2063 alioquin
1271 1991 1442 2062 magis
1470 1999 1698 2046 leniera-

104 2094 200 2159 rii,
251 2107 421 2165 quam
481 2091 715 2148 cultores
759 2089 1002 2160 ejusdem
1055 2084 1297 2158 mysterii
1349 2083 1701 2153 deputantur.

104 2185 266 2254 Quod
314 2200 417 2256 per
447 2183 743 2239 Jeremiam
785 2181 1118 2245 ostenditur,
1159 2193 1256 2248 per
1290 2192 1450 2247 quem
1503 2173 1700 2229 talibus

103 2277 406 2346 exprobrat
457 2274 601 2331 Deus
642 2273 872 2329 dicens:
908 2271 1354 2326 Il'olocotaumata
1404 2278 1574 2322 vestra
1605 2266 1700 2318 ad-

106 2367 217 2421 dite
238 2365 458 2422 victimis
485 2365 686 2429 uestris,
712 2373 760 2417 et
803 2361 1056 2417 comedite
1083 2375 1266 2414 carnes
1298 2357 1436 2428 (Jer.
1463 2371 1560 2420 vn,
1580 2355 1698 2424 2|).

106 2459 327 2521 Vestra,
363 2456 558 2527 inquit,
594 2471 701 2510 non
731 2469 872 2519 mea,
905 2453 1032 2524 quia
1055 2467 1161 2507 non
1187 2466 1306 2506 sum
1339 2450 1550 2504 locutus
1576 2463 1701 2503 cum

103 2547 359 2619 patribus
389 2546 614 2612 vestris,
647 2553 704 2600 et
741 2560 846 2598 non
900 2543 1129 2614 μιαίνει)ρὶ
1161 2542 1242 2596 eis
1268 2540 1334 2595 de
1361 2539 1528 2594 verbo
1550 2536 1701 2592 holo-

107 2646 482 2697 cautomatum
525 2645 582 2693 et
653 2636 1016 2702 victimarum,
1063 2633 1158 2688 sed
1207 2634 1309 2687 hoc
1362 2629 1591 2700 prteeepi
1621 2628 1703 2682 eis

107 2729 338 2786 dicens:
362 2729 552 2783 Audite
576 2745 748 2784 vocem
777 2743 966 2792 meam,
990 2736 1035 2779 et
1067 2723 1332 2778 ambulate
1373 2724 1426 2776 in
1450 2723 1530 2776 ria
1560 2721 1701 2774 omni

103 2837 271 2891 quam
314 2821 561 2875 mandavi
609 2819 749 2878 vobis
795 2817 930 2889 (Jer.
966 2832 1058 2872 vn.
1098 2816 1214 2884 25).
1238 2814 1301 2869 Et
1325 2813 1490 2868 Isaias
1515 2829 1538 2865 :~
1573 2810 1702 2876 Quis

104 2912 347 2981 quaesivit
381 2911 493 2966 lucc
537 2911 602 2966 de
639 2910 880 2964 manibus
921 2908 1122 2968 vestris,
1151 2922 1213 2958 ne
1237 2903 1474 2973 alferatis
1500 2901 1704 2969 sacri/i-

105 3005 251 3058 cium
299 3003 498 3072 frustra
534 3001 669 3072 (lsa.
720 3000 912 3070 1,12)?
959 2999 1024 3051 Et
1082 2994 1276 3050 deinde
1327 3013 1340 3048 :
1402 2992 1702 3054 Lavamini.

107 3093 298 3158 Quadi
337 3102 498 3148 estote
525 3091 665 3162 (Isa.
699 3107 742 3156 ι,
777 3089 886 3160 l6).
921 3088 987 3142 Et
1021 3095 1239 3142 czetera.
1277 3084 1486 3153 Qu'dius
1521 3082 1705 3138 verbis

107 3182 440 3248 ostenditur,
478 3181 624 3252 quod
696 3180 786 3245 ille
825 3181 892 3234 ad
923 3177 1004 3233 sui
1059 3175 1356 3247 perniciem
1407 3174 1702 3238 sacriﬁcat,

1799 1997 1981 2054 facere
2023 2015 2142 2070 quae
2191 1999 2337 2056 fecit.
2391 2001 2534 2058 llinc
2585 2003 2845 2072 scriptum
2902 1999 3392 2068 est:Sacriﬁcium

1798 2090 2034 2145 salutare
2072 2093 2339 2147 attendere
2385 2093 2674 2158 mandatis,
2720 2103 2768 2148 et
2813 2091 3078 2146 discedere
3131 2090 3195 2144 ab
3247 2088 3390 2143 omni

1805 2181 2088 2251 iniquitate
2121 2181 2312 2252 (Eccli.
2337 2199 2499 2247 xxxv,
2522 2182 2600 2254 Ξ),
2628 2191 2685 2238 et
2709 2181 3020 2252 deprecatio
3041 2195 3137 2252 pro
3159 2177 3398 2249 peccatis

1801 2273 2055 2326 recedere
2085 2273 2154 2326 ab
2190 2271 2474 2340 injustitia.
2509 2273 2572 2330 Et
2602 2289 2768 2342 supra
2795 2291 2808 2326 :
2838 2273 2941 2338 Qui
2968 2281 3239 2326 conservat
3269 2286 3388 2325 cer-

1800 2361 1944 2422 bum.
1965 2359 2273 2431 multiplicat
2297 2363 2582 2416 arationem
2613 2359 2804 2432 (Eccli.
2852 2377 2996 2418 xxxv
3019 2404 3034 2425 ,
3070 2362 3142 2430 l).
3192 2360 3396 2415 Contra

1802 2451 2041 2507 fautores
2069 2467 2200 2507 vero
2226 2453 2644 2507 criminosorum
2676 2452 2939 2523 pr0pheta
2980 2451 3110 2504 dicit
3137 2468 3149 2503 :
3196 2447 3284 2504 Va:
3303 2447 3396 2520 qui

1801 2551 2057 2596 consuunt
2087 2540 2328 2612 pulvillos
2357 2544 2450 2595 sub
2479 2541 2620 2594 omni
2661 2541 2838 2595 cubitu
2864 2539 3079 2611 (Ezeclt.
3107 2554 3205 2593 xm
3231 2579 3246 2604 ,
3277 2538 3391 2608 18).

1804 2633 1954 2701 Quod
1982 2634 2068 2688 ille
2105 2633 2252 2698 facit,
2278 2634 2367 2704 qui
2398 2633 2556 2686 alicui
2585 2633 2652 2687 ad
2689 2631 2870 2687 mundi
2905 2645 3146 2686 amorem
3172 2669 3186 2693 ,
3234 2626 3403 2700 quasi

1804 2728 1869 2782 ad
1887 2730 2082 2783 lectum
2097 2728 2404 2790 declinanti,
2420 2725 2778 2798 correptionis
2801 2724 3059 2779 duritiam
3077 2722 3388 2788 subtrahit;

1803 2828 1860 2873 et
1885 2829 1940 2873 ut
1979 2819 2029 2872 in
2057 2834 2245 2873 errore
2277 2818 2512 2872 molliter
2531 2818 2713 2887 jaceat
2742 2814 2889 2870 nulla
2911 2815 3055 2870 hunc
3086 2811 3398 2884 asperitatis

1811 2911 2244 2965 contradictione
2272 2909 2476 2978 pulsat.
2505 2909 2611 2965 Sed
2639 2909 2754 2964 haec
2777 2915 3036 2972 rectores,
3086 2906 3176 2976 qui
3218 2919 3397 2960 seme-

1807 3003 1952 3072 ipsos
1995 3001 2248 3072 diligunt,
2276 3001 2361 3056 bis
2391 2999 2746 3070 proculdubio
2792 2997 3086 3060 exhibent,
3133 3010 3166 3052 ι
3199 2995 3396 3066 quibus

1807 3109 1866 3148 se
1893 3092 2075 3147 noceri
2108 3107 2264 3162 posse
2297 3091 2350 3146 in
2396 3091 2574 3145 studio
2613 3089 2798 3159 glorize
2825 3086 3141 3158 temporalis
3186 3085 3400 3139 timent.

1807 3185 1864 3240 In
1896 3200 1962 3240 ea
2001 3184 2108 3249 via,
2135 3199 2256 3256 qua:
2286 3198 2316 3237 a
2376 3180 2716 3236 Tiberinensi
2753 3176 3089 3233 monasterio
3132 3175 3282 3230 ducit
3333 3169 3403 3228 ad

107 3276 207 3347 qui
241 3276 392 3347 prius
436 3274 492 3328 in
514 3274 601 3328 via
650 3271 1025 3327 mandatorum
1079 3267 1172 3326 Dei
1225 3282 1332 3326 non
1361 3265 1623 3329 ambulat,
1653 3273 1703 3318 et

1811 3273 2008 3339 Eorum,
2040 3282 2123 3328 est
2143 3271 2372 3328 ecclesia
2401 3270 2458 3326 S.
2487 3269 2632 3325 Petri
2663 3283 2783 3340 qua:
2803 3267 3000 3322 dicitur
3021 3266 3087 3320 ad
3118 3263 3277 3319 Salas
3301 3281 3314 3316 :
3346 3262 3405 3319 in

107 3365 206 3435 qui
243 3378 354 3420 sua:
387 3361 735 3432 cogitationis
767 3359 966 3414 malum
1007 3359 1075 3414 ab
1124 3357 1241 3428 eius
1265 3357 1437 3412 oculis
1473 3371 1580 3410 non
1610 3370 1706 3409 au-

111 3456 240 3514 fert.
271 3455 410 3512 Hinc
440 3455 609 3510 David
647 3455 700 3508 in
731 3453 939 3524 psalmo
969 3450 1304 3522 paenitentia:
1327 3448 1498 3507 dicit:
1525 3447 1582 3502 Si
1612 3465 1704 3502 ru-

107 3548 322 3614 lstisses,
373 3545 696 3615 sacriﬁcium
749 3543 1008 3600 dedissem
1059 3539 1233 3612 (Psal.
1292 3557 1346 3603 ι,
1403 3537 1512 3608 18).
1538 3535 1706 3604 Quale

107 3654 245 3695 vero
272 3637 602 3694 sacriﬁcium
655 3637 806 3706 prius
859 3633 1058 3689 oll‘errc
1105 3633 1427 3696 debeamus,
1455 3642 1511 3684 ut
1558 3629 1706 3683 dein—

109 3745 244 3800 cepa
271 3729 462 3792 altaris
511 3727 841 3784 sacriﬁcium
893 3735 1042 3782 reeto
1062 3724 1254 3778 ordine
1285 3722 1560 3777 celebrare
1591 3735 1706 3789 pos-

107 3825 304 3889 simus,
335 3821 651 3880 manifestat
689 3821 877 3875 dicens
907 3836 921 3873 :
963 3816 1298 3885 Sacri/icium
1336 3815 1444 3868 Deo
1491 3813 1708 3882 spiritus

107 3913 500 3977 contribulatus
536 3909 711 3984 (Psal.
771 3927 837 3977 ιη,
877 3908 986 3972 l9).
1017 3923 1084 3962 ac
1127 3907 1172 3962 si
1206 3906 1414 3960 diceret
1451 3923 1462 3957 :
1504 3903 1706 3958 Altaris

111 4002 386 4064 sacriﬁcio
423 4017 530 4059 non
552 4000 862 4064 delectaris,
898 3998 1000 4052 nisi
1026 3996 1176 4068 prius
1201 3994 1470 4050 sacriﬁcio
1489 3991 1705 4048 contriti

108 4093 299 4156 cordis
325 4093 572 4163 placatus
624 4092 811 4148 fueris.
842 4091 937 4146 Est
977 4089 1208 4144 ecclesia
1242 4089 1413 4143 beata:
1443 4085 1708 4163 Gnalbur-

111 4184 204 4256 gis
238 4182 296 4238 in
353 4183 459 4239 hac
499 4182 676 4247 vicina
718 4182 876 4238 nobis
931 4181 1171 4251 regione,
1199 4179 1286 4242 .in
1309 4193 1414 4248 qua
1445 4161 1706 4241 miracula

109 4277 274 4332 ﬁunt.
302 4274 544 4345 Contigit
571 4274 944 4342 autern,,sicut
964 4273 1193 4333 domnus
1217 4270 1386 4325 abbas
1416 4267 1593 4324 Bcrno
1618 4283 1702 4322 re-

108 4367 244 4433 fert,
275 4375 334 4422 nt
365 4365 607 4440 ejusdem
645 4375 849 4423 sancta:
891 4363 1220 4434 Gualburgis
1255 4361 1497 4430 reliquiae
1545 4377 1710 4432 super

109 4458 288 4514 altare
306 4473 402 4529 per
433 4457 644 4528 aliquot
668 4458 783 4513 dies
821 4463 1127 4512 manerent.
1148 4453 1255 4508 Sed
1283 4467 1407 4507 mox
1441 4451 1706 4507 miracula

109 4558 500 4616 manarunt.
519 4549 764 4606 Tandem
794 4565 924 4604 vero
960 4548 1074 4619 ipsa
1104 4547 1256 4618 virgo
1289 4544 1502 4600 cuidam
1530 4561 1596 4599 ex
1626 4545 1706 4598 in-

1806 3366 1960 3437 cujus
1984 3367 2185 3422 vicinio
2233 3364 2487 3419 manebat
2530 3371 2657 3417 ante
2698 3361 2801 3416 hoc
2849 3357 3140 3413 triennium
3183 3355 3404 3426 quidam

1807 3457 1964 3522 latro,
1991 3457 2081 3528 qui
2107 3455 2244 3509 duos
2267 3455 2612 3518 itinerantes,
2639 3437 2775 3521 quos
2803 3449 3041 3519 hospitio
3061 3452 3402 3517 susceperat,

1807 3549 2042 3619 Spoliare
2080 3545 2267 3600 volens
2294 3585 2309 3609 ,
2342 3553 2501 3598 nocte
2544 3542 2851 3596 interﬁcere
2897 3537 3162 3602 tentavit;
3197 3536 3292 3591 sed
3325 3535 3404 3590 illi

1770 3701 1778 3708 ,
1806 3640 2162 3712 praevalentes
2190 3633 2582 3690 interfecerunt
2644 3647 2767 3686 eum
2797 3647 2812 3684 :
2844 3643 3076 3698 rumque
3120 3626 3187 3680 ad
3218 3623 3396 3679 eccle-

1806 3731 1942 3788 siam
1961 3725 2301 3798 sepeliendus
2341 3723 2664 3786 deferretur,
2689 3719 2944 3776 sacerdos
2966 3732 3062 3787 pro
3088 3730 3153 3770 eo
3177 3715 3404 3768 missam

1806 3823 2081 3880 celebrare
2106 3819 2290 3890 etrapit.
2317 3818 2451 3872 Cum
2479 3831 2610 3885 ergo
2646 3813 2712 3867 ad
2752 3813 2916 3866 verba
2955 3806 3393 3864 consecrationis

1807 3912 2086 3968 Dominiea
2131 3909 2316 3965 venire
2346 3907 2608 3970 deberet,
2650 3901 2910 3958 terribilis
2928 3899 3138 3956 sonitus
3171 3899 3222 3952 in
3254 3905 3402 3952 tecto

1807 4003 2052 4059 ecclesia:
2080 3999 2410 4074 percrebuit,
2439 4008 2495 4052 et
2520 3995 2717 4062 altare,
2742 3993 2884 4048 sicut
2911 3992 3189 4058 hucusque
3222 3996 3400 4058 paret,

1808 4110 1980 4164 usque
2015 4093 2081 4148 ad
2115 4091 2351 4148 radicem
2382 4089 2611 4144 scissum
2634 4094 2721 4141 est
2747 4103 2760 4138 :
2792 4083 2981 4150 sicque
3005 4079 3259 4136 sacerdos
3278 4093 3403 4133 cum

1806 4189 2060 4248 omnibus
2087 4183 2290 4257 ingenti
2329 4196 2526 4252 pavore
2555 4177 2836 4250 perculsus
2856 4174 3015 4246 fugit,
3059 4180 3115 4226 et
3146 4187 3242 4242 pro
3268 4185 3400 4240 apo-

1809 4288 1948 4335 stata
1977 4276 2290 4333 sacriﬁcare
2323 4271 2574 4328 cessavit.
2609 4268 2721 4324 lloc
2749 4276 2940 4323 contra
2967 4279 3061 4319 eos
3088 4263 3288 4317 dictum
3309 4261 3402 4323 sit.

1807 4367 1898 4437 qui
1929 4380 2036 4436 pro,
2075 4362 2355 4425 sceleratis
2403 4360 2472 4417 ob
2519 4359 2763 4432 gratiam
2798 4373 3000 4420 eorum,
3041 4368 3101 4410 se
3147 4365 3400 4409 oraturos

1808 4458 2166 4530 pollicentur.

1884 4543 2053 4606 XXX.
2088 4543 2192 4600 Sed
2221 4542 2349 4621 quid
2379 4543 2483 4598 hoc
2506 4543 2572 4597 de
2599 4539 2967 4596 exterioribus
2987 4537 3241 4602 dicimus,
3268 4549 3396 4592 cum

111 4641 288 4700 firmis
308 4657 581 4714 apparens
607 4641 880 4705 :ldcirco,
907 4640 1100 4710 inquit,
1124 4653 1229 4694 non
1258 4636 1552 4701 sanamini,
1582 4636 1705 4706 quia
1739 4605 1786 4664 θ
1813 4637 2056 4709 plerique
2091 4634 2170 4690 sic
2214 4605 2269 4688 in.
2306 4633 2611 4704 semetipsis
2651 4631 2981 4702 negligentes
3024 4629 3263 4684 existant
3285 4666 3301 4691 ,
3345 4633 3406 4679 ut

110 4733 356 4804 reliquias
375 4748 512 4791 meae
539 4739 667 4790 sunt
693 4746 856 4803 super
879 4729 1050 4787 altare
1072 4728 1307 4793 Domini,
1331 4727 1422 4782 ubi
1454 4724 1719 4795 maiestas.

111 4824 281 4881 divini
332 4821 553 4900 myterii
617 4821 786 4882 debet.
822 4807 1160 4878 solummodo
1213 4818 1499 4874 celebrari.
1555 4817 1708 4884 Quod

112 4931 240 4977 etim
268 4915 356 4974 ille
379 4913 706 4981 custodibus
731 4912 960 4968 referret
982 4911 1219 4966 tulerunt
1235 4925 1474 4981 capsam,
1501 4919 1558 4966 et
1585 4927 1716 4981 pro-.

114 5007 261 5070 tinus
285 5007 549 5068 miracula
592 5005 714 5061 ﬁeri
751 5013 1050 5077 etaperunt.
1080 5003 1138 5059 Si
1159 5019 1288 5074 ergo
1312 5003 1382 5060 ob
1412 5004 1554 5058 illius
1594 5018 1708 5071 my.-

113 5099 265 5156 sserii
298 5097 690 5161 reverentiam,
736 5110 837 5151 nec
865 5096 980 5166 ipsa
1008 5110 1104 5152 sua
1135 5093 1362 5166 pignora
1406 5091 1579 5150 sancti
1611 5106 1705 5144 vo-

114 5190 231 5249 lunt
264 5193 523 5265 proprius
561 5185 812 5254 vieinari,
863 5186 992 5257 quid
1039 5184 1368 5242 censendum
1395 5195 1478 5243 est
1513 5183 1580 5238 de
1608 5180 1708 5235 im-

115 5285 432 5345 munditiis?-

185 5373 336 5400 ννιν
405 5378 504 5400 13-.
559 5380 653 5400 -..Ι

662 5385 743 5400 ιιι-ι
800 5371 987 5400 I'AMII.
1044 5368 1302 5400 nn:-:Inl:n
1333 5366 1706 5400 ann-napnll:clllllt

1818 4729 1957 4785 foris
1999 4727 2050 4782 in
2089 4726 2275 4781 habitu
2307 4724 2700 4787 itnmntentnr,
2729 4733 2782 4777 et
2813 4721 2959 4776 intus
2998 4735 3094 4790 per
3142 4714 3403 4771 nonnulla

1812 4819 1994 4891 gravia
2045 4824 2268 4888 peccata
2321 4831 2350 4868 a
2410 4813 2610 4870 Christi
2662 4827 2890 4882 corpore
2933 4806 3302 4881 separentur?
3342 4803 3410 4857 Et

1813 4922 1993 4967 tamen
2019 4909 2330 4967 sacriﬁcare
2347 4923 2454 4963 non
2480 4915 2712 4962 cessant.
2748 4907 2882 4959 Dum
2909 4905 3055 4958 enim
3079 4898 3408 4969 quibusdam

1811 4999 2254 5059 indumenttsvel
2289 5012 2365 5056 ex
2383 5007 2561 5068 parte,
2583 4994 2666 5049 vel
2690 5009 2756 5049 ex
2789 5002 2900 5049 toto
2927 4988 3213 5046 laicalibus
3238 4993 3407 5037 utun-

1815 5105 1923 5160 tur,
1967 5092 2070 5148 illis
2102 5090 2298 5145 merito
2327 5085 2680 5160 comparandi
2729 5094 2899 5150 sunt,
2937 5081 3029 5151 qui
3061 5079 3117 5132 in
3159 5073 3302 5126 libro
3344 5071 3418 5160 de

1813 5159 2042 5239 Civitate
2069 5181 2163 5236 Dei
2193 5159 2542 5248 appellantur
2575 5174 2751 5245 cynici
2783 5191 2797 5227 :
2828 5182 2888 5228 et
2934 5185 3044 5226 non
3091 5172 3287 5219 sancto
3330 5159 3430 5217 lo-

1811 5275 1963 5344 sepb,
1995 5271 2086 5344 qui
2113 5268 2216 5325 tala
2229 5285 2342 5322 rem
2371 5271 2611 5328 tunicam
2634 5263 2827 5332 legitur
2848 5277 2881 5316 a
2902 5269 3052 5331 patre
3082 5252 3420 5324 percepisse.

1813 5363 1957 5400 (\nnc

1980 5343 2026 5400 nl
2056 5356 2324 5400 lammina
2347 5360 2615 5400 dnnlnrnl.
2641 5351 2857 5400 dicens:
2890 5343 3163 5400 Ottomodo
3185 5350 3428 5395 mutatus
3509 5384 3518 5396 .
