3934 5400
528 463 632 522 575

1507 470 1564 526 ε.
1621 459 1867 527 ODONIS
1907 462 2198 519 ABBATIS
2244 466 2744 535 CLUNIACENSIS
2784 479 2826 535 ll

3687 489 3788 544 διε

525 586 664 651 trici,
691 602 855 640 unum
884 601 1071 657 corpus
1094 586 1313 657 eﬂlcilur
1334 587 1385 659 (1
1409 587 1531 644 Cor.
1557 605 1632 655 vi,
1659 587 1767 660 16),
1789 600 1844 645 et
1863 589 1976 658 jam
2003 606 2109 645 non
2138 592 2186 651 Λ
2215 607 2312 661 per
2362 593 2598 664 Moysem
2624 614 2635 648 :
2670 596 2785 663 Dic,
2836 598 3026 669 inquit,
3081 602 3149 654 ad
3197 601 3334 671 ﬁlios
3389 603 3589 668 Aaron,
3635 618 3680 661 et
3721 611 3786 662 ad

527 677 828 732 membrum
861 677 1086 744 Christi,
1114 679 1207 734 sed
1250 680 1576 736 Antichristi
1624 689 1727 736 est.
1774 682 1850 736 De
1879 697 1986 751 quo
2015 699 2113 753 per

526 766 802 821 Danielem
831 767 1051 831 dicitur,
1075 767 1204 837 quia
1229 768 1326 822 erit
1354 771 1408 822 in
1431 771 1862 840 concupiscentiis
1886 770 2111 840 femina-

526 872 641 910 rum
673 855 838 928 (Dan.
873 873 952 922 ιι,
981 858 1095 927 37).
1132 857 1203 913 Ut
1228 859 1372 913 enim
1417 859 1740 914 Paschasius
1785 860 1837 914 iu
1876 860 2014 917 libro
2045 860 2116 916 de

524 961 752 1016 corpore
781 947 997 1002 Domini
1031 948 1202 1003 dicit:
1235 949 1492 1018 Quisquis
1516 948 1601 1004 vel
1638 949 1880 1004 membra
1929 965 2106 1006 mere-

526 1037 676 1092 tricis
708 1037 786 1104 ﬁt,
821 1036 911 1092 hic
939 1038 1126 1107 utique
1160 1037 1373 1107 elapsus
1399 1037 1466 1094 de
1508 1053 1734 1108 corpore
1779 1039 1979 1094 Christi
2003 1048 2106 1107 est,

523 1138 577 1181 ct
609 1129 809 1184 idcirco
858 1144 964 1184 non
1012 1127 1141 1184 licet
1181 1129 1229 1184 ei
1274 1145 1469 1199 corpus
1516 1128 1730 1184 Christi
1770 1130 2106 1200 contingere.

524 1217 657 1272 Nam
691 1219 781 1288 qui
831 1220 1067 1274 debeant
1115 1219 1229 1290 ipse
1273 1219 1520 1274 Christus
1562 1219 1824 1284 ostendit,
1875 1219 2105 1274 dicens:

525 1307 630 1374 Qui
661 1309 943 1362 manducet
971 1325 1180 1363 carnem
1207 1325 1376 1364 nteant
1437 1319 1485 1364 et
1514 1309 1638 1364 bibit
1682 1325 1852 1364 meum
1883 1310 2104 1379 sangui-

522 1417 660 1466 nem,
685 1401 742 1454 in
768 1418 850 1454 me
868 1411 1066 1466 ntauet,
1095 1410 1142 1455 et
1180 1417 1272 1472 ego
1301 1401 1360 1455 in
1387 1417 1446 1455 eo
1471 1401 1654 1471 (l‘oan.
1690 1417 1763 1465 vi,
1793 1400 1907 1473 57).
1939 1401 2018 1454 Ac
2059 1400 2105 1454 si

521 1492 729 1548 diceret
771 1510 784 1546 :
824 1492 936 1547 Nisi
970 1493 1120 1563 prius
1163 1493 1221 1547 in
1263 1508 1348 1547 me
1395 1501 1630 1555 maneat,
1665 1506 1886 1548 carnem
1927 1505 2104 1546 meam

520 1583 846 1638 manducare
874 1598 980 1639 non
1011 1591 1206 1654 potest,
1237 1598 1414 1656 neque
1459 1584 1775 1655 sanguinem
1814 1597 1993 1637 meum
2018 1583 2102 1637 bi-

518 1672 667 1727 bere.
694 1673 832 1741 Quid
860 1689 987 1745 ergo
1022 1672 1309 1728 manducat
1338 1685 1626 1744 peccator,
1659 1683 1714 1728 et
1742 1673 1884 1742 quid'
1918 1672 2055 1728 bibit
2081 1675 2118 1728 Τ

516 1761 636 1817 Non
663 1765 849 1835 utique
871 1765 1077 1820 utiliter
1097 1765 1199 1820 sibi
1240 1780 1462 1820 carnem
1505 1773 1561 1820 et
1601 1765 1916 1834 sanguinem
1941 1804 1957 1830 ,
2007 1764 2104 1819 sed

2210 692 2442 750 posteros
2466 699 2644 737 eorum
2671 699 2689 737 :
2713 684 2897 741 Omnis
2917 689 3007 758 qui
3033 693 3305 744 accesserit
3336 692 3403 746 de
3431 694 3595 763 stirpe
3624 706 3789 750 vestra

2211 771 2284 824 ad
2324 787 2386 825 ea
2417 790 2532 842 qua:
2560 788 2860 832 consecrata
2912 788 3054 843 sunt,
3094 781 3149 834 in
3177 798 3280 852 qua
3324 795 3401 838 est
3431 785 3787 852 immunditio,

2208 862 2395 930 peribit
2423 879 2600 916 coram
2627 863 2758 920 Deo.
2797 865 2907 936 Ego
2942 885 3058 923 sunt
3084 869 3339 927 Dominus
3369 872 3520 944 (Leu.
3552 890 3690 940 χιιι,
3713 878 3814 947 5).’

2209 949 2276 1005 Et
2299 960 2445 1008 certe
2477 953 2562 1008 illa
2593 955 2897 1012 uiliil‘aliud
2936 968 3094 1014 erant
3120 976 3283 1030 quam
3314 964 3512 1018 umbra
3540 963 3786 1020 istorum.

2210 1041 2267 1098 Si
2297 1059 2427 1114 ergo
2474 1048 2542 1101 ad
2586 1049 2834 1105 umbram
2869 1065 2975 1107 non
3009 1051 3206 1109 licebat
3253 1055 3598 1112 immundum
3647 1071 3792 1114 acce-

2207 1135 2356 1201 dere,
2389 1138 2771 1206 quantominus
2819 1142 2886 1196 ad
2916 1143 3089 1212 ipsam
3131 1145 3572 1202 Veritatemi'Ex
3598 1163 3708 1218 qua
3739 1149 3790 1204 in

2207 1225 2367 1282 linem
2399 1230 2780 1298 prohibitionis
2819 1233 3118 1301 conclusit,
3133 1235 3318 1292 dicens
3337 1255 3351 1292 :
3371 1237 3486 1308 Ego
3510 1239 3792 1295 Dominus.

2206 1317 2285 1373 Ac
2313 1319 2552 1374 si‘dicat.
2591 1321 2701 1393 Ego
2751 1333 3002 1381 scrutatis
3029 1327 3216 1394 corda,
3244 1343 3343 1398 ego
3373 1329 3496 1399 ipse
3515 1331 3792 1397 sacerdos,

2207 1409 2298 1476 qui
2329 1409 2578 1465 discerno
2611 1412 2786 1482 qualis
2815 1417 3182 1486 unusquisque
3210 1418 3456 1474 accedat.
3489 1419 3637 1476 Hinc
3666 1421 3792 1474 Ani-

2206 1498 2418 1554 brosius
2452 1500 2506 1554 in
2532 1501 2708 1570 primo
2747 1500 3057 1561 OlIiciorum
3078 1522 3095 1562 :
3119 1507 3566 1576 Castiﬁcabatur,
3598 1510 3802 1580 inquit,

2205 1589 2434 1660 populus
2459 1606 2559 1661 per
2585 1592 2830 1662 biduum,
2857 1605 2951 1651 aut
2978 1598 3237 1666 triduum,
3262 1608 3317 1656 et
3345 1599 3615 1656 lavabant
3639 1602 3794 1657 vesti-

2205 1689 2388 1735 menta
2419 1697 2538 1746 sua,
2587 1692 2642 1739 et
2673 1699 2779 1740 non
2811 1685 2969 1742 aliter
2995 1689 3065 1744 ad
3104 1689 3337 1745 hostiam
3375 1693 3653 1748 accedere
3676 1707 3793 1764 per-

2205 1773 2543 1828 mittebatur.
2573 1774 2678 1831 Sed
2702 1777 2749 1832 si
2779 1777 2832 1832 in
2850 1777 3020 1849 ﬁgura
3046 1789 3197 1836 tanta
3218 1782 3419 1854 populo
3440 1784 3794 1839 observantia

505 1852 790 1922 judicium,
829 1854 955 1910 licet
982 1856 1230 1910 videatur
1252 1871 1376 1910 cum
1433 1856 1645 1911 caeteris
1683 1855 1871 1910 altaris
1918 1871 2104 1912 sacra—
2133 1933 2171 1940 Α
2195 1861 2510 1931 jubebatur,
2545 1878 2745 1936 quanta
2790 1869 2842 1922 in
2871 1869 2988 1940 ipsa
3019 1852 3249 1928 veritate
3286 1852 3682 1931 sacerdotibus
3722 1885 3795 1932 te.

513 1954 695 2033 menta
721 1945 1020 2015 percipere.
1046 1945 1114 2002 Et
1133 1961 1301 2017 quare
1323 1945 1506 2013 ?‘Quia
1529 1960 1627 2001 nos
1655 1961 1713 2001 se
1733 1947 1928 2016 probat
1951 1947 2101 2018 prius
2131 1933 2180 1997 Β
2206 1955 2382 2009 nenda
2407 1957 2525 2011 est?
2551 1933 2712 2013 Disce
2736 1933 2921 2030 igitur,
2943 1975 2977 2016 ο
3004 1961 3258 2018 sacerdos
3283 1972 3341 2018 et
3365 1963 3558 2030 levita,
3577 1964 3712 2033 quid
3729 1965 3795 2019 sit

511 2026 690 2095 utrum
728 2041 780 2094 in
812 2056 1039 2110 corpore
1067 2040 1268 2096 Christi
1313 2042 1422 2108 sit,
1459 2057 1526 2096 an
1573 2057 1699 2097 non.
1737 2043 1939 2098 Deinde
1973 2044 2097 2113 quia

513 2147 620 2186 non
652 2129 942 2199 dijudicat,
964 2131 1216 2188 videlicet
1236 2140 1296 2187 ut
1322 2133 1590 2189 discernat
1623 2149 1820 2204 corpus
1847 2133 2057 2189 Domini
2083 2152 2096 2190 :

511 2222 641 2292 quid
690 2233 774 2276 est
811 2229 1113 2291 quantum,
1159 2223 1285 2292 quia
1333 2232 1770 2288 sacramentum,
1819 2223 2101 2294 qualisque

509 2313 1051 2378 virtussacramenti,
1067 2313 1194 2383 quia
1215 2313 1454 2368 divinum
1476 2329 1539 2368 ac
1562 2313 1807 2384 spiritale
1825 2325 1926 2368 est.
1945 2313 2099 2369 Unde

511 2410 562 2465 in
605 2410 900 2481 primordio
947 2408 1106 2478 huius
1162 2409 1496 2465 celebritatis
1542 2409 1792 2464 Christus
1831 2408 2096 2478 judicibm

519 2499 659 2554 male
687 2497 1073 2568 accipientibus
1101 2499 1490 2567 comminatur,
1523 2501 1648 2554 dum
1679 2500 1938 2556 continuo
1975 2510 2099 2570 post

507 2591 804 2648 buccellam
834 2591 898 2646 de
923 2583 1084 2647 manu
1115 2585 1572 2662 ejusperceplam
1612 2592 1858 2647 diabolus
1901 2591 2093 2646 ludam

509 2684 750 2754 pervasit
783 2683 912 2740 :.nbi
942 2699 1062 2737 mox
1107 2683 1412 2738 ostenditur
1457 2683 1695 2739 futurum
1747 2685 1800 2740 iu
1855 2685 2094 2740 Ecclesia

499 2773 780 2842 judicium.
801 2773 855 2829 Si
873 2774 993 2843 quis
1005 2789 1133 2843 ergo
1151 2773 1332 2844 lapsus
1353 2775 1416 2829 de
1439 2791 1663 2845 corpore
1679 2775 1902 2838 Christi,
1921 2776 2096 2832 lactus

507 2866 812 2922 membrum
867 2866 1170 2921 meretricis
1238 2865 1322 2921 vel
1391 2867 1630 2932 diaboli,
1689 2869 2094 2938 priesumpscrit

505 2957 609 3013 hoc
685 2967 1090 3014 sacrosanctum
1168 2974 1365 3028 corpus
1435 2960 1750 3030 contingere
1783 3001 1798 3024 ,
1858 2975 1958 3016 nec
1988 2961 2087 3014 du-

504 3049 652 3104 bium
680 3050 810 3121 quin
861 3051 931 3104 ob
979 3049 1030 3104 id
1075 3047 1339 3118 judicium
1392 3050 1647 3120 excipiat,
1690 3060 1744 3104 et
1788 3065 1909 3105 cum
1956 3049 2089 3104 .luda

502 3142 676 3212 culpa:
721 3141 958 3196 societur
1007 3141 1293 3205 obnoxius,
1345 3150 1451 3194 tam
1493 3141 1618 3210 quia
1660 3141 1884 3205 corruit,
1927 3157 2088 3209 quant

503 3229 631 3299 quia
660 3229 1086 3285 eseouscientia
1110 3229 1416 3296 damnatus,
1448 3245 1614 3285 ausus
1656 3239 1745 3284 est
1778 3230 1894 3284 sine
1919 3232 2085 3298 pumir

506 3320 670 3394 tentia
719 3328 789 3376 et.
823 3319 1177 3374 correctionis
1211 3320 1365 3374 venia
1417 3329 1602 3374 sancta
1638 3320 1893 3390 mysteria
1926 3331 2093 3376 teme-

502 3427 644 3486 rare.
681 3410 814 3466 ltem
848 3410 1133 3466 exeodem
1166 3409 1306 3465 libro
1335 3409 1584 3482 legimus,
1616 3412 1739 3481 quia
1773 3413 1914 3466 Dens
1947 3412 2088 3466 dedit

500 3501 628 3570 ﬁliis
651 3501 822 3555 Israel
860 3517 1050 3572 panem
1093 3501 1158 3555 de
1201 3501 1352 3568 caelo,
1381 3501 1650 3556 habentem
1683 3519 1834 3558 omne
1857 3503 2088 3558 delecta-

501 3602 750 3656 mentum,
812 3593 900 3644 sed
953 3608 1058 3646 non
1107 3592 1161 3646 in
1195 3591 1434 3663 pluribus
1476 3609 1655 3646 eorum
1710 3593 2087 3664 beneplacilum

500 3678 601 3748 [uit
632 3679 741 3735 Deo
771 3678 920 3749 (Sap.
949 3695 1058 3741 xvi,
1087 3679 1200 3750 ΞΟ),
1248 3689 1307 3735 ut
1338 3689 1566 3735 testatur
1610 3682 1916 3751 Apostolus.
1951 3683 2084 3737 Nam

498 3768 728 3840 populus
751 3769 839 3824 ille
863 3769 1094 3826 carnalis
1121 3787 1316 3826 manna
1347 3771 1630 3838 fasti‘divit,
1659 3773 1786 3842 quia
1817 3773 2084 3829 iuibi‘uon

497 3861 600 3915 nisi
654 3861 891 3916 carnalia
939 3863 1209 3932 quaesivit.
1258 3863 1335 3917 llli
1387 3865 1569 3934 itaque
1620 3867 1817 3920 mortui
1850 3877 1996 3932 sunt,
2031 3867 2081 3920 in

499 3952 696 4023 quibus
723 3967 829 4008 non
860 3953 1257 4024 beneplacitum
1306 3953 1408 4009 fuit
1444 3954 1576 4010 Deo.
1608 3955 1926 4026 Quicunque
1957 3973 2084 4013 vero

496 4045 640 4100 inter
673 4059 767 4100 eos
813 4043 1119 4115 spirituales
1151 4043 1392 4112 fuerunt,
1438 4047 1576 4101 mori
1615 4062 1722 4102 non
1771 4056 2081 4118 potuerunt,

497 4137 621 4206 quia
651 4135 967 4205 spiritaliter
993 4137 1372 4203 comederunt;
1403 4137 1529 4206 quia
1569 4137 1651 4192 eis
1693 4152 1819 4192 esca
1847 4138 1935 4192 illa
1973 4150 2083 4193 ca:-

495 4225 647 4281 lestis
672 4241 918 4295 saporem
939 4235 995 4282 et
1021 4227 1471 4282 delectamentum
1499 4228 1924 4285 immortalitatis
1946 4241 2084 4302 prte-

497 4318 635 4374 buit.
686 4316 870 4385 Itaque
916 4316 1165 4372 similiter
1209 4333 1352 4372 nunc
1403 4317 1455 4372 in
1491 4319 1728 4375 Ecclesia
1777 4313 1933 4376 cibus
1982 4322 2082 4377 iste

497 4407 817 4479 quibusdam
870 4408 979 4462 vita
1017 4418 1120 4474 est,
1165 4409 1486 4477 quibusdam
1547 4425 1673 4466 vero
1733 4413 2077 4484 supplicium.

498 4497 672 4561 Unde,
703 4512 736 4552 ο
761 4499 943 4564 Ιιοιηο,
976 4499 1122 4553 disce
1152 4500 1276 4568 quia
1310 4499 1452 4556 Deus
1484 4502 1705 4572 spiritus
1739 4514 1844 4572 est,
1873 4513 1928 4560 et
1958 4506 2078 4562 ideo

2206 2045 2388 2103 lavare
2413 2048 2755 2118 vestimenta,
2790 2067 2858 2108 ne
2883 2053 3162 2122 inquinato
3200 2069 3432 2126 corpore
3475 2070 3591 2126 quo
3619 2057 3792 2110 anima

2203 2140 2451 2205 vestitur,
2477 2142 2813 2214 maiestatem
2847 2146 2980 2202 tanti
3011 2147 3250 2219 mysterii
3278 2157 3559 2203 temerare
3594 2165 3794 2219 praesu-

2202 2244 2340 2285 mus.
2365 2231 2502 2287 Hinc
2531 2232 2583 2287 in
2614 2232 2821 2305 Regum
2849 2235 3123 2292 volumine
3149 2237 3352 2292 dicitur
3376 2256 3390 2292 ε
3418 2237 3478 2293 Si
3507 2240 3793 2308 peccauerit

2200 2320 2280 2374 vir.
2312 2321 2366 2375 in
2396 2321 2583 2388 virum,
2607 2322 2808 2382 placari
2834 2325 2882 2378 ei
2906 2335 3070 2396 potest
3087 2325 3321 2380 Deus:si
3341 2336 3526 2381 autem
3551 2327 3612 2381 in
3635 2327 3794 2382 Das

2198 2411 2509 2479 peccaverit,
2551 2411 2668 2482 quis
2709 2413 2878 2466 orabit
2921 2431 3017 2484 pro
3047 2431 3106 2470 eo
3147 2414 3198 2486 (I
3229 2414 3358 2487 Reg.
3394 2431 3459 2478 ri,
3487 2415 3627 2488 25)?
3653 2416 3794 2472 Tunc

2198 2499 2342 2554 enim
2381 2502 2446 2555 de
2476 2501 2798 2572 negligentia
2844 2504 3234 2560 sacrificiorum
3279 2505 3411 2560 licet
3458 2506 3650 2576 tepide
3684 2504 3793 2561 Heli

2200 2589 2342 2646 ﬁlios
2367 2607 2494 2648 suos
2523 2593 2872 2663 corripiebat.
2913 2594 3068 2662 Quod
3109 2596 3215 2651 tale
3240 2606 3325 2651 est
3355 2611 3425 2651 ac
3451 2599 3498 2652 si
3545 2597 3791 2652 diceret:

2197 2679 2299 2746 Qui
2335 2681 2501 2736 Deum
2535 2683 2699 2738 totius
2738 2692 3004 2739 creaturae
3045 2686 3381 2741 conditorem
3433 2695 3794 2741 contemnens

2197 2771 2447 2842 indignus
2490 2772 2557 2826 ad
2611 2773 2726 2844 ejus
2771 2774 3022 2846 injuriam
3051 2777 3460 2833 communicare
3488 2777 3791 2846 prsesumit,

2194 2877 2352 2932 quem
2382 2863 2798 2923 intercessorem
2829 2867 3257 2923 liabebit‘ivTalis
3280 2869 3540 2938 proiecto
3572 2882 3677 2923 ec
3703 2868 3790 2922 Dei

2196 2965 2476 3010 reveretur
2515 2960 2884 3028 pimsentiam,
2913 2975 3023 3015 nec.
3045 2961 3389 3031 praesentiam
3423 2959 3692 3016 formidat
3712 2973 3792 3015 as-

2196 3047 2422 3100 tantium
2449 3048 2782 3118 angelorum.

2265 3134 2454 3190 XXXI.
2481 3135 2591 3192 Nec
2621 3137 2741 3193 ideo
2783 3140 3050 3195 securitas
3078 3139 3466 3210 subrepat~,..eo
3513 3139 3666 3209 quod
3710 3139 3790 3194 in-

2195 3227 2354 3298 digne
2377 3228 2713 3284 sanientibus
2742 3227 2920 3284 divina
2944 3231 3207 3299 patientia
3251 3231 3317 3284 ad
3345 3239 3568 3300 tempus
3595 3231 3782 3301 parcit,

2195 3320 2317 3389 quia
2354 3318 2502 3375 certe
2525 3321 2598 3375 illi
2628 3323 2797 3392 magis
2831 3324 3144 3392 punientur,
3171 3322 3260 3392 qui
3294 3322 3348 3376 in
3381 3323 3644 3389 praesenti
3670 3336 3784 3377 oor—

2191 3413 2434 3481 reptione
2458 3412 3025 3485 judicanturiudigni.
3079 3414 3136 3469 Si
3193 3413 3418 3483 quidem
3475 3414 3531 3467 in
3565 3412 3782 3468 exordio

2187 3503 2446 3561 Ecclesiae
2490 3519 2714 3560 necesse
2761 3504 2902 3572 fuit,
2930 3514 2986 3560 ut
3043 3505 3109 3560 ad
3139 3520 3254 3561 rem
3295 3503 3779 3560 demonstrandam

2185 3593 2882 3665 pleriquetransgrcssores
2902 3595 3168 3665 corporali
3192 3595 3358 3650 etiam
3384 3609 3549 3664 pmna
3579 3594 3780 3663 plecteb

2190 3693 2399 3738 rentur.
2428 3684 2581 3740 Unde
2610 3686 2905 3755 Apostolus
2929 3687 2996 3740 ad
3025 3686 3338 3742 Corinthios
3363 3701 3379 3741 :
3408 3685 3567 3748 Ideo,
3585 3685 3774 3755 inquit,

2185 3775 2322 3829 inter
2348 3793 2434 3830 vos
2461 3776 2615 3830 mulli
2646 3777 2928 3845 inﬁrmi,et
2950 3776 3248 3843 imbecilles,
3265 3787 3312 3831 et
3328 3777 3604 3830 dormiunt
3631 3775 3778 3829 multi

2187 3865 2240 3938 (Ι
2278 3865 2401 3922 Cor.
2432 3883 2510 3933 xx,
2537 3867 2655 3938 50),
2687 3882 2880 3923 somno
2907 3867 3155 3924 videlicet
3203 3868 3416 3923 mortis.
3455 3867 3542 3922 Ab
3576 3865 3778 3937 angelis

2185 3958 2381 4028 quippe
2411 3961 2500 4030 qui
2552 3961 2620 4014 ad
2663 3959 2767 4014 hoc
2820 3961 2978 4030 positi
3018 3969 3144 4016 sunt
3166 3959 3332 4016 etiam
3365 3975 3514 4015 nunc
3545 3961 3779 4030 perime-

2186 4056 2405 4112 rentur;
2439 4048 2579 4103 sicut
2620 4049 2672 4104 in
2702 4050 2962 4120 praedicto
3003 4050 3142 4106 libro
3169 4050 3498 4106 Paschasius
3525 4059 3773 4115 testatur,

2183 4137 2493 4208 quicunque
2520 4139 2602 4194 vel
2630 4141 2797 4195 semel
2828 4141 3050 4213 indigne
3080 4141 3508 4207 communicant,
3546 4141 3648 4195 nisi
3677 4139 3770 4194 bo-

2183 4227 2326 4282 nitas
2353 4227 2576 4292 Christi,
2623 4229 2780 4299 cujus
2801 4228 3008 4299 judicio
3029 4232 3263 4302 pendent
3297 4229 3503 4293 omnia,
3536 4229 3770 4302 gladium

2181 4321 2554 4390 suspenderet,
2601 4332 2656 4378 et
2709 4323 3058 4395 temporalem
3092 4332 3319 4380 mortem
3360 4323 3772 4394 quibusdam-nt

2180 4409 2483 4477 pteniteant
2531 4421 2857 4467 removeret.
2885 4412 3142 4483 Alioquin
3195 4427 3340 4467 nunc
3387 4411 3564 4483 plagae
3609 4412 3768 4466 etiam

2179 4515 2235 4562 et
2282 4503 2626 4558 inﬁrmitates
2657 4517 2933 4572 nunquam
2985 4512 3190 4557 tantum
3229 4504 3668 4567 crebrescerent,
3721 4499 3765 4554 si

496 4588 733 4658 intelligo
767 4587 891 4655 quia
921 4585 1073 4640 cibus
1108 4585 1210 4642 iste
1252 4603 1356 4641 non
1387 4590 1695 4657 carnaliter,
1732 4594 1825 4647 sed
1857 4593 2072 4663 spirita-
2108 4624 2154 4683 ι)
2179 4614 2370 4656 omnes
2417 4597 2548 4651 illud
2597 4597 2912 4667 mysterium
2965 4597 3106 4652 sicut
3137 4603 3351 4667 oportet
3403 4595 3763 4666 perciperent.

494 4679 638 4744 liter,
668 4687 722 4732 et
753 4676 1072 4748 cogitandus
1094 4680 1460 4734 ctsumeudus
1497 4689 1599 4747 cst,
1630 4682 1753 4751 quia
1796 4699 1970 4753 neque
2006 4685 2074 4740 ab

480 4768 603 4824 alio
653 4783 812 4837 quam
859 4767 927 4822 ab
974 4765 1091 4837 ipso
1137 4766 1354 4823 Christo
1403 4781 1770 4835 consecratur,
1805 4787 1976 4842 neque
2005 4776 2072 4830 ab

492 4860 600 4916 alio
628 4874 792 4930 quam
836 4857 904 4912 ab
950 4849 1065 4927 ipso
1108 4859 1422 4930 porrigitur.
1459 4860 1527 4914 Et
1565 4861 1782 4930 quidem
1818 4867 2074 4923 sacerdos

495 4953 719 5009 visibilis
751 4959 912 5016 astat,
945 4965 1042 5021 per
1071 4951 1224 5022 cujus
1253 4966 1445 5008 manus
1472 4955 1782 5010 consecrari
1824 4965 1877 5011 et
1908 4957 2072 5014 tribui

490 5045 724 5109 videtur,
751 5043 846 5097 sed
880 5039 1128 5096 Christus
1161 5043 1254 5110 (111i
1297 5041 1444 5097 illum
1493 5051 1547 5098 et
1583 5054 1868 5101 consecrat
1892 5057 1948 5103 et
1979 5049 2074 5104 tri-

492 5137 624 5178 lmit,
653 5135 737 5178 nni
774 5143 827 5178 nl
853 5133 1151 5178 remedium
1189 5133 1384 5178 animm
1424 5135 1489 5178 nil
1521 5137 1814 5178 rmnmlinm
1863 5139 2072 5178 trilmn-

2180 4688 2642 4760 Resipisccntibus
2692 4703 2822 4742 vero
2873 4688 3068 4759 duplex
3127 4688 3181 4742 in
3235 4687 3560 4757 paenitentia
3610 4686 3760 4741 debet

2179 4794 2298 4836 esse
2323 4780 2516 4846 luctus,
2545 4778 2630 4832 vel
2659 4780 2796 4849 quia
2811 4775 3222 4850 peccaverunt,
3251 4777 3335 4833 vel
3384 4779 3514 4848 quia
3545 4777 3759 4834 ctrieste

2179 4873 2378 4928 donum
2411 4869 2757 4938 adjudicium
2783 4870 2922 4924 male
2943 4877 3422 4940 praesumpserunt.
3449 4867 3608 4935 Quod
3633 4881 3754 4922 sane

2179 4961 2434 5017 delictum
2470 4960 2617 5014 nullo
2647 4959 2754 5016 alio
2790 4960 2892 5014 nisi
2923 4959 3140 5015 Christo
3164 4959 3568 5014 interveniente
3599 4960 3755 5013 dona-

2179 5051 2347 5107 bitur.
2386 5049 2538 5104 Unde
2565 5050 2620 5104 in
2652 5049 2777 5120 lege
2791 5049 2857 5105 ab
2879 5049 2966 5104 bis
2993 5049 3082 5118 qui
3113 5048 3167 5102 in
3202 5049 3562 5104 sanctiﬁcatis
3593 5047 3750 5104 delin-

2180 5151 2345 5178 nnnnt
2399 5142 2535 5178 vss-iac
2561 5155 2658 5178 nor-
2709 5152 2867 5178 ninant
2913 5139 3161 5178 Chl-iclth
3208 5138 3538 5178 ἓεεεέιὲἓὲβίηη·
3583 5137 3746 5178 ΛΕΜ-σιξ

3932 2339 3934 2360 |

3932 2367 3934 2394 Ι

3931 2819 3934 2850 1
