3934 5400
97 152 193 207 577

96 276 210 322 ante
241 264 642 337 perceptionem
660 264 805 323 illius
825 268 1069 339 mysterii
1092 284 1217 324 eum
1245 268 1509 339 apostolis
1528 276 1669 335 erat,
1699 275 1747 336 Α

94 367 144 412 ει
185 371 215 411 a
242 378 247 381 ·
271 357 502 413 Domino
544 356 884 413 monebatur.
917 357 1047 414 Post
1088 360 1492 430 perceptionem
1542 374 1671 416 vero

97 446 223 502 tradi
233 455 321 502 tus
340 446 556 502 Satance
576 448 841 504 continuo
864 449 1036 505 exivit
1062 449 1229 506 foras.
1258 451 1340 507 0b
1364 452 1468 508 hoc
1489 451 1671 522 itaque

92 538 334 608 quisquis
363 538 496 593 illud
522 539 745 611 indigne
764 556 830 595 se
848 543 1161 613 percepisse
1195 544 1459 610 meminit,
1493 544 1669 615 dupli-

91 641 223 695 cem,
278 636 336 683 ut
366 628 626 695 diximus,
671 631 832 686 debet
874 631 1076 689 habere
1128 633 1354 700 luctum,
1388 644 1446 690 ut
1476 646 1667 692 exacta

90 719 398 789 pmnitentia
428 721 600 790 possit
629 720 810 776 denuo
832 731 1019 778 sancta
1044 724 1397 795 participare.
1423 724 1667 796 Namque

91 808 467 878 paenitentibus
481 808 694 879 iussum
717 818 798 866 est
826 821 883 866 ut
905 812 1091 869 haedus
1108 814 1329 870 tollatur
1354 829 1478 870 cum
1502 832 1663 886 agno,

90 912 146 959 ut
171 904 215 959 si
241 904 366 975 quis
393 914 519 976 post
547 906 822 962 lavacrum
847 907 1131 975 ceciderit,
1157 919 1212 965 et
1238 925 1361 965 cum
1391 910 1665 966 stantibus

92 1011 277 1068 agnum
301 998 589 1052 comedere
614 1013 720 1053 non
745 998 1010 1068 potuerit,
1036 1000 1121 1055 vel
1151 1002 1365 1056 haedum
1393 1003 1658 1068 comedat,

90 1087 171 1155 qui
201 1102 417 1158 seraper
460 1103 556 1159 pro
581 1090 974 1157 pmnitentibus
1015 1100 1305 1147 mactatur.
1362 1093 1480 1148 Non
1519 1094 1663 1164 quod

89 1175 324 1232 Christus
376 1178 562 1234 haedus
601 1179 691 1244 sit,
741 1181 836 1236 sed
872 1196 971 1250 pro
999 1181 1316 1239 diversitate
1345 1185 1661 1240 meritorum

88 1275 173 1321 aut
194 1283 389 1340 agnus,
417 1279 511 1325 aut
541 1270 726 1326 haedus
759 1272 1053 1342 unicuique
1080 1272 1162 1328 lit.
1182 1273 1323 1330 Hinc
1353 1274 1484 1329 item
1509 1271 1663 1343 iube-

91 1368 184 1426 tur,
214 1374 273 1415 ut
292 1376 391 1432 qui
413 1363 467 1416 in
492 1362 668 1430 primo
685 1377 893 1429 mense,
912 1363 967 1419 id
987 1371 1072 1420 est
1101 1364 1155 1419 in
1176 1380 1243 1421 ea
1270 1366 1447 1436 gratia
1493 1381 1659 1436 quam

88 1448 135 1502 in
166 1449 437 1519 baptismo
480 1452 743 1522 percepit,
801 1451 1009 1509 Pascha
1064 1455 1242 1510 facere
1276 1471 1383 1510 non
1426 1457 1655 1527 poterit;

85 1539 261 1594 saltem
286 1541 344 1595 in
373 1541 612 1599 secundo
645 1557 831 1598 mense
859 1542 988 1599 illud
1020 1542 1206 1610 faciat,
1241 1546 1294 1601 id
1335 1554 1419 1601 est
1465 1547 1518 1601 in
1542 1561 1658 1617 pus-

87 1630 319 1698 nitentia,
350 1646 475 1702 quae
501 1643 624 1704 post
663 1632 1007 1705 naufragium
1035 1637 1273 1692 secunda
1326 1636 1506 1692 tabula
1547 1646 1653 1704 est,
1686 1631 1731 1691 Β

88 1720 282 1775 haedum
309 1723 664 1794 indulgentia:
686 1724 975 1794 percipiat.
1456 1726 1459 1729 ’

145 1809 354 1867 XXXII.
388 1813 533 1878 IIa:c,
564 1822 622 1868 et
661 1815 768 1869 alia
810 1814 980 1871 multo
1027 1815 1182 1886 plura
1233 1816 1566 1875 Paschasius
1588 1834 1653 1875 ex

86 1901 227 1956 dictis
244 1900 478 1956 Patrum
523 1903 591 1957 ad
626 1905 988 1961 reverentiam
1020 1907 1194 1963 sancti
1232 1909 1477 1980 mysterii
1506 1925 1659 1966 eom-
1690 1906 1691 1909 “

86 1993 453 2058 meudandam,
472 2002 635 2064 atque
651 1994 902 2065 majestat
921 1996 1129 2068 emejus
1149 2000 1653 2070 demonstrandam,

85 2086 412 2156 conscripsit.
449 2085 578 2153 Quae
610 2088 655 2143 si
691 2088 814 2159 quis
850 2090 977 2146 licet
1005 2091 1210 2148 sciolus
1252 2092 1468 2165 legerit,
1501 2103 1656 2151 tanta

84 2177 456 2245 credo'diseet,
485 2188 544 2234 ut
569 2178 636 2235 de
678 2181 782 2236 hoc
813 2183 1077 2255 mysterio
1106 2199 1297 2253 parum
1339 2200 1398 2240 se
1427 2195 1655 2243 eatenus

84 2270 390 2342 cognovisse
439 2281 610 2343 putet.
647 2274 843 2329 Verum
888 2276 993 2330 isto
1047 2284 1292 2346 tempore
1318 2278 1460 2347 quod
1492 2279 1654 2335 nimis

85 2361 357 2417 dolendum
399 2372 503 2429 est,
552 2363 628 2419 ita
675 2377 1081 2420 sacrosanctum
1134 2367 1278 2422 istud
1334 2370 1650 2440 mysterium

87 2451 133 2504 in
157 2460 470 2523 contemptu
513 2454 806 2522 illudimus,
840 2465 1098 2526 tanquam
1137 2474 1245 2513 non
1276 2458 1350 2514 sit
1374 2458 1533 2514 Pater
1558 2459 1651 2529 qui

86 2542 324 2597 honorem
348 2542 477 2597 Filii
504 2544 586 2598 sui
615 2542 741 2600 Iesu
770 2555 978 2616 quaerat
1000 2555 1056 2602 et
1087 2546 1312 2617 judicet.
1343 2549 1419 2603 Ita
1452 2551 1654 2606 veritas

82 2644 336 2705 prostrata
371 2647 479 2705 est,
511 2638 738 2695 utsicut
770 2641 823 2695 in
860 2641 1086 2698 Daniele
1114 2643 1334 2709 dicitur,
1364 2643 1648 2700 abomina-

85 2732 263 2786 tionem
306 2733 369 2787 in
401 2732 599 2802 templo
634 2732 729 2789 Dei
761 2733 877 2789 ﬁeri
907 2735 1208 2792 videamus.
1256 2735 1522 2791 Caeterum
1550 2751 1650 2807 pro

88 2822 307 2892 ejusdem
325 2827 577 2898 mysterii
598 2829 900 2883 reverentia
922 2829 1348 2885 commendanda
1374 2831 1644 2901 quasdam,

82 2920 119 2973 si
139 2920 326 2989 placet,
358 2921 610 2992 exempla
631 2920 994 2993 proferamus.
1021 2920 1161 2976 Dicit
1184 2931 1405 2978 sanctus
1439 2921 1645 2994 Grego-

82 2983 180 3066 rius
212 2983 547 3069 Turonensis
595 2983 652 3068 ni
704 3011 857 3069 libris
906 3010 1292 3069 Miraculornm
1321 3013 1388 3068 de
1414 2983 1651 3084 quodam
1679 2983 1725 3044 ϐ

80 3104 404 3175 presbytero,
459 3105 549 3159 cui
590 3104 647 3159 in
694 3104 975 3162 Dominica
1029 3106 1375 3163 solemnitate
1424 3116 1654 3178 propter

80 3211 217 3253 suam
252 3212 545 3270 personam
576 3212 898 3254 concessum
948 3198 1129 3255 fuerat
1167 3209 1227 3255 ut
1257 3201 1478 3256 missam
1511 3202 1654 3256 cele—

78 3289 267 3357 hraret,
297 3290 395 3362 qui
426 3290 610 3346 statim
645 3299 707 3345 nt
737 3291 807 3346 ad
841 3292 1276 3363 communicandi
1309 3293 1499 3348 horam
1532 3310 1650 3363 per-

78 3381 228 3446 venit,
257 3396 387 3436 mox
414 3380 673 3450 epilepsia
701 3382 1123 3450 comprehensus
1145 3382 1356 3438 corruit
1391 3398 1650 3454 spumans

76 3484 385 3542 sacramque
417 3470 741 3541 particulam
790 3470 859 3526 ab
887 3486 984 3527 ore
1026 3472 1339 3543 projiciens,
1385 3473 1478 3544 qui
1533 3474 1649 3545 ipsa

77 3572 236 3626 nocte,
268 3564 415 3619 sicut
439 3562 684 3634 plerique
710 3562 893 3618 testati
921 3573 1069 3630 sunt,
1097 3562 1280 3619 ebrius
1304 3562 1497 3619 fuerat.
1515 3564 1648 3620 Item

75 3649 177 3719 ipse
210 3650 275 3707 de
321 3652 563 3723 quodam
594 3651 782 3707 infami
824 3652 1078 3723 diacono,
1112 3654 1241 3723 quia
1270 3653 1398 3709 dum
1429 3670 1648 3725 capsam

75 3759 183 3798 eum
202 3760 435 3817 corpore
450 3744 662 3799 Domini
690 3743 947 3812 deferret,
971 3746 1038 3802 dc
1061 3746 1311 3803 manibus
1335 3745 1520 3816 elapsa
1542 3754 1647 3812 est,

74 3847 120 3890 ct
141 3853 229 3906 per
239 3852 427 3895 aerem
445 3850 606 3908 super
619 3837 792 3894 altare
809 3853 1048 3894 reversa.
1068 3836 1304 3893 Sanctus
1319 3853 1446 3894 vero
1459 3836 1652 3894 Hiero-

74 3941 250 3998 nynius
276 3930 331 3984 in
360 3930 508 3984 vitas
534 3929 755 3985 Patrum
783 3929 851 3986 de
879 3930 1041 3986 beato
1082 3928 1308 4000 Eulogio
1338 3929 1491 3997 dicit,
1515 3944 1649 4000 quo-

73 4019 203 4073 niam
225 4036 352 4076 cum
371 4020 585 4076 videret
605 4021 869 4091 quosdam
895 4035 963 4076 ex
988 4021 1270 4078 monachis
1292 4020 1535 4078 volentes
1554 4036 1653 4077 ac-

73 4110 253 4179 cedere
275 4111 348 4167 ad
374 4112 811 4168 eonnnunionem
859 4112 1083 4168 retinuit
1128 4126 1244 4179 eos,
1302 4112 1528 4168 dicens:
1561 4113 1644 4168 'I‘u

73 4199 294 4259 habuisti
323 4203 430 4259 hac
473 4212 632 4260 nocte
664 4201 1040 4260 fornicationis
1067 4204 1428 4270 desiderium;
1462 4213 1518 4260 tu
1557 4219 1650 4261 ve-

72 4290 350 4361 rodixisti,
389 4291 536 4348 Nihil
569 4293 801 4349 interest
847 4293 963 4350 sive
998 4294 1180 4364 justus
1227 4294 1342 4351 sive
1390 4303 1647 4367 peccator
1675 4333 1726 4394 υ

73 4383 131 4437 ad
184 4396 586 4443 sacramentum
638 4387 902 4454 accedat,
950 4397 1006 4442 et
1065 4386 1205 4444 alius
1249 4388 1644 4444 dubitationem

72 4479 247 4537 habuit
273 4482 328 4537 in
357 4482 524 4538 corde
553 4481 738 4538 dicens
765 4499 780 4535 :
818 4479 958 4549 Quid
977 4481 1122 4537 enim
1167 4497 1253 4537 me
1300 4482 1647 4539 sanctillcare

72 4572 368 4628 communio
420 4572 648 4643 potest?
692 4570 804 4627 Hos
846 4584 977 4643 ergo
1044 4552 1285 4643 singulos
1334 4570 1648 4626 removebat

73 4674 99 4715 a
125 4663 499 4718 communione
565 4661 929 4730 sacramenti,
990 4660 1161 4717 donec
1211 4660 1486 4732 paululum
1549 4672 1648 4731 per

71 4752 432 4821 penitentiam
476 4764 531 4812 et
557 4755 829 4828 lacrymas
866 4755 1303 4828 purilicarentur.
1327 4755 1459 4812 Item
1502 4754 1644 4810 idem

73 4844 225 4901 refert
248 4846 318 4903 de
348 4856 537 4904 sancto
572 4848 888 4913 Machariu,
933 4849 1078 4919 quod
1114 4864 1180 4905 eo
1232 4856 1477 4921 tempore
1521 4862 1645 4904 cum

74 4933 257 4995 fratres
294 4939 364 4995 ad
405 4939 801 5012 suscipiendam
834 4939 1217 4996 eucharistiam
1249 4939 1644 5002 accessissent,

73 5029 257 5087 viderit
282 5033 338 5087 in
364 5034 717 5103 quorumdam
744 5030 993 5086 manibus
1017 5031 1409 5103 praavenientes
1430 5027 1649 5086 Ethio-

72 5134 159 5191 pes
185 5120 447 5182 carbunes
478 5128 776 5197 deponere,
822 5140 1018 5195 corpus
1043 5136 1224 5183 autem
1247 5123 1458 5181 Domini
1501 5120 1647 5194 quod

71 5216 315 5270 sacerdos
345 5214 467 5279 dare
491 5215 783 5272 videbatur
806 5214 982 5271 redire
1012 5218 1079 5271 ad
1106 5217 1280 5273 altare
1306 5231 1321 5269 :
1363 5215 1486 5272 aliis
1508 5226 1642 5269 vero

69 5307 307 5376 angelum
364 5308 574 5389 Domini
638 5321 763 5363 cum
827 5323 987 5362 manu
1059 5308 1359 5367 sacerdotis
1422 5294 1645 5365 sacrant

1008 147 1539 211 εοιιεοίἰοΝωι
1585 149 1762 207 LIBRI
1801 153 2002 213 τηις.
2041 187 2111 198 -
2151 158 2277 215 LIB.
2317 158 2381 214 II.

3243 169 3348 226 ΠΒ

1769 265 1926 338 iuxta
1950 266 2145 334 altare,
2176 278 2233 324 et
2260 271 2618 338 quorumdam
2643 273 3034 330 monachorum
3079 277 3171 347 qui
3198 294 3360 337 arce-

1771 359 1974 414 dcbant
2001 361 2219 414 nomina
2262 362 2588 419 scribentem
2620 364 2674 418 in
2722 364 2861 420 libro
2896 382 3059 438 quem
3118 372 3357 435 tenebat,

1769 455 1824 503 et
1843 449 2203 518 quorumdam
2260 465 2366 505 non
2397 452 2744 510 scribentem.
2796 455 2943 523 Quos
3002 472 3125 513 cum
3177 461 3362 517 senior

1768 547 2053 605 notasset,
2116 555 2555 611 unumquemque
2608 558 2856 601 seorsum
2904 546 3251 618 disquisivit,
3304 560 3359 606 et

1768 632 1975 689 invenit
2026 633 2080 687 in
2133 634 2361 705 singulis
2420 637 2649 692 mortale
2706 647 3013 708 peccatum.
3070 641 3220 709 Quos
3284 647 3354 701 ad

1765 723 2147 790 paenitentiam
2210 725 2529 781 exhortatos
2591 728 2777 786 tandiu
2823 744 2945 787 cum
3017 730 3099 786 eis
3165 731 3348 797 flevit,

1766 812 1940 871 donec
1961 815 2253 886 aliquando
2276 816 2487 872 videret
2530 833 2627 875 eos
2657 833 2781 874 cum
2814 822 3028 878 caeteris
3058 824 3278 881 ascribi.

1836 995 2085 1055 XXXIII.
2148 996 2294 1052 Inter
2349 996 2532 1053 omnia
2581 1007 2762 1054 tamen
2828 1010 3051 1070 peccata
3117 1004 3354 1065 inaximo

1763 1091 2032 1149 discordia
2062 1097 2117 1146 et
2139 1088 2350 1143 luxuria
2376 1099 2623 1159 gravant.
2644 1090 2777 1146 Nam
2793 1094 2860 1146 de
2872 1091 3145 1149 discordia
3164 1094 3353 1150 Domi-

1764 1201 1865 1241 nus
1895 1185 2009 1256 ipse
2054 1184 2172 1239 ait:
2213 1180 2277 1239 Si
2321 1182 2476 1252 oﬂ'ers
2513 1199 2705 1238 munus
2745 1194 2895 1240 tuum
2940 1186 3010 1240 ad
3048 1185 3254 1253 altare,
3301 1200 3351 1244 et

1763 1276 2066 1332 recordatus
2092 1275 2256 1345 fueris
2283 1274 2410 1344 quia
2433 1276 2596 1343 frater
2621 1284 2743 1329 tuus
2762 1276 2916 1331 habet
2937 1276 3139 1345 aliquid
3167 1278 3353 1335 adver-

1760 1383 1878 1421 sum
1904 1376 1972 1433 te,
2002 1365 2233 1436 relinque
2261 1365 2333 1417 ibi
2362 1380 2553 1420 munus
2574 1374 2724 1421 tuum
2754 1377 2877 1422 ante
2919 1368 3108 1433 altare,
3152 1378 3201 1424 et
3224 1372 3354 1427 uade

1759 1460 1906 1529 prius
1931 1457 2262 1512 reconciliari
2314 1455 2471 1526 fratri
2509 1467 2602 1512 tuo
2632 1457 2849 1530 (Matth.
2900 1475 2953 1525 v,
2977 1460 3213 1534 πίει).
3273 1463 3353 1520 De

1761 1564 1869 1621 quo
1896 1550 2039 1605 sicut
2075 1547 2135 1603 S.
2184 1547 2482 1618 Gregorius
2535 1548 2776 1610 fatetur,
2826 1553 3165 1620 pensandum
3215 1562 3340 1618 est,

1758 1650 1961 1708 quanta
1989 1640 2144 1710 culpa
2174 1640 2248 1695 sit
2269 1639 2561 1705 discordia,
2588 1649 2810 1712 propter
2827 1642 2969 1712 quod
2988 1642 3116 1698 illud
3149 1652 3348 1700 munus

1760 1731 2057 1802 respuitur,
2096 1743 2205 1801 quo
2229 1728 2409 1785 omnis
2435 1728 2541 1784 alia
2567 1730 2724 1801 culpa
2768 1732 2901 1785 solvi
2935 1735 3237 1788 consuevit.
3266 1732 3347 1790 De

1759 1824 1972 1880 luxuria
2003 1837 2136 1880 vero
2161 1837 2259 1894 per
2287 1822 2391 1878 hoc
2416 1832 2661 1894 apparet,
2690 1826 2815 1892 quia
2864 1823 2995 1879 nulli
3044 1833 3154 1880 tam
3172 1852 3177 1859 ι
3198 1826 3344 1896 peri-

1758 1916 1941 1973 cquse
1984 1916 2089 1973 hoc
2134 1918 2451 1989 mysterium
2497 1917 2820 1989 contingunt
2861 1933 3024 1989 quam
3054 1918 3339 1976 luxuriosi.

1757 2008 1913 2076 Quod
1947 2007 2002 2062 in
2026 2008 2355 2064 discretione
2374 2007 2635 2063 virtutum
2658 2007 2857 2076 quibus
2882 2008 3333 2079 participesejus

1757 2096 2003 2169 mysterii
2031 2095 2235 2166 pollere
2264 2096 2483 2161 debent,
2507 2096 2683 2166 primo
2724 2096 2846 2152 loco
2901 2099 3140 2168 ponitur.
3170 2097 3350 2156 Renes

1755 2196 1966 2244 vestros
1986 2188 2303 2259 accingetis,
2342 2202 2574 2257 quorum
2611 2196 2887 2243 scrutator
2940 2197 3026 2244 est
3073 2190 3218 2245 Deus
3243 2232 3258 2255 ,
3290 2203 3346 2246 et

1757 2277 1846 2332 uhi
1870 2276 2040 2332 virtus
2071 2276 2286 2332 Satanre
2312 2285 2417 2332 est.
2441 2275 2561 2344 Quo
2586 2285 2775 2331 contra
2799 2277 3095 2334 Zacharias
3124 2281 3348 2336 castita-

1758 2374 1865 2422 tem
1908 2366 2347 2437 participantiutn
2402 2366 2716 2433 admirans,
2776 2374 2940 2437 atque
2986 2367 3133 2436 ipsas
3181 2367 3344 2438 hujus

1755 2457 2001 2528 mysterii
2022 2458 2229 2527 species
2257 2456 2569 2529 designans,
2600 2457 2715 2511 ait:
2756 2455 2826 2510 Et
2847 2457 2975 2528 quid
3022 2457 3213 2512 bonum
3262 2468 3341 2514 est

1758 2553 1873 2619 Dei,
1896 2562 1944 2608 et
1972 2553 2100 2625 quid
2121 2552 2398 2623 pulchrum
2425 2553 2540 2623 ejus
2564 2552 2664 2607 nisi
2686 2552 3006 2623 frumentum
3034 2551 3339 2619 electorum,

1754 2654 1802 2698 et
1828 2644 2005 2699 vinum
2031 2645 2331 2714 germinans
2356 2644 2579 2713 virgines
2604 2641 2792 2715 (Zaclr.
2839 2659 2893 2700 rx
2919 2684 2936 2707 ,
2978 2644 3105 2713 I7)?
3136 2644 3330 2715 Liquet

1755 2741 1934 2790 autem
1964 2732 2251 2805 plerosque
2271 2733 2435 2790 veluti
2464 2749 2591 2791 sues
2634 2734 2942 2790 immundus
2967 2735 3035 2789 ad
3071 2722 3176 2790 hoc
3215 2737 3337 2793 sine

1754 2824 2066 2896 praeiudicio
2090 2834 2271 2882 reatus
2292 2826 2374 2880 sui
2399 2827 2678 2891 accedere,
2704 2826 2805 2883 ista
2845 2826 3071 2897 pedibus
3098 2827 3334 2884 calcare.

1757 2917 2026 2973 Verentur
2068 2917 2520 2973 enim‘humanis
2577 2931 2763 2973 coram
2814 2917 3092 2973 obtutibus
3159 2919 3335 2989 magis

1756 3021 1911 3061 suam
1939 3006 2321 3063 verecundiam
2342 3016 2562 3078 portare
2587 3047 2603 3074 ,
2635 3022 2799 3078 quam
2828 3022 3011 3063 coram
3053 3007 3337 3077 majestate

1756 3097 1939 3154 divina
1961 3107 2017 3156 et
2043 3098 2284 3155 omnium
2320 3108 2636 3155 sanctorum
2676 3099 2964 3170 praesentia
3009 3101 3337 3158 temeritatis

1754 3188 2016 3247 olfeusam
2072 3191 2374 3247 incurrere.
2407 3190 2616 3259 Quibus
2665 3190 2912 3262 profecto
2951 3192 3134 3247 cordis
3182 3192 3339 3247 indu-

1752 3282 1893 3336 ratio
1920 3295 2043 3336 cum
2070 3296 2171 3337 nec
2199 3297 2258 3337 se
2280 3281 2581 3353 corrigunt,
2609 3296 2710 3337 nec
2735 3281 2830 3337 Dei
2867 3281 3160 3338 visitantur
3214 3284 3328 3353 pie-

1754 3372 1884 3429 tatis
1908 3371 2155 3438 verbere,
2173 3371 2287 3443 jam
2331 3386 2493 3442 pinna
2531 3373 2739 3444 peccati
2766 3380 2850 3428 est
2898 3380 2955 3426 et
2997 3381 3345 3442 contemptus

1751 3464 2038 3536 superbiae.
2067 3462 2126 3520 Si
2173 3464 2318 3519 enim
2364 3463 2432 3518 de
2478 3461 2833 3519 Bethsamitis
2868 3463 3212 3535 septuaginta
3252 3480 3340 3519 se-

1752 3557 1957 3622 niores,
1988 3554 2455 3625 etquinquaginta
2483 3554 2648 3609 millia
2678 3554 2853 3625 plebis
2892 3554 3136 3624 percussi
3189 3564 3332 3617 stmt,
3391 3614 3402 3629 δ

1750 3661 1817 3701 eo
1844 3648 1988 3717 quod
2019 3646 2264 3702 viderent
2315 3661 2496 3701 arcam
2520 3647 2613 3701 Dei
2637 3686 2653 3710 ,
2694 3646 2865 3702 multo
2890 3647 3064 3717 magis
3094 3645 3207 3712 isti,
3234 3646 3338 3705 nisi

1752 3738 2102 3808 resipnerint,
2134 3735 2462 3792 aeternaIiter
2503 3736 2773 3807 plectendi
2820 3744 2983 3801 sunt,
3031 3736 3173 3792 sicut
3216 3737 3337 3807 ipse

1752 3839 1983 3888 testatur
2028 3846 2125 3903 per
2162 3830 2441 3907 Moysem:
2476 3826 2662 3884 Omnis
2704 3829 2796 3901 qui
2834 3829 3112 3883 accesserit
3159 3830 3229 3882 ad
3266 3846 3329 3884 ea

1748 3940 1868 3996 quae
1893 3923 2222 3993 sanctiﬁcata
2257 3931 2399 3986 sunt,
2429 3922 2483 3976 in
2504 3938 2606 3994 quo
2635 3932 2710 3976 cst
2746 3920 3080 3976 inmunditia
3104 3961 3121 3988 ,
3147 3921 3335 3992 peribit

1750 4031 1929 4070 coram
1957 4012 2183 4069 Domino
2212 4009 2400 4085 (Lavit.
2433 4026 2572 4077 xm,
2616 4010 2697 4081 ὅ).
2737 4009 2877 4079 Quid
2913 4024 3046 4082 ergo
3082 4009 3128 4066 si
3173 4024 3334 4081 poma

1751 4102 2016 4170 differtur,
2061 4117 2241 4158 nonne
2292 4102 2407 4157 haec
2441 4101 2720 4173 designata
2773 4109 2902 4157 sunt
2952 4100 3007 4155 in
3064 4101 3339 4158 thesauris

1750 4197 1845 4253 Dei
1870 4197 1894 4252 ?
1917 4196 2236 4252 Considerat
2261 4194 2405 4249 enim
2436 4194 2727 4249 novissima
2769 4208 2992 4260 eorum,
3045 4203 3100 4251 et
3147 4186 3339 4250 reddet

1752 4289 2012 4345 ultionem
2082 4287 2329 4342 hostibus
2376 4285 2511 4340 suis.
2555 4284 2665 4341 Nec
2716 4286 3154 4357 praetereundum
3190 4288 3334 4357 quod

1751 4381 1971 4451 quidam
2002 4380 2075 4434 ita
2095 4376 2379 4434 diabolicis
2405 4375 2747 4433 iliusionihus
2776 4375 3072 4444 falluntur,
3115 4388 3175 4432 ut
3214 4394 3339 4434 cre-

1753 4470 1883 4546 dant
1911 4474 2054 4547 quod
2081 4474 2328 4545 quamvis
2375 4471 2430 4528 in
2470 4472 2709 4544 peccatis
2753 4474 2869 4530 suis
2904 4472 3147 4543 jaceant,
3195 4474 3341 4529 illius
3394 4503 3403 4513 -

1753 4580 1933 4632 tamen
1963 4568 2293 4624 sacrosancti
2322 4565 2428 4622 eihi
2454 4580 2520 4621 ac
2548 4573 2709 4637 potus
2734 4567 3079 4638 perceptione
3102 4580 3338 4636 purgen-

1754 4671 1885 4717 tur:
1922 4668 2114 4715 contra
2143 4672 2281 4729 quos
2326 4672 2423 4727 per
2460 4658 2779 4728 prophetam
2825 4657 3071 4715 dicitur:
3105 4654 3340 4709 Dilectus

1751 4769 1895 4809 meus
1921 4753 1976 4808 in
2014 4752 2170 4806 domo
2197 4766 2312 4806 mea
2350 4760 2597 4822 operatus
2634 4758 2711 4805 est
2741 4749 2884 4806 male
2909 4749 3043 4825 (Jer.
3090 4762 3145 4800 XI
3171 4786 3188 4810 ,
3231 4745 3344 4813 I5).

1753 4842 2006 4914 Nunquid
2068 4855 2265 4897 carnes
2324 4848 2531 4897 sancta:
2595 4837 2953 4899 mundsbum
3016 4833 3166 4890 illum
3200 4830 3350 4885 γει

1752 4935 1882 4991 item
1949 4935 2090 4991 alius
2155 4935 2222 4990 de
2292 4932 2380 4987 his
2447 4932 2541 5005 qui
2609 4929 2829 5002 plorant
2927 4926 3140 5006 quidem
3168 4956 3186 4983 ν
3252 4919 3361 5006 sed

1751 5029 2022 5100 laerymas
2083 5041 2212 5082 suas
2284 5024 2583 5094 pollutione
2640 5020 3000 5089 maculant.
3059 5012 3200 5105 imi
3233 5005 3372 5105 ορατ

1752 5092 1966 5175 ricbatis
1997 5116 2248 5187 lacrymis
2281 5112 2458 5172 altare
2483 5127 2684 5175 meum,
2710 5107 2798 5162 scd
2853 5126 3003 5177 non
3034 5093 3289 5187 respiciam
3315 5092 3381 5146 ad

1748 5210 2075 5278 sacri/icium
2101 5184 2131 5270 ,⁷
2173 5221 2281 5262 non
2301 5208 2565 5279 accipiam
2583 5197 2848 5275 placabile
2963 5190 3089 5277 quid
3237 5198 3393 5286 manu

1746 5273 1916 5354 vestra
1948 5296 2176 5372 (Malae.
2204 5313 2269 5361 Il,
2302 5273 2433 5367 13).
2453 5273 2710 5366 Quisquis
2731 5301 2885 5357 ergo
2950 5273 3009 5357 ίίι
3030 5273 3273 5341 sordibus
3298 5282 3400 5372 est.

2993 5395 3004 5400 -
3062 5384 3123 5400 ΑΛ
3159 5376 3251 5400 “nn
3259 5370 3371 5400 Dn!“
3381 5375 3413 5400 n
