3934 5400
595 153 700 211 8ῗο

594 266 894 332 munditia,
924 265 968 321 si
1019 272 1241 336 quoque
1293 265 1458 320 modo
1513 263 1732 320 demum
1790 264 1970 319 valeat
2013 273 2175 322 tanta

597 357 937 413 reconciliari
965 356 1153 426 gratia:
1182 355 1309 410 licet
1333 351 1574 410 oﬂ‘ensm.

667 445 904 503 XXXIV.
962 446 1072 502 Nec
1122 445 1556 516 praetereundum
1629 445 1771 514 quod
1818 445 2035 514 quidam
2069 446 2172 502 sihl

595 541 735 596 male
763 540 988 606 conscii,
1015 540 1142 595 dum
1179 538 1460 593 continere
1497 552 1555 592 se
1583 537 1863 608 negligant
1884 576 1900 601 ,
1927 554 1957 590 a
1985 546 2175 592 sancto

594 633 858 707 mysterio
885 648 1102 688 cessare
1130 632 1357 694 malunt,
1386 639 1442 684 et
1475 629 1667 684 melius
1715 629 1930 699 quidem
1976 638 2064 684 est
2117 637 2176 682 ut

591 731 827 785 cessent,
857 721 952 775 sed
977 735 1083 775 non
1131 719 1342 783 vivunt,
1393 718 1518 788 quia
1575 719 1677 772 nisi
1734 719 2174 773 manducaveritis

592 829 804 868 carnem
827 813 928 882 ﬁlii
953 812 1202 878 hominis,
1227 827 1330 865 non
1363 809 1614 864 habebitis
1662 810 1820 864 vitam
1864 807 2046 880 (Joan.
2097 825 2171 874 v1,

589 907 706 976 54).
737 905 878 975 Quid
908 907 1053 961 enim
1081 906 1314 976 indignis
1337 903 1514 960 obicio
1543 920 1757 960 cessare
1782 904 2034 974 expediat
2067 920 2172 958 non

592 998 765 1054 solum
793 997 1004 1052 ratione
1031 996 1373 1051 auctoritatis
1403 995 1618 1058 divinas,
1648 995 1740 1050 sed
1772 995 1936 1048 etiarn
1983 1009 2173 1049 exem-

571 1088 694 1159 plis
719 1087 1040 1159 plerumque
1065 1095 1422 1141 monstratur.
1462 1085 1542 1139 Ex
1579 1084 1776 1152 quibus
1805 1083 2006 1152 aliquid
2025 1098 2175 1138 com-

591 1193 976 1234 memoremus.
1027 1175 1286 1232 Testatus
1335 1185 1420 1230 est
1485 1174 1614 1229 mihi
1681 1173 1823 1246 Bego
1883 1174 2176 1230 canonieus

591 1270 765 1325 sancti
791 1267 1005 1323 Martini
1038 1268 1104 1323 de
1140 1267 1375 1338 quodam
1423 1265 1725 1329 sacerdote,
1775 1266 1868 1334 qui
1922 1281 2044 1319 cum
2090 1265 2178 1320 die

591 1359 875 1416 Dominico
904 1359 972 1414 de
999 1365 1194 1412 venatu
1224 1357 1466 1419 redierit,
1521 1366 1577 1411 et
1623 1356 1844 1410 missam
1901 1355 2177 1410 celebrare

587 1450 1016 1524 pnesumpserit,
1047 1463 1171 1504 mox
1195 1457 1254 1502 ut
1276 1448 1342 1502 ad
1366 1447 1554 1502 horam
1582 1446 2013 1502 consecrationis
2042 1460 2174 1501 ven-

590 1549 706 1596 tum
745 1551 850 1605 est,
879 1539 998 1593 illas
1021 1553 1183 1594 voces
1212 1552 1349 1608 quas
1376 1545 1498 1608 post
1522 1551 1690 1592 canes
1727 1536 1980 1590 emittere
2030 1533 2176 1589 sole-

587 1630 703 1697 bat,
730 1629 1023 1686 inclamare
1054 1643 1220 1700 super
1241 1636 1485 1684 sanctum
1511 1626 1684 1680 altare
1729 1625 1915 1696 cepit.
1966 1624 2073 1680 Sed
2121 1631 2177 1678 et

587 1723 728 1779 alius
751 1724 860 1780 Leo
893 1724 1109 1780 nomine
1131 1721 1362 1779 venandi
1391 1721 1839 1776 consuetudinem
1897 1719 2168 1776 habebat:

588 1817 684 1886 qui
716 1825 915 1870 tamem
965 1829 1156 1870 amens
1205 1813 1381 1869 factus
1442 1823 1542 1874 est.
1595 1821 1649 1867 et
1693 1825 1788 1882 per
1830 1812 1997 1866 multa
2051 1810 2170 1865 loca

588 1917 902 1963 sanctorum
935 1905 1220 1968 deductus,
1252 1905 1468 1960 tandem
1516 1914 1734 1974 reperto
1779 1919 1942 1958 sensu
1987 1911 2173 1958 noster

589 1997 891 2052 monachus
914 1998 1090 2051 factus
1115 2005 1235 2050 est:
1261 2005 1316 2049 et
1340 2004 1399 2048 ut
1423 1995 1537 2064 ipse
1568 1995 1698 2059 vidi,
1741 1995 1795 2048 in
1845 2003 2054 2049 tantum
2083 2009 2176 2047 us-

588 2101 697 2156 que
726 2093 794 2139 ad
823 2085 984 2140 linem
1020 2084 1270 2155 religiose
1294 2092 1647 2138 conversatus
1670 2090 1776 2146 est,
1828 2091 1887 2135 ut
1921 2080 2165 2150 nequem

593 2187 676 2232 ter
702 2192 824 2231 cum
856 2176 1002 2231 solus
1027 2183 1211 2231 oraret
1236 2173 1457 2244 capillos
1485 2174 1587 2228 sibi
1615 2174 1901 2228 detrahere
1953 2173 2170 2228 soleret.

590 2267 744 2335 Quod
776 2267 940 2322 etiam
969 2266 1056 2321 ille
1083 2283 1113 2320 a
1138 2275 1327 2320 sancto
1356 2265 1648 2320 Benedicto
1669 2275 1892 2320 curatus
1939 2279 2038 2319 suo
2084 2263 2174 2317 de-

589 2366 862 2413 monstrat
900 2358 1144 2412 interitu.
1174 2356 1276 2423 Qui
1308 2371 1432 2411 cum
1485 2355 1780 2426 postposita
1822 2357 1940 2425 ejus
1988 2355 2174 2424 prohi-

585 2447 794 2502 bitione
820 2462 1037 2502 sacrum
1066 2448 1167 2501 hoc
1196 2445 1429 2500 ollicium
1476 2447 1753 2514 suscipere
1797 2445 2173 2516 praesumpsisd-

589 2549 696 2604 set,
725 2554 850 2594 mox
881 2538 1114 2593 daemoui
1141 2537 1373 2592 traditus
1403 2546 1568 2592 estet
1615 2549 1785 2606 usque
1831 2536 1900 2590 ad
1943 2545 2172 2590 mortem

589 2639 838 2684 vexatus.
865 2627 1118 2684 Nonnulli
1144 2643 1274 2682 vero
1301 2627 1557 2682 vanitatis
1611 2627 1790 2681 studio
1842 2626 2029 2692 dediti,
2077 2641 2174 2681 aus

595 2719 732 2772 ratis
763 2708 818 2772 et
839 2717 1114 2771 accuratis
1140 2717 1381 2770 vestibus
1407 2723 1464 2769 et
1510 2715 1654 2769 vasis
1705 2715 1923 2783 pretiosi
1969 2714 2172 2770 metalli

589 2805 660 2861 ad
683 2807 784 2860 hoc
800 2813 1045 2860 sanctum
1068 2804 1382 2875 mysterium
1404 2802 1786 2858 celebrandum
1811 2803 2170 2860 delectantur.

1557 153 1614 207 8.
1653 152 1905 211 000le
1939 151 2235 209 ABBATIS
2268 151 2768 210 οιυΝιΑοεκειε
2805 155 2850 212 ιι

2204 278 2249 337 Α
2279 265 2476 321 divinis
2501 264 2674 321 oculis
2697 271 2977 329 ornarent,
3001 273 3060 320 ut
3084 264 3301 336 quidam
3325 257 3534 323 Patru‘ti'i
3548 269 3609 323 sit
3631 310 3643 334 ,
3663 275 3745 340 quis

2275 356 2331 409 in
2366 355 2468 410 hoc
2499 364 2687 410 sancto
2709 370 2893 427 opere,
2925 369 3029 410 non
3060 355 3395 419 vestimenta,
3417 357 3502 411 sed
3521 358 3651 413 corda
3671 377 3748 415 nu-

2275 445 2439 500 tanda
2468 455 2613 500 sunt.
2645 445 2799 509 Nam,
2828 455 2889 500 ut
2923 447 3114 500 beatus
3155 445 3500 516 Hieronymus
3526 448 3574 502 iu
3593 452 3746 520 epistol:

2275 535 2341 589 ad
2378 534 2656 588 Rusticum
2682 543 3032 606 protestatur,
3064 533 3192 588 nihil
3222 534 3312 590 illo
3338 535 3493 590 ditius
3520 537 3602 607 qui
3616 553 3751 609 corpus

2276 623 2490 678 Domini
2523 624 2766 678 catustro
2815 623 3082 686 viminco,
3148 623 3456 692 sanguinem
3495 636 3641 680 autem
3673 644 3751 684 me

2275 715 2451 769 vitreo
2478 723 2677 784 portat,
2705 715 2846 768 sicut
2871 714 3044 769 sancti
3073 713 3311 783 epiSCOpi
3352 714 3594 770 Caesarius
3626 717 3752 772 Arela-

2276 803 2461 867 lensis,
2515 813 2570 857 et
2621 803 2887 858 Eusebius
2925 802 3254 868 Tolosanus,
3301 805 3392 857 sed
3437 813 3488 858 et
3523 806 3753 862 Ambrosius

2276 891 2690 947 Mediolanensis
2720 923 2740 957 ν
2799 892 2890 961 qui
2942 905 3045 960 pro
3101 891 3462 962 redemptione
3509 894 3753 963 captivom

2275 996 2404 1036 suas
2424 966 2683 1036 ecclesias
2712 981 2784 1034 ita
2826 980 3188 1045 nudaveruut,
3215 980 3416 1048 ut°ipsa
3447 981 3629 1034 initiata
3662 998 3756 1048 vasa,

2276 1072 2445 1128 fracta
2486 1073 2738 1128 videlicet
2789 1087 2888 1142 pro
2938 1073 3019 1128 eis
3063 1073 3470 1127 venundarrnt:
3516 1074 3642 1128 valde
3675 1091 3756 1130 coa-

2276 1179 2469 1235 gruum
2516 1165 2869 1230 aestimantes,
2899 1173 3210 1234 ut-quorum
3239 1165 3431 1218 animae
3455 1179 3544 1234 per
3570 1165 3672 1221 illud
3688 1182 3760 1237 my-

2277 1255 2536 1320 sterium,
2565 1256 2709 1326 quod
2749 1257 2802 1310 in
2842 1256 3011 1312 calice
3053 1255 3136 1323 lit,
3181 1257 3252 1310 ab
3295 1266 3495 1311 aeterna
3537 1259 3760 1328 captivitsts

2276 1347 2576 1401 salvantur.
2597 1362 2786 1402 eorum
2814 1361 3064 1416 corpora,
3085 1347 3130 1401 si
3165 1361 3404 1410 necesse,
3433 1348 3502 1402 sit
3516 1363 3546 1402 a
3563 1348 3761 1419 temporali

2274 1438 2590 1508 captivitate
2649 1439 2914 1494 distracto
2961 1438 3130 1495 calice
3197 1439 3544 1494 redimantur.
3595 1439 3647 1494 lli
3682 1455 3762 1510 ergo

2276 1527 2412 1582 bene
2439 1527 2740 1592 immolant,
2773 1528 2867 1598 qui
2913 1527 3195 1584 avaritiam
3247 1530 3315 1584 de
3366 1529 3558 1600 templo
3599 1529 3762 1597 ejiciunt.

2209 1623 2249 1682 ll
2281 1619 2382 1688 Qui
2408 1630 2588 1676 autem
2622 1622 3020 1692 pulchritudine
3044 1637 3293 1678 vasorum
3337 1621 3421 1677 vel
3468 1623 3664 1677 vestium
3691 1633 3762 1678 stt-

2278 1711 2390 1776 det,
2417 1710 2486 1766 ad
2515 1711 2680 1769 solius
2703 1712 2796 1766 Dei
2824 1711 3033 1767 laudem
3059 1711 3113 1767 id
3135 1712 3323 1768 faciat.
3347 1712 3634 1768 Meminisse
3649 1720 3764 1768 tanta

2277 1800 2460 1866 debet,
2490 1803 2632 1872 quod
2652 1801 2912 1873 propheta
2937 1801 3004 1856 de
3029 1802 3403 1857 ministrorum
3436 1802 3664 1856 munditis
3685 1815 3758 1855 nu-

2277 1889 2359 1958 gis
2379 1890 2642 1946 sollicitus
2662 1901 2804 1957 erat,
2835 1891 2925 1960 qui
2956 1906 3063 1946 non
3089 1890 3259 1945 dixit;
3293 1889 3544 1946 Mundate
3585 1905 3681 1944 vasa
3700 1891 3764 1944 Do-

2281 1979 2433 2044 mini,
2463 1979 2578 2045 sed,
2610 1981 2939 2034 mundamini
2978 1981 3067 2051 qui
3116 1981 3263 2048 fertis
3298 1997 3427 2036 vasa
3472 1980 3655 2035 Domini
3683 1979 3766 2050 (iss.

2284 2087 2383 2138 ιιι,
2413 2072 2518 2143 ll).
2549 2072 2803 2128 Nonnulli
2835 2088 2988 2138 vero,
3024 2081 3082 2128 ut
3129 2074 3196 2129 de
3248 2083 3439 2130 nostro
3478 2072 3641 2128 ordine
3679 2071 3768 2126 dia-

2281 2178 2425 2230 mus,
2450 2163 2646 2232 quibus
2671 2178 2770 2219 nec
2833 2177 3054 2242 passum
3108 2164 3281 2233 pedis,
3333 2179 3440 2220 nec
3491 2163 3638 2234 ipsam
3673 2177 3768 2216 suam
3840 2208 3841 2242 ξ

2280 2253 2610 2308 voluntatem
2641 2253 2692 2308 in
2733 2262 3000 2324 potestate
3022 2268 3118 2308 sua
3154 2253 3361 2309 habere
3387 2250 3768 2322 permittitur,dt
3840 2250 3841 2282 ἰ

2278 2345 2513 2414 propriis
2545 2345 2773 2400 cistellis
2811 2353 3184 2414 s-amptuosum
3210 2343 3276 2398 ad
3299 2343 3532 2415 myteria
3551 2339 3770 2411 peragenda
3840 2389 3841 2392 η

2278 2434 3133 2503 producuntapparatum,quem
3180 2440 3376 2487 contra
3423 2428 3770 2486 consuetudinea

2278 2525 2722 2594 sanctionemque
2751 2534 3063 2580 sanctorum
3090 2523 3312 2578 Patrum
3367 2526 3437 2579 de
3469 2523 3635 2592 iniquo
3663 2535 3772 2572 ιιιιιιιο

2278 2631 2441 2671 mona
2469 2617 2782 2686 acquirunt,
2817 2625 2871 2670 et
2899 2615 3058 2685 quasi
3087 2615 3153 2670 ad
3176 2624 3434 2670 ornatum
3485 2611 3685 2670 ecclesia
3723 2620 3772 2660 re

2276 2709 2456 2764 licturi
2482 2709 2773 2779 possident.
2801 2707 3041 2776 Quorum
3068 2723 3208 2763 unus
3237 2707 3325 2763 ille
3357 2723 3457 2779 per
3481 2702 3617 2778 cujus
3655 2715 3772 2759 ores.-

2281 2803 2488 2858 sionem
2519 2803 2651 2874 (69).
2680 2801 3010 2858 Vizeliacum
3047 2816 3220 2872 nuper
3241 2801 3618 2856 monasterium
3651 2804 3712 2852 est
3741 2794 3772 2846 in

589 2897 694 2964 Qui
723 2897 863 2953 bene
893 2896 1110 2966 quidem
1135 2894 1397 2960 facerent,
1425 2893 1472 2948 si
1530 2893 1694 2950 corda
1734 2908 1831 2950 sua
1877 2894 2083 2964 pariter
2117 2894 2171 2950 in
2203 2905 2248 2967 ε
2281 2893 2498 2951 cineres
2521 2893 2826 2959 redactum,
2854 2907 3003 2955 cum.
3052 2891 3194 2947 sicut
3246 2891 3574 2954 audivimus,
3611 2887 3663 2940 de
3693 2896 3772 2937 cal-

660 3029 774 3098 (69)
823 3021 1566 3098 Viseliacum_nioitasterium.
1603 3025 1818 3098 Dicitur
1847 3035 1902 3080 et
1925 3025 2137 3098 rVizelia
2164 3055 2172 3066 ο

590 3093 682 3152 cus
711 3093 850 3167 apud
877 3097 1107 3167 l’etrum
1151 3095 1524 3167 Venerabiletn
1547 3134 1560 3158 ,
1603 3093 1897 3167 Yeziliacus
1923 3097 1976 3149 in
2007 3098 2169 3165 epist.

588 3163 817 3222 Joannis
864 3166 1134 3220 Sarisber.
1167 3175 1223 3219 et
1264 3163 1586 3218 Virzeliacus
1631 3165 1685 3217 in
1717 3165 2010 3233 diplomate
2041 3163 2173 3219 Pas-

589 3239 762 3292 chalis
785 3237 827 3292 ll
857 3237 923 3289 ad
951 3235 1236 3290 Altardum
1267 3237 1538 3288 abbatem.
1575 3253 1592 3285 ι
1629 3233 1966 3290 Fundatores
1989 3245 2171 3290 autent

589 3309 759 3370 illius,
792 3317 847 3360 ut
879 3306 1055 3372 inquit
1086 3306 1226 3358 idem
1272 3303 1546 3358 Paschalis
1567 3344 1580 3365 ,
1628 3305 1951 3358 exstiterunt
1979 3304 2170 3358 Gerul-

589 3380 691 3431 dus
717 3389 900 3432 comes
930 3376 1014 3428 vir
1036 3375 1424 3434 nobilissimus.
1451 3382 1505 3427 et
1531 3389 1666 3427 uxor
1690 3373 1810 3442 ejus
1841 3374 2010 3428 lletha
2036 3390 2050 3437 ;
2079 3373 2168 3443 qui

587 3457 646 3501 et
675 3448 850 3516 ipsum
881 3446 971 3514 pia
1000 3448 1285 3516 devotione
1317 3453 1372 3497 et
1421 3446 1724 3516 testamenti
1751 3444 2168 3516 continuatione

586 3513 748 3573 beato
805 3513 965 3569 Petro
1017 3515 1380 3583 apostolorum
1446 3513 1674 3582 principi
1741 3513 2087 3576 obtulerunt,
2145 3531 2162 3564 ι

588 3587 925 3656 temporibus
957 3585 1136 3656 Caroli
1183 3584 1329 3638 Calvi
1363 3584 1535 3652 regis,
1583 3599 1687 3656 non
1735 3583 1918 3656 Caroli
1957 3583 2168 3656 magni,

589 3652 729 3710 sicut
780 3656 943 3709 habet
990 3655 1349 3722 fragtueutum
1412 3662 1567 3722 vetus
1621 3652 1953 3707 I‘undatiouis
2012 3652 2171 3722 hujus

587 3727 845 3782 cmnobii.
895 3725 1046 3791 Quod
1079 3721 1294 3787 iaiaien,
1338 3723 1463 3792 quia
1503 3721 1754 3778 Nicolaus
1796 3721 2170 3786 Catnuzatius,

586 3798 672 3851 vir
700 3798 766 3850 de
800 3795 1124 3864 antiquitate
1160 3793 1295 3848 bene
1325 3794 1587 3864 meritus,
1636 3793 1766 3846 illud
1800 3792 1928 3864 mihi
1970 3795 2171 3864 perhu-

586 3868 822 3920 maniter
843 3875 898 3918 et
926 3863 992 3918 ad
1017 3865 1300 3918 utilitatem
1325 3863 1591 3934 publicam
1619 3863 2056 3926 communicavit,
2083 3863 2170 3917 hic

587 3938 824 3990 inseram
855 3935 1143 4002 integrum.

587 4005 862 4060 Fundatio
891 3999 1109 4058 cwuobii
1140 4001 1517 4056 Vezeliawusis
1543 4017 1608 4055 ea:
1627 3999 1970 4055 vetustissimo
1994 4002 2172 4056 codice

1149 4089 1248 4128 ms.
1277 4072 1600 4141 imperfecto.

664 4163 682 4197 ι
732 4143 1090 4213 Temporibus
1115 4142 1291 4198 Caroli
1340 4140 1513 4213 Magni
1563 4140 1904 4213 imperatoris
1945 4149 2004 4213 et
2027 4141 2172 4211 regis

587 4209 924 4271 Francorum
957 4215 1102 4267 circa
1151 4228 1351 4266 annum
1401 4209 1609 4265 Domini
1643 4209 1781 4276 ’82l,
1813 4209 2074 4266 Girardus
2096 4209 2170 4264 de

589 4285 895 4338 ltoussillon
942 4298 1124 4337 comes
1167 4281 1512 4336 Niverneusis
1537 4291 1592 4334 et
1631 4280 1828 4335 Berlha
1858 4280 1974 4348 ejus
2012 4297 2167 4344 uxor,

588 4355 757 4409 divini
805 4354 1039 4409 nominis
1093 4353 1336 4407 succensi
1394 4367 1619 4416 amore,
1665 4353 1732 4406 de
1770 4351 1925 4406 bonis
1976 4351 2089 4406 suis
2140 4367 2171 4404 a

521 4486 531 4495 ,
589 4441 802 4479 suumto
823 4424 1092 4495 largitore
1122 4422 1352 4495 collatis,
1388 4423 1774 4495 monasterium
1827 4422 1878 4495 in
1915 4421 2036 4495 loco
2076 4420 2167 4490 qui

589 4496 789 4547 dicitur
823 4492 1131 4562 Vezeliacus
1166 4492 1413 4562 intreguo
1441 4492 1787 4560 Burgundio),
1831 4493 1881 4545 in
1915 4492 2171 4562 honorem

591 4564 802 4619 Domini
836 4563 1001 4616 nostri
1048 4561 1172 4616 Jesu
1209 4560 1435 4616 Christi.
1471 4562 1572 4614 BB.
1604 4562 1983 4629 Apostolorum
2027 4560 2172 4615 Petri

588 4646 644 4691 et
676 4634 846 4696 Pauli,
865 4643 921 4688 ct
941 4633 1002 4685 Β.
1027 4632 1208 4686 Maria:
1231 4631 1568 4701 Magdaleucs
1597 4633 1923 4686 construxit.
1953 4631 2023 4686 Et
2046 4632 2172 4701 quia

591 4706 923 4760 territorium
959 4704 1100 4773 quod
1125 4700 1332 4756 dicitur
1354 4705 1418 4756 de
1462 4700 1774 4773 Viezcliaeo,
1823 4703 1874 4773 in
1908 4717 2018 4773 quo
2047 4700 2173 4755 eon-

589 4777 804 4831 Stt'uere
829 4771 1028 4828 dictum
1074 4773 1462 4827 monasterium
1496 4772 1548 4824 in
1590 4771 1728 4826 votis
1764 4772 2018 4835 habebat,
2055 4779 2175 4825 erat

590 4849 660 4902 de
693 4845 947 4899 domauio
982 4844 1132 4913 regni
1173 4842 1453 4906 Francize,
1497 4858 1618 4896 cum
1649 4842 1793 4896 dicto
1821 4842 2018 4913 Carolo
2050 4857 2174 4911 rege

590 4917 914 4992 Franciae‘et
939 4912 1285 4992 imperatore,
1305 4913 1640 4992 permutavit
1662 4928 1783 4992 cum
1813 4912 2084 4992 territorio
2106 4913 2172 4966 ad

592 4988 795 5040 dictum
843 4982 1132 5042 Girardum
1178 4982 1482 5053 pertinente
1517 4984 1818 5053 vulgariter
1845 4983 1993 5038 dicto
2023 4982 2176 5038 Mons

591 5055 810 5125 [legalis
837 5071 959 5109 eum
993 5052 1278 5125 territorio
1295 5055 1363 5106 de
1395 5052 1678 5125 Vezeliaeo
1697 5092 1713 5118 ,
1747 5053 1904 5125 quod,
1931 5067 2177 5125 annuens

591 5122 1042 5194 praedictusimp.
1088 5123 1349 5194 Girardus
1376 5137 1559 5176 comes
1591 5122 1941 5194 Niveruensis
1966 5131 2024 5177 et
2059 5122 2176 5192 ejus

596 5191 734 5247 uxor
782 5191 999 5247 Bertba
1026 5191 1411 5248 monasterium
1450 5202 1506 5246 et
1531 5193 1899 5248 habitaculum
1947 5195 2172 5247 ancilla-

595 5277 716 5315 rum
746 5262 840 5316 Dei
879 5267 977 5317 sub
1020 5261 1222 5331 Regula
1271 5261 1334 5314 ιι.
1383 5261 1658 5316 Benedicti
1707 5263 2006 5317 viventium
2054 5279 2180 5317 cou-

598 5335 815 5396 struxit,
840 5333 1042 5384 dolavit
1064 5329 1125 5386 et
1141 5329 1401 5384 fundavit.
1424 5331 1576 5397 Quod
1597 5347 1720 5385 cum
1743 5332 1994 5387 omnibus
2017 5336 2177 5386 rebus

2282 3026 2610 3098 imperatore
2634 3035 2691 3098 et
2735 3025 3250 3098 regerFr‘ancorum,
3283 3029 3342 3076 et
3369 3021 3641 3098 diplomate
3660 3031 3726 3070 suo
3741 3015 3771 3067 in

2280 3094 2443 3151 tutéla
2474 3108 2529 3149 et
2579 3094 2920 3162 salvagardia
2960 3094 3104 3150 istud
3154 3095 3549 3148 monasterium
3581 3099 3626 3144 et

2277 3167 2409 3221 cbas
2475 3166 2673 3221 ibideu:
2736 3159 2847 3220 Deo
2896 3163 3266 3220 deservieutes
3317 3177 3447 3216 cum
3498 3159 3774 3230 dependcnliis

2315 3236 2478 3300 osuit,
2511 3245 2566 3290 et
2607 3236 2835 3306 accepit.
2869 3234 3055 3306 Dictus
3093 3247 3222 3286 vero
3251 3231 3527 3286 Girardus
3560 3239 3774 3306 comesse

2301 3307 2380 3360 uit
2425 3317 2480 3360 et
2527 3304 2875 3360 statuit‘suo
2925 3304 3094 3374 ipsius
3145 3310 3513 3364 testamento,
3559 3309 3608 3352 ut
3638 3304 3776 3364 quoties

2277 3376 2548 3430 abbatissa
2587 3375 2657 3428 ab
2698 3373 3280 3430 lnunanisdiseederet
3307 3409 3323 3434 ,
3377 3376 3774 3439 congregatione

2280 3445 2500 3500 uialium
2532 3446 2730 3500 ibidem
2765 3445 2874 3500 Deo
2910 3442 3288 3498 famulantium
3337 3441 3600 3495 haberent
3631 3448 3775 3491 concta-

2281 3531 2397 3569 sam
2427 3523 2748 3585 potestatem
2783 3527 2904 3568 cum
2937 3513 3544 3585 consiliosanctorum
3576 3507 3773 3585 virumn}.

2279 3580 2507 3638 alteram
2542 3586 2693 3638 bonae
2716 3585 2836 3637 vitze
2856 3592 2912 3638 et
2936 3583 3061 3637 boni
3089 3581 3385 3637 testimonii
3411 3595 3479 3634 ex
3507 3593 3569 3634 eo
3589 3580 3774 3646 consona

2280 3663 2442 3723 atque
2491 3655 2717 3722 collegio
2761 3654 2985 3708 electam
3008 3691 3030 3723 ,7
3072 3667 3200 3723 cum
3219 3647 3612 3723 approbatione
3651 3656 3775 3723 suum!

2279 3712 2570 3795 pontiﬁcis,
2608 3712 2905 3795 pvrzelicere.
2942 3712 3146 3795 Deinde
3182 3712 3666 3795 Ludovicus_dictus
3687 3712 3774 3768 Ηυξ.

2281 3788 2420 3848 iilius
2443 3788 2623 3848 Catuli
2655 3794 2829 3863 Magni
2851 3802 2910 3863 et
2942 3792 3166 3860 imperio
3195 3799 3248 3844 et
3279 3805 3450 3863 regno
3475 3788 3686 3863 Francis:
3706 3795 3776 3836 ςυί·

2280 3879 2480 3928 cessor,
2507 3860 2811 3931 liujusmodi
2838 3862 3205 3916 l‘undatiouem
3233 3870 3288 3931 et
3313 3860 3631 3931 delationem
3651 3864 3778 3931 sparo-

2280 3934 2446 3997 bavit,
2469 3920 2534 3987 'et
2564 3920 2950 3987 monasterium
2977 3946 3100 3986 cum
3129 3930 3342 3984 ancillis
3367 3930 3481 3983 Deo
3509 3920 3778 3997 servierunt!

2279 4006 2332 4057 in
2365 4003 2754 4074 protectiouem
2797 4001 3280 4074 etisalvagardiatn
3310 4001 3553 4074 accepit,
3593 4006 3776 4074 ειρηιηιξ

2279 4059 2401 4144 qua:
2445 4081 2563 4128 acta
2587 4072 2801 4128 fuerant
2831 4073 2898 4127 ab
2920 4142 2927 4144 _
2947 4059 3067 4144 ipso
3090 4059 3777 4144 Gira_rdo_contite_etpeth

2277 4129 2394 4212 e'jus
2423 4159 2592 4198 uxore
2618 4129 2982 4198 conﬁrmavit:
3003 4141 3155 4212 Quod
3184 4139 3438 4212 similiter
3460 4137 3582 4212 fecit
3600 4129 3779 4212 .Niwhttf

2280 4205 2414 4284 p'apa
2449 4215 2654 4284 primus
2685 4213 2902 4266 nomine
2935 4205 3363 4284 qui—huiusmodi
3386 4205 3778 4284 Δ(ιι-ιιίιειιῇοιιιειιῇξλι

2279 4273 2624 4338 donationem
2657 4284 2915 4347 laudavit,
2953 4273 3102 4336 anno
3128 4273 3350 4334 Domini
3383 4277 3510 4341 858,
3539 4277 3613 4332 sui
3634 4273 3778 4347 pou“?

2275 4363 2431 4412 catus
2460 4353 2657 4423 primo,
2705 4361 2759 4407 et
2789 4339 3107 4424 praedictum
3153 4339 3544 4424 monasterium
3588 4339 3670 4400 sub

2277 4418 2588 4492 apostolica:
2623 4418 2903 4477 tuitionem
2935 4421 3258 4490 acceptavil,
3289 4420 3580 4492 oniniaque
3605 4425 3699 4492 qua
3722 4418 3779 4492 ιξίῐ

2275 4485 2526 4548 eumdem
2559 4493 2810 4547 comitem
2840 4501 2894 4548 et
2921 4493 3037 4562 ejus
3058 4485 3280 4545 uxorem
3314 4490 3364 4542 in
3398 4485 3637 4562 praedicta
3661 4485 3780 4562 [ιηιξίδο

2279 4565 2426 4618 tione
2452 4565 2704 4618 ordinata
2735 4556 2967 4625 fuerant,
3013 4561 3374 4621 continuavit,
3406 4569 3464 4612 et
3491 4557 3692 4612 maxime
3709 4556 3777 4622 sit:

2280 4636 2380 4688 tuit
2413 4645 2474 4688 ut
2503 4635 2734 4688 obeunte
2755 4634 3023 4688 abbatissa
3053 4647 3158 4686 non
3191 4629 3293 4683 alia
3327 4629 3400 4682 ibi
3428 4628 3777 4703 o_rdiuelour,n}fl

2277 4718 2438 4774 quam
2491 4719 2786 4774 consensus
2836 4703 3220 4774 monacharum
3268 4699 3561 4774 secundum
3607 4698 3777 4774 timor}?1

2278 4756 2397 4838 Béi,
2413 4756 2482 4828 δι
2500 4756 2977 4835 navemnauem
3004 4772 3304 4840 regularem
3329 4767 3695 4840 institutionem

2277 4828 2437 4911 gerit,
2473 4852 2528 4898 et
2551 4845 2858 4913 apostolica:
2904 4828 3049 4896 sedis
3065 4828 3328 4913 “pontifex
3369 4828 3777 4913 pmvideritord:

2280 4901 2508 4968 ualidam
2534 4955 2550 4978 ,
2585 4901 2691 4970 'aut
2722 4914 3066 4983 suggestione
3089 4901 3488 4983 iuonacharum
3523 4901 3780 4983 consuestiIl

2277 4987 2605 5038 ordinatam.
2637 4979 2862 5055 Aliaqu
2887 4982 3190 5055 privilegia,
3211 4981 3600 5055 exetiiptiOtieS.
3627 4979 3780 5055 οοηῗξῗ

2278 5056 2478 5120 siones,
2529 5063 2583 5107 et
2627 5048 2832 5124 gratias
2862 5048 3148 5124 abbatissa:
3177 5060 3231 5106 et
3259 5048 3547 5124 conventui

2280 5126 2394 5178 uati
2431 5120 2744 5178 monasterii
2768 5123 3015 5186 contulit,
3045 5120 3346 5182 concessit,
3373 5127 3434 5171 et
3464 5120 3665 5172 donavit

2279 5195 2496 5248 modum
2535 5192 2772 5248 Joannes
2799 5205 3022 5248 octavus
3048 5207 3187 5263 papa
3216 5191 3308 5263 qui
3345 5189 3416 5263 in_
3431 5187 3667 5263 cathedra

2275 5265 2606 5335 imperatore
2632 5263 2905 5335 Ludovico
2935 5241 3172 5335 seetnidro
3219 5241 3313 5335 Dio
3333 5300 3346 5324 ,
3376 5257 3596 5335 Carolo.
3614 5241 3781 5335 εεξξιξιξξ

2278 5319 2460 5398 Calvo,
2487 5329 2755 5388 Ludovico
2787 5334 2948 5388 tertio
2975 5333 3162 5396 Balbo,
3189 5341 3244 5386 el.
3265 5319 3460 5385 Carolo
3483 5324 3629 5400 terlip
3649 5319 3782 5400 (ἰηξξυ

2207 4246 2252 4304 D
