3934 5400
129 221 225 287 ω

1061 219 1588 284 εοιιερτιοιωω
1620 213 1802 278 LIBRI
1841 214 2041 280 TRES.
2079 251 2150 266 -
2187 223 2315 282 LIB.
2357 223 2420 277 Ii.

135 346 242 402 dela
266 343 422 416 quam
447 343 514 399 ad
535 338 799 397 cistellam
838 324 992 396 suam
1047 339 1396 411 aperiendam
1439 339 1689 408 deporta~
1716 341 1765 400 Α
1791 336 2038 392 cbomius
2073 353 2088 389 τ
2140 336 2206 390 Et
2230 338 2358 406 quid
2387 337 2496 392 scis
2525 335 2569 392 si
2608 337 2856 395 meliores
2901 348 3082 405 erunt,
3111 343 3204 412 qui
3241 343 3359 402 illos

131 444 232 498 rat,
257 433 386 504 ignis
413 442 558 487 tecto
584 430 821 501 irrepsit.
853 429 1055 485 Contra
1085 430 1222 484 hanc
1244 427 1463 483 stultam
1522 427 1684 482 devo-

134 527 342 586 tionem.
368 524 476 578 imo
505 521 812 586 avaritiam,
862 518 1098 575 Joannes
1147 519 1315 574 dicit:
1372 517 1522 572 Nihil
1576 534 1686 572 am-

129 619 258 686 plius
287 632 438 686 quam
477 613 614 684 quod
641 613 780 667 vobis
807 612 1145 665 constitutum
1179 619 1276 675 est,
1299 609 1506 680 faciatis
1530 607 1682 680 (Luc.

133 721 211 770 tu,
242 706 341 775 l5).
371 704 436 757 Et
462 710 611 757 certe
638 699 781 754 nulla
823 701 924 754 hoc
959 698 1144 769 regula
1167 697 1341 766 jubet,
1370 697 1465 752 sed
1510 697 1684 767 magis

127 794 313 848 nudam
346 806 563 847 crucem
585 803 705 844 esse
727 788 924 842 clamat
947 803 976 840 a
1001 787 1144 841 nudo
1173 786 1526 856 sequendam.
1557 783 1686 851 Qui-

124 883 226 937 bus
250 883 380 936 bene
425 881 673 948 congruit
725 877 850 931 illud
903 876 1275 947 pr0pbeticum
1337 892 1350 928 :
1408 873 1587 928 Venite
1632 875 1686 927 in

126 971 313 1034 Remel,
359 980 408 1025 et
465 969 621 1039 impie
673 978 830 1038 agile,
886 976 934 1020 et
982 966 1247 1018 immolate
1275 969 1339 1017 de
1379 964 1686 1034 fermentata

128 1061 316 1130 (Antor.
347 1074 423 1124 tv,
453 1057 531 1127 4).
568 1055 698 1111 Cain
727 1054 1052 1110 sacrificium
1101 1053 1372 1108 obtulerat
1419 1052 1550 1115 Deo,
1593 1051 1687 1106 sed

128 1149 526 1220 quiafermcnto
555 1146 772 1200 malitiae
800 1160 1106 1214 respersum
1137 1142 1330 1204 fuerat,
1359 1143 1560 1197 idcirco
1582 1157 1687 1196 non

119 1248 206 1295 est
253 1248 479 1308 gratum.
529 1235 624 1290 Ilis
668 1235 852 1304 itaque
904 1249 1010 1302 quo
1058 1241 1214 1303 pacto
1263 1231 1388 1286 licet
1433 1231 1585 1300 quasi
1624 1230 1690 1284 ad

123 1340 365 1385 ornatum
401 1327 645 1382 ecclesia:
676 1326 1001 1394 relinquere,
1034 1323 1178 1392 quod
1210 1337 1314 1377 non
1344 1321 1465 1376 licet
1491 1321 1690 1376 habere

122 1434 207 1477 vet
236 1419 542 1492 possidere?
580 1416 826 1472 lmmolat
855 1425 1063 1479 autem,
1091 1415 1183 1470 sed
1236 1415 1303 1469 de
1347 1413 1689 1477 fermentato,

121 1513 213 1582 qui
239 1511 432 1580 aliquid
455 1507 610 1564 odert
633 1507 774 1578 quod
800 1507 938 1560 Deus
960 1504 1300 1576 dedignatur.
1317 1504 1450 1558 Hinc
1472 1505 1584 1574 ipse
1597 1518 1693 1573 per

117 1601 436 1670 prophetam
498 1605 728 1652 testatur
767 1596 908 1666 quod
949 1595 1074 1650 odio
1134 1596 1298 1649 habet
1349 1594 1593 1664 rapinam
1636 1592 1688 1646 in

1787 422 2173 478 corroborent?
2203 440 2324 478 nam
2358 434 2410 478 tu
2439 426 2690 494 prmscirc
2711 429 2930 482 omnino
2956 429 3086 484 nihil
3105 431 3363 501 praevalet

1787 513 1928 583 quod
1948 521 2030 567 est
2059 513 2228 568 solius
2249 513 2362 566 Dei.
2388 514 2456 566 At
2478 513 2565 568 illa
2595 533 2607 568 :
2642 515 2800 570 Plura
2825 527 3035 586 tamen,
3059 520 3157 587 ait,
3183 521 3360 580 futura

1777 618 1852 658 ex
1879 604 2301 674 praecedentibus
2323 619 2604 676 cognosco.
2632 605 2698 660 Et
2727 608 2808 664 vir
2828 619 3045 686 sanctus
3068 611 3134 666 ad
3190 630 3309 669 eam
3337 635 3351 670 :

1786 693 1855 749 Et
1879 695 2166 764 quomodo,
2191 693 2400 764 inquit?
2441 695 2534 750 Illa
2573 711 2702 752 vero
2730 700 2844 753 ait:
2881 699 3070 757 Omnis
3101 703 3177 758 rei
3209 706 3354 775 prin-

1787 782 1984 851 cipium
2011 781 2180 836 tendit
2199 784 2263 836 ad
2287 793 2654 854 augmentum,
2669 787 2863 843 dehinc
2885 790 2951 844 ad
2973 792 3355 850 detrimentum

1787 875 2047 944 devergit.
2081 873 2171 929 Sic
2198 891 2328 945 ergo
2355 885 2409 930 et
2443 876 2494 930 in
2543 877 2642 934 bac
2682 890 2857 934 vestra
2913 883 3269 953 professione,
3295 897 3354 942 ut

1788 961 2040 1030 conjieio,
2070 963 2178 1016 fiet.
2209 962 2339 1018 Nam
2369 965 2513 1019 inter
2534 967 2663 1020 vitia
2710 984 2805 1023 sua
2855 971 3044 1042 signis,
3093 982 3148 1028 et
3194 976 3360 1031 variis

1789 1054 2077 1110 virtutibus
2109 1057 2356 1110 roborata
2383 1060 2679 1123 succrevit;
2709 1076 2830 1115 cum
2856 1072 3033 1118 autem
3073 1079 3360 1121 senescere

1789 1146 2034 1214 coeperit,
2063 1136 2154 1200 aut
2184 1148 2440 1217 temporis
2461 1148 2754 1204 diurnitate
2805 1151 3099 1218 lacescens,
3129 1163 3222 1208 aut
3273 1171 3362 1210 ne-

1789 1235 2044 1306 gligentia
2088 1237 2287 1306 teporis
2341 1238 2598 1294 deficiens
2645 1255 2672 1294 a
2733 1242 2964 1312 pr0priis
3014 1243 3366 1300 incrementis

1791 1326 2083 1380 minnezur.
2116 1327 2268 1382 Tunc
2310 1328 2472 1398 igitur
2512 1328 2774 1386 adversus
2830 1331 3132 1403 hujusmodi
3177 1344 3366 1405 potero

1791 1418 2104 1487 prrevalere.
2144 1418 2295 1486 Quod
2322 1420 2395 1474 ita
2423 1419 2541 1475 fieri
2573 1430 2759 1476 nostra
2793 1423 2925 1478 satis
2952 1422 3210 1480 effrenata
3246 1442 3365 1496 pra-

1794 1509 1935 1562 vitas
1963 1510 2218 1563 ostendit.
2248 1509 2571 1566 Pacbomius
2598 1527 2728 1567 vero
2752 1523 2870 1583 post
2902 1514 3016 1570 haec
3054 1517 3120 1571 de
3162 1498 3366 1572 visione

1794 1598 2060 1652 sollicitus
2085 1607 2346 1657 instanter
2365 1611 2577 1666 oraoat,
2608 1611 2664 1655 ut
2691 1603 2741 1656 ei
2773 1602 3030 1657 Dominus
3059 1605 3365 1661 declararet

124 1693 510 1747 holocaustum.
540 1689 678 1744 Hinc
731 1703 826 1742 rex
873 1686 1002 1742 Saul
1057 1687 1398 1757 reprobatus,
1427 1700 1494 1739 eo
1544 1685 1686 1754 quod
1717 1688 1762 1746 Β
1789 1687 1911 1757 quis
1939 1697 2118 1742 status'
2142 1689 2529 1744 monachorum
2560 1701 2682 1761 post
2725 1706 2784 1745 se
2827 1691 3041 1748 futurus
3071 1704 3233 1750 esset.
3261 1693 3365 1761 Qui

120 1784 224 1838 sub
267 1780 577 1836 immolandi
630 1779 810 1849 specie
853 1778 1152 1833 reservavit
1194 1776 1262 1830 de
1321 1775 1580 1829 Amalech
1626 1790 1690 1828 ea

118 1887 237 1942 qua:
253 1869 439 1939 jussus
481 1869 662 1924 fuerat
701 1868 995 1922 trucidare.
1048 1866 1154 1921 Sed
1203 1865 1314 1930 isti,
1367 1874 1423 1919 ut
1473 1865 1690 1934 quidam

114 1961 335 2016 Patrum
396 1959 565 2025 dicit,
619 1961 792 2028 magis
852 1957 1041 2011 volunt
1090 1957 1290 2011 habere
1340 1971 1468 2010 suas
1513 1953 1692 2008 cistel-

112 2050 234 2116 Ias,
287 2065 397 2105 nou
457 2048 820 2120 recogitantes
860 2047 1043 2102 miseri
1099 2048 1225 2118 quia
1281 2046 1514 2116 perdunt
1565 2058 1692 2099 suas

109 2141 343 2195 animas.

186 2229 401 2285 XXXV.
431 2229 584 2285 Hunc
621 2242 749 2300 ergo
787 2227 1065 2300 religionis
1113 2226 1382 2282 defectum
1426 2227 1684 2291 diabolus,

109 2323 241 2377 licet
267 2331 418 2392 pater
441 2321 705 2376 mendacii
729 2321 819 2384 sit,
838 2335 932 2372 vos
957 2321 1182 2374 miseros
1203 2319 1512 2373 incursuros
1533 2319 1690 2374 beato

106 2411 404 2468 Pacbomio
460 2413 729 2482 praedixit.
783 2410 1087 2478 Aliquando
1144 2411 1288 2464 enim
1347 2412 1596 2479 apparuit
1637 2409 1689 2464 ei

107 2505 166 2558 in
197 2503 384 2557 habitu
409 2503 675 2566 mulieris,
707 2502 974 2556 excedens
997 2516 1211 2555 omnem
1243 2502 1538 2555 humanam
1571 2501 1690 2571 pul-

103 2595 502 2660 chritudinem,
526 2594 600 2647 ita
625 2603 684 2648 ut
709 2592 880 2647 forma
901 2595 1017 2662 ejus
1036 2609 1099 2647 ac
1125 2594 1441 2662 compositio
1467 2603 1518 2647 et
1544 2594 1690 2649 visus

101 2685 307 2754 exponi
342 2699 448 2739 non
474 2685 661 2754 possit.
705 2685 873 2750 Quam
918 2699 1038 2738 esse
1095 2685 1434 2752 phantasiam
1469 2685 1680 2747 videns,

103 2791 305 2846 preces
330 2774 591 2830 fundebat
617 2776 684 2829 ad
713 2775 993 2829 Dominum
1013 2813 1027 2838 ,
1057 2785 1114 2828 ut
1144 2775 1192 2828 vi
1229 2775 1526 2843 majestatis
1572 2776 1690 2845 ejus

100 2874 482 2922 evanesceret.
509 2866 728 2920 Interim
770 2874 948 2919 autem
987 2866 1073 2918 illa
1113 2868 1337 2935 propius
1382 2876 1566 2920 astans
1613 2867 1689 2918 ait

97 2957 152 3011 ei
175 2976 192 3010 :
217 2956 361 3023 Quid
385 2955 652 3026 superﬂue
679 2955 931 3009 laboras?
959 2953 1287 3009 Potestatem
1320 2957 1498 3024 accepi
1523 2971 1552 3008 a
1581 2955 1686 3009 Do-

1793 1792 1890 1846 per
1916 1778 2175 1832 visionem
2207 1778 2273 1832 ad
2305 1793 2363 1833 se
2387 1778 2582 1833 factam
2611 1780 2830 1836 edoctus
2851 1792 2954 1847 est,
2977 1785 3125 1853 quod
3177 1801 3368 1841 monac

1794 1866 1956 1920 steria
1988 1868 2204 1936 quidem
2233 1867 2603 1936 multipliciter
2637 1870 3014 1933 dilatarentnr,
3041 1882 3096 1928 et
3122 1875 3365 1930 nonnulli

1792 1957 1879 2025 pie
1909 1967 1964 2010 et
1991 1956 2332 2010 continenter
2357 1957 2635 2024 viverent,
2661 1960 2753 2012 sed
2775 1960 2989 2029 plurimi
3016 1962 3364 2034 ncgligercnt,

1791 2061 2053 2114 suamque
2093 2048 2322 2101 salutem
2348 2048 2562 2116 penitus
2591 2050 2917 2119 perderent;
2967 2053 3200 2107 maxima
3239 2069 3366 2109 vero

1729 2173 1736 2180 .
1789 2150 1886 2205 per
1926 2136 2258 2206 negligentes
2304 2139 2622 2206 prrepositos
2675 2139 2814 2193 mala
2862 2151 3368 2210 succrescerent,et

1789 2225 1924 2280 bona
1959 2227 2226 2281 defectum
2267 2227 2630 2282 incurrerent.
2684 2229 2890 2296 Quibus
2937 2233 3230 2301 primatum
3287 2244 3368 2290 te-

1789 2320 2042 2374 nentibus
2065 2334 2287 2374 necesse
2313 2328 2394 2374 est
2411 2320 2588 2390 jurgia
2622 2322 2907 2389 generari°
2947 2332 3000 2377 et
3025 2325 3146 2392 quis
3176 2326 3361 2396 praesit

1790 2409 2075 2464 ambitiosa
2107 2410 2200 2465 lite
2221 2413 2576 2472 contendere.
2625 2419 2679 2486 et
2721 2411 2997 2482 reprobari
3045 2413 3252 2481 bonos,
3296 2432 3361 2472 ac

1792 2500 1966 2554 malos
1992 2500 2140 2569 eligi.
2195 2499 2348 2555 Unde
2381 2517 2479 2555 nec
2508 2501 2683 2570 aliqua
2717 2502 2872 2556 bouis
2901 2503 3030 2557 viris
3081 2507 3367 2562 resistendi

1792 2588 1984 2643 ﬁducia
2009 2590 2235 2653 suberit,
2265 2590 2356 2644 sed
2385 2591 2566 2645 omnia
2599 2606 2756 2659 pene,
2785 2607 2902 2661 qua:
2936 2591 3135 2662 regulis
3174 2594 3368 2651 divinis

1791 2681 2018 2734 subnixa
2063 2691 2209 2747 sunt,
2251 2680 2506 2735 humanis
2553 2683 3028 2736 commutabuutur
3077 2682 3366 2739 illecebris.

1792 2770 1941 2826 Tunc
1971 2771 2296 2826 Pachomius
2323 2771 2632 2826 exclamans
2669 2772 2737 2825 ad
2784 2773 3070 2828 Dominum
3105 2775 3182 2828 ait
3211 2792 3224 2827 :
3253 2774 3368 2830 lien

1792 2878 1897 2927 me,
1924 2863 2048 2932 quia
2087 2861 2289 2916 frustra
2337 2857 2606 2915 laboravi!
2657 2860 2711 2915 Si
2769 2863 2911 2916 enim
2965 2872 3072 2916 tam
3129 2863 3369 2934 perversi

1790 2952 1954 3006 futuri
1986 2962 2110 3006 sunt
2141 2952 2230 3020 qui
2283 2952 2542 3007 fratribus
2595 2961 2883 3020 praeerant,
2930 2967 3117 3007 eorum
3171 2954 3370 3010 subditi

95 3049 257 3102 mino
289 3057 501 3102 tentare
535 3061 670 3117 quos
708 3046 850 3100 volo.
901 3047 969 3099 Et
1013 3045 1339 3100 Pachomius
1383 3048 1451 3099 ad
1500 3062 1617 3100 eam
1669 3037 1758 3098 :C
1791 3041 1975 3112 quales
2028 3041 2227 3096 erunt?
2281 3042 2344 3095 Et
2382 3056 2506 3096 cum
2545 3042 3006 3102 affectuosissime.
3058 3045 3200 3100 sicut
3247 3045 3372 3100 illuc

93 3138 245 3206 Quid
268 3139 368 3204 vis,
400 3138 595 3207 inquit,
621 3137 774 3192 esse?
797 3146 852 3190 et
883 3136 970 3190 illa
1004 3155 1016 3190 :
1049 3137 1160 3208 Ego
1181 3153 1324 3203 sum,
1358 3138 1453 3201 ait,
1488 3138 1684 3191 diaboli

91 3231 305 3293 virtus,
362 3237 428 3284 et
469 3227 700 3298 caligine
753 3225 1047 3281 mortiferas
1089 3227 1384 3280 voluntatis
1434 3227 1689 3282 mortales

91 3320 358 3386 involvo;
408 3321 503 3374 sed
559 3319 660 3373 tuis
719 3318 802 3372 vel
853 3319 945 3372 tibi
1000 3318 1424 3388 appropinquare
1468 3309 1690 3386 propter

88 3411 409 3475 Christum,
455 3410 544 3478 qui
601 3409 924 3462 bttmanatus
978 3418 1080 3473 est,
1129 3423 1234 3461 non
1281 3421 1518 3476 possum.
1579 3407 1687 3461 Sed

88 3503 357 3573 nunquid
387 3503 462 3556 ita
485 3501 590 3555 erit
615 3500 861 3569 semper?
885 3499 1066 3553 veniet
1089 3500 1290 3554 etenim
1331 3511 1541 3569 tempus
1568 3508 1691 3568 post

83 3595 319 3649 obitum
367 3604 541 3655 tuum,
570 3592 784 3662 quando
815 3601 973 3661 prout
1007 3591 1239 3653 libuerit,
1269 3591 1410 3644 inter
1435 3606 1530 3646 eos
1553 3605 1690 3660 quos

84 3701 252 3740 nunc
285 3685 394 3740 tuis
441 3685 774 3740 orationibus
811 3685 988 3737 munis
1047 3683 1434 3737 debacchabor.
1479 3683 1544 3737 Et
1581 3684 1686 3737 Pa-

79 3839 424 3896 ancillarnm
442 3836 560 3902 Dei,
577 3852 670 3893 seu
687 3835 1018 3898 monialium,
1035 3850 1154 3905 qua:
1170 3835 1364 3892 ibidem
1379 3850 1475 3904 pro
1487 3835 1694 3892 crebris

82 3909 551 3970 infestationibus
577 3908 756 3962 δίηειιιί
779 3917 833 3960 et
855 3906 1272 3968 Saracenorum,
1325 3915 1450 3959 tunc
1475 3907 1693 3962 ordina-

78 3981 290 4033 ltiliter
328 3993 548 4031 manere
585 3976 899 4045 nequibant,
941 3974 1028 4028 illa
1080 3975 1365 4044 delegavit.
1396 3975 1462 4029 Et
1511 3976 1688 4032 dictus

76 4050 347 4104 Joannes
379 4063 513 4117 papa
551 4046 773 4114 aptioris
827 4045 1077 4098 utilitatis
1128 4046 1297 4115 gratia
1329 4045 1445 4117 sub
1498 4045 1684 4101 habitu

81 4116 501 4172 monachorum
546 4131 666 4171 esse
716 4127 1080 4184 congruenter
1125 4116 1404 4178 decrevit,
1456 4131 1688 4184 suasque

74 4190 314 4242 litteras
344 4187 523 4239 abbati
572 4197 626 4240 et
670 4186 1074 4255 congregationi
1105 4185 1487 4239 monachorum
1521 4187 1690 4255 ipsius

74 4256 426 4312 monasterii
458 4255 671 4308 direxit.
705 4254 908 4308 Prmter
934 4270 997 4308 ea
1029 4255 1298 4307 ordinavit
1326 4255 1466 4322 qttod
1511 4254 1561 4308 in
1593 4273 1690 4309 nu-

72 4343 252 4383 mero
282 4325 722 4395 congregationis
753 4326 941 4377 modus
989 4326 1122 4377 adeo
1168 4334 1600 4395 conservaretur,
1632 4334 1690 4379 ttt

1788 3134 2062 3197 scribitur,
2091 3133 2372 3186 Dominttm
2403 3133 2803 3203 interpellaret,
2831 3135 3079 3203 apparuit
3123 3136 3172 3190 ei
3209 3135 3348 3191 mira

1786 3225 1880 3279 bili
1910 3223 2119 3292 fulgore
2163 3233 2388 3293 portans
2431 3239 2689 3278 coronam
2737 3225 3001 3294 spineam,
3033 3226 3194 3298 eique
3233 3227 3370 3282 inter

1788 3325 1983 3370 caetera
2009 3314 2145 3368 dixit
2174 3328 2188 3367 :
2221 3313 2561 3375 Confortare,
2592 3313 2844 3368 Pachouti
2865 3356 2878 3380 ,
2907 3318 3032 3385 quia
3085 3319 3371 3386 posteritas

1795 3415 1882 3460 tua
1923 3421 2102 3475 usque
2132 3405 2183 3459 in
2215 3405 2376 3459 finem
2414 3406 2598 3460 sa-culi
2631 3421 2736 3459 non
2766 3406 2997 3461 deficiet.
3029 3405 3096 3463 Et
3133 3409 3373 3479 quisquis

1796 3498 1937 3553 inter
1964 3513 2058 3552 eos
2095 3499 2184 3568 qui
2215 3497 2380 3552 futuri
2418 3508 2543 3552 sunt
2572 3497 2659 3567 pie
2685 3512 2748 3553 ac
2785 3499 3125 3554 continenter
3154 3500 3371 3570 vixerit,

1797 3601 1973 3647 tamen
2005 3591 2125 3646 dico
2164 3590 2283 3655 tibi,
2320 3591 2558 3660 requiem
2587 3593 2868 3646 sortietur.

1866 3680 2105 3736 XXXVI.
2135 3680 2424 3735 Sciendum
2451 3681 2742 3748 sane,quia
2771 3685 2910 3735 sicut
2930 3682 3175 3751 quatdam
3207 3685 3371 3740 verba

1799 3836 2040 3894 sionibus
2077 3836 2313 3899 dolavit,
2361 3845 2419 3890 et
2468 3837 2684 3890 animus
2740 3836 2813 3890 illi
2858 3847 2976 3892 erat
3000 3869 3022 3900 ,ν
3070 3837 3115 3892 si
3169 3837 3371 3897 diutius

1800 3908 2042 3970 vixisset,
2067 3906 2313 3977 plurimis
2335 3905 2455 3960 aliis
2476 3921 2690 3976 augere,
2721 3917 2771 3961 et
2799 3923 2918 3962 eam
2940 3907 3224 3962 ecclesiam
3253 3910 3371 3972 aliis

1795 3976 2100 4044 exemptam
2129 3976 2226 4030 soli
2264 3977 2373 4030 sedi
2425 3977 2731 4046 apostolica:
2761 3981 2981 4032 subesse
3013 3977 3196 4043 voluit,
3227 3981 3371 4035 suis.

1796 4063 1900 4117 que
1929 4047 2220 4119 privilegiis
2263 4047 2574 4101 declaravit.
2617 4048 2896 4119 Aucherus
2940 4047 3195 4119 Pantaleo
3222 4063 3370 4119 papa

1799 4115 2020 4188 Urbani
2063 4133 2230 4185 nepos
2283 4119 2566 4188 presbyter
2608 4115 2909 4188 cardinalis
2962 4117 3116 4170 titulo
3152 4115 3370 4182 sane—tte

1797 4187 2078 4249 I‘raxedis,
2105 4202 2265 4256 quem
2299 4196 2523 4255 patruus
2551 4187 2618 4240 ad
2654 4188 3046 4242 cardinalatnm
3093 4199 3368 4252 evexerat,

1798 4259 1897 4313 hoc
1922 4272 2056 4326 opus
2091 4257 2346 4326 protexit,
2384 4257 2674 4325 multisque
2723 4257 3058 4313 ornamentis
3108 4259 3287 4318 aureis
3318 4271 3368 4316 et

1795 4326 2398 4399 sericeis,_imaginibus
2424 4334 2476 4399 et
2511 4327 2668 4399 vasis
2697 4327 2882 4399 sacris
2900 4327 3151 4399 aureisiet
3176 4345 3368 4399 argen-

70 4414 193 4453 nec
231 4394 532 4467 pluralitas
565 4395 878 4467 penuriam,
921 4404 1016 4448 aut
1046 4394 1293 4467 paucitas
1332 4395 1686 4448 habitantium
1797 4398 1915 4462 teis,
1947 4412 2011 4452 ac
2040 4394 2196 4467 libris
2228 4395 2630 4467 pretiosissimis
2658 4397 2826 4450 auxit.
2861 4397 3051 4452 Postea
3076 4394 3370 4467 Ettgetiins,

68 4464 518 4522 destitutionem
566 4464 684 4536 loci,
713 4466 964 4536 inducere
1013 4465 1235 4536 valeret.
1281 4464 1501 4536 Insuper
1545 4467 1687 4534 quod
1721 4469 1768 4529 D
1794 4469 2072 4531 Clemens,
2101 4465 2476 4530 Innocentius,
2505 4466 2862 4530 leestiuus,
2891 4464 3186 4531 Atltianus,
3222 4464 3369 4536 Pius,

66 4540 343 4592 obeunte
363 4535 557 4589 abbate
582 4533 974 4609 nullttsibidem
999 4534 1378 4609 prasficeretnr,
1406 4533 1688 4609 nisiqttem
1802 4536 2634 4609 Urbanus,blartitttisllontatti
2683 4538 2993 4607 pontitices,
3043 4554 3205 4608 quam
3251 4533 3369 4609 plu-1

66 4620 411 4662 consensus
438 4606 822 4676 monachorum
865 4603 1155 4676 scentulum
1191 4605 1435 4676 timorem
1492 4603 1586 4659 Dei
1635 4616 1692 4660 et
1795 4608 1932 4660 rima
1976 4606 2252 4676 privilegia
2278 4646 2293 4669 ,
2342 4605 2646 4667 libertates,
2685 4603 3099 4669 immunitates,
3151 4603 3354 4664 con't'es

63 4677 504 4748 institutionem
547 4677 742 4748 regulae
782 4672 841 4726 Β.
875 4673 1148 4748 Benedicti
1194 4674 1440 4748 eligeret,
1470 4685 1525 4729 et
1557 4690 1687 4744 apo-
1792 4672 1991 4737 siones;
2021 4672 2223 4746 gratias
2244 4716 2257 4742 ,
2291 4677 2653 4748 indulgentias
2679 4687 2732 4730 et
2761 4677 3144 4748 praerogativas
3168 4680 3369 4734 eisdem

61 4749 306 4802 stolicze
341 4745 488 4799 sedis
534 4743 772 4814 pontifex
803 4745 1122 4812 praevideret
1163 4744 1558 4808 ordinandum,
1593 4743 1690 4804 aut
1792 4748 1976 4803 abbati
2021 4743 2076 4800 et
2112 4743 2594 4808 conventuiflocis
2624 4755 2676 4800 et
2707 4743 2964 4800 membris
2989 4763 3019 4801 a
3063 4748 3209 4802 dicto
3253 4765 3370 4801 mo-

61 4817 455 4888 suggestione
487 4814 888 4888 monachorum
943 4814 1308 4888 consensisset
1328 4815 1686 4888 uordiuatum.
1792 4818 2029 4872 nasterio
2054 4817 2498 4888 depettdeutibus,
2522 4825 2575 4871 et
2598 4817 2768 4888 cidem
2793 4818 3050 4886 subjectis
3075 4820 3372 4888 respui-tivo

57 4883 456 4942 Postmodum
487 4883 732 4938 Urbanus
760 4886 1049 4954 secundus,
1077 4883 1414 4954 Innocentius
1438 4897 1685 4954 quartus,
1791 4883 2177 4942 concesserunt
2206 4895 2260 4941 et
2290 4887 2644 4941 indulserunt.
2690 4883 2905 4942 llabeut
2951 4883 3176 4940 ulterius
3206 4888 3372 4941 abbas

63 4959 370 5013 Urbanus
398 4964 644 5022 quartus,
678 4953 770 5022 qui
816 4963 966 5007 ortus
1017 4954 1115 5006 fuit
1161 4952 1348 5025 'I'reeis
1374 4952 1558 5009 humili
1591 4970 1685 5025 ge-
1791 4967 1845 5011 et
1872 4967 2173 5012 conventus
2219 4957 2550 5011 territorium
2590 4955 2820 5009 divisum
2844 4997 2857 5018 ,
2891 4966 2943 5010 et
2971 4957 3037 5009 ab
3066 4955 3187 5006 aliis
3220 4971 3375 5025 sepa-

57 5044 219 5084 nere
258 5035 452 5097 na_tus.
482 5026 787 5097 sutorisque
808 5023 1249 5097 veteratuentarii
1281 5022 1448 5097 filius,
1475 5022 1686 5097 cogtio-
1794 5036 1969 5083 ratum
2000 5042 2096 5096 per
2114 5040 2302 5081 cruces
2326 5041 2419 5080 seu
2455 5025 2682 5097 insignia
2707 5037 2761 5079 et
2785 5028 3016 5097 confinia
3039 5025 3207 5097 certis
3223 5022 3377 5097 limi-

51 5109 288 5152 mento
320 5093 690 5154 Panta'eonis,
725 5102 781 5145 ut
808 5093 962 5146 hodie
991 5109 1203 5161 quoque
1233 5093 1283 5147 in
1313 5094 1443 5147 urbe
1475 5093 1690 5151 Tricas-
1725 5143 1737 5150 .

1794 5097 1939 5152 tibus
1989 5091 2278 5152 Ϊὶιιιὶῑειιηη
2317 5104 2374 5149 ct
2402 5091 2663 5156 divisum,
2695 5105 2938 5164 potestas
2968 5091 3236 5148 Veleliaei
3268 5094 3380 5146 vul-

50 5169 218 5239 sina
275 5175 563 5240 constans
594 5167 887 5240 fatuauest.
931 5163 1046 5240 Qui
1077 5162 1316 5240 pontifex
1373 5163 1576 5220 nullum
1631 5163 1684 5216 in

1792 5168 1998 5239 gariter
2047 5167 2319 5240 dictttur,_
2357 5166 2408 5219 in
2473 5179 2580 5235 quo
2634 5164 2907 5240 situantur
2965 5165 3384 5240 et_censisttt_ut
