3934 5400
591 308 695 363 585

1550 264 1556 270 ’
1612 302 1670 355 s.
1711 260 1960 357 onoxts
1996 293 2284 350 annms
2320 289 2816 349 CLUNlACENSIS
2855 287 2897 344 ιι
3697 301 3769 359 εει

593 419 705 473 tam
737 415 789 472 in
820 414 966 470 Novo
1003 427 1164 484 quam
1186 411 1240 466 in
1277 411 1455 466 Veteri
1500 393 1866 466 Testamento
1897 409 2175 480 reperiun-
2204 413 2254 468 Α
2281 420 2618 459 communem
2659 416 2859 460 sancta:
2892 405 3088 476 regula:
3127 405 3288 460 vitam
3348 405 3429 460 vel
3469 408 3680 467 ordinem
3711 417 3776 473 de.

596 521 708 575 tur,
737 523 857 578 quin
886 503 1125 560 hmretici
1157 504 1291 558 male
1315 503 1675 575 intelligentes
1699 503 1766 558 ad
1789 502 2173 558 exstruendum

596 614 837 656 errorem
866 611 1021 652 suum
1049 603 1362 664 retorquere
1391 595 1492 649 nisi
1523 603 1651 650 sunt
1675 612 1686 648 :
1713 595 1786 648 ita
1814 605 1869 649 et
1894 596 1945 649 in
1987 603 2174 649 sancta

597 691 781 763 regula
819 689 895 753 lit,
925 703 1046 743 cum
1072 702 1169 756 per
1193 688 1436 757 quaedam
1467 685 1585 768 ejus
1635 687 1800 740 verba
1853 685 2080 740 renuita:
2125 669 2179 740 et

599 781 798 850 refuga:
837 778 951 847 ejus
997 777 1340 832 fortitudines
1393 792 1520 831 suas
1559 791 1822 830 excusare
1861 775 2175 830 moliuntur.

598 872 818 942 Regula,
852 871 1120 939 inquiunt,
1145 869 1330 937 jubet,
1360 878 1419 922 ιιι
1461 867 1596 923 nihil
1635 868 1835 922 haheat
1881 868 2180 922 monachus

606 962 748 1034 quod
788 962 953 1015 abbas
981 976 1085 1014 non
1141 959 1368 1024 dederit,
1423 967 1517 1014 aut
1570 957 1909 1029 permiserit;
1959 957 2180 1013 abbates

605 1070 734 1110 vero
774 1053 944 1109 nostri
979 1053 1110 1106 tales
1139 1060 1266 1106 sunt
1304 1061 1361 1106 ut
1401 1060 1584 1107 nostra
1631 1067 1735 1106 non
1775 1061 1999 1117 curent,
2027 1059 2080 1107 et
2113 1052 2182 1106 ob

611 1147 662 1200 id
695 1145 1016 1217 permittunt
1036 1159 1133 1198 nos
1160 1143 1358 1198 habere
1381 1159 1499 1212 quas
1521 1143 1855 1214 indigemus:
1883 1160 1990 1198 non
2020 1143 2183 1213 igitur

598 1216 788 1290 contra
823 1233 1070 1295 facimus,
1097 1233 1139 1287 si
1170 1233 1298 1302 quid
1326 1247 1391 1286 ex
1423 1249 1610 1287 eorum
1634 1216 1992 1303 permissione
2023 1234 2184 1288 habe-

600 1340 741 1378 mus.
774 1322 882 1378 Sed
914 1323 958 1376 si
991 1322 1185 1376 rationi
1225 1337 1288 1376 ac
1343 1321 1554 1376 veritati
1608 1322 1917 1377 consentire
1961 1322 2184 1388 vellent,

599 1416 760 1471 facile
810 1415 1167 1484 respondetur
1195 1431 1209 1467 :
1242 1413 1444 1468 scilicet
1469 1413 1720 1483 quoniam
1751 1414 1925 1484 primo
1966 1413 2183 1484 quidem

600 1505 877 1561 sciendqu
919 1513 1021 1568 est,
1046 1504 1171 1573 quia
1206 1504 1348 1558 sicut
1377 1503 1427 1556 in
1459 1502 1740 1558 Moralium
1778 1504 1917 1559 libro
1948 1519 2050 1558 xxv
2077 1503 2188 1558 dis-

599 1605 846 1666 putatur,
863 1596 1007 1664 quod
1035 1594 1331 1649 secundum
1349 1594 1543 1648 merita
1562 1591 1923 1661 subjectornm
1949 1593 2189 1648 tribuun-

599 1698 691 1742 tur
741 1701 987 1757 personze
1020 1685 1341 1756 regentium,
1395 1692 1451 1740 et
1492 1685 1570 1739 sic
1611 1701 1708 1755 pro
1759 1684 2017 1754 qualitate
2062 1685 2189 1740 sub-

2279 513 2405 568 gere
2444 497 2597 566 quasi
2647 497 2840 566 captivi
2898 505 3190 566 coguntur;
3249 495 3517 553 Danielem
3563 511 3708 558 tamen
3739 519 3777 563 et

2279 599 2391 644 tres
2451 603 2665 658 pueros,
2721 589 2813 658 qui
2882 588 2933 642 in
2997 585 3269 659 Babylone
3325 589 3640 645 continenter
3675 595 3777 652 vixe-

2280 690 2436 747 runt,
2469 681 2765 745 imitantes,
2811 678 3084 735 fornacem
3131 678 3386 733 vitiorum
3430 679 3642 736 feliciter
3691 701 3778 740 eu.

2279 772 2435 826 dunt.
2507 771 2580 826 De
2645 772 3034 828 ecclesiasticis
3097 773 3266 837 viris,
3340 774 3431 844 qui
3510 776 3776 836 saecularium

2281 861 2425 917 facta
2488 871 2764 919 mutantes
2811 864 2957 918 velut
3003 880 3033 917 a
3078 862 3384 934 Babyloniis
3428 863 3781 938 Hierosolymam

2281 953 2644 1021 eaptivantur,
2674 962 2728 1007 et
2759 952 2826 1008 de
2859 955 3030 1008 tribus
3056 953 3202 1007 vitiis
3235 969 3332 1023 per
3370 970 3490 1023 quae
3528 965 3676 1012 status
3693 959 3778 1013 reli-

2280 1042 2457 1113 gionis
2505 1043 2741 1096 maxime
2787 1041 3164 1107 confunditur,
3223 1042 3376 1112 plura
3421 1042 3551 1112 jam,
3600 1055 3646 1101 et
3683 1046 3779 1104 forte

2283 1130 2562 1186 verbosius
2591 1148 2752 1202 quam
2777 1141 3008 1202 oportet,
3033 1133 3207 1201 posita
3233 1141 3377 1187 sunt.
3417 1132 3662 1188 Cancrum
3681 1141 3778 1206 quod

2286 1236 2410 1291 tuae,
2439 1227 2763 1283 venerabilis
2784 1236 2961 1297 pater,
2990 1226 3241 1299 lacrymae
3271 1237 3540 1284 testantur
3566 1270 3580 1294 ,
3617 1231 3677 1284 ita
3707 1231 3780 1300 jam

2285 1317 2480 1374 defecit
2501 1317 2742 1386 spiritus,
2767 1327 2821 1372 et
2844 1318 3121 1374 diminuta:
3152 1318 3573 1384 suntveritates,
3606 1328 3655 1372 ut
3687 1322 3782 1374 sicut

2287 1407 2452 1463 lsaias
2492 1407 2814 1480 illaerymat,
2848 1408 2974 1463 facti
3004 1408 3282 1464 videamur
3309 1409 3451 1464 sicut
3497 1425 3527 1463 a
3567 1411 3782 1482 principio,

2288 1499 2504 1568 quando
2535 1498 2678 1553 Deus
2701 1514 2808 1554 non
2840 1498 3220 1554 dominabatur
3257 1499 3456 1554 nostri.
3493 1487 3581 1552 ’An
3622 1515 3705 1554 non
3737 1501 3785 1554 ita

2287 1595 2414 1650 est?
2442 1594 2568 1648 dum
2597 1593 2739 1649 inter
2758 1594 3091 1664 propinquos
3113 1591 3302 1646 feralia
3352 1592 3636 1648 succedunt
3673 1593 3783 1648 odial

2289 1683 2612 1756 dumjurgia
2649 1694 2946 1740 nascuntur
2967 1682 3216 1739 infensa?
3238 1684 3366 1739 dum
3417 1698 3580 1754 usque
3620 1685 3674 1737 ad
3705 1700 3786 1738 san-

601 1779 836 1833 dilorum
873 1787 994 1832 acta
1032 1776 1394 1846 disponuntur
1426 1774 1660 1840 illorum,
1694 1783 1754 1828 ut
1792 1790 1932 1846 srepe
1967 1776 2059 1846 qui
2102 1776 2181 1831 vi-
2220 1761 2257 1819 Β
2283 1779 2504 1850 guinem
2532 1777 2686 1833 smvit
2730 1775 3119 1848 inexplicabilis
3141 1785 3195 1831 et
3251 1791 3398 1830 caeca
3449 1774 3670 1830 malitia?
3703 1776 3784 1829 dum

597 1870 793 1924 dentur
827 1868 951 1924 boni
977 1877 1202 1937 accepto
1228 1866 1491 1935 regimine
1515 1873 1910 1934 permutentur,
1935 1874 1992 1918 ut
2013 1865 2142 1921 Saul
2166 1883 2178 1919 :

596 1969 653 2015 et
688 1959 779 2031 qui
809 1959 975 2014 etiam
1013 1959 1140 2014 boni
1169 1958 1424 2012 videntur
1466 1966 1520 2010 et
1550 1964 1698 2019 sunt,
1726 1971 1824 2025 pro
1857 1955 1998 2010 malo
2021 1971 2184 2028 grege

600 2049 917 2119 delinquere
941 2047 1350 2117 permittantur.
1379 2046 1436 2100 ln
1470 2045 1572 2100 hoc
1601 2055 1826 2116 apparet
1849 2047 1974 2115 quia
2006 2046 2184 2100 vindi-

598 2150 746 2208 ctam
776 2139 1004 2210 p0pulus
1052 2139 1292 2209 suscipit.
1332 2138 1469 2192 Hinc
1506 2137 1791 2193 Psalmista
1835 2155 1847 2191 :
1892 2135 2186 2193 Obscuren-

600 2243 688 2285 tur
716 2229 856 2284 oculi
877 2247 1054 2285 eorum
1088 2247 1150 2284 ne
1175 2229 1384 2284 videant
1433 2228 1607 2300 (Psal.
1638 2245 1828 2293 vaut,
1853 2228 1968 2300 24).
2013 2228 2090 2283 Ac
2139 2229 2184 2284 si

600 2321 769 2386 dicat,
798 2320 924 2391 quia
955 2320 1006 2374 in
1058 2320 1142 2374 via
1184 2319 1279 2375 Dei
1333 2334 1428 2388 per
1491 2319 1797 2388 superbiam
1853 2319 2183 2387 exorbitant,

601 2414 738 2468 tales
772 2413 955 2468 divino
985 2413 1235 2468 examine
1283 2411 1536 2483 prtelatos
1581 2412 1869 2482 accipiant,
1908 2412 1998 2481 qui
2037 2412 2186 2467 veri-

603 2503 730 2558 tatis
763 2502 937 2559 lucem
962 2518 1066 2557 non
1107 2501 1368 2568 habeant,
1392 2510 1657 2571 quatenus
1694 2502 1749 2556 hi
1775 2503 1866 2572 qui
1897 2501 2017 2557 illos
2043 2488 2188 2557 velut

599 2606 798 2661 corpus
859 2589 1049 2647 oculos
1104 2591 1245 2646 male
1289 2591 1644 2660 prtevidentes
1701 2599 2037 2661 sequuntur,
2089 2607 2188 2661 per

599 2696 790 2737 eorum
828 2681 1083 2736 ducatum
1113 2680 1409 2747 oﬂendant,
1441 2688 1498 2735 et
1546 2680 1851 2750 iniquitatis
1895 2696 2060 2738 onere
2107 2682 2188 2737 iu-

599 2775 809 2830 curvati
832 2789 1046 2829 omnem
1080 2783 1280 2829 statum
1306 2773 1646 2828 rectitudinis
1681 2773 1930 2843 perdant.
1980 2773 2187 2851 Deinde

600 2881 733 2921 vero
761 2875 818 2923 et
847 2867 975 2921 illud
1030 2875 1264 2932 constat,
1311 2867 1435 2936 quia
1491 2865 1628 2920 nihil
1690 2865 1826 2920 ultra
1873 2868 2188 2938 permittere

600 2965 864 3029 possunt,
890 2958 991 3013 nisi
1016 2967 1275 3028 quantum
1308 2957 1366 3014 S.
1395 2957 1719 3013 Benedictus
1761 2958 1830 3013 ad
1879 2968 2189 3026 sustentau-

604 3046 730 3102 dam
765 3054 973 3101 natura:
1011 3047 1387 3102 necessitatem
1428 3047 1693 3116 permisit.
1728 3047 1795 3101 Et
1832 3047 1919 3102 ille
1947 3048 2032 3102 cui
2057 3047 2188 3102 dici-

2285 1870 2442 1926 bonis
2472 1870 2712 1924 invident
2732 1869 2906 1939 pravi,
2934 1868 3243 1924 liberalibus
3268 1868 3478 1938 cupidi,
3507 1867 3782 1938 quietissimis

2288 1960 2608 2026 turbulenti,
2639 1959 2896 2016 studiosis
2923 1959 3146 2024 inertes,
3199 1957 3426 2028 placidis
3475 1957 3784 2027 implacabiles,

2290 2051 2597 2122 tranquillis
2626 2051 2882 2116 immites,
2910 2051 3167 2106 modestis
3192 2050 3466 2106 temerarii
3490 2089 3508 2117 ,
3531 2049 3785 2120 sapientius

2227 2207 2232 2212 _
2291 2143 2470 2208 stulti,
2496 2142 2830 2213 simplicibus
2885 2141 3085 2208 callidi,
3148 2142 3478 2197 mittissimis
3524 2157 3706 2213 quoque
3734 2142 3788 2194 lu-

2291 2236 2420 2291 riosi
2445 2235 2468 2289 ?
2493 2235 2600 2290 Sed
2640 2235 2834 2291 melius
2884 2249 3072 2290 eorum
3120 2234 3359 2290 insanias
3407 2235 3673 2305 apostolica
3705 2233 3785 2289 tuin

2288 2328 2583 2398 redarguit.
2613 2326 2749 2382 Nam
2797 2343 2920 2383 cum
2975 2327 3397 2382 novissimorum
3454 2327 3665 2398 pericula
3696 2337 3786 2380 tem-
3870 2343 3871 2350 η

2288 2435 2478 2490 porum
2507 2420 2746 2492 gentium
2775 2419 2972 2474 Doctor
2995 2418 3348 2490 exprimeret,
3407 2419 3582 2474 intulit
3624 2419 3784 2484 dicens:

2289 2508 2462 2564 Erunt
2490 2510 2628 2564 enim
2649 2510 2882 2564 homines
2917 2509 3115 2580 seipsos
3157 2520 3422 2574 amantes,
3475 2509 3652 2577 cupidi,
3689 2507 3786 2566 elati,
3870 2501 3871 2538 ἓ

2288 2596 2515 2666 superbi,
2563 2594 2873 2666 blasphemi,
2923 2593 3228 2665 parentibus
3269 2610 3376 2648 non
3429 2594 3704 2658 obedientes,
3738 2594 3788 2645 is-

2294 2693 2452 2764 grati,
2481 2691 2703 2756 scelesti,
2734 2692 2845 2746 sine
2860 2692 3152 2760 aﬂectione,
3177 2691 3289 2746 sine
3307 2707 3460 2760 pace,
3487 2691 3786 2750 criminatores,
3870 2669 3871 2678 X

2289 2782 2685 2849 incontinentes,
2712 2783 2962 2848 immites,
3011 2784 3121 2838 sine
3167 2783 3511 2853 benignitate,
3554 2783 3785 2853 proditores,
3870 2805 3871 2808 η

2291 2876 2543 2944 protervi,
2569 2875 2762 2941 timidi,
2817 2874 3141 2945 voluptatum
3196 2884 3464 2929 amatores
3508 2875 3653 2943 niagis
3684 2888 3788 2942 qm

2289 2962 2389 3018 Dei
2415 2962 2502 3034 (II
2531 2963 2664 3017 Tim.
2700 2979 2782 3029 ιιι,
2811 2963 2954 3035 2-4).
2979 2963 3078 3018 Hic
3104 2963 3452 3018 beatissimus
3493 2962 3666 3016 Paulus
3697 2959 3787 3029 quod

2290 3053 2539 3123 superius
2568 3052 2760 3109 dill'use
2788 3054 3012 3124 protulit
3037 3053 3174 3108 mira
3203 3053 3473 3108 brevitate
3522 3051 3716 3123 collegit,
3734 3063 3789 3104 os-

605 3152 768 3192 mus:
805 3137 951 3191 Abba
994 3135 1160 3192 Pater
1207 3137 1385 3209 (Rom.
1417 3154 1513 3193 vttt
1535 3179 1550 3205 ,
1575 3138 1688 3209 15),
1718 3155 1842 3193 cum
1891 3138 2188 3209 discipulos
2215 3131 2258 3192 C
2296 3145 2521 3198 tendens
2547 3160 2641 3200 eos
2676 3145 2797 3200 ideo
2832 3143 2968 3199 tales
2996 3143 3134 3210 fore,
3163 3143 3288 3213 quia
3338 3142 3657 3217 voluptatum
3689 3154 3786 3194 ams-

605 3227 760 3299 quasi
783 3242 952 3299 agnos
979 3227 1032 3282 in
1059 3228 1236 3283 medio
1265 3228 1514 3298 luporum
1565 3228 1734 3294 misit,
1767 3228 2015 3298 permisit
2063 3229 2186 3299 qui-

604 3316 726 3372 dem
782 3331 882 3386 pro
933 3317 1191 3386 temporis
1237 3317 1569 3373 necessitate
1619 3317 1822 3388 aliquid
1877 3317 2046 3385 ferre,
2090 3335 2190 3374 nec.

605 3415 786 3462 tamen
828 3406 973 3463 aliud
1029 3423 1190 3480 quam
1246 3424 1433 3480 peram
1477 3417 1533 3464 et
1584 3409 1878 3465 sacculum.
1935 3410 2193 3475 Noverint

603 3515 735 3569 ergo
773 3499 1001 3570 isti,qui
1041 3501 1141 3556 sub
1192 3501 1294 3557 hac
1341 3502 1628 3558 occasione
1671 3502 1978 3572 cupiditati,
2029 3505 2187 3577 gul-.e,

607 3598 664 3644 et
688 3589 894 3646 libidini
925 3607 984 3647 se
1015 3591 1345 3663 mancipant,
1373 3594 1500 3663 quia
1526 3609 1633 3650 non
1658 3595 1959 3664 proderunt
1986 3597 2066 3653 eis
2091 3613 2170 3672 ex:

606 3683 917 3740 cusationes
940 3683 993 3740 in
1014 3683 1284 3754 peccatis;
1311 3686 1405 3742 sed
1429 3685 1522 3765 fiet
1547 3696 1602 3742 et
1621 3687 1860 3758 prmlatis
1884 3696 1940 3746 et
1959 3690 2190 3746 subditis

606 3775 711 3832 hoc
739 3776 905 3846 quod,
937 3785 996 3831 ut
1039 3792 1202 3847 supra
1249 3778 1506 3847 diximus,
1545 3795 1644 3851 per
1681 3779 2001 3838 Malachiam
2047 3783 2190 3839 Deus

558 3936 561 3939 _
605 3867 972 3923 comminatur
997 3869 1188 3927 dicens
1221 3887 1234 3924 :
1265 3869 1580 3942 Disperdam
1605 3873 1918 3944 magistrum
1945 3883 1994 3928 et
2033 3874 2191 3929 disci-

606 3961 813 4028 pulum,
839 3971 888 4016 et
917 3961 1228 4017 maledicam
1265 3963 1708 4020 benedictionibus
1742 3967 1922 4022 vestris
1964 3967 2183 4040 (Malae.

606 4067 670 4117 ιι,
712 4051 770 4118 2,
829 4051 938 4124 l2).
993 4050 1328 4109 Benedieunt
1379 4056 1690 4112 sacerdotes
1746 4074 1869 4113 cum
1920 4058 2189 4114 adulando

606 4144 814 4201 Christi
842 4146 1278 4203 misericordiam
1301 4145 1408 4202 reis
1436 4146 1762 4216 promittunt
1791 4162 1806 4203 :
1850 4151 1944 4205 sed
1970 4151 2190 4206 benedi-

608 4234 878 4292 ctionibus
907 4251 1094 4292 eorum
1121 4237 1380 4293 Dominus
1411 4237 1700 4304 maledicit,
1735 4239 1862 4309 quia
1897 4239 2037 4295 sicut
2063 4239 2187 4295 alibi

608 4325 854 4381 dicitur:
888 4328 991 4394 Qui
1039 4329 1337 4398 beatiﬁcant
1390 4339 1438 4384 et
1493 4330 1582 4401 qui
1629 4329 1995 4400 beatiﬁcantur
2041 4341 2188 4386 erunt

609 4416 926 4487 praecipitati
969 4417 1104 4489 (Isa.
1137 4435 1215 4486 ix,
1256 4419 1370 4490 26).
1421 4419 1556 4475 Nam
1603 4421 1648 4476 si
1691 4421 1762 4476 ob
1808 4421 2187 4494 negligentiam

610 4507 1021 4577 praepositorum
1051 4509 1410 4576 solummodo,
1437 4519 1494 4566 et
1517 4526 1622 4566 non
1655 4513 1826 4583 magis
1867 4515 1938 4570 ob
1982 4513 2190 4585 cupidi-
2217 4493 2269 4556 D

611 4611 736 4652 nem
774 4612 926 4653 suam
971 4601 1193 4671 propria
1245 4601 1528 4667 haberent,
1568 4617 1673 4657 non
1716 4601 1852 4659 alios
1880 4603 2052 4670 cibos,
2085 4621 2190 4660 non

611 4690 746 4747 alias
775 4699 973 4758 vestes,
999 4708 1162 4762 quam
1185 4692 1510 4764 regulariter
1549 4695 1873 4752 constitutas
1899 4711 2191 4768 praesume-

614 4790 752 4837 rent.
777 4780 990 4838 Praelati
1019 4783 1249 4853 denique
1289 4783 1335 4838 si
1379 4783 1507 4854 quid
1554 4792 1705 4840 extra
1754 4787 2189 4842 constitutionem

613 4874 706 4929 Dei
733 4875 813 4929 vel
837 4873 1060 4930 Patrum
1107 4875 1508 4948 prmceperint:
1549 4892 1674 4932 mox
1717 4877 2060 4949 praecipiendi
2101 4893 2194 4932 au-

610 4967 914 5022 ctoritatem
949 4968 1222 5032 amittunt,
1267 4977 1322 5024 et
1383 4977 1509 5024 tunc
1554 4968 1606 5024 in
1659 4985 1722 5024 ea
1775 4985 1835 5026 re
1885 4969 2190 5026 nullatenus

609 5055 970 5112 obedientium
995 5067 1081 5114 est
1106 5057 1204 5113 eis.
1235 5057 1493 5128 Exemplo
1525 5058 1769 5114 videlicet
1801 5059 2189 5129 apostolorum,

612 5145 810 5212 quibus
847 5145 1100 5218 Magister
1126 5149 1338 5204 dixerat
1370 5147 1437 5202 de
1487 5149 1774 5204 Pharisteis
1816 5158 1871 5204 et
1916 5149 2125 5207 Scribis
2173 5170 2186 5206 :

615 5231 808 5287 Omnia
852 5251 1171 5307 qumcunque
1211 5237 1436 5292 dixerint
1483 5238 1654 5303 vobis,
1697 5250 1894 5294 servate
1936 5251 1983 5295 et
2035 5242 2192 5311 facite

617 5317 836 5378 lMauh.
870 5341 1027 5378 xxvi-
1063 5327 1140 5378 ὃ).
1169 5329 1357 5378 Postea
1390 5344 1518 5378 vero
1555 5330 1989 5378 nrmciniemihsee
2011 5335 2090 5378 eis
2125 5349 2192 5378 nn.

2291 3246 2437 3294 tores
2461 3237 2775 3300 existerent,
2809 3238 2935 3306 quia
2978 3236 3344 3292 vitiosissimis
3389 3234 3730 3308 cupiditatibus
3753 3247 3787 3286 se

2290 3329 2662 3400 subjugarent.
2727 3327 2866 3384 lliuc
2907 3329 3054 3384 enim
3099 3338 3294 3384 cuncta
3335 3329 3485 3384 mala
3525 3326 3785 3399 proveniunt.

2291 3421 2428 3476 Dum
2461 3419 2602 3474 Deus
2627 3419 3018 3484 contemnitur,
3051 3417 3358 3488 voluptates
3409 3427 3663 3474 amantur.
3702 3412 3789 3468 llinc

2289 3519 2378 3568 est
2400 3511 2566 3581 quod,
2601 3519 2660 3565 ut
2683 3509 2960 3580 Sapientia
2984 3510 3152 3565 dicit:
3180 3508 3376 3564 Omnia
3430 3509 3676 3564 commisti:
3714 3512 3790 3558 tu!

2290 3601 2432 3672 apud
2451 3617 2579 3656 eos:
2627 3601 2843 3672 sanguis
2869 3641 2884 3666 ,
2935 3600 3299 3666 homicidium,
3344 3600 3512 3670 ﬁctio,
3559 3597 3786 3669 petjurisn.

2290 3691 2544 3745 tumultus
2573 3694 2854 3757 honorum,
2881 3689 3091 3745 Domini
3139 3691 3524 3745 immemoratio
3574 3686 3696 3760 (Sep.
3719 3698 3787 3746 ut.

2289 3784 2404 3854 ‘25).
2428 3784 2565 3839 llinc
2590 3793 2644 3840 et
2671 3782 2811 3840 Osee
2833 3783 3234 3855 querimoniam
3262 3782 3474 3840 faciens
3523 3783 3671 3838 dicit:
3711 3776 3787 3832 Non

2289 3885 2364 3929 est
2393 3875 2606 3940 veritas,
2637 3883 2685 3929 et
2716 3891 2820 3929 non
2855 3885 2932 3929 est
2959 3875 3342 3940 misericordia,
3373 3885 3427 3928 et
3455 3890 3556 3928 non
3576 3881 3642 3926 est
3683 3869 3789 3924 scia-

2290 3966 2362 4020 tia
2400 3966 2456 4020 in
2476 3976 2637 4020 terra.
2665 3964 3021 4030 Maledictum,
3060 3975 3109 4021 et
3160 3965 3511 4029 mendacium,
3560 3972 3605 4018 et
3638 3958 3788 4014 hostici-

2289 4057 2458 4122 dium,
2480 4057 2704 4128 furtum,
2725 4067 2772 4111 et
2805 4057 3124 4112 adulterium
3153 4057 3560 4121 inundaverant,
3581 4065 3623 4109 et
3640 4047 3788 4120 uigil!

2291 4149 2600 4219 sanguinem
2629 4149 2794 4220 tetigit
2818 4146 2974 4221 (Osee
2997 4163 3068 4214 Iv,
3099 4148 3152 4214 1,
3177 4147 3259 4218 2).
3288 4146 3353 4201 Et
3377 4147 3577 4219 populi,
3613 4144 3724 4199 sicut
3755 4137 3788 4190 Ιιί

2293 4241 2383 4311 qui
2407 4241 2790 4296 contradicunt
2817 4239 3108 4305 sacerdoti,
3137 4239 3204 4294 de
3229 4238 3429 4309 quibus
3481 4252 3581 4294 una
3613 4228 3788 4305 Apostoli

2293 4331 2564 4388 sententia
2587 4340 2693 4398 est,
2721 4331 2979 4402 quoniam
3010 4347 3114 4386 non
3141 4331 3314 4386 solum
3369 4329 3462 4402 qui
3515 4326 3633 4383 talia
3665 4328 3787 4393 agunt.

2291 4423 2383 4478 sed
2403 4433 2453 4478 et
2499 4423 2589 4494 qui
2637 4422 2966 4478 consentiunt
2997 4421 3328 4491 facientibus
3374 4421 3522 4490 digni
3561 4426 3664 4473 sunt
3681 4418 3790 4465 mort:

2296 4511 2474 4585 (Rom.
2497 4528 2536 4567 ι.
2565 4511 2678 4582 se).

2374 4601 2640 4659 XXXVII.
2667 4601 2804 4659 Dicit
2853 4603 3020 4659 Isaias
3044 4621 3056 4657 :
3088 4602 3270 4674 Angeli
3295 4603 3439 4673 pacis
3471 4615 3635 4656 amare
3655 4596 3787 4666 ﬂebili!

2295 4695 2434 4767 (Isa.
2465 4711 2658 4760 sum,
2683 4695 2758 4765 7).
2788 4694 3043 4765 Quisquis
3071 4711 3202 4768 ergo
3215 4697 3280 4751 de
3305 4694 3422 4750 istis
3452 4701 3548 4758 est,
3577 4700 3626 4746 et
3648 4682 3785 4742 nonde

2295 4788 2420 4854 illis,
2445 4789 2511 4843 de
2531 4788 2727 4857 quibus
2749 4787 2948 4842 dicitur
2971 4805 2983 4840 :
3011 4786 3262 4842 Columba
3281 4786 3516 4850 seducta,
3540 4800 3632 4838 non
3650 4777 3784 4832 habent

2294 4896 2384 4933 cor
2399 4879 2554 4949 (Osee
2575 4895 2668 4945 vti,
2699 4877 2810 4950 ll),
2835 4887 2892 4935 et
2917 4879 3113 4950 quibus
3135 4879 3364 4934 dicitur:
3389 4878 3560 4943 Quare
3579 4889 3665 4928 non
3676 4866 3786 4935 πιᾳθίι

2297 4971 2492 5025 luctum
2514 4970 2766 5025 habuistis
2789 4972 2815 5025 7
2841 4970 2892 5042 (1
2915 4969 3040 5025 Cor.
3062 4986 3115 5037 v,
3146 4969 3224 5042 2.)
3248 4968 3553 5040 Lugendum
3568 4972 3638 5019 est
3656 4960 3694 5015 ei
3708 4969 3786 5028 ρτε·

2297 5062 2466 5119 sentis
2494 5061 2619 5116 vita:
2647 5070 2877 5132 tempus,
2902 5061 2956 5116 in
2987 5075 3094 5131 quo
3119 5068 3243 5116 sunt
3274 5060 3349 5114 ita
3391 5057 3566 5114 omnia
3610 5047 3782 5108 confusa.

2299 5165 2358 5209 ut
2393 5153 2640 5210 veri;atis
2662 5151 2878 5223 quidem
2897 5168 2998 5209 nec
3041 5153 3323 5222 vestigium
3378 5162 3592 5220 usquam
3643 5140 3781 5195 rideas.

2299 5245 2555 5315 nequitia:
2577 5259 2708 5301 vero
2761 5252 2924 5313 atque
2977 5243 3202 5298 luxuriae
3254 5249 3450 5298 cuncta
3487 5251 3600 5294 esse
3645 5227 3784 5321 φριεξλ

2300 5333 2618 5378 rvi-amicius-
2642 5347 2742 5378 nec
2763 5332 2963 5378 alianid
2981 5332 3118 5378 iuste
3143 5340 3392 5378 rectam!!!
3414 5324 3608 5378 servari
3633 5339 3644 5374 :
3665 5319 3786 5374 humi-
