3934 5400
137 304 241 364 585

1118 286 1611 347 COLLA'I'IONUM
1648 282 1828 341 LIBRI
1867 281 2067 338 TBES.
2095 311 2166 323 —
2192 282 2319 338 LIB.
2360 278 2422 338 11.

3302 285 3406 342 586

137 430 409 492 quemque
434 413 728 486 pessimum
775 409 1018 482 potentia
1074 407 1363 470 cumulari,
1422 404 1718 461 terribilem
1749 393 2082 464 Acxcrcere
2129 398 2486 468 permittitur,
2527 406 2728 468 quanto
2781 398 2955 492 soluta
3000 397 3174 455 bestia
3206 398 3410 455 violen-

140 509 280 570 ﬁeri,
309 516 365 561 et
393 504 600 560 tumido
641 516 898 556 successu
957 499 1011 554 in
1059 497 1216 552 malis
1261 497 1468 565 augeri,
1523 493 1720 565 quibus

139 614 237 655 nec
256 595 501 668 judicum
536 602 733 659 metus,
766 606 867 645 nec
897 588 1200 645 reverentia
1239 602 1408 642 sacrre
1431 585 1721 640 auctorita-

139 692 209 746 tis
232 689 526 760 pricvalere
556 694 756 758 potest,
785 699 884 739 nec
943 698 1132 738 eorum
1177 680 1472 752 perniciem
1531 679 1722 734 ullate-

136 795 238 836 nus
267 778 544 834 cohibere.
576 775 682 832 Sed
704 775 832 845 quid
864 772 1220 842 dejudictbus
1256 770 1530 827 dicimus?
1584 768 1720 824 Nam

136 882 190 925 et
216 872 340 941 ipsi,
376 870 466 940 qui
495 869 562 923 ad
591 869 704 924 haec
756 867 1099 938 reprimenda
1143 866 1426 920 constituti
1478 864 1715 926 fuerant,

134 965 412 1035 graviores
442 969 792 1032 tempestates
831 960 1325 1031 etperniciosiores
1372 959 1424 1013 in
1489 957 1720 1012 miseros

133 1065 412 1110 exercent.
448 1054 573 1109 llzec
603 1067 782 1109 autem
825 1053 1006 1122 iniqua
1032 1061 1193 1122 atque
1216 1049 1411 1120 injusta
1446 1048 1720 1119 inzequali-

134 1159 213 1202 tas
247 1162 353 1202 non
392 1145 562 1200 solum
591 1145 643 1198 in
677 1144 931 1208 urbibus,
979 1142 1072 1198 sed
1104 1153 1159 1197 et
1190 1142 1241 1195 in
1289 1141 1471 1212 agris;
1529 1147 1582 1195 et
1612 1154 1717 1194 non

131 1238 303 1293 solum
335 1239 387 1291 in
411 1236 688 1301 terra,sed
713 1245 767 1290 et
796 1236 848 1289 in
874 1235 1009 1289 mari
1040 1233 1396 1288 committitur
1418 1241 1472 1286 ct
1499 1246 1720 1286 exerce-

131 1337 236 1382 tur.
291 1327 360 1382 Et
419 1326 748 1398 primoribus
779 1325 995 1395 quidem
1036 1325 1300 1395 prOpheta
1333 1322 1495 1377 dicit:
1531 1320 1719 1376 Nonne

130 1429 354 1473 uestrum
374 1428 449 1473 est
464 1418 729 1488 judicium
751 1417 925 1470 scire?
949 1415 1134 1485 (Mich.
1155 1431 1234 1480 ιιι,
1254 1415 1329 1485 1.)
1348 1414 1412 1468 Et
1433 1414 1559 1469 item
1582 1413 1720 1468 alius

128 1510 300 1565 dicit:
334 1508 588 1564 Forsitan
611 1509 759 1564 stulti
803 1523 922 1563 sunt
969 1519 1015 1562 ct
1060 1511 1360 1579 ignorantes
1420 1511 1555 1562 riam
1605 1507 1715 1562 Do-

127 1601 299 1654 mini?
328 1592 612 1672 IbPigitur
637 1602 705 1656 ad
745 1601 1014 1671 optimates
1043 1614 1061 1651 :
1087 1599 1186 1669 ipsi
1210 1600 1346 1652 enim
1375 1608 1718 1669 cognoverunt

120 1688 386 1759 judicium
412 1689 507 1745 Dei
528 1691 634 1756 sui,
655 1700 702 1745 et
723 1706 838 1743 erce
860 1690 914 1743 hi
939 1689 1106 1758 magis
1127 1689 1490 1758 confregerunt
1503 1690 1717 1759 jugum.
1750 1743 1776 1756 η

1830 491 1936 545 ῑίοι·
1964 500 2044 545 est
2071 506 2232 560 quam
2266 489 2448 560 ligata.
2480 490 2629 546 Tune
2673 492 2816 545 enim
2851 491 2909 546 ﬁt
2939 501 3088 546 tanto
3117 492 3416 549 ferventior

1825 584 1891 637 ad
1925 585 2205 643 saevitiam,
2240 593 2440 652 qttanto
2469 599 2526 635 se
2552 584 2864 637 viciniorcm
2887 585 3051 639 sentit
3076 585 3142 639 ad
3172 599 3412 655 ptenam.

1824 672 2145 728 Considerat
2177 689 2411 744 namque
2443 675 2583 744 quod
2607 673 2763 741 juxta
2793 678 2885 741 sit,
2919 687 2976 731 ut
2999 677 3272 734 licentiam
3313 694 3412 734 ne-

1825 766 2101 836 quissima
2145 766 2413 821 libertatis
2468 769 2728 835 amittat;
2784 779 2838 824 et
2891 781 3094 839 quanto
3143 773 3409 829 brevitate

1826 855 2083 926 temporis
2108 866 2447 926 angustatur,
2480 866 2630 913 tanto
2651 861 3050 932 multiplicitate
3071 863 3411 919 crudelitatis

1823 949 2166 1017 espanditur.
2222 949 2372 1003 Sicut
2420 950 2486 1004 de
2535 950 2626 1004 illo
2669 967 2800 1007 voce
2849 952 3086 1023 angelica
3114 955 3312 1009 dicitur
3340 956 3409 1010 ad

1823 1037 2085 1095 Joannem
2117 1058 2131 1094 :
2168 1039 2258 1095 Vw
2297 1051 2471 1106 terrm,
2511 1053 2558 1096 et
2599 1044 2753 1109 mari,
2801 1046 2926 1114 quia
2977 1045 3240 1100 descendit
3286 1047 3408 1102 dia-

1824 1131 1971 1186 bolus
2013 1133 2082 1186 ait
2121 1149 2208 1186 vos
2249 1133 2442 1186 habens
2474 1135 2606 1186 iram
2639 1151 2905 1204 magnam,
2933 1137 3098 1190 sciens
3124 1137 3263 1207 quod
3299 1155 3412 1192 mo-

1821 1224 1997 1278 dicum
2018 1234 2217 1294 tempus
2240 1224 2391 1278 habet
2417 1226 2599 1295 (Apoc.
2619 1242 2716 1290 xn,
2745 1227 2852 1296 12).
2882 1227 3033 1282 'l'nnc
3053 1243 3183 1296 ergo
3209 1229 3259 1282 in
3289 1246 3407 1282 ma-

1823 1329 1940 1386 gna:
1975 1315 2068 1369 ira:
2095 1313 2330 1370 furorem
2377 1330 2436 1369 se
2478 1315 2702 1382 dilatat,;
2747 1330 2814 1370 ne
2843 1317 2933 1387 qui
2979 1317 3032 1370 in
3075 1319 3409 1373 beatitudine

1821 1415 1968 1461 stare
2017 1422 2122 1461 non
2169 1407 2365 1476 potuit,
2409 1407 2462 1461 in
2495 1407 2859 1462 damnationis
2891 1423 3000 1461 sua:
3038 1407 3248 1462 foveam
3279 1425 3403 1463 cum

1820 1500 2011 1571 paucis
2050 1502 2176 1556 ruit.
2221 1502 2372 1557 Tunc
2403 1503 2662 1572 quidquid
2692 1503 2942 1572 nequiter
2985 1503 3216 1558 valuerit
3257 1503 3409 1558 calli-

1823 1593 1930 1648 dus
1954 1594 2215 1664 exquirit.
2244 1593 2366 1649 Ilaec
2396 1595 2577 1664 itaque
2602 1604 2844 1664 tempora
2871 1595 2982 1664 jam
3007 1596 3412 1666 venisse,.jam‘

1825 1704 1931 1758 quc
1965 1689 2258 1760 malignum
2303 1690 2511 1744 hostem
2563 1690 2880 1761 mysterium
2923 1689 3227 1756 iniquitatis
3275 1701 3406 1758 ope-

129 1778 394 1851 Nunquid
408 1798 562 1852 super
575 1783 656 1836 his
670 1798 771 1835 nou
793 1781 1026 1845 visitabo,
1055 1781 1179 1834 dicit
1206 1779 1636 1851 Dominus?(ler.
1659 1797 1710 1845 ν,
1746 1766 1792 1826 Β
1821 1781 1930 1836 rari
1956 1798 2053 1852 per
2083 1783 2186 1836 hoc
2227 1782 2510 1837 manifeste
2557 1791 2724 1850 patet,
2755 1783 2896 1852 quod
2924 1782 3100 1837 omnis
3122 1781 3256 1836 ordo
3279 1782 3412 1836 relic

127 1870 181 1934 ιι,
198 1870 281 1936 5.)
301 1869 549 1926 Visitabit
563 1881 732 1936 certe,
749 1872 950 1927 ctsicut
971 1870 1262 1926 Malachias
1277 1870 1426 1936 dicit,
1445 1871 1548 1925 erit
1562 1873 1716 1928 testis

125 1961 286 2016 velox
311 1961 588 2028 maleﬁcis,
607 1962 888 2028 adulteris,
905 1972 960 2018 et
993 1961 1246 2032 perjnris,
1263 1970 1316 2015 et
1343 1961 1715 2017 calummiato-

125 2053 298 2108 ribus.
327 2055 412 2122 Et,
444 2054 584 2109 sicut
611 2054 777 2109 Amos
801 2054 952 2120 dicit,
995 2068 1102 2108 non
1129 2054 1232 2108 erit
1258 2053 1336 2109 eis
1363 2052 1516 2124 fuga;
1552 2053 1643 2108 sed
1668 2054 1714 2110 si

124 2145 470 2200 ascendet-int
490 2143 557 2199 ad
578 2145 794 2211 coelum,
815 2144 938 2200 inde
958 2145 1200 2200 detrahet
1225 2158 1339 2210 eos,
1355 2143 1477 2198 etsi
1499 2143 1713 2200 celave-

123 2237 235 2291 rint
282 2253 338 2292 se
367 2238 423 2292 in
464 2237 790 2309 profundum
819 2237 1010 2303 maris,
1040 2237 1112 2291 ibi
1140 2236 1419 2290 mandabit
1446 2235 1702 2306 serpenti,

125 2335 179 2382 et
239 2327 516 2383 mordebit
563 2343 678 2384 eos.
743 2329 996 2398 Quisquis
1047 2329 1214 2398 igitur
1267 2327 1576 2382 considerat
1625 2326 1713 2382 vel

125 2433 349 2473 causam
393 2433 604 2484 eorum,
653 2420 745 2490 qui
799 2419 1031 2489 gratiam
1073 2419 1168 2474 Dei
1209 2419 1264 2474 in
1302 2434 1534 2474 vacuum
1565 2419 1710 2474 reci-

123 2511 382 2582 pientcs,
452 2522 506 2567 et
555 2513 620 2566 ad
673 2512 996 2568 diabolicam
1051 2513 1366 2568 servitutem
1425 2514 1711 2569 redeuntes

122 2611 378 2674 pereunt,
431 2602 518 2658 vel
563 2603 812 2659 miserias
859 2619 1067 2670 eorum,
1106 2605 1198 2674 qui
1245 2604 1712 2660 innumerabiliter

123 2692 327 2754 amicti.
382 2703 475 2750 aut
523 2695 578 2750 in
627 2695 1109 2750 murmurationem
1145 2704 1238 2750 aut
1277 2695 1328 2750 in
1376 2695 1708 2765 desperatio-

123 2803 248 2843 nem
300 2787 646 2851 excedentes,
689 2794 744 2842 et
798 2786 1110 2858 temporalia
1143 2795 1197 2840 ct
1234 2801 1488 2842 mansura
1512 2786 1708 2842 damna

123 2880 434 2945 incurrunt,
494 2879 626 2934 satis
667 2886 751 2932 est
791 2877 935 2930 unde
983 2878 1357 2941 contristetur,
1404 2885 1460 2931 et
1504 2875 1704 2946 lugeat.

124 2968 227 3034 Qui
293 2978 475 3024 autem
534 2983 697 3038 super
747 2970 831 3022 bis
889 2967 1202 3022 contristari
1252 2976 1498 3037 possunt,
1540 2967 1706 3022 Deum

120 3056 414 3128 dupliciter
471 3058 564 3128 qui
615 3073 777 3129 super
831 3056 1078 3113 miserias
1138 3056 1375 3112 ﬁliorum
1429 3055 1592 3111 Israel
1633 3056 1708 3112 le-

1817 1872 1992 1942 gionis
2033 1881 2122 1926 aut
2153 1872 2584 1926 Christianitatis
2633 1873 2948 1928 immutatus
2991 1883 3095 1939 est,
3146 1888 3249 1929 nec
3307 1874 3407 1927 im-

1815 1966 1990 2035 pietas
2014 1965 2128 2036 jam
2168 1965 2494 2020 erubescere
2525 1965 2714 2019 saltem
2746 1966 3015 2035 dignatur,
3051 1965 3146 2020 sed
3186 1966 3400 2034 iniquo-

1817 2070 1936 2109 rum
1969 2055 2367 2126 multiplicitate
2416 2057 2667 2111 roborata
2713 2064 2876 2127 caput
2923 2056 3121 2128 ubique
3159 2057 3402 2113 locorum

1816 2145 2076 2201 extulisse
2103 2147 2354 2203 videatur

1818 2257 1825 2265 ·
1888 2239 2129 2294 XXXIX.
2194 2239 2297 2309 Qui
2349 2251 2530 2297 autem
2585 2243 2696 2298 sint
2753 2258 2889 2313 quos
2941 2243 3053 2299 suis
3106 2244 3403 2300 ditionibus

1815 2329 1988 2386 isdem
2013 2331 2184 2385 hostis
2209 2333 2504 2402 mancipat,
2544 2348 2642 2404 per
2662 2335 2764 2389 hoc
2785 2335 3106 2400 ostenditur,
3123 2337 3266 2404 quod
3299 2353 3396 2392 rex

1814 2437 1936 2477 esse
1961 2437 2124 2492 super
2143 2437 2335 2477 omnes
2370 2423 2508 2479 ﬁlios
2536 2425 2802 2495 superbiae
2825 2426 3161 2494 perhibetur.
3198 2426 3398 2496 Super-

1814 2511 1903 2566 hia
1919 2526 2048 2567 vero
2070 2521 2124 2568 et
2145 2513 2345 2569 multos
2361 2514 2413 2568 in
2430 2515 2782 2571 saecularibus
2805 2518 3021 2582 studiis,
3041 2526 3096 2572 ct
3119 2518 3318 2573 multos
3341 2520 3396 2576 in

1814 2602 1982 2672 gradu
2029 2600 2306 2672 religionis
2331 2605 2537 2674 positos
2567 2606 2881 2676 prosternit.
2913 2606 2989 2662 De
3020 2608 3138 2664 istis
3169 2625 3403 2680 namque

1813 2694 2073 2764 scriptum
2113 2703 2192 2749 est
2233 2711 2246 2748 :
2302 2695 2450 2749 Misit
2496 2698 2719 2751 caudam
2760 2715 2909 2752 suout
2944 2699 3127 2765 draco,
3163 2711 3211 2752 et
3240 2703 3404 2755 traxit

1813 2789 2019 2840 tertiam
2072 2795 2274 2858 partem
2329 2787 2600 2842 stellarum
2646 2790 2828 2860 (Apoc.
2877 2805 2953 2844 xu
2981 2830 2996 2856 ,
3026 2790 3103 2860 4).
3139 2790 3291 2858 Quod
3321 2803 3406 2848 est

1757 2904 1780 2916 σ
1814 2885 2056 2932 extrema
2097 2877 2450 2947 persuasione
2492 2877 2688 2932 multos
2737 2879 2969 2932 terrenis
3005 2881 3283 2935 amoribus
3317 2881 3402 2936 itt-

1812 2968 2052 3034 volvere,
2083 2970 2175 3039 qui
2217 2969 2394 3026 studio
2421 2970 2545 3025 vitae
2576 2969 2811 3024 cmlestis
2836 2972 3090 3026 videntur
3115 2971 3402 3028 inhaerere.

1813 3062 1955 3118 Sane
1985 3063 2052 3118 de
2084 3063 2188 3118 illis
2231 3063 2362 3118 alias
2391 3081 2405 3118 :
2437 3063 2847 3118 Circumdabuut
2887 3081 3005 3118 eum
3036 3105 3050 3126 ,
3088 3065 3293 3135 inquit,
3319 3082 3408 3121 sa-

120 3126 273 3215 gitur
295 3148 534 3204 doluisse
557 3189 572 3214 ,
593 3164 756 3218 super
780 3148 1079 3218 perituram
1112 3145 1448 3201 Hierusalem
1468 3147 1704 3203 ﬂevisse.

1814 3157 1936 3212 lices
1976 3158 2220 3213 torrentis
2265 3159 2386 3230 (Job
2423 3175 2489 3212 ιιι.
2518 3201 2531 3224 ,
2559 3159 2665 3229 l7).
2700 3157 2904 3215 Salices
2945 3126 3293 3218 infructuosae
3321 3178 3408 3216 ar-

194 3239 486 3293 XXXVIII.
529 3238 609 3296 Oh
632 3241 746 3308 .boc
783 3247 960 3292 autem
993 3238 1250 3307 iniquitas
1277 3239 1530 3294 undatius
1557 3238 1712 3294 ebul-

119 3331 201 3396 lit,
234 3340 297 3384 ut
323 3330 494 3385 Isaias
530 3331 626 3395 ait,
677 3331 804 3398 quia
842 3331 1042 3384 veritas
1093 3329 1146 3383 in
1189 3329 1457 3385 oblivione
1499 3331 1622 3397 erit,
1655 3342 1711 3388 et

117 3422 284 3493 longe
325 3421 536 3490 justitia
581 3430 721 3486 stat;
749 3421 898 3490 quia,
955 3423 1094 3476 sicut
1135 3423 1248 3492 jam
1280 3423 1535 3489 diximus,
1575 3432 1738 3478 tetn-'

117 3531 257 3586 pora
312 3514 618 3584 periculosa
658 3524 941 3579 venerunt,
992 3524 1047 3568 et
1097 3515 1200 3569 ﬁne
1227 3531 1325 3571 suo
1359 3517 1589 3572 mundus
1612 3533 1706 3571 ur-

119 3615 300 3675 getur.
353 3604 457 3671 Qui
505 3604 627 3659 linis
671 3621 792 3659 cmn
834 3619 897 3658 ex
929 3605 1048 3674 ipso
1100 3620 1198 3658 suo
1238 3605 1427 3658 ordine
1456 3605 1706 3674 pendeat,

118 3695 496 3764 perversiorcs
539 3703 715 3748 tamen
761 3709 1005 3764 quosque
1042 3694 1361 3748 inventurus
1389 3703 1491 3759 est,
1539 3696 1708 3766 quiet

123 3785 275 3839 illius
322 3785 496 3839 ruinis
542 3785 700 3855 digne
723 3785 1146 3855 comprimantur
1169 3793 1223 3838 et
1249 3800 1312 3840 ex
1342 3785 1557 3840 illorum
1590 3801 1705 3842 me-

119 3877 245 3932 ritis
286 3891 443 3930 versa
487 3876 605 3930 vice
645 3875 886 3944 ejusdem
931 3877 1062 3931 ordo
1107 3893 1287 3932 rerum
1323 3879 1701 3934 confundatur.

116 3965 217 4020 Est
239 3981 458 4036 quoque
480 3975 533 4020 et
556 3965 658 4020 alia
691 3967 852 4032 ratio,
879 3968 1000 4037 quia
1031 3984 1129 4039 pro
1171 3985 1236 4024 eo
1271 3971 1414 4040 quod
1461 3972 1707 4027 homines

114 4066 245 4126 post
295 4057 591 4112 revelatam
640 4058 867 4128 gratiam
915 4059 1218 4114 dilexerunt
1253 4062 1424 4131 magis
1452 4063 1706 4117 tenebras

115 4163 288 4217 quant
319 4149 518 4214 lucem,
548 4157 603 4202 et
629 4149 804 4203 vocati
829 4159 978 4213 sunt,
1008 4157 1066 4203 ut
1095 4151 1171 4204 ait
1216 4152 1497 4220 propheta,
1522 4163 1706 4208 etnon

118 4233 544 4303 responderunt,
596 4245 650 4287 et
677 4248 796 4303 quae
834 4235 1008 4288 noluit
1038 4236 1296 4289 Dominus
1325 4235 1625 4307 elegerunt,
1652 4246 1706 4292 et

114 4331 513 4394 cognoscentes
537 4322 705 4378 Deum
736 4321 842 4378 ne.
872 4324 1012 4380 sicut
1040 4323 1208 4380 Deum
1237 4325 1700 4396 gloriﬁcaverunt,

112 4425 345 4489 propter
378 4418 481 4472 hoc
507 4418 684 4472 tradet
709 4416 827 4473 illos
848 4416 990 4472 Deus
1013 4418 1064 4472 in
1097 4419 1364 4474 desideria
1388 4419 1569 4474 cordis
1595 4419 1698 4484 sui,

116 4483 267 4564 sicut
307 4510 373 4566 de
406 4503 730 4580 quibusdam
782 4509 1072 4579 Apostolus
1121 4510 1292 4566 dicit:
1327 4507 1397 4564 Ut
1449 4511 1700 4581 impleant
1732 4483 1782 4544 D

115 4612 335 4672 peccata
387 4619 483 4657 sua
515 4618 738 4673 semper,
769 4612 814 4657 et
835 4604 924 4674 qui
952 4605 1004 4657 in
1036 4603 1278 4658 sordibus
1307 4613 1410 4670 est,
1435 4604 1700 4659 sordescat

114 4695 299 4748 adhuc
351 4693 404 4762 (Ι
431 4694 610 4750 Thess.
651 4711 711 4758 ιι,
756 4695 867 4766 16).
925 4695 992 4748 Et
1042 4695 1168 4764 quia
1221 4694 1508 4752 illuminati
1556 4695 1700 4764 justa

120 4801 292 4856 agere
325 4786 700 4856 neglexerunt,
725 4785 870 4856 justo
893 4788 1080 4842 caecati
1125 4787 1298 4842 adhuc
1331 4787 1537 4842 faciant
1564 4787 1704 4844 unde

116 4879 357 4950 amplius
402 4879 578 4950 puniri
622 4887 956 4934 mereantur.
988 4878 1068 4934 Ad
1094 4881 1238 4950 quod
1269 4879 1518 4936 videlicet
1541 4894 1702 4950 agen-

115 4973 278 5036 dum,
313 4978 367 5024 ct
403 4969 767 5026 immissiones
798 4987 894 5042 per
931 4971 1149 5042 angelos
1179 4972 1349 5028 malos
1371 4973 1526 5043 juxta
1551 4971 1702 5026 Psalo

114 5062 363 5127 mistam,
410 5063 676 5118 Dominus
724 5063 973 5118 semitam
1018 5065 1112 5118 irae
1151 5079 1260 5119 sua:
1306 5065 1454 5130 facit,
1505 5077 1566 5120 ut
1609 5081 1707 5121 cor

114 5154 392 5227 prioribus
431 5154 648 5212 meritis
690 5166 1038 5226 aggravatum
1058 5155 1206 5224 juste
1231 5158 1510 5226 permittat
1537 5157 1705 5213 etiam

116 5246 569 5315 subsequentibus
617 5245 983 5317 malignorum
1019 5249 1306 5319 spirituum
1336 5251 1703 5319 persuasioni-

116 5338 231 5394 bus
253 5336 376 5395 falli.
407 5341 559 5400 Unde
595 5339 656 5394 in
683 5337 1001 5400 Apocalypsi
1032 5342 1228 5397 dicitur
1259 5358 1272 5395 :
1302 5341 1434 5397 Cum
1465 5341 1706 5400 completi

1812 3252 1972 3306 bores
2016 3259 2160 3312 sunt,
2203 3252 2297 3305 sed
2352 3260 2593 3306 torrente
2625 3251 2892 3322 rigantur.
2927 3250 3164 3309 Torrens
3193 3253 3401 3308 hiema-

1811 3340 1951 3396 libus
1995 3341 2192 3411 pluviis
2236 3342 2587 3408 intumescit,
2620 3343 2714 3397 scd
2765 3351 2953 3398 aest-ate
2997 3342 3249 3398 siccatur.
3296 3345 3403 3400 Per

1811 3431 2006 3486 salices
2052 3447 2182 3502 ergo
2226 3431 2513 3487 smculares
2557 3433 2758 3502 quique
2785 3433 3160 3503 signiﬁcantur
3191 3451 3218 3487 a
3247 3433 3407 3490 bonis

1810 3522 2074 3576 virtutum
2107 3520 2376 3577 fructibus
2407 3521 2587 3577 alieni.
2621 3522 2727 3576 Per
2767 3531 3066 3578 torrentem
3099 3539 3227 3578 vero
3257 3539 3402 3578 mor-

1813 3614 1935 3668 talis
1957 3614 2149 3684 gloria,
2175 3630 2294 3683 qure
2325 3616 2545 3670 caducis
2587 3614 2884 3670 honoribus
2913 3624 3167 3685 tanquam
3200 3616 3407 3672 hietuao

1809 3703 1950 3758 libus
1977 3703 2170 3773 pluviis
2216 3703 2456 3771 inﬂatur,
2497 3705 2590 3758 sed
2625 3703 2749 3759 vita:
2781 3702 2940 3772 hujus
2967 3707 3200 3760 termino
3224 3720 3403 3762 annu-

1809 3795 1968 3849 latur.
2027 3796 2320 3866 Malignum
2373 3798 2553 3867 itaque
2593 3797 2842 3866 spiritum
2901 3797 3096 3854 salices
3148 3801 3404 3854 torrentis

1809 3887 2170 3952 circumdant,
2202 3890 2456 3957 quoniam
2487 3889 2563 3953 hi,
2586 3904 2723 3960 quos
2760 3888 2814 3943 in
2841 3890 2953 3943 suis
2982 3890 3404 3962 cogitationibus

1809 3993 1963 4032 amor
1993 3977 2117 4032 vine
2151 3979 2386 4035 carnalis
2417 3979 2682 4044 inebriat,
2717 3989 2864 4035 tanto
2895 3981 2968 4036 illi
2997 3983 3202 4038 arctius
3234 3983 3402 4040 inhae-

1809 4078 1951 4134 rent,
1976 4079 2179 4138 quanto
2202 4071 2406 4142 largius
2433 4073 2720 4128 delectatio
2750 4075 3076 4130 transitoria:
3106 4077 3396 4148 voluptatis

1808 4176 1902 4217 eos
1934 4160 2184 4217 infundit.
2231 4162 2330 4228 Qui
2380 4163 2589 4218 scilicet
2619 4179 2768 4218 more
2796 4165 3018 4221 salicum
3059 4166 3271 4224 fructus
3293 4185 3402 4225 non

1809 4250 1988 4306 ferunt
2018 4292 2032 4318 ,
2063 4253 2158 4308 sed
2207 4253 2258 4308 in
2303 4252 2446 4308 foliis
2499 4253 2866 4321 viridescunt-;
2929 4259 3055 4328 quia
3102 4259 3394 4329 aliquando

1807 4346 1970 4401 verba
2004 4345 2304 4400 honestatis
2330 4344 2643 4414 proferunt,
2678 4347 2772 4402 sed
2799 4347 3000 4403 nullum
3035 4350 3157 4405 vita:
3187 4352 3399 4422 pondus

1807 4451 1872 4492 ex
1919 4438 2072 4493 bonis
2115 4439 2370 4509 Operibus
2413 4439 2723 4494 ostendunt.
2783 4440 2859 4496 De
2905 4443 3099 4512 quibus
3139 4446 3401 4514 scriptum

1807 4539 1890 4586 est
1921 4548 1935 4584 :
1971 4528 2225 4585 Imitatur
2272 4540 2446 4584 autem
2496 4531 2644 4586 illum
2693 4533 2782 4603 qui
2821 4546 2945 4588 sunt
3001 4552 3065 4590 ea:
3091 4547 3242 4605 parte
3286 4537 3401 4606 ejus

1808 4622 1961 4695 (Sap.
1987 4639 2046 4689 ιι,
2075 4623 2188 4694 25),
2213 4623 2460 4680 videlicet
2479 4639 2695 4694 semper
2717 4627 3101 4697 superbiendo,
3124 4643 3398 4697 nunquam

1807 4713 2195 4784 resipiscendo.
2226 4713 2355 4768 Item
2407 4716 2473 4771 de
2524 4714 2606 4768 his
2651 4723 2707 4769 et
2757 4715 2886 4770 illud
2941 4735 2954 4772 :
3015 4716 3157 4771 lluic
3208 4727 3406 4771 montes

1805 4805 1992 4859 herbas
2041 4805 2213 4875 ferunt
2275 4805 2398 4875 (.lob
2452 4821 2560 4869 xu,
2621 4804 2731 4873 15).
2794 4805 2897 4860 Per
2949 4813 3167 4862 montes
3229 4815 3406 4858 tumor

1807 4898 2186 4968 superborum,
2216 4911 2313 4965 per
2336 4898 2536 4953 l.erbas
2565 4894 2720 4949 ﬂuxa:
2756 4897 3060 4968 voluptates
3091 4910 3281 4948 eorum
3311 4910 3410 4949 ex-

1805 4991 2132 5059 primuntur.
2166 4989 2308 5059 Ergo
2360 4999 2572 5048 montes
2601 4987 2728 5044 huic
2775 4989 3036 5049 Beemoth
3088 4987 3287 5042 herbas
3335 4987 3416 5042 fe-

1806 5092 1957 5151 runt,
1989 5082 2112 5154 quia
2140 5097 2356 5150 semper
2384 5085 2436 5139 in
2465 5081 2545 5135 eis
2572 5093 2790 5147 pmnam
2822 5093 3041 5140 interna:
3069 5079 3263 5134 mortis
3296 5094 3419 5133 csu-

1805 5175 1976 5243 riens,
2003 5177 2127 5231 dum
2162 5173 2260 5242 ipsi
2308 5191 2369 5232 se
2394 5176 2571 5232 eidem
2608 5171 2674 5224 ad
2713 5189 2875 5230 onme
2910 5178 3106 5232 vitium
3142 5179 3416 5236 sternunt,

1806 5268 1935 5324 dum
1995 5269 2197 5325 nullum
2241 5270 2442 5326 malmn
2510 5273 2604 5320 aut
2655 5265 2948 5335 cogitando
2994 5273 3094 5324 aut
3149 5263 3425 5332 Operando

1815 5368 2143 5400 nrmtm-mmt
2194 5358 2318 5400 (min
2353 5369 2571 5400 cmnnm‘
2613 5352 2664 5400 in
2715 5354 2795 5400 eis
2839 5372 2936 5400 Sun
2973 5351 3246 5400 desideria
3276 5367 3429 5400 recn-
