3934 5400
513 330 617 389 887

1484 317 1558 391 ἐξ
1589 325 1840 393 090le
1873 326 2165 397 seems
2193 327 2692 392 CLUNIACENSIS
2718 333 2774 393 ‘ll

3685 336 3773 407 588

584 443 695 502 XL.
730 443 1021 503 Sciendum
1053 454 1187 502 vero
1221 444 1366 517 quod
1407 444 1462 503 in
1497 448 1601 504 hac
1642 448 2102 515 peregrinatione,
2128 445 2180 511 Α
2209 459 2371 501 causa
2423 456 2507 503 est
2533 447 2677 518 quod
2716 447 2893 505 omnis
2939 448 3147 521 pariter
3193 449 3417 521 morbus
3451 450 3706 514 obtinuit.
3729 464 3777 508 et

512 539 603 596 ubi
632 538 940 611 Babylonici
969 545 1026 592 et
1052 536 1483 609 Hierosolymitae
1509 536 1711 593 mistim
1748 546 2092 606 procurrunt,

510 641 567 689 et
593 631 808 702 reprobi
857 632 1171 702 frequenter
1214 630 1517 702 Superbire,
1541 640 1598 687 et
1622 629 1780 686 electi
1820 628 2097 686 humiliari

512 722 744 779 soleant.
791 721 898 777 Sed
928 721 1181 792 superbis
1207 720 1482 783 mentibus
1512 719 1790 777 humilitas
1834 720 1945 776 alta
1987 727 2094 777 est.

508 813 579 871 Et
622 813 824 871 idcirco
874 829 998 871 cum
1047 814 1189 870 hanc
1226 812 1570 885 specietenus
1617 811 1983 871 conscendere
2007 811 2087 869 nis

509 913 717 971 tuntur,
748 905 838 961 diu
870 904 924 961 in
955 919 1021 961 ea
1050 905 1255 963 morari
1283 918 1624 975 nequaquam
1666 892 1935 975 possunt,
1961 917 2098 975 quo-

507 996 653 1053 niam
697 996 932 1053 alienum
979 1004 1068 1054 est
1098 997 1244 1067 quod
1285 996 1689 1068 apprehendere
1723 1003 2010 1068 quaerunt,
2041 1001 2098 1051 et

448 1146 455 1153 ,
504 1088 659 1158 quasi
715 1102 745 1142 a
782 1087 999 1144 clivosis
1052 1088 1342 1144 itineribus
1391 1102 1517 1151 mox
1577 1088 1914 1145 relabuntur.
1956 1085 2096 1149 Nam

503 1194 783 1250 quousque
806 1181 946 1236 hanc
971 1181 1244 1253 abjiciant,
1276 1191 1335 1238 et
1357 1182 1425 1237 ad
1455 1190 1773 1238 consuetam
1797 1180 2095 1240 elationem

504 1271 748 1340 redeant,
779 1272 932 1342 quasi
963 1286 1127 1344 grave
1156 1272 1367 1343 pondus
1394 1273 1451 1328 in
1482 1274 1646 1331 corde
1689 1271 1988 1342 patiuntur.
2018 1271 2095 1329 De

502 1366 624 1422 istis
660 1382 789 1439 ergo
829 1367 1024 1422 dicitur
1062 1384 1075 1420 :
1105 1366 1268 1422 Omni
1299 1366 1553 1436 equidem
1584 1374 1827 1436 tempore
1850 1365 1974 1421 vita:
2002 1379 2095 1423 su-

499 1457 757 1528 perbiunt
781 1458 950 1529 impii,
996 1458 1121 1528 quia
1162 1456 1289 1514 licet
1315 1458 1551 1528 speciem
1585 1457 1911 1537 humilitatis
1932 1472 2091 1513 assu-

499 1559 683 1616 mant,
732 1552 835 1606 hoc
870 1561 1049 1605 tamen
1077 1550 1146 1606 ad
1174 1549 1567 1629 acquirendam
1611 1549 1832 1606 inanem
1861 1548 2093 1621 gloriam

500 1643 725 1708 iaciunt,
755 1649 809 1697 et
835 1642 908 1697 ita
943 1642 1010 1697 de
1038 1642 1153 1711 ipsa
1186 1640 1308 1697 ﬁcta
1336 1640 1645 1698 humilitate
1673 1640 2001 1711 gloriantur,
2033 1648 2093 1697 ut

499 1733 660 1789 etiam
686 1732 809 1787 inde
836 1732 1173 1803 superbiant,
1195 1732 1240 1789 si
1264 1739 1453 1788 contra
1482 1730 1792 1801 superbiam
1817 1729 2093 1788 subtiliter

2204 543 2460 607 tauquam
2506 538 2552 593 si
2591 539 2847 608 eveniat,
2880 540 3065 597 multis
3116 543 3218 599 sub
3264 558 3374 598 uno
3413 542 3775 616 languentibus

2199 635 2400 696 praesto
2423 642 2547 687 esse
2568 630 2836 687 neminem
2861 645 3073 689 sanum.
3100 632 3323 690 Certum
3343 643 3425 690 est
3448 635 3600 705 quod
3621 637 3776 692 omnis

2197 718 2405 789 pariter
2430 730 2750 793 corrumpat
2790 730 2846 781 et
2893 724 3144 780 absumat
3190 726 3436 791 incuria,
3469 725 3604 781 dum
3637 743 3776 783 nemo

2190 810 2393 880 estqui
2424 810 2509 868 vel
2536 822 2838 885 opportuna
2873 816 3131 886 prtebeat,
3159 817 3243 871 vel
3270 817 3589 887 inoportuna
3614 818 3778 888 probi-

2196 900 2340 981 beat.
2368 902 2447 973 Ita
2472 912 2530 959 et
2552 905 2706 963 nobis
2729 907 2928 963 accidit
2953 925 2968 962 :
2994 907 3118 964 dum
3151 908 3297 963 enim
3326 924 3491 964 nemo
3521 923 3687 963 sanus
3709 919 3778 963 est

2199 993 2385 1061 corde,
2421 994 2515 1052 sed
2545 1010 2736 1051 omnes
2779 997 3099 1070 languemus
3128 1013 3158 1052 a
3206 997 3381 1054 salute
3428 998 3655 1063 mentis,
3702 997 3778 1052 alii

2198 1082 2405 1155 majore
2439 1128 2456 1154 ,
2502 1086 2595 1143 alii
2631 1087 2845 1145 minore
2879 1100 3031 1159 peste
3060 1129 3076 1156 ,
3126 1105 3287 1145 nemo
3338 1089 3533 1162 utique
3576 1097 3662 1144 est
3702 1090 3779 1158 qui

2199 1185 2371 1237 curet.
2398 1177 2612 1236 Etenim
2634 1180 2681 1235 si
2703 1181 2829 1253 quis
2849 1190 3122 1252 utcunque
3151 1181 3387 1248 adesset,
3413 1182 3507 1254 qui
3540 1180 3624 1235 vel
3662 1196 3781 1251 prte-

2198 1278 2359 1341 cepta
2395 1268 2624 1337 Christi,
2662 1270 2749 1328 vel
2775 1273 3235 1345 transgressiones
3270 1282 3491 1328 nostras
3518 1273 3783 1328 discerne-

2198 1369 2304 1426 ret,
2351 1361 2538 1419 nescio
2589 1363 2636 1418 si
2694 1361 2831 1421 ullos
2888 1362 3025 1419 alios
3084 1364 3257 1435 magis
3303 1378 3470 1435 quam
3523 1378 3627 1418 nos
3652 1363 3783 1433 ipsa

2196 1455 2486 1529 praeceptis
2516 1455 2634 1526 ejus
2661 1456 2968 1513 contrarios
2994 1455 3286 1526 iudicaret.
3424 1444 3429 1455 ’
3614 1468 3621 1473 '

2269 1543 2425 1603 XLII.
2483 1545 2590 1603 Pro
2618 1548 2703 1604 his
2756 1558 2813 1605 et
2865 1548 3170 1620 hujusmodi
3215 1564 3336 1621 quae
3387 1548 3441 1602 iu
3478 1545 3645 1627 hujus
3670 1547 3786 1602 vita:

2196 1645 2398 1695 nostra:
2421 1646 2565 1695 statu
2594 1681 2610 1705 ,
2637 1637 2750 1710 jam
2802 1639 3128 1712 l‘rigescente
3171 1638 3442 1694 charitate
3462 1647 3577 1721 ,ει
3620 1637 3782 1694 abun-

2198 1726 2362 1803 dante
2395 1729 2682 1802 iniquitate
2699 1772 2714 1796 ,
2739 1741 3021 1803 geruntur,
3051 1731 3312 1786 Dominus
3340 1745 3442 1801 per
3468 1730 3640 1785 Amos
3666 1743 3784 1799 que-

501 1823 782 1893 disputare
811 1796 1027 1879 norunt.
1060 1796 1248 1879 Solent
1280 1821 1480 1894 quippe
1501 1796 1565 1878 et
1592 1820 1750 1879 electi
1784 1821 2089 1892 superbire,
2117 1805 2171 1872 Β
2198 1796 2338 1879 ritur
2389 1796 2574 1878 dicens
2620 1840 2632 1875 :
2665 1796 2925 1893 Nunquid
2970 1796 3074 1875 non
3115 1830 3172 1874 ut
3214 1819 3316 1889 ﬁlii
3340 1796 3785 1891 )Ethiopum'em

496 1915 590 1970 sed
610 1930 715 1970 non
739 1916 884 1971 omni
910 1922 1174 1984 tempore,
1197 1914 1325 1985 quia
1348 1914 1662 1985 priusquam
1685 1914 1853 1970 vitam
1875 1913 2088 1982 ﬁniant,
2194 1917 2317 1977 estis
2365 1917 2491 1972 mihi
2530 1916 2635 1988 ﬁlii
2678 1916 2872 1985 Israel,
2899 1918 2973 1973 ait
3006 1916 3302 1973 Dominus?
3341 1915 3550 1984 (Amos.
3596 1931 3671 1980 rx,
3709 1913 3785 1988 'I.)

495 2024 591 2063 cor
616 2010 684 2064 ab
713 2008 948 2064 elatione
985 2008 1052 2063 ad
1094 2006 1453 2065 humilitatem
1488 2013 1845 2090 commutant.
1890 2003 2089 2078 Super-
2193 2005 2324 2067 Post
2345 2008 2744 2073 dealbationem
2769 2024 2890 2081 quae
2911 2009 2974 2064 iit
2999 2009 3051 2064 in
3080 2006 3326 2072 Seltuon,
3358 2008 3428 2062 ad
3451 2007 3784 2078 nigredinem

494 2099 640 2155 bisse
668 2099 837 2165 enim,
888 2098 1151 2156 cecidisse
1187 2107 1290 2155 est.
1336 2096 1488 2155 Unde
1526 2106 1582 2153 et
1611 2112 1707 2169 per
1742 2096 2088 2155 Psalmist
2190 2100 2399 2173 peccati
2460 2099 2701 2157 redimus
2753 2119 2767 2155 :
2831 2089 3023 2168 Nive,‘
3049 2099 3262 2170 inquit,
3301 2097 3693 2152 dealbabantstr
3735 2098 3785 2167 in

493 2191 692 2245 dicitur
726 2209 736 2245 :
780 2191 897 2244 Non
926 2192 1096 2245 veniat
1124 2190 1252 2245 mihi
1301 2206 1388 2261 pes
1420 2190 1678 2260 superbia:
1720 2187 1895 2261 (Psal.
1920 2205 2087 2259 xxxv,
2193 2190 2407 2261 Satanan
2434 2189 2610 2254 (Psal.
2646 2207 2816 2258 vau,
2847 2191 2958 2264 15).
2992 2191 3060 2247 Et
3102 2206 3226 2247 cum
3275 2188 3565 2261 Scriptura
3592 2189 3734 2244 dicat
3770 2207 3783 2242 :

494 2282 603 2353 l2).
637 2284 760 2349 Pes,
785 2283 978 2353 inquit,
1012 2298 1118 2339 non
1143 2282 1306 2353 pedes
1335 2300 1347 2337 :
1380 2282 1553 2354 liquet
1572 2283 1717 2339 enim
1737 2285 1881 2353 quod
1905 2282 2087 2341 nullus
2203 2283 2533 2355 Yerecundos
2560 2295 2611 2341 et
2642 2285 2947 2343 reverendus
2976 2284 3134 2356 facile
3168 2282 3310 2353 ﬁlios
3346 2281 3526 2337 Israel
3554 2281 3619 2335 ab
3651 2280 3785 2334 omni

498 2392 606 2431 ιιιιο
634 2377 769 2445 pede
799 2376 888 2430 diu
913 2373 1177 2446 graditur.
1207 2374 1289 2431 Ob
1310 2374 1363 2431 id
1385 2389 1516 2446 ergo
1546 2373 1788 2445 quolibet
1815 2372 1923 2433 alio
1951 2373 2087 2433 vitio
2189 2366 2569 2444 immundum;
2604 2392 2712 2448 quo
2742 2376 2996 2433 videlicet
3043 2373 3209 2431 verbo
3238 2372 3575 2447 generaliter
3614 2371 3785 2426 omnis

497 2468 694 2523 tentari
720 2467 1129 2538 permittuntur,
1155 2476 1213 2521 ut
1236 2466 1626 2533 humilicntur;
1655 2465 1927 2525 bumiliati
1959 2480 2087 2523 vero
2190 2473 2495 2544 inquinatiu
2532 2471 2615 2531 vel
2640 2470 2852 2531 occulta
2897 2468 2981 2527 γει
3031 2468 3319 2526 manifesta
3362 2464 3782 2538 comprehendi-

486 2560 686 2616 diaboli
734 2574 854 2616 esse
899 2559 1152 2615 desinant
1178 2598 1194 2625 ,
1221 2559 1310 2615 cui
1358 2557 1719 2629 superbieudu
1756 2558 2082 2619 militabant.
2153 2562 2302 2631 ‘tur,
2357 2578 2497 2635 quae,
2544 2572 2602 2619 ut
2639 2560 3003 2633 Hieronymus
3040 2544 3218 2624 'dicit,
3256 2546 3552 2613 numinare
3594 2553 3785 2627 turpis-
3870 2618 3879 2633 ,

490 2652 626 2708 Hinc
657 2667 755 2723 per
785 2650 1117 2723 Sophoniam
1167 2650 1368 2708 dicitur
1400 2670 1413 2704 :
1442 2651 1508 2705 At
1538 2660 1712 2715 tamen
1737 2693 1752 2718 ,
1802 2650 2083 2723 subaudis,
2188 2655 2387 2714 simum
2423 2663 2540 2721 est;
2580 2668 2679 2709 nos
2731 2661 2952 2710 econtra
2994 2651 3047 2707 in
3076 2650 3327 2723 passione
3354 2646 3623 2713 desiderii
3652 2646 3785 2700 sicut

486 2744 615 2799 licet
644 2744 711 2799 ad
749 2744 940 2801 horam
970 2742 1279 2812 superbias,
1309 2742 1513 2798 timebis
1535 2757 1616 2797 me
1643 2750 1691 2798 et
1721 2741 1946 2812 accipies
1967 2742 2084 2799 dis-
2185 2752 2375 2816 gentes
2402 2754 2714 2807 aestuamus,
2743 2753 2800 2799 et
2823 2756 3013 2800 omnes
3033 2782 3047 2807 ,
3073 2749 3135 2797 ut
3160 2740 3236 2796 ait
3265 2738 3441 2801 Isaias
3460 2778 3475 2804 ,
3509 2737 3579 2791 ad
3609 2736 3781 2791 avari-

487 2834 737 2905 ciplinam
773 2833 958 2904 (Soph.
993 2850 1078 2899 ut,
1111 2835 1186 2905 7).

2189 2835 2320 2895 tiam
2347 2834 2684 2893 declinamus
2711 2848 2745 2889 a
2770 2847 2982 2889 summo
3030 2846 3199 2901 usque
3243 2830 3310 2884 ad
3368 2827 3663 2883 minimum
3688 2867 3702 2891 ,
3726 2834 3785 2880 ut

561 2927 693 2983 XLI.
720 2927 874 2996 Quod
903 2936 1085 2983 autem
1114 2931 1256 2984 inter
1276 2931 1459 2985 omnia
1487 2930 1625 2985 mala
1650 2932 1872 3001 gravius
1899 2940 2078 2995 nocet,
2184 2941 2360 2998 equus
2403 2925 2727 2983 emissarius
2764 2924 3075 2981 hinnientes
3099 2962 3114 2989 ,
3143 2931 3201 2977 ut
3246 2921 3449 2976 merito
3492 2919 3654 2989 quasi
3692 2919 3781 2972 de-

489 3029 566 3075 na
604 3020 874 3091 pessimus
905 3020 1162 3090 peccandi
1198 3035 1330 3078 usus
1371 3022 1489 3092 ipsa
1530 3022 1643 3093 jam
1688 3025 2081 3083 consuetudine
2182 3034 2413 3093 generos
2442 3033 2475 3081 a
2503 3017 2714 3075 ccelesti
2734 3015 2895 3071 Patre
2920 3015 3245 3072 audiamus:
3275 3008 3547 3081 Nunquid
3574 3026 3662 3063 ros
3687 3024 3781 3062 nos

493 3114 783 3170 roboratus
806 3122 916 3179 est,
939 3121 1001 3168 ut
1025 3127 1164 3183 pene
1194 3113 1374 3171 nullus
1395 3113 1548 3183 justo
1564 3116 1770 3186 judicio
1794 3126 2074 3187 peccatum
2107 3164 2153 3187 η
2180 3112 2281 3182 ﬁlii
2320 3111 2543 3177 scelesti,
2587 3125 2762 3181 semen
2805 3107 3072 3169 mendax?
3112 3104 3248 3176 (Isa.
3289 3117 3427 3169 LVII,
3460 3100 3545 3173 4.)
3571 3100 3639 3156 Et
3666 3101 3779 3154 itan

486 3204 803 3260 discernere
847 3164 1051 3276 (uitiati.r
1080 3204 1189 3261 Sed
1213 3205 1356 3261 sicut
1381 3164 1720 3265 Aaron’ﬁli'ts
1747 3164 1908 3265 ls;ael
1947 3164 2078 3265 deos
2330 3225 2343 3262 :
2371 3204 2438 3260 In
2471 3164 2805 3274 in'dulgentia
2852 3217 2950 3256 sua
2982 3164 3196 3253 redemit
3231 3212 3319 3250 eos
3338 3235 3354 3261 ,
3382 3203 3435 3248 et
3474 3192 3559 3247 illi
3591 3192 3661 3245 ad
3680 3191 3778 3244 ira-

484 3295 852 3366 quaerentihus
878 3306 986 3353 non
1015 3297 1237 3361 restitit,
1271 3297 1351 3354 sic
1372 3312 1563 3354 omnes
1592 3307 1687 3355 aut
1715 3301 1883 3369 iniqui
1926 3310 2076 3368 sunt,
2184 3299 2438 3355 cundiam
2462 3304 2898 3368 prouocauerunt,
2942 3301 2990 3348 et
3040 3290 3335 3363 amiserunt
3364 3286 3636 3357 Spiritum
3668 3300 3779 3340 sas-

485 3398 578 3447 aut
608 3389 885 3461 iniquitati
914 3391 1135 3447 cedunt.
1169 3390 1514 3461 Quapropter
1533 3389 1879 3463 illacrymans
1909 3392 2077 3455 Isaias
2183 3400 2323 3447 ctum
2342 3387 2480 3459 ejus,
2502 3396 2550 3442 ct
2573 3401 2854 3441 conversus
2877 3392 2953 3439 est
2969 3383 3043 3438 eis
3066 3383 3120 3435 in
3140 3380 3415 3434 inimicum
3439 3376 3587 3449 (Isa.
3630 3390 3774 3441 unt,

481 3485 550 3539 de
574 3484 684 3539 Deo
706 3483 837 3540 dicit
866 3502 880 3538 :
911 3482 1079 3550 Quem
1100 3483 1304 3541 docebit
1346 3485 1644 3550 scientiam,
1674 3496 1721 3539 et
1745 3503 1897 3557 quem
1931 3487 2079 3545 intel-
2181 3481 2237 3546 9,
2267 3480 2375 3547 10).
2429 3478 2568 3535 Hinc
2617 3491 2833 3549 quoque
2873 3474 2928 3530 in
2962 3486 3195 3555 persona
3225 3468 3342 3539 ejus
3387 3467 3571 3526 Jacob
3609 3467 3774 3524 dicit:

480 3575 641 3647 ligere
676 3577 836 3646 faciet
872 3576 1163 3631 auditum?
1203 3575 1467 3632 Sacerdos
1495 3585 1545 3630 et
1586 3576 1838 3646 propheta
1876 3577 2077 3631 nescie-
2182 3574 2313 3630 Sine
2351 3572 2479 3641 ﬁliis
2510 3570 2683 3642 [actus
2723 3584 2863 3625 sum.
2902 3566 3043 3624 Ecce
3081 3564 3260 3636 qualis
3308 3572 3395 3619 est
3449 3563 3619 3633 hujus
3665 3560 3777 3616 vita

480 3683 602 3725 runt
621 3709 638 3736 ,
661 3686 771 3740 prta
798 3670 1045 3724 ebrietate
1083 3669 1315 3740 absorpti
1354 3678 1476 3724 sunt
1503 3687 1535 3723 a
1581 3668 1695 3724 vino
1721 3709 1736 3733 ,
1780 3669 2073 3725 nescierunt
2179 3676 2378 3729 status.
2402 3665 2449 3722 si
2484 3672 2662 3721 tamen
2684 3671 2858 3719 status
2885 3660 3151 3718 dicendus
3180 3666 3265 3714 est
3287 3697 3301 3725 ,
3324 3657 3422 3729 qui
3458 3667 3543 3713 tot
3570 3657 3775 3713 casibus

481 3767 757 3834 sidentem,
789 3765 842 3821 id
882 3774 967 3822 est
994 3766 1305 3830 Dominum,
1341 3774 1389 3819 et
1412 3766 1782 3836 ignoraverunt
1805 3766 2072 3837 judicium
2179 3757 2502 3815 delictorum
2526 3754 2594 3810 ad
2624 3754 2839 3809 ruinam
2861 3751 3060 3824 vergit,
3081 3758 3138 3805 et
3156 3764 3319 3819 quem
3347 3758 3502 3803 tanta
3528 3763 3642 3803 sua:
3662 3760 3773 3837 pra-

481 3858 618 3931 (Isa.
645 3873 843 3925 xxvtu,
870 3858 925 3924 7,
948 3856 1036 3930 9),
1065 3859 1118 3913 id
1148 3867 1233 3915 est
1262 3858 1575 3914 discernere
1606 3859 1817 3929 pondus
1838 3858 2071 3930 peccati.

482 3952 625 4020 Quin
660 3953 833 4022 potius
873 3950 1148 4015 adulteris,
1171 3967 1303 4022 quos
1329 3965 1549 4020 arguere
1573 3950 1884 4015 debuerant,
1911 3960 1970 4005 ut
1998 3951 2072 4006 ibi

477 4043 696 4109 dicitur,
747 4043 1044 4099 sacerdotes
1095 4042 1481 4113 applaudebant
1509 4083 1522 4105 ,
1568 4052 1617 4096 et
1657 4044 1880 4114 populus
1925 4060 2071 4099 meus

479 4135 662 4189 dilexit
685 4134 839 4189 talia.
860 4133 1097 4205 Contigit
1120 4147 1250 4205 ergo
1274 4134 1429 4188 nobis
1449 4132 1593 4202 quod
1616 4132 1725 4187 illis
1749 4132 1908 4197 solet,
1931 4133 2073 4189 sicut
2095 4196 2103 4205 ,

478 4227 716 4283 Joannes
742 4226 1166 4298 Chrysostomus
1194 4224 1330 4279 dicit
1358 4263 1371 4287 ,
1407 4224 1499 4293 qui
1546 4221 1948 4293 vel‘phrenesin
1979 4239 2072 4294 pa-

478 4322 717 4385 tiuntur,
750 4319 831 4374 vel
861 4327 1041 4374 mente
1070 4316 1212 4388 capti
1251 4324 1414 4380 sunt,
1444 4331 1475 4369 a
1503 4315 1702 4386 quibus
1726 4331 1851 4370 cum
1900 4315 2069 4372 multa

479 4414 659 4483 turpia
683 4420 739 4467 et
767 4411 1069 4482 periculosa
1107 4410 1192 4464 vel
1230 4409 1487 4464 dicantur
1534 4408 1616 4463 vel
1662 4418 1940 4480 gerantur.
1970 4424 2069 4465 nec

475 4503 697 4576 pudoris
719 4512 895 4556 tamen
920 4499 1119 4571 aliquid
1139 4515 1237 4555 nec
1262 4500 1616 4570 paenitudinis
1640 4499 1892 4571 capiunt;
1917 4501 2069 4571 quin-

475 4597 586 4652 imo
614 4603 667 4650 et
707 4594 977 4666 magniﬁci
1018 4593 1119 4647 sibi
1156 4607 1219 4648 ac
1247 4592 1607 4662 sapientiores
1640 4594 1788 4648 sanis
1819 4592 2071 4649 videntur

476 4704 540 4744 ac
559 4687 918 4757 sapientibus.
959 4685 1036 4740 lla
1083 4699 1236 4756 ergo,
1264 4694 1319 4740 et
1346 4699 1446 4739 nos
1466 4699 1590 4739 cum
1621 4684 1802 4738 omnia
1830 4699 1951 4755 qua:
1979 4699 2065 4740 suo

475 4780 634 4835 nitati
673 4777 949 4833 contraria
993 4786 1121 4831 sunt
1150 4789 1424 4847 geramus,
1456 4789 1555 4831 nec
1602 4775 1705 4829 hoc
1738 4775 1913 4845 ipsum
1942 4780 2066 4846 qui-

473 4872 594 4925 dem
625 4870 769 4941 quod
798 4877 882 4923 est
918 4866 1164 4923 insanius
1191 4865 1347 4922 nobis
1377 4864 1780 4938 cognoscimus.
1814 4865 1887 4920 At
1921 4867 2065 4921 enim

473 4962 518 5018 si
547 4962 599 5016 in
634 4974 862 5031 corpore
884 4972 1073 5029 parum
1102 4955 1305 5026 aliquid
1332 4955 1506 5011 morbi
1533 4953 1856 5025 pulsaverit,
1878 4955 2064 5014 statim

473 5066 528 5112 et
553 5056 789 5111 medicos
809 5053 1151 5117 adhibemus,
1181 5059 1239 5105 et
1262 5049 1546 5121 pecuniam
1576 5048 1978 5122 profundimus,
2007 5058 2064 5105 et

476 5148 621 5201 omni
672 5145 1016 5202 observantia
1059 5157 1273 5208 curam,
1302 5156 1424 5211 qum
1475 5138 1756 5196 medicina:
1781 5141 2060 5211 competit,

475 5240 732 5308 gerimus,
759 5253 856 5294 nec
887 5238 1037 5307 prius
1064 5242 1332 5298 cessatur,
1357 5248 1662 5305 quamquae
1687 5233 1909 5290 molesta
1934 5243 2063 5290 sunt

2176 3847 2363 3906 vitatis
2393 3844 2560 3903 moles
2582 3844 2649 3901 ad
2673 3845 2784 3899 ima
2806 3841 3093 3914 demergit.
3126 3839 3232 3895 Pro
3259 3839 3345 3895 bis
3365 3847 3424 3894 et
3446 3835 3772 3907 hujusmodi,

2176 3953 2296 4010 qua:
2328 3946 2438 3993 tam
2467 3934 2785 4006 multiplicia
2815 3942 2960 3999 sunt,
2983 3941 3042 3988 ut
3066 3930 3241 4002 magis
3275 3926 3487 3993 deﬂeri,
3511 3942 3673 4007 quam
3697 3940 3774 3981 rc-

2174 4030 2304 4087 ferri
2338 4028 2576 4100 possint,
2619 4026 2911 4098 lugendum
2951 4032 3036 4081 est
3074 4024 3158 4078 his
3206 4021 3300 4091 qui
3339 4018 3770 4076 cotisolationem

2172 4121 2301 4179 Jesu
2348 4127 2684 4190 exspectant.
2739 4116 2783 4174 O
2833 4131 2995 4188 quam
3042 4115 3243 4170 bonum
3289 4119 3396 4176 est,
3444 4107 3771 4166 venerabilis

2173 4222 2353 4284 pater,
2377 4224 2539 4281 super
2568 4208 2697 4264 talia
2719 4204 3068 4264 contristari!
3098 4201 3358 4273 Quisquis
3378 4201 3527 4257 enim
3554 4199 3644 4254 ille
3669 4207 3769 4263 est,

2173 4305 2397 4377 angelus
2425 4303 2576 4377 pacis
2608 4302 2911 4366 vocabitur,
2936 4300 3093 4372 juxta
3118 4296 3251 4355 illud
3281 4293 3436 4350 Isaiae
3463 4293 3613 4365 quod
3635 4307 3773 4363 pra-

2176 4396 2547 4467 misimusjam
2565 4415 2580 4451 :
2598 4395 2784 4466 Angeli
2803 4396 2949 4465 pacis
2971 4400 3151 4447 auare
3170 4390 3366 4461 ﬂebunt
3394 4386 3535 4457 Usa.
3570 4401 3764 4449 nstin,

2175 4492 2251 4564 7).
2295 4492 2360 4546 Et
2405 4492 2547 4546 inter
2591 4488 2795 4545 electos
2846 4484 3111 4555 assignari
3162 4489 3429 4550 tueretur,
3484 4479 3629 4535 sicut
3674 4492 3771 4548 per

2177 4582 2519 4640 Ezechielent
2541 4581 2742 4637 dicitur
2778 4596 2792 4633 :
2823 4576 2990 4648 Signa
3026 4573 3137 4629 Tau
3162 4574 3215 4629 in
3238 4571 3503 4643 frontibus
3532 4572 3764 4625 uiroru-

2175 4677 2464 4747 tugentiunt
2488 4673 2707 4746 (Eucti.
2733 4687 2815 4735 is,
2834 4670 2912 4741 4).
2943 4666 3056 4724 Tan
3086 4666 3269 4723 littera
3293 4663 3533 4735 speciem
3565 4671 3767 4718 sanctae

2174 4768 2356 4829 crucis
2383 4766 2542 4838 gerit.
2572 4765 2760 4820 Videte
2784 4777 2915 4833 ergo
2949 4774 3111 4831 quam
3154 4771 3407 4827 nmguuut
3442 4755 3643 4808 bonum
3697 4752 3767 4806 sit

2174 4859 2359 4917 dolere
2390 4873 2489 4929 pro
2516 4855 2691 4920 malis,
2735 4868 2834 4924 pro
2877 4867 2986 4922 quo
3012 4848 3205 4905 dolens
3233 4847 3469 4919 quilibet
3490 4845 3765 4900 schemate

2175 4948 2474 5027 [stigmate]
2526 4956 2727 5004 sanctae
2772 4944 2953 5000 crucis
3006 4951 3247 4996 meretur
3300 4936 3587 5008 insignari.
3637 4934 3764 4990 Hec

2170 5050 2335 5120 igitur
2369 5041 2670 5103 consolatio
2699 5054 2796 5095 vos
2827 5035 3045 5095 interim
3086 5041 3329 5097 maneat,
3357 5040 3418 5085 ut
3452 5030 3581 5085 dum
3612 5029 3765 5099 prin-

2170 5143 2318 5211 cipes
2347 5138 2708 5194 Sodomorum
2736 5142 2900 5205 caput
2933 5128 3221 5194 extollunt,
3246 5127 3380 5193 dum
3408 5124 3505 5183 lilii
3534 5123 3763 5181 Gomor-

2168 5235 2284 5291 rhae
2311 5230 2610 5294 luxuriant,
2648 5228 2704 5284 hi
2728 5227 2822 5298 qui
2838 5225 3042 5296 justum
3070 5219 3212 5299 Loth
3230 5219 3437 5285 imitari
3463 5215 3763 5308 meruerint
