3934 5400
461 250 562 310 59!

1505 244 1564 302 S.
1601 242 1852 303 ODONIS
1886 241 2177 302 ABBATIS
2212 242 2712 304 CLUNIACENSIS
2748 246 2794 304 ll

467 365 589 439 ejus
624 363 853 421 terribili
884 360 1231 420 anathemate
1262 360 1531 418 multavit.
1565 360 1664 417 Hic
1693 376 1823 432 ergo
1855 359 2058 416 Matha-
2086 358 2421 427 A'libeutius
2482 369 2785 432 sequuntur
2845 360 3121 419 Simonem
3167 378 3415 438 magum,
3469 364 3558 423 vel
3605 367 3736 427 Aur

461 457 585 514 nias
615 454 866 520 undecim
909 450 1068 507 anuis
1114 451 1375 523 regnavit,
1424 450 1515 521 qui
1567 464 1826 506 numerus
1862 464 1959 519 pro
1986 463 2054 505 eo

461 548 605 621 quod
656 545 939 602 denarium
987 545 1240 608 excedit,
1269 542 1510 615 decalogi
1561 542 2051 615 transgressionem

459 639 656 712 signat.
715 637 900 709 Itaque
946 636 1048 692 sub
1090 634 1180 691 tali
1225 650 1350 708 rege
1401 634 1745 706 captivautur
1796 633 1864 688 de
1915 631 2051 690 Juda

457 730 753 805 principes,
784 730 911 802 quia
957 727 1211 784 videlicet
1243 728 1328 782 his
1375 726 1430 782 in
1465 725 1719 782 Ecclesiae
1746 725 2052 798 principatu

458 806 756 886 insidiante
781 824 1004 894 diabolo,
1034 822 1368 886 constitutis,
1393 821 1467 877 ita
1499 823 1551 877 in
1583 830 1695 876 toto
1714 835 1880 893 grege
1899 820 2051 876 fraus

410 879 629 999 lipsius
668 917 868 975 diaboli
893 879 1278 978 debacchatur,
1310 924 1367 969 ut
1399 914 1671 985 principes
1691 954 1706 979 ,
1742 912 1793 968 id
1823 922 1902 969 est
1931 912 2051 970 illos

458 1009 552 1079 qui
576 1009 725 1065 .boni
767 1008 947 1079 operis
979 1006 1220 1078 agilitate
1251 1016 1476 1061 creteros
1503 1005 1700 1075 praeire
1730 1005 2045 1072 debuerant,

457 1116 560 1172 per
585 1100 866 1171 quodlibet
890 1098 1078 1155 vitium
1108 1098 1208 1154 sibi
1230 1098 1541 1154 substernat
1565 1113 1580 1152 :
1604 1106 1659 1153 et
1677 1096 1859 1153 fabros
1884 1099 2052 1169 capti-

451 1201 570 1259 vat,
603 1192 656 1251 id
684 1202 768 1249 est
790 1192 909 1247 illos
935 1192 1027 1262 qui
1064 1190 1269 1262 spicula
1293 1191 1584 1246 verborum
1621 1189 1675 1244 in
1717 1190 1839 1258 igne
1880 1188 2048 1245 divini

454 1283 557 1342 zeli
604 1283 874 1341 conficere
929 1284 1249 1348 debuerant,
1296 1292 1460 1355 atque
1510 1282 1647 1338 alios
1688 1283 1755 1337 ad
1804 1280 2048 1352 spiritale

450 1384 729 1433 certamen
751 1389 986 1438 armare,
1019 1373 1276 1429 talentum
1307 1373 1507 1445 ingenii
1532 1372 1709 1444 coegit
1730 1372 1784 1427 in
1814 1372 2048 1429 terrenis

452 1467 666 1539 actibus
700 1466 1001 1538 implicare.
1036 1465 1101 1521 Et
1122 1465 1445 1533 inclusores,
1482 1464 1533 1519 id
1562 1473 1649 1520 est
1676 1479 1772 1520 eos
1799 1464 1889 1534 qui
1927 1480 2046 1519 mu-

449 1574 544 1616 ros
576 1560 833 1616 virtutum
857 1575 955 1630 per
976 1558 1195 1631 aliquod
1218 1560 1408 1616 vitium
1434 1560 1764 1630 interruptos
1784 1565 2045 1615 czetnento

445 1654 850 1731 praedicationis
892 1654 1160 1711 resarcire
1194 1653 1520 1720 debuerant,
1559 1654 1628 1708 ab
1664 1654 1843 1709 studio
1870 1653 2045 1709 corri-

2160 449 2328 516 nlam,
2357 451 2449 522 qui
2483 452 2861 509 lncresiarchaa
2883 453 3041 524 hujus
3066 455 3287 512 malitia:
3317 456 3560 524 fuerunt,
3586 476 3735 531 quam

2155 552 2379 599 sanctos
2405 558 2594 600 onmes
2616 546 2708 616 qui
2751 546 2820 601 ab
2847 548 3072 605 exordio
3118 548 3355 606 fidelium
3393 561 3588 608 contra
3624 568 3737 624 per-

2155 633 2471 690 versitatem
2518 637 2678 693 istam
2735 653 2951 711 semper
3009 643 3427 713 pugnaverunt?
3487 643 3738 704 Malitiam

2154 725 2410 792 dicimus,
2440 742 2546 798 qua
2588 729 2858 804 malignus
2885 732 3061 789 hostis
3093 734 3166 789 ita
3205 744 3416 791 mentes
3447 738 3739 795 carnalium

2155 819 2349 885 inlicit,
2381 830 2439 876 ut
2480 837 2544 878 ea
2593 838 2714 893 quae
2765 824 2859 881 Dei
2904 835 3031 882 sunt
3069 842 3173 882 non
3221 842 3322 898 pro
3352 828 3503 897 Deo,
3535 832 3632 887 sed
3654 847 3741 902 pro

2154 909 2307 967 lucro
2353 920 2592 980 terreno,
2648 914 2732 969 vel
2778 930 2880 987 pro
2921 917 3174 975 humanis
3213 918 3468 977 laudibus
3513 933 3737 993 gerant:

2156 1001 2436 1059 imitantes
2482 1004 2759 1062 Simonem
2800 1020 3036 1078 magum,
3068 1009 3160 1078 qui
3188 1010 3390 1066 donum
3424 1011 3606 1067 sancti
3632 1013 3739 1084 Spi-

2154 1093 2292 1149 ritus
2321 1096 2387 1150 ad
2434 1095 2537 1152 hoc
2576 1112 2898 1170 comparare
2952 1098 3141 1164 voluit,
3178 1109 3239 1155 ut
3268 1101 3393 1157 aliis
3423 1105 3497 1160 ad
3534 1103 3735 1163 lucrum

2151 1186 2449 1242 venderet:
2482 1186 2569 1244 vel
2618 1202 2681 1244 ea
2720 1205 2843 1260 qua:
2892 1205 2994 1263 pro
3042 1190 3153 1247 Deo
3182 1192 3737 1265 relinquere,debem,

2150 1279 2405 1351 cupidine
2454 1280 2818 1349 lenocinante,
2869 1283 3011 1339 sicut
3050 1283 3317 1352 Ananias,
3372 1288 3739 1357 repetant.Ne

2149 1373 2296 1430 enim
2354 1373 2441 1429 illa
2485 1376 2715 1432 vastitas
2763 1375 2950 1434 fideles
2991 1387 3306 1449 occuparet,
3354 1381 3573 1437 civitati
3618 1399 3737 1449 suae,

2149 1482 2273 1539 quae
2294 1476 2379 1525 est
2405 1468 2669 1533 Ecclesia.
2697 1469 2838 1527 Deus
2858 1470 3025 1527 Pater
3043 1469 3241 1527 Filium
3270 1487 3372 1544 pro
3395 1489 3557 1531 muro
3582 1476 3737 1543 dedit,

2143 1559 2298 1632 juxta
2327 1559 2495 1616 illud:
2544 1558 2793 1617 Salvator
2832 1571 3057 1634 ponetur
3083 1563 3140 1618 in
3175 1580 3237 1618 ea
3264 1572 3501 1620 suarm
3549 1574 3607 1620 et
3647 1581 3736 1636 pa-

2150 1650 2418 1708 triarchas
2450 1661 2507 1708 et
2534 1653 2850 1724 prophetas,
2872 1654 3016 1711 sicut
3043 1654 3152 1712 illic
3175 1658 3443 1728 sequitur,
3475 1677 3575 1730 pro
3605 1671 3739 1716 ante-

444 1746 606 1820 gendi
645 1761 866 1804 cessare
910 1745 1060 1802 facit.
1090 1745 1158 1801 Et
1195 1745 1536 1801 sacerdotem
1583 1746 1842 1816 primum,
1885 1745 1937 1802 id
1964 1754 2049 1803 est
2075 1745 2124 1807 Î’
2151 1740 2347 1797 murali
2397 1741 2532 1814 (Ira.
2582 1758 2732 1810 xxvt,
2757 1745 2836 1816 1),
2862 1754 2920 1801 et
2945 1747 3255 1816 apostolos,
3289 1749 3386 1819 qui
3412 1764 3584 1822 super
3628 1767 3738 1806 mu-

445 1835 747 1908 episcopos,
779 1845 835 1891 et
871 1834 1211 1892 sacerdotem
1247 1834 1571 1902 secundum,
1603 1836 1656 1891 id
1684 1845 1769 1891 est
1797 1836 1934 1892 alios
1962 1835 2046 1892 in-

440 1935 668 1992 ferioris
693 1933 919 2006 gradus,
955 1931 1050 2003 qui
1081 1939 1230 1987 tanto
1255 1929 1469 1987 facilius
1492 1930 1544 1985 in
1579 1946 1818 2003 praeceps
1858 1939 2040 1996 ruunt,

443 2035 648 2099 quanto
687 2025 906 2082 eosdem
953 2018 1258 2097 episcopos,
1308 2024 1400 2095 qui
1447 2024 1550 2080 sibi
1595 2024 1663 2080 ad
1723 2024 2041 2080 innitendum

424 2117 654 2192 .pmlati
700 2126 847 2183 sunt,
898 2117 1056 2189 quasi
1088 2116 1238 2172 licite
1283 2123 1608 2185 sequuntur.
1643 2115 1713 2171 Et
1751 2115 2039 2186 jauitores,

442 2210 500 2267 id
529 2219 617 2267 est
661 2223 777 2274 eos,
807 2208 902 2279 qui
950 2206 1212 2263 habentes
1265 2207 1469 2262 clavem
1523 2206 1767 2263 scientia:
1802 2206 2041 2279 reliquos

439 2301 793 2357 introducere
832 2298 1152 2365 debuerant,
1199 2297 1275 2354 ita
1329 2298 1619 2367 subvertit,
1680 2308 1741 2355 ut
1788 2314 1886 2355 nec
1935 2300 2039 2370 ipsi

439 2391 667 2455 intrent,
719 2404 820 2446 nec
874 2388 1010 2445 alios
1086 2389 1293 2443 intrare
1343 2389 1544 2446 sinant.
1600 2388 1667 2445 Et
1729 2391 2038 2446 eunuchum

438 2496 630 2547 unum,
672 2480 724 2536 id
770 2487 856 2534 est
895 2480 1253 2534 abstinentes.
1289 2477 1442 2534 Unus
1479 2476 1706 2543 dicitur,
1752 2477 1823 2533 ob
1855 2478 2038 2550 singu-

437 2572 611 2629 larem
645 2572 1036 2627 continentiam
1057 2610 1072 2636 ,
1123 2580 1176 2623 et
1205 2569 1490 2625 eunuchus
1516 2568 1586 2624 ob
1610 2568 1911 2638 professam
1941 2584 2036 2625 ca-

435 2664 681 2723 5titatem
707 2678 722 2717 :
750 2678 889 2734 quos
928 2662 1001 2717 ita
1040 2662 1358 2733 plerumque
1389 2660 1549 2728 fallit,
1579 2669 1638 2715 ut
1674 2662 1741 2718 de
1769 2662 1901 2733 ipsis
1928 2662 2037 2718 vir-

435 2756 647 2813 tutibus
691 2771 801 2812 non
845 2754 980 2820 Deo,
1029 2754 1123 2810 scd
1169 2754 1479 2811 hominibus
1524 2754 1737 2834 placere
1779 2755 2032 2826 gestiant.

435 2849 601 2907 Tollit
622 2858 677 2907 et
701 2848 945 2921 quinque
971 2848 1140 2915 viros,
1171 2848 1263 2919 qui
1288 2855 1554 2905 steterant
1582 2863 1768 2904 coram
1798 2864 1946 2921 rege,
1980 2847 2033 2905 id

426 2950 525 3007 est
544 2941 699 3005 illos,
729 2939 822 3011 qui
852 2939 921 2995 ad
950 2945 1198 2995 sanctum
1225 2937 1417 2994 altaris
1467 2938 1830 2995 ministerium
1861 2939 2032 3010 depu-

436 3035 539 3091 tati
584 3033 887 3090 servientes
938 3030 1096 3103 quasi
1149 3031 1530 3101 praesentiores
1580 3029 1694 3088 Deo
1746 3031 2029 3097 assistunt,

2149 1849 2243 1890 ros
2270 1834 2388 1905 ejus
2434 1834 2524 1891 die
2552 1851 2617 1891 ac
2665 1843 2824 1893 nocte
2870 1845 3081 1894 stantes
3110 1854 3217 1894 non
3250 1848 3490 1896 taceant.
3524 1842 3591 1897 Et
3615 1843 3737 1912 quid

2146 1923 2347 1995 plura?
2392 1938 2607 1995 semper
2653 1925 2722 1982 ab
2775 1927 3030 1985 omnibus
3071 1929 3390 1986 doctoribus
3435 1946 3740 2004 propugna-

2148 2012 2290 2080 cttla,
2332 2022 2389 2070 et
2439 2015 2731 2071 verborum
2776 2017 2981 2088 spicula
3034 2019 3423 2087 conï¬ciuntur,
3472 2022 3670 2092 quibus
3708 2039 3738 2077 a

2146 2107 2403 2165 cordibus
2446 2107 2684 2165 fidelium
2734 2109 2839 2165 ista
2875 2110 3082 2167 malitia
3131 2110 3450 2184 repellatur,
3476 2129 3584 2185 qua
3631 2114 3741 2184 glo-

2145 2199 2284 2255 riam
2324 2200 2606 2271 hominum
2675 2200 2910 2272 diligunt
2983 2201 3158 2273 magis
3222 2218 3390 2275 quam
3451 2204 3571 2260 Dei.
3635 2205 3739 2263 Sed

2144 2301 2328 2349 tamen
2388 2294 2793 2364 superabundat
2872 2294 3157 2366 iniquitas.
3212 2294 3351 2365 Quia
3401 2313 3537 2355 vero
3602 2316 3738 2356 nune

2144 2386 2279 2441 hora
2313 2385 2578 2441 malorum
2610 2393 2714 2453 est,
2745 2394 2801 2442 et
2830 2394 3075 2458 potestas
3101 2388 3481 2458 tenebrarum,
3527 2392 3575 2447 si
3608 2408 3738 2462 pra:-

2143 2476 2303 2533 dicta:
2331 2478 2577 2533 vastitati
2608 2477 2866 2533 resistere
2893 2479 3204 2550 nequiiuus.
3252 2494 3353 2550 pro
3401 2481 3492 2537 his
3524 2482 3733 2549 saltem,

2145 2582 2284 2638 quos
2310 2555 2570 2639 capti'vat,
2615 2568 2922 2636 doleamus,
2959 2578 3015 2625 et
3055 2571 3123 2626 ad
3149 2586 3214 2626 ea
3243 2586 3365 2641 qua
3392 2571 3463 2629 de
3488 2575 3738 2631 exteriori

2141 2661 2463 2732 captivitate
2493 2660 2722 2717 dicenda
2750 2674 2880 2718 sunt
2906 2662 3213 2719 redeamus.

2216 2747 2306 2808 IV.
2345 2751 2523 2809 Judex
2564 2763 2751 2809 noster
2779 2752 2954 2810 dulcis
2998 2763 3055 2810 et
3086 2763 3284 2812 rectus
3310 2764 3434 2824 est,
3477 2760 3738 2818 universa:

2139 2839 2244 2897 vite
2290 2841 2409 2912 ejus
2465 2841 2842 2899 misericordia
2892 2852 2950 2900 et
2986 2842 3288 2914 judicium,
3343 2856 3403 2903 et
3446 2848 3657 2907 idcirco
3684 2852 3736 2908 in

2139 2933 2259 3007 ipsa
2309 2933 2782 2991 animadversione
2826 2950 2947 3003 sua,
2979 2951 3142 3008 quam
3177 2938 3343 3010 iustis
3365 2955 3472 3011 pro
3507 2944 3737 3013 peccatis

2138 3028 2330 3096 infert,
2370 3026 2803 3084 blandimentum
2852 3030 3239 3087 misericordia
3270 3031 3451 3089 dulcis
3498 3033 3736 3092 intermi-

431 3125 675 3198 quinque
698 3121 947 3179 sensibus
994 3123 1241 3194 corporis
1281 3122 1491 3179 servire
1522 3121 1674 3177 facit.
1704 3121 1773 3177 Et
1816 3121 2032 3193 Sophar
2055 3110 2106 3176 ÎŸ
2137 3129 2275 3179 seet.
2312 3120 2467 3190 Quod
2493 3121 2660 3195 etiam
2685 3120 2739 3177 in
2765 3122 3008 3194 praefatis
3027 3124 3280 3196 gentibus
3302 3124 3733 3186 demonstratum

430 3216 528 3289 qui
575 3214 843 3288 probabat
888 3213 1116 3278 tirones,
1166 3207 1219 3268 id
1266 3220 1352 3269 est
1396 3212 1688 3283 magistros
1735 3227 2028 3284 puerorum

430 3307 520 3364 vel
570 3318 976 3368 conversorum,
1008 3318 1147 3376 quos
1191 3303 1261 3358 ad
1310 3302 1414 3359 hoc
1466 3304 1521 3359 in
1569 3318 1668 3359 suo
1698 3303 2026 3376 discipulatu

430 3397 759 3471 suscipiunt,
789 3405 848 3452 ut
867 3411 962 3453 eos
986 3395 1037 3451 in
1062 3394 1327 3465 dissipans
1366 3393 1580 3450 Domini
1610 3396 1885 3451 erudiant.
1918 3397 2027 3454 Sed

428 3497 678 3548 econtra
725 3487 972 3560 magistri
1008 3496 1104 3541 aut
1155 3501 1255 3558 per
1302 3486 1647 3543 immaturam
1695 3488 2025 3555 libertatem,

430 3590 528 3637 aut
563 3580 726 3638 etiam
752 3593 852 3652 per
880 3578 1080 3634 malum
1122 3577 1459 3649 exemplum,
1512 3577 1632 3635 illos
1670 3589 2028 3652 corrumpunt

408 3680 488 3730 .et
512 3670 796 3742 dissipant.
824 3669 978 3727 Unde
998 3679 1054 3726 et
1076 3670 1290 3741 Sophar
1312 3669 1581 3742 dissipans
1613 3670 2022 3743 interpretatur.

427 3764 543 3823 Hos
571 3764 738 3835 igitur
764 3776 956 3817 omnes
981 3776 1076 3817 rex
1102 3759 1393 3831 Babylonis
1422 3771 1552 3816 tunc
1577 3761 1935 3818 historialiter
1957 3763 2026 3817 de

425 3855 565 3913 Juda
620 3852 958 3927 captivavit,
1007 3860 1064 3907 et
1110 3851 1372 3922 quosdam
1419 3850 1711 3917 interfecit,
1760 3854 2024 3923 quosdam

424 3961 558 4007 vero
589 3948 643 4004 iu
684 3945 1013 4019 Babylonem
1051 3946 1241 4011 duxit,
1269 3946 1394 4017 quia
1441 3960 1587 4001 nunc
1617 3962 1708 4002 rex
1750 3946 2027 4005 confusio-

426 4041 517 4097 nis
556 4038 1041 4096 diabolusamultos
1066 4040 1158 4110 qui
1204 4040 1259 4094 in
1298 4037 1539 4095 Ecclesia
1578 4048 1777 4095 statum
1808 4041 2025 4113 religio-

425 4132 516 4189 nis
544 4131 733 4189 iulcire
757 4133 1077 4197 debuerant,
1125 4139 1216 4186 aut
1243 4144 1343 4201 per
1385 4145 1464 4194 se,
1493 4139 1583 4185 aut
1629 4146 1728 4202 per
1773 4135 2021 4205 exempla

426 4222 730 4280 carnalium
775 4239 806 4280 a
853 4222 1119 4295 religione
1141 4222 1447 4292 detorquet.
1477 4223 1543 4277 Et
1578 4223 1718 4279 sicut
1741 4223 1830 4281 ille
1856 4240 2022 4296 quos-

427 4317 551 4372 dam
574 4314 869 4380 interfecit,
899 4316 977 4372 sic
1011 4316 1111 4371 iste
1139 4314 1572 4370 irrevocabiliter
1588 4316 1874 4374 nonnullos
1896 4334 2022 4387 pec-

426 4405 532 4462 cati
563 4404 742 4476 gladio
796 4404 1053 4458 trucidat.
1077 4403 1157 4459 llli
1190 4419 1339 4468 vero,
1383 4418 1521 4474 quos
1563 4406 1881 4476 captivavit,
1924 4424 2021 4466 eos

423 4473 739 4575 signiï¬cant
764 4499 857 4571 qui
889 4498 1124 4555 miseriis
1160 4498 1320 4566 hujus
1346 4497 1471 4553 vitae
1500 4506 1758 4570 tanquam
1803 4501 1856 4556 in
1886 4502 2019 4558 alie-
2044 4473 2115 4535 Di

395 4611 492 4651 -na
520 4594 695 4666 patria
725 4591 1109 4663 subjiciuntur,
1139 4600 1198 4644 ut
1222 4588 1567 4660 resipiscam.
1601 4589 1759 4646 Unde
1780 4595 2017 4665 propheâ€”

396 4696 477 4743 -ta
511 4687 696 4741 talium
721 4683 1009 4754 cujuslibet
1044 4681 1333 4754 pristinam
1381 4681 1765 4752 repromittens
1792 4683 2021 4754 justitize

420 4779 753 4840 libertatem,
790 4775 958 4831 dicit:
993 4771 1167 4843 Usque
1200 4771 1271 4826 ad
1296 4768 1622 4842 Babylonem
1644 4773 1836 4840 venies,
1868 4775 2019 4847 etgibi

422 4872 730 4926 liberaberis
759 4868 944 4942 (Mich.
978 4884 1055 4934 tv,
1082 4867 1194 4935 10).
1686 4930 1689 4935 â´

394 5000 400 5009 .
496 4962 581 5017 Ill.
622 4961 749 5018 llaec
783 4962 1037 5017 vitiorum
1066 4960 1313 5025 vastitas,
1342 4975 1409 5017 ex
1447 4959 1601 5030 cujus
1631 4961 1824 5017 merito
1865 4972 2019 5019 exte-

425 5051 538 5107 rior
566 5052 786 5115 accidit,
813 5051 925 5121 jam
956 5049 1061 5108 sibi
1095 5058 1266 5106 totum
1292 5054 1479 5109 orbem
1531 5052 1859 5126 subjugavit,
1898 5056 2019 5113 ubi-

421 5156 530 5211 que
555 5141 728 5203 saevit,
758 5140 958 5211 ubique
983 5151 1303 5212 grassatur:
1343 5153 1400 5199 et
1424 5153 1604 5203 tamen
1636 5155 1786 5204 tanto
1835 5149 2016 5207 minus

386 5245 615 5288 ~omucs
641 5232 710 5288 de
756 5233 859 5287 hac
903 5247 962 5287 se
990 5234 1270 5305 plangunt,
1317 5246 1524 5307 quanto
1574 5240 1746 5310 magis
1773 5242 2012 5299 universi

386 5338 619 5378 .mauus
658 5323 1032 5394 dominioejus
1080 5326 1450 5385 submiserint.
1498 5320 1839 5391 Exte'riorem
1881 5350 2014 5392 vero

2134 3221 2242 3269 est.
2284 3210 2514 3281 Quando
2542 3212 2689 3269 enim
2719 3212 2790 3269 ab
2823 3214 3136 3271 lsraeliticis
3159 3214 3300 3273 Juda
3328 3218 3732 3290 captivabatur,

2134 3305 2338 3360 missus
2360 3313 2446 3361 est
2479 3306 2772 3378 propheta.
2806 3307 2900 3378 qui
2951 3308 3252 3381 principem
3298 3312 3522 3383 arguit,
3552 3323 3611 3370 et
3629 3329 3733 3371 ota-

2134 3412 2234 3454 nes
2278 3398 2524 3470 captivos
2562 3400 2796 3457 relaxari
2830 3399 2982 3459 fecit.
3026 3401 3095 3459 Et
3124 3416 3249 3460 cum
3287 3405 3437 3462 idem
3482 3406 3630 3465 Juda
3681 3411 3728 3466 in

2132 3488 2485 3561 Babyloniam
2535 3491 2857 3560 duceretur,
2896 3481 3237 3552 Ezechielem
3287 3496 3439 3554 Deus
3485 3516 3617 3557 cum
3661 3503 3730 3559 eis

2130 3580 2404 3652 proï¬cisci
2449 3581 2599 3651 fecit,
2628 3584 2723 3656 qui
2749 3584 3009 3643 afï¬‚ictum
3047 3590 3302 3661 populum
3333 3595 3725 3654 consolaretur.

2129 3670 2423 3730 Jeremiant
2469 3685 2647 3732 autem
2698 3691 2821 3734 cum
2869 3679 3096 3751 reliquis
3135 3682 3229 3751 qui
3287 3682 3342 3739 in
3391 3684 3727 3745 Hierusalem

2132 3777 2530 3835 remanserant,
2562 3778 2709 3826 stare
2733 3771 2926 3828 voluit.
2951 3773 3098 3841 Quos
3123 3775 3291 3832 etiam
3323 3776 3379 3833 in
3405 3777 3722 3853 Egyptian.

2128 3858 2259 3915 licet
2306 3875 2468 3932 super
2513 3863 2631 3934 ejus
2672 3864 3019 3922 interdictum
3068 3868 3502 3940 descendentes,
3563 3875 3724 3932 isdem

2127 3951 2395 4009 Jeremias
2421 3956 2715 4013 comitatus
2745 3968 2848 4015 ÏÎµÎ¹.
2880 3959 2987 4017 Sed
3021 3971 3077 4018 et
3105 3978 3251 4019 nunc
3285 3964 3431 4022 inter
3460 3969 3725 4039 quotidia-

2129 4059 2228 4099 nas
2256 4059 2564 4114 pressurus,
2590 4048 2787 4118 quibus
2811 4067 2840 4105 a
2867 4053 3093 4125 paganis
3112 4054 3251 4110 vela
3276 4057 3440 4113 malis
3459 4058 3720 4116 Christia-

2126 4134 2214 4189 nis
2239 4136 2533 4208 cingimur,
2566 4139 2857 4197 nonnullos
2894 4144 3146 4213 quamvis
3171 4160 3376 4216 paucos
3403 4160 3623 4207 constat
3644 4152 3723 4207 di-

2125 4229 2330 4285 vinitus
2362 4233 2654 4300 reservari,
2685 4249 2916 4305 quorum
2946 4244 3040 4291 aut
3073 4239 3362 4310 exemplis.
3396 4251 3494 4296 aut
3520 4244 3716 4312 verb'n,

2127 4325 2415 4380 autetiam
2464 4326 2718 4396 precibus
2766 4336 2822 4383 et
2863 4327 3046 4386 alllicti
3089 4333 3465 4402 consolentur,
3499 4347 3558 4393 et
3585 4338 3716 4394 allii.

2126 4424 2304 4473 ctores
2322 4417 2704 4487 reprimantur.
2731 4418 2884 4487 Quod
2904 4423 3128 4501 omnino
3149 4425 3288 4480 mira
3314 4428 3719 4500 dispensatione

2128 4504 2210 4573 tit,
2240 4514 2298 4561 ut
2322 4518 2545 4579 peccata
2573 4523 2671 4580 per
2695 4509 2902 4566 illatam
2940 4511 3287 4570 alliictionem
3316 4520 3635 4590 puniantur,
3663 4532 3717 4578 et

2124 4607 2438 4668 peccatores
2484 4613 2583 4670 per
2628 4600 2892 4660 indultum
2961 4606 3395 4665 consolationem
3447 4614 3516 4669 ad
3566 4629 3712 4686 spem

2125 4690 2454 4748 referantur.
2481 4692 2525 4749 0
2548 4692 2840 4751 ineffabilia
2864 4696 3291 4769 divinmpietatis
3311 4704 3550 4760 viscera!
3576 4706 3712 4762 Deus

2122 4781 2309 4853 culpas
2341 4782 2663 4854 insequitur,
2694 4795 2749 4840 et
2781 4795 2959 4843 tamen
2995 4799 3314 4859 peccatores
3342 4797 3599 4867 protegit.
3623 4795 3711 4852 Sic

2123 4874 2263 4931 filios
2288 4875 2472 4945 Israel,
2492 4893 2614 4933 cum
2641 4879 2839 4935 vellent
2863 4891 2984 4951 post
3002 4881 3120 4952 cjus
3144 4883 3505 4944 oï¬‚'ensionem
3527 4900 3706 4946 contra

2122 4969 2309 5026 hostes
2357 4972 2679 5037 ascendere,
2728 4988 2828 5043 per
2877 4974 3093 5048 Moysen
3130 4978 3439 5049 prohibuit,
3484 4982 3704 5039 dicens:

2122 5060 2207 5117 Ne
2236 5063 2557 5129 ascendatt'a,
2588 5079 2651 5118 ne
2692 5064 2933 5121 cedatis:
2976 5083 3077 5122 non
3112 5068 3251 5122 enim
3293 5087 3414 5124 sum
3456 5072 3706 5128 vobiscum

2120 5151 2318 5223 (Exod.
2352 5169 2463 5217 Ï‡Î¹Ï‡,
2495 5152 2605 5225 l2).
2648 5153 2846 5210 lratunt
2878 5171 2936 5211 se
2967 5155 3201 5223 indicat,
3235 5168 3294 5213 et
3326 5169 3508 5216 tamen
3540 5162 3605 5216 ab
3628 5161 3706 5216 iu-

2120 5243 2307 5310 teritu,
2334 5259 2494 5313 quem
2520 5245 2888 5313 merebantur,
2913 5261 3007 5301 cos
3027 5261 3221 5302 cavere
3246 5258 3456 5304 monet.
3490 5250 3582 5307 Sic
3600 5250 3707 5321 ple.

2118 5350 2346 5400 rumque
2374 5336 2595 5400 parvulo
2625 5352 2723 5392 suo
2745 5338 3074 5400 delinquenti
3103 5346 3283 5395 mater
3313 5340 3597 5400 irascitur.
3626 5342 3699 5396 in-
