3934 5400
158 378 256 440 593

1119 378 1607 442 COLLATIONUM
1644 375 1824 436 LIBRI
1861 375 2060 436 TBES.
2100 406 2170 421 --
2206 374 2333 436 LIB.
2374 375 2457 436 lii.

2842 336 2871 345 ν
2894 330 2961 339 ...δίη

3289 382 3398 443 εει

157 514 312 570 quem
344 496 572 553 articulo
593 496 850 569 temporis
861 495 1032 567 ‘bujus
1058 512 1090 553 a
1120 497 1233 555 Deo
1253 498 1525 555 credimus
1548 508 1723 551 reser-
1748 492 1799 571 Α
1826 507 1926 549 nus
1952 500 2101 548 tanto
2123 491 2242 563 plus
2272 492 2353 548 eis
2370 492 2627 563 prodesse
2653 508 2751 566 per
2770 494 3167 568 providentiam
3204 497 3400 568 possit.

159 597 358 649 vatum.
410 587 475 642 ad
513 586 642 640 illud
696 587 1049 656 apostolicum
1107 589 1403 654 studentis,
1450 589 1725 658 corripere

159 680 400 733 videlicet
428 678 722 748 inquietos,
759 678 1023 735 consolari
1056 679 1446 749 pusillanimes,
1489 679 1727 754 suscipe-

160 788 215 825 re
249 770 507 834 infirmos,
554 780 607 824 et
653 770 725 824 ita
754 770 1047 840 patientem
1075 786 1196 827 esse
1225 771 1291 826 ad
1323 785 1531 826 omnes.
1572 766 1725 827 Beati

158 858 396 930 Gregorii
424 859 684 929 quosdam
733 869 976 928 raptores
1023 861 1400 931 arquanimiter
1442 859 1722 916 toleretis:

156 950 469 1018 quibusdam
513 965 643 1006 vero
682 949 782 1005 sub
817 951 996 1005 studio
1036 959 1266 1006 servata:
1308 951 1595 1007 charitatis
1629 949 1725 1006 oh-

156 1040 326 1095 vietis.
358 1039 464 1097 Sed
493 1056 559 1095 ne
585 1043 652 1096 de
676 1042 897 1097 raritate
919 1043 1176 1097 bonorum
1201 1041 1425 1096 fratrum
1452 1041 1724 1098 causami-

156 1130 227 1196 ni,
276 1139 600 1187 mementote
648 1130 770 1200 quia
816 1130 965 1186 solus
1012 1140 1131 1187 erat
1177 1130 1451 1196 Ezechiel,
1494 1130 1642 1187 solus
1668 1139 1725 1188 et

153 1215 433 1284 Jercmias,
459 1230 513 1275 ct
543 1228 721 1275 tamen
749 1235 853 1275 non
875 1220 1159 1275 cessabant
1191 1220 1358 1290 loqui.

222 1309 285 1365 ν.
311 1308 381 1365 Ut
413 1318 588 1365 autem
618 1307 856 1379 pontifex
899 1310 1216 1380 pontiﬁcum
1245 1310 1510 1365 innitatur
1540 1326 1726 1368 exem-

152 1402 270 1472 plis,
304 1419 403 1474 par
435 1405 612 1459 estde
656 1403 977 1474 quibusdam
1030 1406 1234 1461 sanctis
1274 1406 1563 1477 episcopis,
1594 1406 1726 1478 quid

150 1494 495 1566 pertulerint,
530 1502 622 1550 aut
647 1496 881 1566 qualiter
908 1511 965 1552 se
994 1497 1047 1551 in
1070 1498 1335 1568 angustiis
1358 1498 1587 1569 egerint,
1627 1513 1726 1569 pa-

151 1604 269 1644 rum
296 1589 523 1645 referre.
553 1589 630 1644 Ac
675 1590 908 1659 primum
959 1590 1026 1647 de
1076 1600 1228 1661 patre
1260 1590 1580 1667 Augustino.
1611 1588 1726 1648 Sttb

138 1677 263 1751 ejus
292 1696 523 1752 namque
550 1690 786 1751 tempore
831 1682 1021 1737 civitas
1048 1681 1446 1752 Hippouia,‘cui
1470 1689 1724 1754 prmerat,

142 1785 244 1841 per
281 1771 687 1841 quatuordecim
722 1787 958 1839 menses,
984 1787 1015 1827 a
1063 1773 1311 1828 barbaris
1368 1774 1589 1830 obsessa
1618 1782 1725 1829 est.

147 1862 284 1930 Quia
307 1878 437 1918 vero
479 1863 681 1920 eisdem
722 1864 1050 1935 prredicandi
1087 1862 1318 1920 facultas
1358 1864 1409 1920 ei
1455 1880 1558 1922 non
1586 1873 1726 1932 erat,

134 1952 516 2026 .coepiscopos,
542 1960 596 2007 et
627 1952 894 2023 quoslibet
928 1952 1064 2009 alios
1091 1953 1182 2022 qui
1216 1961 1329 2008 tum
1354 1952 1494 2010 forte
1536 1955 1605 2010 ad
1634 1970 1728 2010 ur-

143 2046 271 2100 bem
298 2038 668 2117 confugerant,
700 2046 768 2103 ad
823 2046 1165 2103 tolerantiam
1211 2047 1536 2114 instruebat,
1563 2061 1727 2105 orans

133 2133 341 2206 jngiter
364 2137 533 2191 Deum
556 2146 820 2209 quatenus
869 2146 965 2192 aut
1012 2137 1286 2192 civitatem
1317 2136 1595 2205 liberaret,
1633 2146 1729 2194 aut

141 2243 204 2283 se
244 2228 309 2283 dc
342 2228 540 2285 saecqu
561 2244 756 2286 vocare
786 2229 1119 2300 dignaretur.
1146 2228 1246 2297 Qui
1291 2245 1398 2285 non
1438 2239 1560 2301 post
1588 2228 1727 2286 mul-

142 2330 262 2375 tum
290 2320 538 2377 effectum
567 2338 676 2378 sua:
729 2321 906 2393 precis
939 2321 1166 2393 adeptus
1210 2331 1313 2378 est.
1348 2321 1535 2377 Tertio
1559 2322 1727 2392 siqui.

138 2414 608 2471 dem-obsidionis
659 2429 844 2471 mense
896 2414 1169 2479 decubuit,
1214 2415 1306 2486 qui
1344 2414 1488 2472 inter
1530 2422 1727 2471 caetera

137 2506 341 2577 quibus
367 2508 569 2562 exitum
600 2507 1023 2572 communiebat,
1049 2515 1255 2578 septem
1284 2506 1522 2580 psalmos
1551 2507 1726 2578 paeni-

140 2595 394 2652 tentiaics
422 2595 597 2653 ﬁendo
624 2597 966 2653 (lecanlahat.
989 2596 1080 2652 Ait
1101 2597 1244 2652 enim
1275 2605 1395 2667 post
1412 2607 1725 2667 perceptum

137 2689 493 2759 baptismum,
544 2699 593 2745 et
636 2688 1271 2752 laudatosChristianos,
1314 2698 1368 2744 ct
1417 2688 1726 2747 sacerdotes

137 2782 347 2852 absque
373 2781 533 2854 digna
565 2791 619 2837 et
655 2780 982 2850 competenti
1028 2781 1346 2849 pmnitentia
1393 2796 1498 2837 non
1529 2781 1726 2838 debere

136 2870 209 2926 de
238 2886 466 2940 corpore
492 2871 661 2927 exire.
690 2870 791 2927 llic
820 2887 925 2925 non
955 2868 1130 2925 solum
1152 2869 1405 2937 clericos,
1435 2870 1530 2927 sed
1556 2870 1722 2926 etiam

134 2961 311 3018 iaicos
339 2960 408 3016 ab
441 2963 590 3017 omni
620 2962 933 3033 juramento
972 2960 1366 3031 compescebat.
1396 2959 1724 3031 Loquacita-

136 3064 250 3109 tetn
281 3069 434 3119 vero,
473 3062 530 3109 et
579 3052 991 3119 detractionem,
1023 3068 1142 3123 quae
1170 3053 1224 3109 in
1248 3053 1512 3111 conviviis
1553 3054 1726 3111 abun-

132 3146 273 3203 dare
325 3147 481 3212 solet,
531 3146 605 3202 ita
649 3146 1042 3219 comprimebat
1082 3154 1143 3201 ut
1189 3145 1289 3203 bos
1314 3161 1505 3205 versus
1540 3147 1596 3204 in
1625 3162 1722 3205 sua

132 3255 329 3299 mensa
358 3241 656 3297 scriberet:

263 3354 494 3417 quisan
518 3360 644 3403 amat
661 3352 811 3417 dictis
832 3351 1090 3405 absentum
1110 3353 1292 3405 rodere
1310 3355 1479 3417 vitam,

326 3416 462 3466 lianc
495 3428 711 3466 mensam
736 3416 984 3477 indignam
1001 3418 1196 3468 noverit
1229 3429 1342 3468 esse
1363 3417 1461 3467 sui.

130 3515 333 3572 Vestes
357 3530 491 3571 vero
523 3515 663 3587 ejus,
701 3524 757 3571 et
776 3514 1162 3583 calceamenta,
1206 3516 1293 3572 vel
1336 3514 1610 3582 lectualia,
1656 3530 1726 3572 ex

128 3609 425 3667 moderato
450 3618 508 3665 et
536 3609 862 3680 competenti
889 3609 1074 3665 habitu
1094 3617 1273 3672 erant,
1300 3624 1400 3665 nec
1428 3608 1598 3664 nitida
1631 3615 1728 3663 aut

128 3701 391 3773 speciosa
413 3699 638 3756 nimium
669 3698 753 3756 vel
776 3698 985 3767 abjecta
1013 3698 1326 3769 plurimum.

212 3793 305 3849 VI.
332 3792 489 3848 Libet
516 3805 730 3864 quoque
760 3791 923 3846 verba
950 3789 1011 3845 Β.
1034 3789 1305 3862 Gregorii,
1332 3788 1417 3845 vel
1446 3789 1726 3860 querimo-

124 3886 260 3942 nias
288 3884 408 3955 ejus
452 3883 523 3939 ad
567 3883 803 3938 medium
830 3880 1060 3937 deferre.
1091 3879 1224 3936 Nam
1269 3881 1487 3953 quando
1510 3880 1727 3939 ultimas

127 3976 447 4034 Ezechielis
476 3982 659 4046 partes
687 3987 974 4045 aggressus
999 3980 1104 4038 est,
1137 3971 1441 4027 nuntiatum
1472 3971 1520 4026 ei
1551 3970 1729 4037 fuerat

127 4071 288 4142 quod
321 4065 625 4141 Agistuifus
650 4064 959 4138 [Agilulfus,
989 4064 1066 4120 vel
1095 4062 1364 4136 Aigulfus]
1392 4080 1488 4119 rex
1516 4062 1729 4136 Lango-

124 4158 522 4220 bardorumad
546 4155 897 4213 obsidendam
918 4153 1147 4209 Romam
1170 4152 1285 4221 jam
1314 4152 1520 4207 Padum
1550 4162 1727 4208 trans-

125 4257 261 4313 iens
292 4252 640 4322 summopere
668 4247 967 4303 festinaret.
1002 4246 1093 4302 Ait
1118 4246 1264 4303 enim
1291 4263 1305 4299 :
1344 4244 1515 4301 Nemo
1545 4253 1727 4300 autem

125 4360 225 4401 me
251 4340 641 4414 reprehendat,
683 4338 730 4394 si
773 4346 896 4409 post
936 4337 1076 4393 hanc
1115 4336 1497 4392 allocutionem
1548 4351 1730 4393 cessa-

121 4455 296 4504 vcro,
329 4437 481 4508 quia,
514 4434 657 4490 sicut
694 4445 885 4486 oumes
930 4429 1177 4493 cernitis,
1222 4428 1604 4484 tribulationes
1631 4443 1731 4484 no-

120 4542 269 4588 stra!
291 4532 610 4590 creverunt,
628 4522 861 4593 undique
882 4519 1192 4577 circonfossi
1209 4535 1413 4581 sumus,
1439 4518 1731 4575 imminens

117 4619 444 4696 periculum
475 4617 748 4672 timemus.
775 4612 880 4668 Alii
903 4611 1241 4668 detruncatis
1269 4609 1336 4665 ad
1362 4624 1458 4664 nos
1479 4608 1729 4664 manibus

114 4715 387 4777 veniunt,
427 4709 523 4767 alii
566 4707 731 4778 capti,
773 4705 862 4761 alii
915 4703 1225 4774 interempti
1291 4701 1625 4757 nuntiantur.
1663 4699 1732 4757 Et

106 4810 240 4881 jam
299 4819 467 4875 cogor
530 4801 600 4857 ab
640 4797 981 4869 expositione
1024 4795 1259 4866 linguam
1299 4793 1555 4859 retinere,
1602 4789 1732 4863 quia

114 4900 308 4956 cedet
342 4896 581 4951 animam
619 4892 744 4946 vitae
775 4904 927 4945 metr.
957 4885 1076 4944 lam
1126 4888 1181 4943 in
1239 4901 1324 4941 me
1368 4884 1551 4941 nullus
1587 4881 1732 4939 sacri

1829 589 2030 650 quanto
2087 581 2315 636 terrenis
2364 582 2526 638 rebus
2570 583 2808 641 animum
2859 600 2965 641 non
3017 586 3290 658 supponit.
3319 586 3403 644 Ae

1828 669 2050 725 deinde:
2079 667 2126 726 Ο
2178 685 2340 741 quam
2384 671 2516 727 mihi
2567 672 2702 729 dura
2748 683 2874 730 sunt
2903 676 3006 732 ista
3043 691 3164 749 qum
3185 675 3402 748 loquor,

1827 761 1952 831 quia
1978 777 2065 817 me
2085 762 2259 832 ipsum
2289 762 2558 833 loquendo
2587 764 2756 822 ferio!
2791 766 2885 823 sed
2911 768 3107 832 dicam,
3139 769 3316 826 dicam
3342 778 3406 826 ut

1817 854 1989 915 etiam
2006 869 2102 924 per
2123 869 2209 910 me
2232 869 2412 911 sermo
2436 854 2534 913 Dei
2556 867 2714 915 sonet
2730 868 2916 915 contra
2932 875 3038 916 me.
3058 860 3237 934 Cogor
3251 876 3407 917 nam-

1827 956 1933 1012 que
1957 944 2114 1001 modo
2137 944 2509 1013 ecclesiarum,
2535 948 2697 1005 modo
2726 950 3178 1007 monasteriorum
3206 966 3403 1010 causas

1827 1034 2117 1103 discutere,
2146 1037 2479 1110 singulorum
2509 1040 2676 1096 vitam
2692 1050 2954 1114 actusque
2973 1058 3223 1115 pensare,
3242 1044 3406 1111 modo

1822 1125 2069 1196 quaedam
2116 1126 2316 1182 civium
2353 1129 2566 1199 negotia
2621 1131 2910 1201 sustinere,
2962 1132 3123 1189 modo
3152 1131 3409 1189 irruenti-

1826 1214 1929 1273 bus
1977 1216 2332 1274 barbarornm
2402 1219 2594 1293 gladiis
2645 1221 2881 1290 timere,
2934 1224 3097 1281 modo
3159 1231 3406 1295 raptores

1825 1310 2087 1379 quosdam
2119 1311 2498 1383 aequanimiter
2532 1314 2759 1386 perpeti,
2791 1316 2951 1373 modo
2977 1317 3058 1373 eis
3095 1316 3199 1372 sub
3223 1316 3404 1373 studio

1826 1411 2055 1457 servatae
2078 1403 2360 1460 charitatis
2386 1405 2627 1462 obviare.
2652 1405 2789 1486 Quis
2814 1422 2946 1480 ergo
2965 1415 3059 1463 aut
3081 1406 3260 1479 qualis
3283 1422 3408 1479 spe-

1825 1489 2036 1546 culator
2080 1506 2179 1563 ego
2244 1508 2385 1560 sum,
2446 1494 2539 1566 qui
2585 1495 2763 1555 adhuc
2814 1505 2895 1554 tot
2949 1514 3133 1557 rerum
3190 1508 3409 1572 pertur-

1824 1579 2062 1638 bationis
2113 1582 2424 1654 depressus,
2483 1585 2539 1640 in
2605 1586 2942 1644 inﬁrmitatis
3010 1589 3151 1646 valle
3224 1590 3407 1660 iaceo?

1826 1671 2094 1729 Tacemus
2124 1674 2191 1731 de
2218 1674 2311 1730 illo
2335 1674 2543 1733 famoso
2572 1693 2637 1734 ac
2681 1679 2912 1738 miriﬁco
2952 1680 3233 1739 Moralium
3262 1683 3404 1740 libro

1828 1781 1987 1836 quem
2024 1766 2181 1823 valde
2210 1767 2457 1825 inﬁrmus
2484 1772 2737 1840 patravit.

1755 1846 1804 1910 Β
1903 1856 2012 1913 Vli.
2061 1857 2119 1913 Si
2147 1874 2279 1931 ergo
2335 1868 2543 1916 tantum
2585 1877 2650 1920 ac
2677 1863 2840 1920 talem
2874 1864 3050 1921 virum
3083 1875 3161 1923 tot
3196 1867 3407 1939 ﬂagella

1828 1948 2142 2015 manebant,
2162 1950 2361 2021 quippe
2386 1965 2549 2021 quem
2589 1952 2751 2011 etiam
2779 1953 2894 2025 ipse
2918 1952 3211 2011 Mauricius
3231 1955 3406 2026 impe-

1828 2049 2003 2107 rator,
2024 2041 2115 2112 qui
2144 2055 2268 2095 eum
2285 2041 2511 2098 invitum
2537 2044 2779 2100 ordinari
2807 2044 3034 2112 fecerat,
3065 2047 3410 2102 vehementer

1829 2131 2087 2203 urgebat,
2117 2133 2246 2202 quid
2276 2133 2471 2188 mirum
2528 2135 2571 2190 si
2612 2136 2897 2206 pontifices
2940 2138 3111 2194 nostri
3151 2139 3410 2209 temporis

1828 2224 2174 2296 afﬂiguntur?
2219 2225 2359 2281 Sane
2386 2227 2513 2297 quia
2538 2224 2867 2285 mentionem
2893 2230 3029 2285 tanti
3080 2230 3296 2300 patroni
3324 2230 3409 2285 fe-

1826 2316 2021 2384 cimus,
2048 2317 2336 2374 dicendum
2367 2320 2551 2390 paucis
2576 2328 2908 2393 quantopere
2927 2336 3024 2378 suo
3050 2323 3241 2392 pudori
3268 2338 3407 2379 sua:-

1826 2421 1932 2477 qne
1961 2405 2117 2463 fama:
2154 2410 2509 2466 consuluerit.
2548 2410 2641 2467 Sic
2674 2427 2909 2484 namque
2938 2412 2992 2468 in
3039 2414 3129 2468 illa
3158 2413 3400 2470 Romana

1826 2500 1957 2566 vita,
1997 2498 2153 2569 cujus
2190 2516 2357 2574 supra
2399 2502 2768 2569 meminimus,
2832 2505 3094 2576 scriptum
3150 2506 3400 2562 habetur.

1826 2595 1947 2654 Mox
1960 2607 2023 2654 ut
2047 2614 2317 2655 summum
2339 2601 2673 2672 pontificiutn
2694 2603 2921 2658 sortitus
2940 2612 3044 2668 est,
3064 2588 3410 2675 superstitio-

1825 2699 1945 2742 sum
1964 2688 2288 2745 universalis
2308 2687 2629 2746 vocabulum
2660 2689 2935 2756 refutavit,
2961 2691 3305 2764 primumque
3340 2707 3405 2748 se

1825 2789 2041 2831 servum
2067 2791 2344 2834 servorum
2370 2779 2465 2835 Dei
2500 2780 2552 2836 in
2592 2781 2707 2838 suis
2729 2781 2973 2853 epistolis
3002 2782 3322 2847 nominavit,
3350 2792 3409 2839 ct

1825 2867 2188 2937 mediocribus
2212 2870 2543 2928 indumentis
2563 2873 2631 2928 ad
2654 2889 2765 2929 sum
2786 2874 3112 2931 humilitatis
3143 2875 3403 2930 indicium
3443 2872 3447 2876 ’

1824 2957 1879 3013 in
1909 2958 2306 3029 pontificalibus
2329 2964 2603 3020 utebatur.
2635 2964 2848 3022 Etenim
2878 2966 3165 3024 advertens
3193 2981 3252 3023 se
3282 2967 3406 3023 ideo

1826 3066 2096 3108 summum
2135 3055 2442 3125 pontiﬁcem
2492 3071 2523 3111 a
2582 3055 2692 3113 Deo
2735 3059 3113 3125 constitutum,
3141 3067 3220 3124 ut,
3247 3058 3405 3128 juxta

1824 3139 1953 3197 illud
2007 3144 2398 3215 propheticum,
2430 3147 2665 3203 radicem
2694 3147 2947 3205 vitiorum
2972 3149 3246 3216 evelleret,
3277 3151 3410 3233 [vir-

1748 3202 1798 3269 ο
1827 3202 2076 3306 tutasque
2103 3202 2396 3307 plantaret,
2423 3253 2615 3296 omnes
2651 3241 3072 3297 consuetudines
3113 3202 3250 3312 quas
3271 3224 3405 3298 con-

1825 3335 1910 3383 tra
1947 3328 2303 3399 apostolicam
2353 3330 2701 3387 traditionem
2733 3332 2947 3388 noviter
2990 3333 3283 3405 pullulasse
3310 3349 3404 3390 co-

1824 3426 2107 3489 gnoverat,
2133 3419 2235 3475 sub
2257 3420 2622 3478 anathematis
2644 3421 3085 3480 interminatione
3109 3424 3408 3481 damnavit.

1826 3507 1962 3564 Tum
1986 3524 2117 3566 vero
2142 3525 2173 3564 a
2202 3525 2303 3565 suo
2331 3511 2581 3567 cubiculo
2610 3527 2717 3567 non
2745 3512 2916 3567 solum
2936 3512 3279 3581 juvenculos,
3306 3515 3406 3570 sed

1824 3606 1881 3652 et
1903 3613 2092 3653 omnes
2133 3598 2761 3666 smcularesexcludens,
2811 3601 3134 3657 clericorum
3159 3618 3406 3674 quosque

1824 3689 1910 3745 vel
1982 3691 2373 3747 monachorum
2428 3692 2882 3762 prudentissimos
2939 3693 3041 3749 sibi
3107 3692 3407 3754 familiares

1826 3778 2277 3851 consiliariosth
2321 3780 2540 3852 delegit.
2584 3781 2717 3838 Cum
2745 3781 2943 3853 quibus
2997 3783 3085 3839 die
3140 3794 3419 3856 nocteque

1826 3882 2099 3938 versatus,
2130 3873 2265 3930 nihil
2297 3874 2607 3932 monasticm
2633 3875 3002 3946 perfectionis,
3027 3877 3160 3932 nihil
3182 3880 3401 3949 pontiﬁ-

1828 3963 1962 4020 calis
2009 3963 2385 4029 institutionis,
2436 3964 2562 4020 licet
2587 3979 2750 4036 super
2774 3974 2961 4035 gentes
2986 3977 3042 4021 et
3074 3983 3236 4038 regna
3279 3984 3411 4024 con-
3466 3983 3470 3987 ‘

1828 4057 2072 4123 stitutus,
2096 4056 2297 4113 amisit.
2330 4055 2663 4113 Videbantur
2685 4058 2865 4127 itaque
2893 4059 3096 4128 passim
3129 4076 3252 4116 cum
3280 4076 3410 4117 eru-

1828 4149 2114 4205 ditissimis
2162 4148 2379 4205 clericis
2413 4149 2650 4221 religiosi
2691 4152 2938 4207 monachi
2968 4151 3246 4211 adhaercre
3273 4170 3409 4227 pon—

1829 4241 1983 4306 tiﬁci,
2050 4250 2106 4296 et
2177 4240 2232 4295 in
2321 4241 2549 4296 diversis
2615 4241 3041 4312 professionibus
3126 4230 3410 4306 uniformis

1828 4332 2113 4390 videbatur
2153 4332 2430 4397 honestas,
2484 4341 2742 4405 tantaque
2769 4349 2997 4392 censura
3051 4354 3229 4396 mores
3259 4341 3413 4397 mini-

1828 4435 2068 4482 strorum
2110 4426 2414 4491 excolebat,
2452 4434 2509 4481 ut
2540 4441 2727 4482 eorum
2760 4427 2938 4485 nullus
2979 4430 3270 4488 barbarum
3315 4434 3407 4489 vei

1829 4520 1957 4590 quid
1988 4519 2361 4575 iuconsuetum
2390 4516 2631 4590 religioni
2674 4533 2925 4575 sermone
2947 4520 3031 4577 vel
3070 4522 3257 4578 habitu
3286 4538 3416 4594 prc-

1833 4610 1979 4668 ferre
2027 4617 2399 4681 praesumeret,
2464 4617 2520 4665 et
2573 4609 2665 4680 qui
2722 4609 2865 4666 forte
2918 4613 3278 4669 sanctimonia
3325 4612 3413 4667 vel

1833 4703 2098 4775 sapientia
2129 4702 2416 4766 caruisset,
2440 4700 2768 4757 subsistendi
2786 4716 2970 4758 coram
2992 4703 3246 4775 pontiﬁce
3274 4703 3415 4756 ﬁdu-

1833 4795 1973 4850 ciam
2007 4810 2112 4851 non
2162 4793 2406 4848 haberet.
2436 4791 2553 4859 Quo
2600 4789 2741 4845 facto
2789 4792 3136 4862 redarguitur
3163 4791 3252 4846 illa
3282 4805 3421 4858 quo-

1834 4886 2083 4941 rumdam
2128 4882 2373 4947 lascivia,
2427 4881 2520 4952 qui
2586 4878 2783 4934 talibus
2832 4882 3149 4938 cohabitare
3187 4879 3416 4943 malunt,

107 4988 347 5059 eloquii
376 4985 610 5042 studium
643 4982 908 5052 requirat,
957 4981 1084 5051 quia
1125 4994 1280 5035 versa
1306 4987 1391 5033 est
1441 4978 1494 5032 in
1526 4977 1728 5033 luctum
1834 4979 1927 5046 qui
1959 4987 2066 5034 tam
2097 4974 2353 5032 effrenata
2402 4972 2656 5029 libertate
2686 4971 2773 5025 vel
2801 4970 3074 5043 loquendo
3098 4971 3310 5036 leviter,
3338 4968 3422 5024 vel

106 5082 361 5139 cithara
405 5093 544 5133 mea.
607 5075 671 5129 Et
696 5072 789 5141 qui
819 5087 982 5142 cogor
1008 5070 1250 5141 quotidie
1292 5084 1476 5122 amara
1520 5068 1729 5134 bibere,
1830 5071 2044 5138 agendo
2070 5081 2252 5125 coram
2278 5064 2379 5129 eis,
2410 5078 2551 5135 quos
2572 5061 2744 5131 magis
2765 5067 2949 5120 vereri
2975 5063 3299 5121 debuerant.
3328 5074 3428 5127 po-

103 5166 422 5242 quomodo
440 5179 657 5237 possum
714 5158 890 5216 dulcia
938 5159 1258 5231 pt‘0pinare?
1294 5156 1431 5225 Quid
1458 5157 1620 5227 igitur
1640 5170 1730 5210 re-
1834 5159 2045 5218 tiuntnr
2069 5179 2082 5215 :
2110 5167 2169 5214 ut
2207 5156 2355 5226 ipsos
2378 5158 2545 5212 etiam
2575 5154 2641 5207 ab
2669 5160 2811 5206 statu
2844 5151 3130 5223 gravitatis
3154 5150 3426 5207 emollitos

99 5241 266 5325 stat,
305 5259 493 5315 nisiut
547 5259 694 5314 inter
742 5251 972 5322 ﬂagella,
1022 5267 1143 5321 qua:
1170 5266 1240 5308 ex
1287 5249 1486 5304 nostris
1522 5246 1733 5304 meritis
1832 5252 1903 5307 ad
1935 5269 2048 5311 sua:
2075 5248 2315 5307 levitatis
2342 5245 2676 5305 lenocinium
2716 5243 3032 5312 incurvent,
3060 5245 3133 5300 ita
3159 5253 3222 5300 ut
3246 5257 3350 5301 nec
3372 5241 3430 5298 in

96 5373 181 5400 nn
195 5354 408 5400 linmr-
431 5351 631 5400 gratias
658 5346 926 5400 agamus?
959 5344 1081 5400 Oni.
1112 5356 1172 5400 ut
1214 5342 1531 5400 ostendatur
1559 5354 1733 5400 uuan-
1833 5346 2097 5400 memoria
2127 5341 2345 5400 quidem
2372 5352 2560 5395 sermo
2585 5331 2888 5400 disciplinae
2921 5337 3207 5400 habeatur,
3241 5342 3435 5392 contra
