3934 5400
506 479 613 538 595

1499 472 1557 537 Β.
1597 478 1848 537 ODONIS
1882 476 2170 535 ABBATIS
2205 478 2700 539 GLUNIACENSIS
2732 481 2777 539 ιι

3652 475 3748 530 596

508 595 662 652 Tibia
685 604 734 653 et
756 595 872 667 lyra
898 613 955 649 ιη
987 597 1232 653 conviviis
1271 597 1471 658 vestris.
1500 605 1547 650 et
1576 612 1705 666 opus
1742 593 1954 649 Domini
1980 610 2081 649 non
2109 598 2162 661 Α
2187 597 2343 650 amici
2380 598 2590 653 vulnera
2629 615 2786 670 quam
2816 597 3145 652 adulantium
3170 593 3347 652 oscula
3374 592 3559 666 (Prov.
3588 607 3745 656 xxvn,

507 686 805 756 aspicitis?
830 684 968 758 (Isa.
1000 702 1055 753 v,
1087 685 1201 757 i2.)
1230 686 1527 741 Pmdictus
1554 700 1683 740 vero
1711 699 1849 755 papa
1878 682 2086 756 Grego-

510 781 624 835 rius
672 774 743 835 it'a
774 780 1100 852 pauperibus
1128 781 1421 845 serviebat,
1448 788 1506 836 ut
1531 779 1800 852 quaslibet
1842 780 2087 837 ciborum

508 871 721 942 species
742 873 824 927 eis
844 883 943 928 suo
965 864 1209 945 tempore
1228 872 1583 928 ministraret.
1614 872 1656 927 E
1682 871 1876 942 quibus
1886 887 2090 941 paupe-

509 961 660 1017 ribus
682 962 808 1019 dum
832 977 996 1018 unum
1025 964 1077 1018 in
1093 964 1325 1034 quodam
1357 978 1574 1019 recessu
1599 961 1919 1033 vespillones
1944 966 2093 1018 mor-'-

510 1061 662 1107 tuum
714 1050 1066 1124 reperissent,
1117 1052 1413 1126 Gregorius
1465 1055 1740 1109 aestimans
1767 1068 1887 1109 eum
1935 1051 2089 1123 stipis

510 1143 693 1215 inopia
715 1146 939 1214 perisse,
966 1160 1067 1215 per
1087 1144 1291 1214 aliquot
1317 1143 1434 1200 dies
1464 1160 1491 1199 a
1515 1146 1800 1200 missarum
1842 1143 2089 1199 celebra-'-

511 1232 661 1288 tione
700 1236 857 1305 quasi
888 1235 1200 1304 pcenitendo
1231 1234 1483 1290 cessavit.
1513 1234 1613 1302 Qui
1642 1234 1724 1289 sui
1756 1233 2090 1305 apostolatus

509 1325 736 1395 gloriam
758 1328 831 1380 ita
853 1327 1074 1381 omnino
1086 1326 1473 1397 vilipendebat,
1496 1326 1791 1397 utangclns
1816 1326 1881 1380 ad
1903 1338 2090 1395 quem-

508 1416 633 1472 dam
688 1418 996 1483 eremitam,
1055 1418 1147 1488 qui
1200 1424 1365 1473 unum
1415 1430 1593 1473 catum
1641 1432 1737 1487 pro
1800 1414 2090 1471 relevando

511 1524 697 1567 secum
725 1510 982 1578 habebat,
1008 1511 1169 1567 taedio
1189 1512 1255 1566 de
1278 1511 1467 1566 eodem
1493 1509 1754 1581 Gregorio
1777 1516 2084 1572 testaretur,

507 1603 697 1658 dicens
730 1622 743 1656 :
773 1603 1030 1675 Maiorem
1061 1603 1405 1660 dilectionem
1451 1603 1619 1658 habes
1665 1610 1722 1655 tu
1775 1600 1827 1655 in
1866 1599 1969 1655 hoc
1998 1608 2089 1655 tuo

507 1698 650 1754 ’cato.
704 1712 864 1767 quam
917 1696 1211 1770 Gregorius
1265 1698 1318 1753 in
1365 1696 1510 1753 omni
1548 1695 1775 1767 imperio
1822 1694 2086 1749 Romano.

507 1787 693 1842 Tantae
732 1800 911 1844 autem
962 1789 1287 1845 humilitatis
1343 1787 1460 1851 fuit,
1516 1798 1575 1843 ut
1626 1803 1747 1841 cum
1778 1786 1826 1841 ei
1870 1784 2089 1857 quidam

505 1878 827 1948 peregrinus
866 1879 919 1933 in
975 1878 1203 1935 solemni
1253 1884 1512 1950 apparatu
1545 1876 1857 1947 procedenti
1897 1875 1963 1929 ad
1990 1873 2087 1930 be-

2186 687 2280 759 6).
2338 685 2488 745 L‘icet
2538 705 2667 763 ergo
2720 689 2945 755 inferior
2994 690 3067 745 sit
3112 690 3349 755 amicus,
3391 696 3571 743 tamen
3600 685 3645 739 si
3680 699 3757 740 res

2185 781 2527 851 peposcerit,
2587 791 2648 837 ut
2705 781 2983 853 obiurget,
3034 781 3283 836 audiatur
3348 779 3505 850 quasi
3561 791 3660 848 par
3710 784 3760 831 et

2186 873 2430 943 aqualis.
2483 873 2561 929 De
2604 873 2951 930 cubiculariis
2995 888 3125 929 vero
3174 872 3299 929 sic:
3332 868 3600 926 Decorum
3626 908 3645 933 ,
3689 867 3761 922 in-

2187 964 2345 1035 quit,
2384 964 2515 1021 illud
2571 974 2653 1022 est
2679 1008 2694 1032 ,
2738 974 2801 1022 ut
2841 965 3194 1037 adjungamur
3228 962 3632 1035 probatissimis
3657 961 3765 1032 qui-

2187 1054 2432 1124 busque,
2483 1064 2540 1110 et
2587 1055 2923 1122 senioribus,
2970 1070 3199 1125 quorum
3253 1068 3385 1109 usus
3443 1053 3617 1106 tutior
3671 1059 3763 1105 est.

2187 1144 2331 1201 Nihil
2363 1146 2507 1203 enim
2561 1147 2841 1220 pulchrius
2890 1163 3053 1219 quam
3102 1147 3228 1204 boni
3284 1144 3581 1203 testimonii
3634 1143 3767 1198 viros

2189 1228 2354 1293 testes
2400 1237 2619 1294 habere.
2672 1238 2774 1307 Qui
2817 1253 2939 1295 cum
2988 1237 3320 1310 sapientibus
3365 1235 3647 1308 graditur,
3690 1247 3767 1288 sa-

2186 1330 2342 1401 piens
2389 1329 2545 1385 erit:
2594 1337 2650 1385 et
2699 1338 2923 1385 econtra
2973 1330 3177 1385 inimici
3221 1329 3457 1384 hominis
3495 1323 3768 1380 domestici

2190 1414 2324 1488 eius.
2367 1414 2513 1489 Quos
2552 1420 2803 1476 videlicet
2851 1420 3127 1477 ministros
3168 1420 3242 1475 ita
3285 1417 3665 1479 castiﬁcabat,
3721 1422 3772 1468 ut

2189 1524 2290 1568 nec
2312 1514 2702 1571 verecundiora
2734 1518 2974 1571 membra
3018 1529 3120 1569 nec
3156 1528 3343 1569 eorum
3381 1526 3514 1565 usus
3548 1508 3642 1564 his
3668 1508 3773 1579 qui-

2188 1602 2291 1658 bus
2326 1617 2357 1658 a
2398 1603 2616 1659 rusticis
2644 1604 2900 1676 appellari
2943 1604 3119 1659 solent
3147 1602 3456 1657 nominibus
3500 1613 3774 1668 nuncupa-

2189 1704 2395 1750 rentur.
2431 1694 2628 1752 Beatus
2667 1710 2882 1770 quoque
2927 1695 3187 1751 Paulinus
3212 1736 3227 1761 ,
3270 1693 3495 1748 Nolanze
3547 1693 3774 1747 civitatis

2189 1786 2502 1856 episcopus,
2549 1802 2671 1843 cum
2717 1801 2746 1841 a
2786 1785 3033 1842 barbaris
3076 1793 3300 1857 propter
3348 1784 3678 1840 thesaurum
3705 1782 3777 1836 in-

2190 1872 2513 1932 sinuandum
2550 1876 2891 1932 extimuisset
2937 1876 3286 1941 tormentari,
3324 1876 3553 1946 rogabat
3602 1871 3776 1928 Domi-

508 1968 867 2024 nedicendum
901 1970 1250 2039 prosternere
1278 1968 1459 2034 vellet,
1490 1968 1605 2038 ipse
1647 1967 1819 2024 eidem
1849 1966 2085 2038 peregri-
2117 1966 2160 2026 Β
2188 1984 2316 2024 num
2341 2011 2356 2036 ,
2408 1967 2595 2025 dicens
2635 1987 2649 2024 :
2705 1968 2751 2025 Ο
2808 1967 3033 2025 Domine
3059 2011 3074 2035 ,
3127 1984 3233 2024 non
3292 1968 3511 2024 crucier
3568 1976 3780 2037 propter

507 2075 579 2113 no
611 2062 766 2131 prior
794 2062 860 2117 de
888 2075 1032 2130 equo
1073 2069 1378 2116 metaneam
1408 2059 1631 2115 faceret.
1652 2056 1895 2114 Crimina
1924 2054 2095 2114 semel

509 2150 692 2205 audita
748 2136 1059 2206 nullatenus
1123 2151 1426 2207 indiscussa
1469 2150 1800 2221 praeteribat.
1863 2146 2095 2207 Subdia-

507 2256 705 2299 conum
753 2245 993 2299 ordinari
1042 2244 1234 2310 vetuit,
1289 2244 1392 2299 nisi
1435 2244 1828 2300 continentiam
1877 2259 1907 2299 a
1965 2259 2095 2301 con-

505 2332 1065 2405 ingiotproflteretur,
1093 2334 1411 2405 nullumque
1461 2335 1621 2390 altius
1675 2332 1928 2407 progredi
1968 2348 2096 2406 per-

510 2424 691 2491 misit,
745 2424 845 2480 nisi
908 2425 1064 2497 cujus
1129 2427 1354 2481 castitas
1422 2425 1474 2480 in
1526 2425 1916 2481 subdiaconatu
1970 2437 2097 2497 pro-

506 2515 632 2572 bata
676 2514 890 2572 fuisset.

580 2605 711 2662 Vill.
753 2603 992 2664 Joannes
1037 2607 1360 2680 Eieymonos
1401 2622 1525 2663 mox
1558 2615 1619 2663 ut
1662 2608 1945 2662 ordinatus
1976 2614 2094 2673 est,

505 2713 696 2755 omnes
745 2698 991 2755 dominos
1041 2713 1169 2756 suos
1210 2700 1303 2771 qui
1349 2708 1506 2756 erant
1544 2699 1598 2754 in
1643 2698 1971 2755 Alexandria
2017 2697 2097 2755 vi-

506 2790 654 2847 ritim
672 2789 834 2860 jussit
862 2790 1124 2857 describi,
1148 2799 1417 2862 quatenus
1437 2789 1517 2846 eis
1538 2789 1874 2846 sufﬁcienter
1898 2789 2095 2859 stipem

506 2894 608 2952 pro
652 2896 881 2938 numero
920 2883 1091 2937 daret.
1147 2881 1243 2936 Cui
1295 2880 1532 2937 ministri
1581 2898 1594 2935 :
1647 2880 1876 2948 Quinam
1926 2888 2091 2945 sunt,

510 2971 795 3040 inquiunt,
840 2986 874 3026 ο
912 2971 1253 3043 patriarcha,
1289 2970 1490 3026 domini
1535 2971 1655 3025 tui?
1697 2971 1768 3026 At
1810 2970 1900 3026 ille
1936 2969 2094 3038 :llli,

510 3062 707 3132 inquit,
752 3078 887 3134 quos
938 3078 1035 3119 vos
1086 3062 1366 3120 mendicos
1421 3064 1720 3135 appellatis.
1777 3064 1879 3131 Qui
1928 3065 2095 3120 etiam

510 3163 664 3210 certo
705 3164 948 3226 tempore
993 3171 1091 3226 per
1137 3157 1383 3228 singulos
1415 3157 1532 3212 dies
1576 3157 1628 3212 in
1673 3157 1940 3214 vestibulo
1993 3157 2093 3214 do-

511 3261 632 3302 mus
678 3246 979 3311 residebat,
1030 3258 1093 3304 ut
1148 3249 1396 3320 quisquis
1458 3248 1612 3305 vellet
1675 3250 1742 3305 ad
1794 3244 1919 3306 eum
1976 3252 2095 3309 sine

2196 2072 2430 2127 aurum,
2483 2060 2610 2131 quia
2666 2075 2773 2117 non
2815 2059 2977 2130 diligo
3027 2074 3239 2131 aurum.
3291 2058 3405 2113 Hoc
3452 2058 3656 2112 beatus
3686 2056 3784 2110 Au-

2199 2150 2447 2223 gustinus
2484 2151 2539 2207 in
2593 2151 2731 2208 libro
2780 2152 2845 2207 de
2880 2151 3111 2207 Civitale
3161 2150 3257 2206 Dei
3305 2149 3528 2204 fatetur.
3572 2147 3782 2203 Hmcde

2197 2242 2401 2299 sanctis
2444 2243 2788 2313 pontiiicibus
2835 2241 2979 2298 dicta
3023 2244 3163 2307 sint,
3195 2251 3255 2296 ut
3288 2257 3395 2297 non
3430 2253 3638 2295 recens
3668 2235 3782 2308 quid

2197 2333 2282 2388 vel
2332 2348 2531 2390 novum
2579 2335 2752 2391 nostri
2799 2334 3057 2406 temporis
3105 2333 3357 2404 episc0po
3410 2331 3694 2396 videatur,
3739 2326 3780 2383 si

2197 2423 2327 2479 talia
2372 2423 2488 2479 sive
2527 2432 2675 2481 certe
2719 2425 2888 2480 multo
2939 2423 3144 2480 leviora
3178 2422 3486 2494 pertulerit.

2265 2513 2358 2570 1X.
2389 2514 2502 2571 Nec
2525 2517 2672 2586 piget
2698 2515 2942 2586 quaedam
2984 2512 3050 2571 de
3079 2513 3321 2586 apologia
3361 2513 3541 2569 sancti
3582 2509 3782 2584 Grego-

2198 2607 2266 2663 rii
2306 2606 2636 2662 Nazianzeni
2682 2607 2847 2662 verba
2897 2605 3098 2662 referre
3132 2604 3225 2661 :Si
3280 2604 3438 2675 quis,
3494 2601 3784 2674 inquit,il

2199 2709 2412 2755 rectore
2449 2698 2672 2755 morbus
2707 2698 2962 2753 vitiorum
3010 2706 3133 2761 est,
3184 2697 3270 2752 his
3316 2695 3411 2766 qui
3460 2695 3530 2750 ad
3583 2695 3786 2750 obtem-

2197 2788 2496 2861 perandum
2538 2787 2588 2843 ei
2636 2795 2835 2857 praesto
2872 2794 2999 2840 sunt
3055 2784 3224 2840 multo
3266 2783 3487 2839 facilius
3520 2781 3788 2839 transfun-

2198 2880 2362 2944 ditur,
2394 2893 2555 2949 quam
2585 2876 2630 2932 si
2662 2876 2863 2947 aliquid
2905 2875 3124 2930 virtutis
3160 2874 3214 2929 in
3250 2888 3317 2930 eo
3362 2872 3629 2930 viderint.
3657 2873 3787 2940 Qua-

2197 2982 2416 3044 propter
2446 2982 2669 3025 necesse
2696 2977 2781 3025 est
2803 3010 2818 3034 ,
2856 2977 2918 3024 ut
2947 2968 3038 3039 qui
3068 2967 3202 3023 alios
3233 2967 3606 3022 instituendos
3637 2976 3786 3038 atque

2196 3061 2468 3118 curandos
2524 3060 2932 3132 przesumimus,
2990 3073 3057 3114 ne
3106 3057 3453 3112 inveniamur
3503 3059 3609 3129 ipsi
3683 3057 3785 3111 sine

2197 3152 2512 3223 dieciplina,
2549 3159 2604 3208 et
2653 3156 2968 3206 excatentes
3024 3148 3296 3206 ulceribus
3349 3149 3642 3204 vitiorum.
3692 3146 3785 3203 Sed

2199 3254 2375 3316 aettue
2413 3245 2547 3301 satis
2587 3252 2675 3300 est
2720 3242 2922 3298 malum
2976 3257 3082 3297 non
3132 3254 3253 3298 esse
3295 3242 3605 3298 doctorem.
3645 3238 3785 3310 Quod

510 3338 877 3409 prohibitione
923 3354 1146 3395 causam
1188 3355 1342 3396 suam
1402 3339 1646 3412 perferre
1707 3351 1907 3414 posset.
1940 3343 2097 3400 Dice.
2123 3334 2171 3399 C
2202 3338 2387 3406 utique
2414 3330 2668 3406 culpatur
2686 3335 2738 3389 in
2765 3334 2851 3390 his
2874 3334 2967 3405 qui
2995 3334 3279 3400 docentur,
3316 3333 3423 3389 nisi
3456 3343 3514 3388 et
3540 3333 3784 3388 omnibus

514 3432 605 3486 bat
653 3431 796 3486 enim
860 3432 986 3501 quia
1045 3430 1189 3488 sicut
1235 3446 1335 3488 nos
1387 3432 1649 3503 petitores
1711 3442 1929 3490 nostros
1954 3476 1985 3501 ,ε
2015 3434 2099 3490 sic

513 3519 658 3576 Deus
695 3535 793 3577 nos
844 3524 1086 3591 petentes
1133 3522 1373 3578 exaudit.
1405 3523 1633 3591 Quidam
1678 3539 1743 3580 es
1794 3516 2111 3582 tributariis"

513 3620 765 3682 nepotem
810 3612 927 3683 ejus
971 3610 1203 3684 turpiter
1242 3613 1558 3682 lacessivit;
1607 3617 1700 3687 qui
1752 3632 1875 3677 cum
1919 3617 1984 3673 de
2029 3630 2095 3673 eo

512 3702 804 3758 vindictam
869 3713 1190 3773 expeteret,
1232 3704 1322 3761 ille
1374 3714 1561 3776 pectus
1612 3706 1731 3776 ejus
1773 3706 2105 3763 deoscuians‘

514 3793 651 3849 dixit
693 3810 709 3850 :
764 3795 909 3862 Fili,
959 3797 1005 3851 si
1047 3809 1215 3867 nepos
1247 3812 1401 3854 meus
1440 3813 1501 3855 es
1527 3840 1541 3865 ,
1579 3814 1666 3856 me
1710 3800 1957 3866 imitare;
1980 3794 2103 3869 jus-5

514 3885 691 3956 sitque
719 3896 779 3942 ut
806 3888 857 3942 ei
891 3888 1059 3943 totius
1087 3889 1213 3943 anni
1244 3888 1482 3945 debitum
1520 3889 1875 3947 relaxaretur.
1907 3892 2095 3947 Eidem

515 3994 749 4048 namque
780 3978 975 4034 Joanni
1014 3978 1380 4034 Misericordia
1416 3981 1468 4035 in
1507 3982 1686 4051 specie
1721 3982 2097 4053 pulcherrimasI

513 4070 756 4125 mulieris
798 4070 1066 4141 apparuit,
1098 4070 1410 4143 qui'debinc
1431 4072 1783 4146 eleemosynis
1819 4083 2098 4145 tantopere

514 4159 727 4215 deditus
779 4170 897 4227 est,
943 4171 1003 4218 ut
1049 4163 1120 4219 ob
1168 4161 1274 4218 hoc
1313 4161 1664 4236 Eleymonos,
1714 4166 1765 4220 id
1808 4174 1890 4222 est
1940 4166 2109 4222 mise--

515 4251 707 4315 rioors,
736 4252 1020 4307 vocitetur.
1068 4252 1301 4311 Sanctus
1331 4255 1649 4311 Ambrosius
1686 4255 1859 4312 nullo’
1872 4271 2096 4313 excessu

515 4339 675 4397 ﬁdem
722 4342 804 4397 sic
835 4330 1224 4414 dicit'gravari
1247 4384 1262 4411 ,
1295 4359 1455 4416 quam
1501 4345 1545 4400 si
1587 4345 1925 4402 innocentem
1958 4332 2121 4415 pau-'

512 4446 700 4503 perem
752 4436 1006 4491 sacerdos
1047 4447 1267 4504 arguat,
1309 4444 1366 4493 et
1393 4437 1612 4493 divitem
1658 4454 1805 4493 reum
1850 4448 2092 4494 excuset.

515 4523 585 4579 Et
617 4524 709 4594 qui
752 4539 860 4581 non
911 4525 1156 4583 defendit
1199 4529 1433 4599 inopem,
1477 4530 1525 4584 si
1556 4529 1739 4597 valet,
1779 4531 1971 4587 similis
2016 4540 2108 4586 est

513 4615 749 4672 deenti.
811 4617 941 4674 lt'em
998 4637 1011 4672 :
1064 4618 1198 4684 llis,
1245 4620 1451 4689 inquit,
1521 4622 1763 4677 favemus
1822 4637 1852 4677 a
1901 4623 2098 4693 quibus

511 4708 688 4767 vicem
720 4724 1027 4780 speramus;
1061 4713 1153 4767 sed
1193 4710 1423 4768 infirmis
1451 4715 1731 4769 consulere
1769 4682 1939 4787 magis
1967 4731 2095 4770 con-
2121 4682 2175 4745 Β

510 4800 700 4867 venit,
742 4814 842 4871 pro
878 4800 1077 4871 quibus
1116 4800 1364 4857 Christus
1411 4811 1786 4859 remunerator
1828 4815 1932 4859 est.
1960 4804 2092 4859 Item

514 4889 570 4944 in
617 4889 851 4945 eodem:
886 4888 1121 4946 Grandis
1157 4892 1314 4961 culpa
1359 4902 1484 4957 est,
1537 4892 1618 4959 si,
1669 4903 1725 4947 te
1776 4894 2111 4957 nesciente,’

515 4977 688 5034 ﬁdelis
732 4988 926 5050 egeat,
983 4980 1113 5051 quia
1174 4981 1293 5037 haec
1333 4991 1421 5038 est
1463 4982 1548 5037 lex
1591 4993 1797 5039 natura:
1843 4992 1903 5038 ut
1957 4984 2105 5039 altera

516 5066 672 5122 alteri
714 5077 971 5138 tanquam
1015 5084 1145 5138 pars
1189 5072 1432 5141 corporis
1462 5081 1669 5140 partem
1697 5072 1957 5129 conferat.
1988 5074 2111 5142 Qui-

518 5171 625 5206 non
680 5159 871 5206 tribuit
927 5158 1081 5206 fratri
1111 5182 1127 5206 :
1174 5176 1277 5206 non.
1331 5163 1461 5206 fni-ie
1520 5167 1914 5206 onmnnmmine
1967 5176 2048 5206 ραι

2198 3426 2353 3483 bonis
2380 3426 2592 3483 actibus
2635 3425 2879 3496 pratdicti
2927 3424 3070 3490 sint,
3100 3439 3203 3481 nec
3227 3425 3395 3479 vitam
3443 3431 3604 3480 suam
3648 3438 3787 3479 man-

2199 3527 2386 3576 surent
2423 3534 2489 3575 ex
2538 3517 2943 3589 comparatione
2996 3515 3472 3588 imperfectorum,
3540 3517 3588 3570 si
3640 3516 3786 3586 digna

2199 3612 2320 3668 loco
2350 3618 2405 3666 et
2423 3602 2591 3683 gradu
2615 3600 2716 3665 suo
2739 3618 2964 3681 gerant,
2992 3617 3053 3665 ut
3080 3617 3371 3679 provectus
3395 3623 3598 3665 eorum
3626 3606 3784 3678 possit

2200 3702 2405 3758 illicere
2431 3710 2658 3757 caeteros
2696 3700 2765 3755 ad
2802 3700 2979 3756 studia
3029 3700 3310 3765 virtutum,
3343 3712 3655 3771 eorumque
3688 3706 3786 3752 tam

2200 3795 2449 3866 exemplo
2494 3806 2658 3865 quam
2708 3793 3091 3849 exhortatione
3142 3791 3272 3848 vitia
3335 3798 3626 3871 purgare,
3674 3806 3787 3862 pru-

2201 3894 2431 3964 positum
2460 3892 2527 3947 ad
2555 3890 2778 3947 meliora
2813 3899 3163 3967 convertere,
3193 3904 3587 3962 summumque
3611 3903 3787 3947 eorum

2201 3983 2435 4039 studium
2477 3982 2546 4038 sit
2594 3981 2715 4038 illos
2761 3981 3014 4048 vincere,
3044 3982 3137 4053 qui
3175 3994 3233 4038 se
3275 3980 3579 4038 carnaliter
3615 3986 3788 4038 amant

2201 4082 2387 4131 contra
2453 4072 2682 4128 salutem
2736 4086 2891 4128 suam
2963 4068 3315 4139 dimicantes,
3369 4080 3429 4128 et
3500 4073 3637 4128 vitia
3700 4082 3787 4127 sua

2199 4170 2458 4235 quantum
2479 4169 2705 4233 possunt
2726 4150 2986 4231 celantes,
3010 4164 3255 4220 odientes
3283 4178 3379 4220 eos
3409 4165 3507 4245 qui
3539 4171 3785 4236 arguunt.

2199 4265 2253 4311 et
2296 4270 2485 4312 eorum
2535 4270 2842 4312 sermonem
2891 4264 3332 4331 contemnentes,
3369 4265 3427 4311 et
3480 4270 3785 4327 nunquam,

2201 4347 2342 4419 quod
2370 4347 2524 4419 pejus
2561 4356 2678 4416 est,
2710 4357 2931 4419 peccata
2979 4363 3076 4406 sua
3122 4344 3337 4418 publice
3391 4348 3785 4406 defendentes:

2200 4440 2422 4510 insuper
2471 4441 2633 4495 etiam
2695 4440 2831 4496 alios
2895 4455 2963 4496 ne
3032 4441 3392 4514 corrigantur~
3428 4449 3786 4503 excusantes,

2200 4534 2365 4600 atque
2407 4539 2638 4587 tuentes.
2682 4524 2750 4586 Et
2803 4530 3059 4607 equidem
3116 4531 3332 4602 quando
3367 4531 3498 4586 mali
3545 4531 3786 4601 praelatos

2203 4620 2349 4692 ipsos
2379 4636 2484 4676 non
2511 4620 2729 4685 laedant,
2757 4620 2885 4691 quin
2899 4620 3061 4675 etiam
3085 4628 3432 4685 venerentur,
3460 4629 3593 4689 quia
3619 4628 3786 4674 tamen

2200 4712 2282 4767 eis
2316 4711 2537 4767 obviare
2585 4724 2682 4782 pro
2716 4709 2929 4780 iustitia
2979 4709 3286 4789 negligunt,
3338 4708 3617 4764 interdum
3666 4719 3787 4762 vero

2201 4804 2603 4875 persequuntur
2644 4818 2756 4860 eos.
2809 4803 2962 4872 Quod
3007 4802 3295 4858 insidiante
3333 4799 3556 4857 diabolo
3609 4800 3694 4864 ﬁt,
3733 4804 3787 4852 ut

2201 4907 2325 4948 cum
2372 4893 2474 4962 ipsi
2514 4894 2899 4949 concutiuntur
2925 4908 2956 4947 a
2988 4891 3359 4947 vacillantium
3394 4891 3788 4947 sustentatione

2201 4984 2529 5056 pigrescant.
2561 4982 2702 5048 Sed,
2733 4990 2793 5038 ut
2818 4983 3083 5054 scriptum
3118 4990 3230 5047 est,
3264 4981 3358 5052 qui
3393 4981 3569 5036 Deum
3612 4987 3781 5044 tata,

2203 5074 2335 5130 nihil
2377 5074 2587 5145 negligi:
2622 5073 2817 5144 (Eccle.
2851 5088 2961 5139 vu,
2994 5071 3081 5143 l9)
3102 5113 3117 5138 ,
3149 5084 3204 5127 et
3243 5072 3315 5127 ob
3359 5071 3417 5128 id
3450 5071 3608 5140 cuius
3640 5084 3786 5124 mea-

2200 5174 2310 5206 tum
2341 5180 2463 5206 nam
2493 5165 2734 5206 plur-ita:
2754 5165 2991 5206 mceirlpi
3061 5164 3103 5206 ci
3144 5161 3350 5206 inclitis
3384 5179 3511 5206 mum
3539 5163 3707 5206 δίιίσίι
3732 5161 3782 5206 il
