3934 5400
104 358 230 439 ~59-:

1113 346 1604 420 COLLATIONUM
1639 354 1819 418 LIBRI
1855 359 2055 422 mss.
2088 394 2158 408 -
2179 352 2309 424 Lis.
2345 358 2432 425 ιιι.

3295 370 3399 429 598
3430 325 3447 337 .

115 475 260 535 nihil
310 470 544 546 toleres,
595 484 687 534 aut
739 472 972 534 tolerare
1004 490 1126 532 cum
1172 462 1366 533 docere
1412 492 1517 534 non
1571 475 1713 532 indi-
1739 474 1929 539 Alam
1952 465 3031 549 Evangelium,sedetiamanimasnostras
3048 479 3396 554 (Ibid.,7,8).

116 588 272 645 geas.
326 569 435 630 Sed
491 587 716 629 necesse
757 580 840 629 est
876 570 1049 628 sancti
1078 568 1179 626 viri
1223 586 1343 627 sese
1384 569 1452 626 ad
1486 577 1715 641 utraque

117 662 361 720 solerter
430 662 751 731 extendant,
808 662 889 719 sic
955 648 1212 719 nimirum
1265 660 1551 732 utrobique
1607 661 1715 717 cir-

114 752 424 824 cumspecti
449 794 464 819 ,
515 761 780 824 quatenus
808 761 863 808 et
901 753 1134 808 audaces
1173 760 1296 807 ante
1338 767 1394 807 se
1428 752 1714 807 verborum

107 842 313 914 jaculis
343 841 689 910 confodiant,
734 852 790 899 et
824 838 1028 898 debiles
1061 842 1214 913 quasi
1255 842 1460 914 positos
1494 851 1613 913 post
1656 854 1716 898 se

113 942 279 989 scuto
331 928 720 989 consolationis
777 934 858 989 vel
911 934 977 989 ab
1026 932 1238 988 illorqu
1288 934 1488 1004 impetu
1542 931 1627 987 vel
1683 944 1715 987 τι

114 1026 569 1083 murmura'tiouis
591 1027 811 1082 vulnere
829 1024 1139 1082 defendant.
1164 1025 1315 1082 Sicut
1340 1026 1495 1083 miles
1515 1034 1720 1081 castro-

114 1131 243 1171 rum
274 1115 372 1172 Dei
404 1115 602 1172 Paulus
628 1159 643 1183 ,
675 1116 763 1187 qui
795 1132 917 1173 cum
954 1124 1100 1171 tanta
1144 1132 1208 1173 ac
1253 1116 1380 1172 talia
1404 1126 1713 1188 pateretur,

113 1221 243 1277 qua:
272 1224 373 1264 nec
403 1208 517 1280 ipse
540 1208 772 1275 referre,
805 1224 907 1266 nec
931 1223 1028 1265 nos
1050 1222 1371 1265 enumerare
1396 1208 1713 1275 sufficimus,

115 1299 438 1371 disputabat
493 1309 671 1357 tamen
724 1310 845 1357 cum
895 1300 1128 1366 Graecis,
1169 1310 1223 1357 et
1266 1302 1581 1358 revincehat
1622 1301 1719 1357 Ju-

115 1388 288 1445 dteos.
338 1387 473 1446 Nam
508 1399 727 1463 propter
769 1391 1000 1447 alterum
1040 1392 1230 1448 borum
1281 1393 1411 1448 dicit
1443 1411 1457 1448 :
1492 1391 1716 1448 Gravati

114 1494 315 1535 sumus
342 1494 504 1551 supra
538 1482 783 1544 modum,
812 1490 870 1536 ut
894 1482 1114 1537 taederet
1136 1497 1236 1539 nos
1259 1482 1457 1537 vivere.
1488 1479 1719 1551 Propter

117 1569 360 1626 alterum
389 1586 520 1628 vero
540 1612 555 1639 ,
583 1573 659 1639 si,
688 1572 896 1643 inquit,
925 1573 995 1627 ad
1039 1575 1228 1629 bestias
1256 1574 1481 1644 pugnavi
1523 1572 1719 1643 Ephesi
1736 1612 1751 1631 .

116 1657 175 1730 (Ι
208 1659 336 1716 Cor.
362 1676 455 1727 xv,
493 1661 605 1733 32).
645 1661 747 1730 Qui
790 1672 967 1718 tamen
998 1663 1116 1734 plus
1149 1662 1215 1717 de
1250 1660 1586 1719 inﬁrmorum
1619 1676 1719 1732 pu-

117 1752 531 1821 sillanimitate,
583 1770 744 1826 quam
794 1756 860 1812 de
912 1754 1131 1826 proprio
1184 1755 1367 1811 dolore
1411 1753 1714 1821 sollicitus,

1816 569 2017 627 Verum
2042 586 2149 627 non
2172 572 2292 629 sine
2315 572 2546 644 quadam
2577 574 2906 632 verecundia
2934 575 3245 646 huiusmodi
3284 593 3404 633 ver-

1814 662 1883 719 ba
1924 662 2273 734 proferimus,
2319 681 2441 737 qua:
2494 666 2705 738 prolata
2730 676 2953 741 tangere
2972 669 3249 726 videntur.
3292 667 3402 727 Sed

1816 750 1862 807 si
1915 751 2046 823 quid
2091 762 2186 808 aut
2224 753 2278 809 in
2324 754 2511 810 relatis
2570 756 2821 827 superius
2862 758 3146 830 exemplis,
3196 766 3291 813 aut
3345 758 3400 814 in

1816 842 2059 913 qualibet
2096 845 2368 901 sententia
2396 846 2592 902 durum
2623 846 2692 903 ad
2732 847 3057 905 imitandum
3084 848 3166 906 vel
3194 849 3406 904 morda-

1817 934 1957 989 citer
1989 950 2184 990 sonare
2233 935 2469 1003 videtur,
2522 936 2644 994 illos
2702 940 3074 995 tantummodo
3127 939 3403 1012 suggillat,

1816 1025 1909 1097 qui
1952 1026 2097 1082 ferre
2138 1027 2327 1100 jugum
2371 1028 2575 1085 Christi
2629 1038 2903 1087 recusant.
2937 1029 3015 1087 De
3057 1031 3212 1087 nobis
3259 1031 3405 1088 enim

1818 1116 2159 1185 confidimus,
2206 1120 2331 1189 quia
2386 1135 2492 1175 non
2543 1120 2709 1178 vultis
2754 1121 3180 1190 imitari.Nabal,
3216 1124 3324 1190 cui,
3350 1133 3408 1178 ut

1818 1212 2080 1281 scriptum
2134 1222 2239 1279 est,
2289 1228 2449 1268 nemo
2484 1212 2703 1270 valebat
2753 1212 2922 1286 loqui,
2980 1213 3075 1271 sed
3105 1214 3408 1286 apostolum

1817 1299 2059 1368 Petrum,
2109 1302 2213 1373 qui
2252 1314 2375 1359 cum
2399 1311 2545 1358 esset
2583 1290 2840 1376 princeps
2868 1305 3262 1375 apostolorum,
3295 1314 3351 1360 et
3378 1320 3409 1360 a

1818 1392 1978 1448 beato
2033 1392 2198 1449 Paulo
2251 1394 2623 1465 condiscipulo
2672 1409 2772 1450 suo
2825 1409 2885 1451 se
2925 1394 3409 1465 reprehensibilem

1820 1484 2087 1539 nominari
2135 1484 2348 1554 publice
2375 1484 2676 1554 didicisset,
2710 1502 2819 1543 non
2871 1487 3281 1558 indignaretur,
3314 1487 3412 1543 sed

1818 1577 2069 1632 eumdem
2120 1576 2347 1633 Paulum
2396 1578 2753 1636 nihilominus
2778 1580 2847 1636 de
2881 1578 2984 1636 sibi
3026 1578 3150 1635 data
3197 1578 3413 1651 publice

1820 1669 2087 1742 sapientia
2119 1669 2417 1728 laudasset.
2445 1670 2700 1729 Dicamus
2732 1674 2899 1747 igitur
2927 1682 2983 1731 et
3012 1673 3118 1732 hoc
3144 1676 3289 1746 quod
3322 1675 3411 1731 in-

1821 1758 1979 1819 tortis
2030 1764 2274 1820 moribus
2327 1766 2687 1834 quorumdam
2734 1767 2958 1822 minime
2998 1767 3312 1833 concordat,
3357 1773 3415 1822 et

119 1846 311 1900 aiebat
339 1864 354 1899 :
388 1845 557 1902 Nemo
580 1861 851 1903 moveatur
872 1850 927 1903 in
958 1850 1178 1905 uinculis
1202 1850 1313 1905 istis
1343 1849 1395 1922 (I
1419 1848 1599 1904 Thess.
1634 1864 1715 1916 ιιι,
1743 1850 1795 1911 Β
1822 1854 1966 1925 quod
2014 1853 2154 1920 illos,
2189 1856 2280 1926 qui
2314 1854 2417 1911 sibi
2462 1855 2679 1912 solliciti
2719 1865 2864 1920 sunt,
2897 1857 3169 1912 cautiores
3198 1856 3408 1911 reddat.

117 1939 203 2009 5).
234 1938 306 1993 Et
333 1938 463 1995 item
490 1958 503 1994 :
538 1937 761 1996 Obsecro
791 1957 878 1996 vos
909 1958 972 1997 ne
999 1942 1256 2011 deﬁciatis
1281 1943 1337 1997 in
1366 1941 1719 1996 tribulationi-

118 2028 223 2083 bus
252 2030 383 2084 meis
406 2029 620 2102 (Ephes.
652 2040 741 2099 ni,
773 2032 883 2103 15).
916 2031 1218 2103 Utrumque
1252 2030 1352 2089 Job
1377 2040 1592 2104 egerat,
1625 2030 1719 2104 qui

117 2119 315 2177 dicere
346 2130 558 2192 poterat
586 2139 601 2179 :
630 2122 789 2179 Auris
816 2124 1036 2180 audiens
1071 2125 1405 2194 beatiﬁcabat
1449 2141 1532 2180 me
1594 2123 1719 2197 (Job

116 2230 259 2270 xxix
280 2256 296 2280 ,
328 2214 450 2287 ll),
478 2216 619 2286 quod
655 2216 841 2287 utique
873 2218 940 2271 ad
970 2217 1406 2287 przedicatiouem
1449 2215 1716 2288 pertinet,

116 2322 189 2361 eo
243 2305 390 2376 quod
441 2304 694 2363 liberaret
749 2320 1041 2377 pauperem
1094 2306 1503 2363 vociferantem.
1563 2306 1720 2374 Quod

113 2399 368 2470 pertinet
379 2399 445 2453 ad
469 2398 768 2455 tuitionem.
790 2397 941 2467 Quod
964 2408 1143 2456 autem
1165 2400 1488 2472 prmdicator
1505 2400 1719 2457 etiamsi

114 2489 242 2560 ipse
282 2494 318 2545 ‘a
360 2487 517 2545 malis
546 2505 653 2545 non
702 2489 1068 2562 impediatur,
1115 2501 1294 2548 tamen
1340 2507 1440 2564 pro
1488 2492 1718 2549 aliorum

115 2595 291 2637 causa
329 2581 490 2638 debet
517 2582 596 2639 eis
623 2576 888 2640 Obsistere
915 2624 931 2651 ,
969 2599 1071 2640 vox
1103 2580 1191 2640 illa
1219 2585 1317 2642 Dei
1346 2586 1717 2655 demonstrat,

114 2672 253 2745 quia
300 2673 402 2728 sub
442 2681 571 2746 typo
599 2673 1013 2746 prmdicatorum
1065 2674 1130 2732 de
1174 2690 1314 2746 equo
1351 2676 1550 2733 dicitur
1597 2694 1609 2732 :
1663 2678 1718 2732 in

116 2780 404 2819 occursum
463 2766 630 2838 pergit
681 2766 902 2822 armatis
966 2765 1092 2839 (Job
1147 2782 1347 2834 χχιιι,
1401 2764 1516 2842 21).
1568 2767 1717 2838 Qua-

113 2850 349 2929 prepter
382 2858 435 2913 in
476 2866 733 2930 quantum
760 2875 922 2916 causa
952 2860 1138 2932 exigit,
1185 2860 1240 2917 in
1277 2868 1535 2934 quantum
1566 2859 1719 2918 locus

115 2948 405 3015 admittit,
454 2950 612 3006 debet
684 2958 863 3008 rector
918 2966 1018 3023 pro
1061 2952 1292 3010 subditis
1349 2953 1463 3010 suis
1502 2955 1719 3011 semeti-

114 3052 285 3110 psum
332 3039 590 3112 objicere.
625 3038 736 3098 Nec
781 3040 993 3109 timeat,
1038 3042 1083 3099 si
1113 3057 1335 3100 necesse
1374 3052 1480 3111 est,
1526 3059 1719 3101 eorum

117 3130 429 3186 inimicitiis
494 3145 595 3202 pro
652 3129 891 3188 fraterna
946 3147 1081 3203 pace
1131 3133 1387 3201 obviare,

1824 1946 1950 2004 Scio
1973 1949 2118 2004 enim
2142 1964 2243 2005 nec
2276 1949 2527 2018 corporis
2564 1947 2785 2020 quidem
2815 1949 3055 2005 maculas
3079 1938 3132 2004 in
3161 1949 3415 2006 sacerdo-

1823 2038 1968 2096 tibus
1993 2055 2088 2112 per
2121 2040 2290 2114 legem
2332 2041 2699 2112 praetermitti,
2733 2040 2828 2097 sed
2878 2040 3211 2112 perscrutari
3246 2047 3302 2094 et
3323 2053 3412 2095 re-

1821 2129 1962 2198 quiri
2004 2129 2211 2197 omnia,
2264 2144 2333 2186 ne
2383 2129 2600 2200 aliquod
2646 2131 2836 2187 vitium
2886 2131 3145 2187 sacerdos
3191 2130 3415 2198 habeat,
3465 2167 3468 2170 ~

1820 2218 1907 2278 cui
1951 2206 2006 2279 et
2057 2237 2207 2279 mors
2245 2224 2613 2279 comminatur
2661 2222 2708 2278 si
2762 2222 2969 2299 absque
3013 2221 3414 2290 tintinnabulis,

1819 2315 1965 2387 quod
1997 2324 2081 2372 est
2119 2331 2287 2373 sonus
2331 2315 2758 2387 prmdicationis,
2791 2314 3102 2372 incesserit.
3129 2314 3237 2372 Sed
3264 2315 3419 2387 quis-

1820 2406 1944 2477 quis
1984 2406 2072 2463 ille
2108 2414 2212 2472 est,
2234 2405 2326 2477 qui
2357 2420 2445 2460 me
2488 2414 2746 2475 tanquam
2778 2411 3230 2475 praesumptorem
3273 2403 3419 2461 forte

1819 2492 2229 2554 succedentium
2269 2495 2655 2561 nominaverit,
2702 2493 3165 2550 reminiscendum
3219 2492 3269 2548 ei
3333 2501 3419 2549 est

1819 2580 1964 2662 quod
1993 2586 2205 2662 Moyses
2251 2588 2541 2646 concilium
2576 2587 2766 2644 Jethro
2816 2586 3287 2658 nou’despexerit,
3319 2587 3417 2658 qui

1819 2683 1982 2739 etiam
2009 2691 2237 2737 vexatus
2263 2680 2463 2738 dicitur
2502 2689 2726 2753 propter
2760 2695 2856 2736 eos
2881 2676 2972 2752 qui
3013 2678 3421 2738 exacerbabant

1820 2772 2072 2845 spirituum
2100 2773 2236 2845 ejus.
2269 2771 2444 2841 Quam
2475 2768 2687 2829 scilicet
2718 2773 3066 2829 vexationem
3097 2772 3266 2833 multa
3296 2774 3421 2828 ma-‘

1821 2852 1904 2935 gis
1932 2865 2161 2936 quilibet
2200 2864 2457 2936 praelatus
2501 2865 2840 2939 incurret,.si
2886 2865 3071 2935 culpas
3099 2865 3421 2938 delinquen-

1819 2954 1954 3012 tium
1980 2972 2085 3012 non
2135 2956 2430 3027 redarguit,
2465 2956 2603 3013 llinc
2648 2956 2715 3011 ad
2744 2955 2996 3013 Ezechiel
3024 2954 3227 3012 dicitur
3257 2973 3268 3012 :
3304 2952 3423 3011 Fili

1819 3042 2068 3114 hominis,
2121 3046 2230 3103 noli
2256 3063 2573 3118 exasperatis
2617 3063 2729 3102 esse
2775 3044 2991 3118 (Ezech.
3041 3036 3105 3112 tt,
3155 3042 3232 3111 8).
3265 3044 3423 3102 Sicut

1464 3149 1565 3192 nec
1621 3149 1720 3206 per
1822 3139 1967 3195 enim
1998 3138 2124 3194 mali
2168 3140 2339 3196 Deum
2365 3139 2699 3196 exacerbant
2728 3138 2871 3194 mala
2906 3138 3162 3210 quaelibet
3185 3137 3419 3211 agendo,

116 3221 465 3278 audientium
511 3222 769 3279 duritiam
820 3238 852 3279 a
901 3225 1206 3298 corrigendi
1266 3225 1447 3283 studio
1499 3230 1720 3284 c'essan-
1747 3213 1794 3281 C
1826 3233 1906 3290 sic
1925 3239 1982 3290 et
2012 3233 2140 3289 boni
2176 3233 2270 3303 qui
2312 3231 2473 3288 malis
2498 3230 2709 3304 praelati
2739 3240 2891 3297 sunt,
2921 3230 3063 3287 bona
3118 3228 3417 3286 reticendo.

118 3310 257 3369 dum
307 3326 429 3370 esse
451 3353 470 3381 ,
510 3322 573 3370 ut
620 3313 777 3372 docet
821 3312 1030 3373 Eliseus
1050 3357 1068 3386 ,
1102 3316 1194 3383 qui
1226 3317 1279 3373 in
1310 3331 1540 3390 persona
1565 3318 1723 3376 Chri-

120 3404 196 3459 sti
254 3414 444 3461 contra
485 3402 615 3463 Ioas
678 3418 863 3478 regem
914 3406 1068 3477 quasi
1117 3413 1306 3463 contra
1360 3407 1723 3482 negligentem

117 3496 481 3568 praepositum
529 3494 787 3554 irascitur
808 3538 825 3567 ,
863 3510 930 3552 eo
973 3496 1117 3568 quod
1146 3504 1370 3565 terram,
1403 3498 1457 3555 id
1485 3509 1570 3556 est
1599 3515 1726 3573 pec-

120 3588 403 3657 catorem,
449 3590 540 3647 cui
599 3578 798 3649 dicitur
835 3610 849 3647 :
883 3589 1048 3648 Terra
1107 3607 1162 3648 es
1216 3590 1381 3664 (Gen.
1447 3609 1542 3662 tu,
1591 3595 1681 3667 l9)
1708 3635 1725 3663 ,

120 3700 239 3743 nou
284 3686 520 3758 amplius
563 3692 727 3759 quam
769 3695 856 3745 ter
896 3688 1246 3759 percusserit.
1286 3686 1379 3743 Ait
1406 3688 1573 3757 enim,
1600 3688 1728 3760 quia

117 3774 172 3833 si
204 3773 494 3847 quinquies
526 3785 621 3833 aut
646 3780 842 3849 septies
870 3779 1227 3850 percussisset
1253 3819 1269 3845 ,
1316 3779 1532 3851 plenam
1561 3779 1729 3836 victo-

120 3868 270 3923 riam
302 3874 550 3940 caperet;
584 3870 711 3941 quia
735 3871 782 3925 si
810 3884 992 3926 rector
1019 3871 1200 3927 dicere
1229 3871 1429 3941 poterit
1461 3890 1471 3924 :
1503 3868 1730 3927 Annuu—

117 3963 260 4017 tiavi
294 3961 568 4033 justitiam
595 3970 741 4019 tuam
773 3962 948 4037 (Psat.
984 3976 1176 4032 xxxix,
1209 3964 1321 4036 10),
1350 3965 1599 4038 quamvis
1625 3964 1732 4037 ipsi

117 4064 511 4124 contemnant,
535 4058 694 4128 plena
731 4067 913 4113 tamen
944 4042 1194 4113 mercede
1217 4057 1527 4114 donabitur.

202 4147 277 4202 Χ.
307 4145 423 4202 Non
453 4155 633 4203 autem
657 4190 670 4215 ,
704 4156 761 4204 ut
789 4138 902 4220 jam
941 4147 1207 4215 diximus,
1241 4163 1433 4205 recens
1461 4148 1730 4216 videatur,

117 4242 280 4313 quod
313 4250 487 4298 mater
510 4240 753 4298 Ecclesia
776 4283 790 4310 ,
821 4241 907 4298 vel
941 4251 1180 4299 rectores
1203 4242 1321 4315 ejus
1342 4282 1359 4310 ,
1386 4250 1481 4298 aut
1526 4240 1730 4297 familia

1822 3321 1939 3380 Nisi
1984 3323 2130 3378 enim
2180 3321 2466 3393 propheta,
2492 3334 2615 3376 eam
2641 3308 3008 3390 ad-loquenda
3030 3317 3194 3374 verba
3242 3319 3423 3375 mitte-

1825 3413 2003 3478 batur,
2032 3410 2311 3477 obediret,
2340 3411 2767 3482 omnipotentem
2811 3409 3123 3474 Dominum,
3162 3408 3302 3464 sicut
3325 3423 3423 3480 po—

1826 3505 1986 3576 pulus
2032 3505 2099 3561 de
2120 3519 2380 3574 perverso
2404 3517 2590 3574 opere,
2616 3503 2699 3559 sic
2723 3502 2791 3559 de
2820 3518 2922 3559 suo
2950 3501 3169 3558 silentio
3195 3515 3422 3570 exaspe‘

1828 3604 2024 3654 rasset.
2049 3593 2205 3650 Malis
2243 3595 2431 3666 itaque
2460 3592 2621 3664 culpa
2648 3596 2734 3650 est
2762 3606 3020 3664 perversa
3049 3607 3229 3662 agere,
3265 3591 3422 3648 bonis

1828 3680 1978 3743 recta
2027 3686 2278 3743 reticere.
2325 3685 2385 3740 In
2435 3685 2540 3741 hoc
2564 3699 2695 3757 ergo
2727 3700 2852 3741 cum
2894 3682 3053 3739 malis
3099 3683 3263 3739 etiam
3293 3680 3419 3738 boni

1831 3776 2001 3835 Deum
2049 3774 2210 3833 simul
2256 3785 2605 3847 exasperant,
2645 3775 2774 3847 quia
2823 3789 2947 3831 cum
3005 3787 3264 3845 perversa
3312 3788 3418 3830 nou

1830 3866 2136 3938 increpant,
2178 3865 2260 3923 eis
2282 3877 2383 3935 per
2408 3879 2564 3921 suum
2594 3862 2869 3921 silentium
2904 3862 3221 3935 proﬁciendi
3251 3862 3421 3919 licen-

1832 3958 1963 4016 tiam
1993 3967 2274 4031 prtestant.
2313 3956 2448 4013 Nam
2495 3957 2739 4029 plerique
2763 3958 2845 4013 sic
2865 3957 3237 4029 imprudentes
3268 3966 3420 4023 sunt,

1714 4102 1725 4112 .
1830 4060 1893 4107 ut
1921 4050 2006 4107 vel
2050 4050 2251 4106 malum
2301 4064 2408 4106 non
2455 4056 2808 4121 cognoscant,
2858 4047 3001 4117 quod
3051 4047 3420 4116 committunt,

1832 4145 1917 4200 vel
1941 4150 2091 4201 tanto
2121 4143 2360 4199 minores
2383 4142 2571 4212 culpas
2594 4155 2722 4197 suas
2762 4139 3054 4206 aestiment,
3093 4147 3294 4210 quanto
3321 4141 3422 4196 mi-

1834 4250 1936 4292 nor
1957 4249 2052 4291 eas
2082 4233 2318 4290 invectio
2339 4232 2589 4302 castigat.
2616 4228 2713 4288 isti
2754 4230 2921 4303 igitur
2941 4231 2989 4288 si
3012 4238 3162 4288 recta
3187 4244 3296 4288 non
3328 4226 3419 4287 au.

119 4353 245 4394 non
290 4337 464 4395 solum
516 4354 546 4394 a
572 4338 819 4411 paganis,
868 4337 964 4394 sed
999 4338 1165 4395 etiam
1209 4354 1239 4394 a
1268 4339 1382 4395 suis
1412 4337 1539 4395 ﬁliis
1578 4347 1731 4395 tanta
1834 4328 2009 4392 ἀίιιηιι
2043 4324 2098 4382 in
2127 4326 2241 4383 θυῖε
2266 4321 2905 4397 Ρωνίιθῐίδυδὶεοθηῑθεν
2932 4336 3032 4395 Pe?
3059 4322 3423 4394 ignorantiam

117 4439 331 4488 nostro
358 4438 600 4503 tempore
621 4432 847 4503 patitur.
879 4429 1333 4502 Quanquuidem
1363 4428 1506 4500 apud
1536 4428 1732 4501 praedi-
1834 4417 2012 4476 Securi
2035 4425 2181 4473 sunl-

115 4520 251 4581 etos
279 4521 491 4590 Patres,
516 4522 609 4594 qui
638 4522 907 4595 sapientia
935 4521 1302 4578 etvirtutibus
1321 4522 1600 4595 signisque
1620 4520 1810 4595 fui-ﬁ
1906 4508 2000 4569 X1.
2059 4510 2198 4566 sum
2259 4516 2439 4565 amem
2492 4506 2742 4579 Plerique
2791 4506 2884 4579 qui
2932 4507 3102 4564 verba
3157 4504 3256 4563 υθί
3324 4518 3430 4564 nec

113 4615 361 4689 gebaut,
423 4572 719 4685 tauioperel
767 4612 1075 4686 persecutio
1134 4572 1403 4685 grassata?
1436 4572 1526 4669 sit1.
1586 4611 1723 4670 Nam
1754 4572 1811 4636 Β
1837 4616 1969 4659 aure
2035 4601 2285 4674 corporis
2346 4599 2534 4658 audire
2582 4600 2915 4672 ἀῖεηθηιιιν,
2980 4612 3116 4670 (1008
3162 4597 3431 4671 ωεῐῖϐηυε

112 4705 386 4778 quisquis
415 4702 497 4761 eis
525 4703 779 4761 Patribus
826 4704 881 4760 in
909 4703 1013 4760 ﬁde
1042 4713 1098 4760 et
1145 4704 1315 4777 gradu
1342 4705 1603 4771 succedit,
1632 4720 1726 4761 ne-
1772 4767 1779 4773 ,
1836 4697 2011 4754 hostis
2058 4696 2134 4751 ita
2179 4694 2465 4770 possidet,
2520 4704 2582 4751 ut
2611 4710 2706 4752 eos
2755 4692 2905 4752 nullo
2965 4693 3243 4750 confessos
3286 4707 3431 4763 prae-

113 4812 289 4854 cesse
343 4794 427 4852 est
458 4805 517 4851 ut
555 4796 707 4867 quasi
748 4794 901 4867 plebs
935 4794 1005 4851 ad
1042 4796 1276 4868 speciem
1304 4794 1497 4853 matris
1542 4794 1726 4869 empta
1836 4788 2124 4846 dicationis
2173 4786 2354 4861 jaculo
2428 4786 2773 4856 derelinquat
2836 4803 2853 4840 :
2920 4786 3063 4842 sicut
3110 4799 3141 4839 a
3191 4784 3301 4838 Deo
3366 4780 3437 4841 ad

114 4891 327 4948 Patres
353 4905 485 4946 suos
516 4891 707 4947 eadem
755 4890 1013 4962 patiendo
1039 4898 1320 4963 sequatur.
1360 4892 1516 4960 Quod
1542 4901 1725 4949 autem
1833 4879 2056 4936 beatum
2111 4876 2213 4937 10b
2256 4881 2324 4936 de
2370 4880 2562 4935 eodem
2623 4880 2781 4935 hoste
2850 4877 3116 4963 dicitur;
3170 4870 3292 4928 Νοη
3354 4874 3443 4945 fu-

114 4985 365 5056 quisque
403 4981 593 5039 doctor
618 4977 720 5039 sibi
755 4998 1015 5055 primum,
1050 4962 1161 5038 tum
1201 4982 1433 5040 subditis
1469 4980 1729 5054 spiritali-
1834 4970 1978 5041 90W
2003 4987 2124 5027 eum
2153 4972 2231 5026 υἱν
2253 4966 2563 5042 sagittarius
2598 4967 2725 5042 (Job
2756 4983 2874 5036 xu,
2916 4968 3028 5040 l9).
3058 4962 3282 5057 Sagittae
3301 4972 3453 5057 funt

117 5052 209 5133 tei-
235 5052 510 5131 sollicitus
531 5074 619 5142 sit,
648 5052 829 5131 verbis
871 5070 1109 5145 Apostoli
1154 5052 1517 5140 monstratur,
1545 5072 1639 5146 qui
1664 5071 1730 5128 de
1836 5065 2005 5121 verba
2027 5064 2267 5131 DOmini.
2292 5071 2352 5118 ιιι
2374 5072 2460 5120 εει
2485 5060 2616 5119 illud
2641 5080 2656 5115 ε
2686 5056 2918 5129 Sagittae
2949 5069 3052 5115 W03
3074 5054 3243 5146 αοιιξίε
3265 5052 3456 5146 (Βιαι-

1836 5171 1989 5214 xuv.
2013 5154 2091 5214 6i.
2118 5156 2294 5213 Arcus
2309 5170 2440 5212 vero
2466 5153 2557 5214 aui
2583 5169 2655 5211 ex
2678 5165 2856 5206 cornu
2886 5154 2950 5207 tn
2977 5155 3032 5203 et
3066 5143 3252 5211 corda,
3279 5142 3466 5207 Vetus

114 5166 710 5214 'l‘lmssalmtimneilnm
742 5158 818 5214 ait
884 5184 898 5214 :
948 5161 1046 5214 Vos
1090 5177 1244 5214 testes
1299 5168 1440 5214 estis.
1471 5177 1519 5214 et
1563 5158 1729 5214 Heus-
