3934 5400
498 384 616 447 'saa
1010 356 1017 365 ’
1384 354 1399 369 ”
1526 470 1529 475 ι
1570 390 1630 448 s.
1669 386 1918 450 onoans
1956 383 2097 449 ABB.

2206 382 2245 447 ε
2281 380 2778 447 ειιιιιιιιεειιειε
2813 382 2858 443 ιι
3206 354 3235 365 θ’
3636 386 3718 446 suo

514 506 712 559 talibus
738 501 1069 560 daemonibus
1092 518 1188 561 vos
1220 503 1450 569 tradam,
1480 505 1573 575 qui
1614 504 1755 559 mtlla
1786 504 2087 576 prmdican-
2115 506 2168 568 Λ
2193 503 2401 559 chielis.
2428 503 2559 559 Item
2577 503 2630 558 in
2656 501 2794 557 libro
2822 514 2855 554 ι(
2882 495 3001 555 :Ne
3021 494 3563 570 timeas,inquit,quia
3576 497 3722 556 Domi-

515 598 647 649 tium
680 585 1057 651 exhortatione
1083 598 1236 665 quasi
1273 596 1667 653 incantantium
1698 578 2033 653 carminibus
2059 613 2089 651 a

514 685 665 742 vobis
689 687 1049 741 excutiantur.
1326 752 1327 755 η

585 777 695 832 XII.
736 778 840 833 Alii
869 778 1090 834 subdole
1127 780 1478 847 seducuntnr,
1517 795 1615 851 pro
1643 795 1708 837 eo
1738 780 1881 852 quod
1909 780 2094 836 Domi-

513 887 614 924 nus
643 870 773 925 dicit
814 889 829 925 ε
864 870 1057 927 Servus
1102 873 1270 928 sciens
1313 872 1629 927 voluntatem
1665 872 1862 927 domini
1902 873 2009 939 sui,
2043 882 2091 927 et

512 978 615 1015 non
643 962 865 1031 faciens,
890 962 1152 1032 vapulabit
1187 962 1365 1018 multis
1393 961 1546 1035 (an.
1571 979 1666 1029 χιι,
1689 962 1810 1034 47);
1843 970 2093 1034 putantes

456 1044 471 1053 “
512 1053 873 1124 ignorantiam
902 1053 1272 1124 impunitatem
1312 1071 1434 1110 esse
1472 1054 1698 1126 peccati.
1750 1054 1956 1121 Quibus
1991 1054 2095 1109 hoc

512 1145 873 1200 intimandum
912 1155 996 1200 est
1022 1185 1037 1211 ,
1084 1144 1209 1217 quia
1256 1146 1398 1201 aliud
1425 1156 1508 1201 cst
1552 1145 1760 1201 nescire
1785 1184 1799 1210 ,
1841 1143 1982 1200 aliud
2010 1152 2096 1199 est

512 1238 695 1292 nolle:
737 1239 837 1294 hoc
879 1255 1110 1309 namque
1163 1239 1429 1295 tarditatis
1477 1246 1595 1305 est,
1647 1238 1774 1294 illud
1806 1236 2091 1309 superbiae.

514 1327 675 1384 Tales
705 1330 870 1400 igitur
892 1331 1299 1387 excusationem
1333 1345 1439 1385 non
1472 1330 1689 1395 habent,
1731 1330 1879 1401 quia,
1910 1330 1954 1385 si
1982 1327 2095 1384 vel-

515 1420 648 1487 lent,
678 1422 820 1477 scire
845 1430 1112 1492 poterant.
1143 1422 1343 1479 Contra
1368 1437 1505 1492 quos
1530 1422 1780 1476 nimirum
1812 1420 1865 1475 in
1898 1420 1999 1477 Job
2030 1421 2097 1477 de

516 1514 628 1567 Deo
654 1514 850 1568 dicitur
883 1532 895 1567 :
929 1512 1032 1579 Qui
1056 1516 1108 1569 in
1132 1530 1292 1568 manu
1315 1515 1549 1568 omnium
1573 1513 1765 1583 signat,
1787 1521 1841 1566 ut
1865 1512 2095 1566 noverint

512 1605 709 1676 singuli
722 1623 875 1677 opera
889 1624 986 1661 sua
1003 1607 1123 1676 (Job
1138 1623 1344 1673 xxxv",
1361 1606 1439 1678 7);
1457 1605 1617 1661 homo
1633 1605 1827 1676 quippe
1840 1604 1919 1659 sic
1934 1604 2098 1659 ratio-

518 1698 712 1753 nabilis
739 1706 823 1754 est
865 1698 1112 1755 conditus
1137 1742 1152 1765 ,
1201 1710 1261 1753 ut
1312 1698 1453 1769 quod
1487 1696 1660 1769 egerit
1708 1697 1963 1767 ignorare
1990 1710 2100 1750 non

511 1790 700 1859 possit.
769 1788 1007 1844 Naturali
1056 1791 1198 1844 enim
1239 1789 1356 1859 lege
1412 1788 1551 1843 seire
1600 1786 1958 1856 compellitur,
2004 1800 2102 1841 seu

2193 610 2290 648 nus
2324 610 2640 665 exasperans
2664 603 2740 649 est
2777 590 2995 663 (Ezeclt.
3024 606 3084 659 tt,
3109 591 3198 664 6);
3241 590 3417 647 timeri
3441 592 3576 646 enim
3595 592 3724 648 homo

2194 684 2474 750 debuerat,
2498 684 2542 740 si
2562 684 2676 755 ipse
2688 691 2969 751 auctorem
2981 682 3222 738 omnium
3237 689 3296 737 ut
3311 682 3471 738 homo
3484 682 3725 738 timuisset.

2194 776 2294 845 Qui
2322 777 2464 833 enim
2492 786 2551 831 ιιι
2578 791 2741 847 supra
2764 774 2998 831 diximus
3020 815 3035 841 ,
3066 774 3234 830 Deum
3261 789 3367 829 non
3391 772 3576 841 timet,
3599 772 3731 829 homo

2196 886 2300 926 non
2330 878 2430 928 est.
2479 868 2613 924 Nam
2660 866 2753 938 qui
2780 866 3005 922 rationis
3032 880 3248 922 sensum
3296 865 3363 920 ad
3410 865 3733 922 timorede

2196 979 2304 1021 non
2334 962 2545 1028 habuit,
2580 970 2730 1017 tanto
2770 960 2951 1016 minus
2985 958 3252 1015 timendus
3296 966 3404 1025 est,
3443 966 3632 1028 quanto
3654 958 3735 1015 hoc

2196 1055 2338 1128 quod
2382 1069 2501 1111 esse
2548 1052 2735 1111 debuit
2768 1067 2875 1108 non
2923 1059 3025 1107 est.
3059 1050 3267 1105 Debent
3302 1058 3487 1104 autem
3530 1047 3581 1102 in
3618 1056 3734 1103 metu

2197 1150 2384 1208 haberi
2400 1149 2486 1204 isti
2511 1147 2603 1220 qui
2625 1145 2864 1202 membra
2886 1142 3400 1215 suntomnipotentis
3412 1140 3529 1205 Dei,
3544 1148 3594 1196 et
3611 1139 3649 1196 si
3661 1140 3739 1210 ipsi

2199 1242 2608 1304 contristantur,
2634 1238 2775 1293 Deus
2800 1236 2890 1307 qui
2920 1236 2971 1291 in
2999 1235 3126 1306 ipsis
3151 1234 3361 1291 habitat
3383 1231 3740 1297 oll‘enditur,et

2200 1335 2303 1406 ipsi
2333 1333 2387 1388 itt
2432 1341 2575 1389 terra
2605 1329 3001 1401 reprehendere
3038 1328 3213 1384 solent
3248 1327 3560 1398 quod-Deus
3587 1323 3741 1379 redar-

2199 1428 2314 1499 guit
2338 1442 2368 1483 e
2389 1424 2546 1482 caelo.
2572 1422 2695 1478 Mali
2722 1438 2872 1489 vero,
2898 1430 2959 1476 ut
2979 1422 3232 1487 diximus,
3258 1418 3489 1499 timendi
3507 1433 3606 1472 non
3627 1424 3742 1471 sunt.

2201 1496 2360 1576 iJndc
2387 1530 2576 1572 rursus
2600 1513 2774 1571 eidem
2797 1513 3073 1585 propheta:
3097 1512 3293 1569 dicitur
3321 1528 3335 1565 :
3372 1507 3460 1564 Ne
3474 1496 3744 1571 timenem,

2202 1620 2259 1668 ει
2288 1609 2414 1681 quia
2443 1607 2575 1663 tales
2608 1606 2872 1677 derogare
2904 1603 3099 1671 solent,
3142 1604 3460 1675 adjunctum
3490 1611 3588 1665 est,
3622 1612 3749 1668 neque

2205 1718 2470 1758 sermones
2488 1716 2668 1755 eorum
2699 1696 2911 1770 (lbid.),
2952 1696 3079 1766 quia
3110 1694 3373 1750 increduli
3410 1700 3471 1749 et
3506 1692 3748 1748 subverso-

2207 1811 2297 1853 res
2322 1803 2441 1852 sunt
2470 1802 2664 1849 tecum.
2700 1791 2801 1860 Qui
2838 1798 2987 1846 tanto
3014 1790 3068 1845 in
3107 1789 3220 1845 suis
3248 1786 3673 1859 derogationibtts
3698 1784 3751 1838 ti-

508 1895 738 1949 pratum
771 1894 865 1935 seu
896 1888 1104 1935 rectum
1131 1879 1201 1932 sit
1245 1878 1385 1947 quod
1416 1886 1687 1947 operatur.
1722 1875 1854 1931 Nam
1884 1890 1915 1930 a
1949 1874 2097 1945 justo

2204 1888 2381 1944 tuendi
2409 1903 2514 1943 non
2544 1893 2686 1951 sunt,
2721 1891 2926 1955 quanto
2955 1872 3063 1938 non
3092 1882 3303 1951 placere
3330 1879 3447 1935 Deo
3476 1878 3750 1950 probantur.

508 1971 689 2041 judice
719 1981 845 2027 tunc
873 1986 973 2043 pro
1008 1972 1164 2026 factis
1190 1972 1304 2027 suis
1340 1979 1430 2026 aut
1467 1971 1691 2041 punitur
1729 1979 1821 2025 aut
1851 1983 2101 2025 remune-

512 2072 687 2127 ratur,
716 2062 888 2118 sinon
918 2062 1091 2133 potuit
1115 2062 1254 2119 scire
1284 2061 1426 2133 quod
1456 2061 1601 2116 fecit.
1634 2059 1736 2131 Ipsi
1771 2060 1970 2115 etenim
2006 2058 2097 2129 qtti

517 2152 723 2207 erudiri
750 2159 1139 2215 contemnunt,
1193 2151 1295 2206 sibi
1344 2158 1508 2205 testes
1553 2160 1699 2215 sunt,
1728 2149 1872 2220 'quia
1920 2149 2102 2204 sciunt

514 2243 726 2301 discere
774 2244 919 2315 quod
966 2253 1149 2316 agunt.
1204 2243 1456 2313 Alioquin
1513 2258 1610 2297 cur
1661 2241 1729 2296 de
1775 2239 2100 2311 quibusdam

514 2337 675 2393 factis
708 2346 963 2407 tanquam
1012 2336 1077 2390 de
1121 2336 1258 2391 bene
1287 2336 1454 2406 gestis
1497 2334 1550 2388 in
1587 2334 1946 2389 ostentatione
1985 2332 2098 2405 glo-

512 2429 759 2486 riantur?
785 2438 841 2485 et
867 2442 1054 2484 rursus
1077 2444 1174 2482 cur
1194 2425 1247 2481 in
1274 2426 1545 2497 aliquibus
1568 2427 1679 2482 suis
1704 2426 1912 2481 actibus
1930 2423 2100 2480 videri

516 2523 879 2580 erubescunt?
932 2521 1071 2577 unde
1120 2520 1337 2590 quidam
1380 2518 1594 2589 sapiens
1644 2517 1774 2572 dicit
1807 2536 1820 2572 :
1850 2515 1983 2573 Cum
2028 2515 2104 2571 sit

512 2612 703 2668 timida
748 2612 987 2684 nequitia
1041 2611 1386 2667 conscientiae
1430 2609 1525 2665 dat
1562 2608 1926 2664 testimonium
1971 2621 2101 2663 con-

514 2705 841 2762 demnationi
872 2747 887 2772 ,
933 2705 1059 2776 quia
1097 2704 1224 2760 dum
1256 2705 1417 2759 timor
1466 2701 1851 2759 conscientiam
1900 2699 2100 2769 arguit,

514 2794 634 2865 ipse
676 2796 778 2851 sibi
817 2794 1182 2851 testimonium
1228 2795 1517 2866 perbibet,
1564 2794 1689 2863 quia
1741 2793 1845 2847 scit
1900 2791 2101 2847 tnalum

515 2900 637 2942 esse
664 2886 806 2957 quod
839 2886 964 2943 sciri
993 2886 1266 2943 formidat.
1299 2885 1529 2957 Fugiant
1557 2900 1685 2955 ergo
1718 2883 1885 2954 iniqui
1909 2883 2105 2937 huma-

517 2992 619 3033 nos
648 2977 851 3043 oculos,
886 2978 1205 3049 semetipsos
1233 2987 1380 3033 certe
1410 2977 1593 3048 fugere
1624 2992 1730 3031 non
1760 2984 2002 3046 possunt.
2042 2972 2102 3028 In

514 3080 799 3141 peccatum
850 3072 996 3127 enim
1046 3071 1189 3140 quod
1246 3070 1594 3126 committunt
1639 3068 1792 3139 prius
1822 3076 2007 3121 contra
2044 3080 2106 3121 se

2205 1980 2437 2038 Stultum
2465 1980 2611 2036 enim
2640 1978 2793 2034 valde
2833 1986 2936 2044 est,
2984 1977 3029 2033 si
3078 1975 3182 2032 illis
3219 1974 3440 2047 placere
3483 1972 3752 2045 quaerimus,

2203 2088 2340 2144 quos
2371 2087 2477 2127 non
2506 2070 2722 2141 placere
2751 2068 2863 2123 Deo
2891 2067 3115 2125 scimus.
3149 2065 3319 2121 Nemo
3349 2065 3501 2119 enim
3534 2069 3692 2133 potest
3712 2060 3753 2113 ia

2201 2179 2310 2219 una
2339 2162 2637 2234 eademque
2668 2176 2724 2216 re
2752 2158 2861 2214 Deo
2904 2158 3066 2214 simul
3089 2165 3143 2213 ct
3175 2153 3290 2224 ejus
3319 2154 3572 2212 hostibus
3607 2162 3755 2223 gratus

2203 2253 2458 2308 existere.
2490 2251 2742 2308 Amicum
2769 2264 2897 2321 ergo
2936 2247 3032 2303 Dei
3067 2261 3126 2303 se
3154 2246 3409 2316 denegat,
3437 2246 3531 2317 qui
3561 2241 3759 2313 ejusini-

2202 2345 2347 2400 mico
2372 2343 2571 2413 placet.
2605 2341 2760 2398 Unde
2788 2350 2843 2396 et
2873 2339 3049 2395 sancti
3083 2338 3184 2393 viri
3216 2353 3310 2395 eos
3332 2340 3399 2393 ad
3432 2353 3534 2392 sua
3562 2336 3670 2392 odia
3687 2349 3757 2389 ex-

2203 2438 2374 2493 citare
2404 2452 2511 2491 non
2541 2444 2810 2499 metuunt,
2838 2449 2975 2505 quos
3009 2432 3177 2488 Deum
3207 2447 3312 2488 non
3342 2431 3574 2502 diligere
3596 2443 3757 2499 cogno-

2206 2537 2385 2585 scunt.
2419 2526 2623 2582 Horum
2647 2526 2831 2596 itaque
2860 2524 3138 2595 derogatio
3156 2523 3281 2578 vitae
3314 2530 3525 2577 nostra:
3556 2517 3760 2591 probatio

2204 2628 2308 2685 est,
2363 2618 2489 2689 quia
2537 2616 2641 2672 nisi
2678 2615 2880 2686 aliquid
2924 2614 3051 2671 boni
3104 2614 3449 2678 haberemus,
3502 2611 3648 2668 malis
3680 2624 3760 2664 non

2205 2707 2637 2779 displiceremus.
2686 2705 2978 2762 Sciendum
3022 2720 3149 2761 vero
3169 2712 3268 2770 est,
3307 2703 3440 2775 quia
3466 2702 3665 2775 linguas
3693 2701 3761 2754 de-

2206 2798 2536 2854 trahentium
2560 2797 2701 2853 sicut
2728 2805 2916 2854 nostro
2935 2795 3114 2852 studio
3143 2810 3250 2851 non
3277 2792 3546 2849 debemus
3566 2791 3764 2846 excitam

2207 2905 2276 2946 ne
2307 2890 2407 2960 ipsi
2432 2895 2677 2960 pereant,
2712 2888 2785 2943 ita
2815 2902 2915 2958 per
2943 2901 3099 2943 suam
3118 2883 3381 2941 malitiam
3412 2882 3669 2939 excitatas
3690 2877 3762 2932 de-

2206 2981 2399 3037 bemus
2426 2979 2804 3052 aequanimiter
2843 2977 3098 3044 tolerare,
3131 2985 3189 3032 ut
3214 2975 3369 3032 nobis
3403 2974 3657 3031 meritum
3681 2982 3766 3026 cre-

2209 3082 2344 3129 scat.
2389 3072 2693 3144 Aliquando
2721 3080 2901 3127 autem
2927 3072 3095 3128 etiam
3121 3084 3473 3141 compescere
3492 3109 3508 3134 ,
3540 3083 3606 3124 ne
3630 3107 3643 3131 ,
3666 3067 3765 3120 dum

510 3162 773 3231 judicium
801 3162 1026 3218 rationis
1051 3162 1352 3227 inveniunt,
1382 3170 1437 3216 et
1466 3169 1589 3231 post
1616 3159 1683 3213 ad
1709 3157 2104 3214 districtionem
2210 3163 2277 3220 de
2303 3164 2460 3219 nobis
2487 3163 2629 3218 mala
2658 3163 3036 3228 disseminant,
3059 3176 3247 3218 eorum
3273 3160 3364 3231 qui
3391 3160 3588 3216 audire
3608 3172 3694 3212 nos
3715 3151 3765 3207 ad

518 3255 706 3309 aeterni
746 3252 945 3323 judicis
994 3255 1379 3325 perducuntur.
1433 3254 1500 3307 Et
1531 3254 1633 3309 hoc
1669 3260 1750 3307 est
1793 3252 1932 3305 forte
1960 3250 2106 3321 quod
2133 3234 2180 3298 Ο
2210 3257 2350 3311 bona
2378 3263 2650 3327 poterant,
2690 3254 2853 3311 corda
2884 3254 3230 3313 innocentum
3256 3262 3635 3325 corrumpant.
3662 3248 3766 3305 Hinc

478 3362 616 3417 pper
647 3345 982 3402 Psalmistam
1030 3347 1227 3403 dicitur
1278 3362 1292 3401 :
1336 3346 1567 3418 Abyssus
1612 3346 1859 3418 abyssum
1899 3345 2108 3400 invocat

2211 3355 2293 3402 est
2312 3345 2454 3401 enim
2487 3345 2632 3417 quod
2662 3345 2901 3403 Joannes
2923 3346 3303 3403 obtrectatoris
3339 3346 3429 3401 sui
3455 3346 3683 3417 linguam
3703 3354 3767 3396 re-

519 3435 697 3509 (Paal.
724 3454 836 3504 xu,
866 3439 943 3508 8).
991 3440 1198 3511 Abysso
1234 3440 1379 3495 enim
1432 3440 1682 3510 abyssum
1734 3440 1985 3494 invocare
2021 3443 2114 3493 est
2211 3441 2448 3513 dat-guit,
2479 3442 2666 3498 dicens
2692 3456 2708 3495 :
2732 3441 2783 3497 Is
2810 3442 2904 3512 qui
2937 3450 3084 3497 amat
3104 3440 3396 3512 primatum
3418 3454 3617 3513 gerere
3640 3438 3685 3492 in
3706 3436 3766 3490 eis

517 3530 586 3585 de
605 3528 812 3599 judicio
839 3529 905 3585 ad
924 3527 1185 3597 judicium
1214 3531 1521 3601 pervenire.
1554 3531 1690 3585 Eant
1719 3530 1883 3600 igitur
1911 3529 2110 3599 praedi-

518 3628 732 3677 calores
759 3622 955 3687 sancti,
990 3622 1316 3694 redarguam
1362 3622 1503 3678 facta
1552 3622 1912 3693 peccantium,
1947 3620 2104 3676 audi-

521 3725 668 3769 tores
696 3722 874 3768 autem
902 3714 1054 3784 pravi
1104 3723 1454 3769 contemnant
1483 3715 1648 3769 verba
1696 3713 1964 3777 istorum,
2011 3711 2109 3767 de-

518 3804 739 3860 fendant
773 3814 1032 3875 quantum
1078 3804 1345 3860 voluerint
1388 3807 1682 3877 pravitates
1724 3822 1889 3873 suas,
1943 3813 2109 3877 atque

519 3897 860 3966 impudenter
886 3906 1065 3968 gestas
1094 3898 1454 3968 impudentius
1480 3899 1812 3956 defendendo
1843 3899 2103 3970 multipli-

519 3997 667 4042 cent.
697 3986 856 4043 Certe
881 3988 981 4058 ipsi
1014 3989 1113 4044 sibi
1144 3988 1196 4042 in
1227 3990 1560 4046 conscientia
1591 3998 1755 4045 testes
1784 3999 1931 4055 sunt,
1974 3990 2107 4059 quia

431 4127 441 4178 ἱ
519 4078 857 4133 excusabiles
884 4094 988 4141 nou
1017 4089 1157 4134 sunt.
1984 4089 2003 4107 ‘

591 4168 728 4223 XII-I.
769 4168 994 4237 Quidam
1032 4186 1163 4227 vero
1191 4186 1300 4228 non
1326 4172 1497 4228 solum
1534 4172 1913 4231 admonitionis
1937 4176 2102 4231 verba

422 4263 450 4327 ,ξ
521 4268 900 4327 εοιιιειιιιιιιιιι,
940 4263 1034 4319 εεά
1076 4264 1240 4319 etiam
1288 4277 1479 4323 contra
1526 4267 1893 4324 admonitores
1940 4271 2107 4323 vehe—

523 4359 736 4406 menter
782 4352 1237 4409 scandalizantur.
1291 4354 1360 4409 Et
1404 4357 1529 4426 quia
1578 4357 1894 4412 scandalum
1945 4356 2106 4413 valde

443 4430 461 4518 ξ
522 4439 883 4510 periculosum
911 4448 1014 4507 est,
1046 4442 1248 4498 idcirco
1273 4442 1399 4499 boni
1425 4446 1525 4500 viri
1556 4446 1868 4518 frequenter
1892 4447 2103 4503 malunt

445 4532 472 4606 ξ,
525 4542 727 4598 tacere,
760 4546 922 4602 quam
955 4532 1125 4588 malos
1152 4533 1420 4604 loquendo
1455 4537 1844 4594 scandalizare.
1878 4538 1980 4606 Qui
2015 4549 2098 4593 ta-

2212 3532 2484 3603 diotrepcs
2532 3548 2639 3588 non
2684 3532 2881 3604 recipit
2921 3548 3038 3589 nos.
3086 3531 3315 3605 Propter
3358 3532 3471 3589 hoc
3520 3531 3565 3587 si
3607 3539 3765 3586 veneto

2208 3637 2579 3678 commoneam
2615 3622 2731 3693 cjus
2762 3638 2929 3695 Opera
2967 3638 3089 3696 quae
3131 3622 3265 3679 facit
3310 3622 3504 3680 verbis
3535 3618 3765 3691 malignis.

2208 3717 2458 3788 garricns
2506 3717 2561 3771 in
2592 3700 2735 3772 'nos.
2780 3716 3051 3784 Quantum
3106 3729 3235 3788 ergo
3280 3728 3347 3769 ex
3394 3715 3561 3771 nobis
3595 3720 3686 3777 est,
3723 3715 3769 3763 ut

2208 3805 2570 3878 Hieronymus
2623 3807 2692 3861 ad
2744 3805 2965 3863 Galatas
3016 3805 3166 3873 dicit,
3215 3805 3419 3862 nullius
3463 3803 3765 3861 inimicitiam

2206 3912 2549 3955 commovere
2586 3898 2864 3955 debemus.
2909 3897 3062 3965 Quod
3104 3898 3150 3953 si
3190 3896 3484 3969 loquentes
3521 3896 3767 3954 veritatem

2207 3991 2421 4063 aliquos
2455 3991 2814 4047 meruerimus
2836 3991 3104 4058 inimicos,
3126 4006 3235 4046 non
3260 4000 3446 4047 tamen
3472 4006 3573 4047 nos
3599 3982 3767 4045 inimici

2206 4104 2395 4143 sumus
2418 4102 2629 4152 eorum,
2686 4086 2943 4157 quoniam
2997 4085 3072 4141 illi
3121 4084 3325 4149 inimici
3362 4094 3497 4142 sunt
3535 4081 3768 4141 veritatis.

2206 4179 2359 4237 Unde
2386 4189 2439 4235 et
2470 4180 2585 4249 ipsa
2631 4178 2845 4236 Veritas
2879 4179 3007 4235 dicit
3060 4178 3128 4235 ad
3177 4179 3458 4235 Abraham
3497 4199 3513 4234 :
3548 4178 3768 4234 [nimim

2203 4288 2292 4327 cro
2318 4273 2543 4327 inimicis
2577 4272 2681 4327 tuis
2713 4271 2909 4344 (Exod.
2942 4287 3101 4337 xxnt,
3130 4270 3246 4343 22).
3276 4271 3432 4340 Quod
3479 4271 3661 4341 utique
3685 4282 3767 4323 non

2204 4359 2359 4416 ﬁeret
2385 4360 2429 4415 si
2453 4361 2723 4417 Abraham
2749 4377 2846 4432 per
2866 4361 3075 4432 culpam
3100 4377 3252 4419 suam
3276 4363 3596 4421 inimicitias
3612 4373 3768 4418 eorum

2204 4453 2509 4508 meruisset.
2541 4454 2672 4508 Item
2702 4454 2817 4524 ipse
2849 4452 3206 4526 Hieronymus
3251 4453 3305 4509 in
3351 4456 3548 4512 eadem
3577 4451 3767 4527 epistola

2203 4544 2270 4599 ad
2316 4542 2535 4599 Galatas
2569 4562 2581 4597 :
2618 4541 2674 4599 Si
2702 4543 2816 4599 ﬁeri
2843 4552 3019 4614 potest
3062 4552 3122 4600 ut
3156 4544 3363 4616 pariter
3387 4554 3445 4601 et
3476 4546 3590 4604 Deo
3617 4556 3667 4603 et
3697 4544 3768 4600 lto-

520 4639 641 4679 tnen
675 4625 1032 4692 necqtacendo
1061 4626 1239 4683 securi
1266 4636 1392 4682 sunt
1433 4640 1655 4700 propter
1703 4631 1830 4687 illud
1860 4651 1871 4685 :
1909 4632 1970 4687 Si
1996 4650 2100 4688 non
2124 4610 2180 4671 D
2204 4634 2440 4689 minibus
2493 4634 2822 4705 placeamus,
2843 4610 3184 4705 placendum
3222 4643 3307 4692 est
3344 4637 3680 4693 hominibus.
3722 4633 3767 4689 Si

484 4716 913 4771 -annunliaveris
950 4718 1128 4789 iniquo
1174 4719 1507 4788 iniquitatem
1553 4738 1744 4788 suam,
1794 4724 2103 4793 sanguinem

517 4806 629 4876 ejus
661 4807 724 4861 de
750 4824 906 4863 manu
938 4818 1028 4864 tua
1061 4811 1323 4881 requiram
1358 4809 1577 4882 (Ezeclt.
1606 4829 1691 4878 ιιι,
1722 4814 1831 4881 l8).
1887 4813 1965 4868 Ex
1993 4831 2097 4885 qua

2204 4733 2387 4782 autem
2418 4725 2579 4783 aliter
2607 4742 2713 4782 non
2747 4726 3059 4798 placeamus
3084 4728 3399 4786 hominibus
3419 4730 3530 4787 nisi
3562 4732 3666 4787 Deo
3685 4730 3770 4784 disc

2202 4816 2528 4886 pliceamus,
2565 4817 2676 4873 Deo
2704 4817 2876 4889 magis
2915 4833 3075 4888 quam
3114 4818 3425 4876 hominibus
3450 4822 3666 4892 placere
3698 4820 3768 4874 de-

518 4913 578 4953 re
605 4898 758 4955 nobis
785 4900 1234 4956 considerandum
1263 4910 1345 4957 est
1369 4942 1383 4966 ,
1422 4902 1547 4979 quia
1593 4902 1645 4955 in
1680 4910 1938 4971 quantum
1984 4903 2102 4959 sine
2200 4903 2409 4961 bemus.

517 4998 740 5058 peccato
785 5006 1092 5062 possumus,
1136 4992 1311 5048 vitare
1363 4994 1734 5062 proximorum
1787 4994 2097 5052 scandalum

2273 4996 2411 5053 XIV.
2455 4995 2561 5053 Sed
2590 4999 2715 5054 dum
2738 4998 2840 5053 hoc
2869 4998 3120 5067 dicimus,
3145 4997 3273 5055 illud
3292 5016 3393 5057 nos
3413 4998 3770 5058 vehementius
