3934 5400
107 333 221 394 601

1008 398 1019 407 .
1103 344 1594 442 cctuagrtoauu
1632 349 2047 413 mammas.
2084 384 2154 396 —
2189 350 2314 412 LIB.
2351 350 2437 412 ιιι.

3271 335 3381 398 601

107 455 375 528 imaginis
415 458 649 530 speciem
701 457 940 517 trahunt.
978 462 1188 521 Umbrae
1235 470 1481 524 umbram
1524 478 1702 540 prote-
1728 473 1777 533 A
1805 488 1900 529 sua
1922 472 2132 530 dillicilc
2160 472 2467 543 pronuntiat
2501 468 2704 535 audiri,
2746 479 2844 523 cur
2879 462 3068 519 doctor
3093 455 3380 516 contristo-

109 555 278 616 gnnt,
310 550 437 618 qttia
461 559 776 619 peccatores
806 552 1032 624 quique,
1073 555 1124 610 in
1154 572 1261 627 quo
1287 558 1387 612 sibi
1420 557 1557 613 male
1582 567 1707 614 sunt

108 639 354 704 conscii,
389 640 441 694 in
470 656 536 696 eo
560 650 613 697 et
640 642 802 697 alium
842 654 1151 714 peccantem
1192 646 1506 704 defendunt.
1552 646 1704 715 Quod

106 728 226 785 hoc
283 730 540 787 nimirum
570 733 748 789 studio
778 722 1020 802 faciunt
1045 751 1114 791 nc
1144 737 1269 791 dum
1294 737 1449 808 culpa
1469 780 1485 803 ,
1516 739 1569 793 in
1601 752 1705 807 qua

106 830 173 876 ct
216 822 321 891 ipsi
378 823 593 894 obligati
637 834 784 890 sunt,
828 826 881 881 in
934 827 1054 883 aliis
1094 829 1402 900 corrigitur,
1448 828 1515 883 ad
1564 828 1708 898 ipsos

106 916 452 986 quandoque
476 917 677 972 veniat.
704 918 850 985 Quos
896 920 1040 974 enim
1086 921 1278 976 similis
1317 931 1501 977 reatus
1538 921 1709 977 sociat

104 1009 380 1062 concordi
414 1009 732 1079 pertinacia,
763 1009 924 1065 etiam
957 1010 1198 1067 defensio
1225 1027 1479 1083 perversa
1505 1011 1708 1067 consti-

106 1108 235 1167 pat,
262 1107 324 1153 ιιι
353 1100 416 1154 de
444 1099 779 1155 facinoribus
809 1101 923 1158 suis
948 1101 1153 1158 alterna
1185 1119 1245 1158 se
1270 1104 1497 1159 invicem
1525 1101 1710 1158 defen-

104 1191 277 1245 sione
330 1200 604 1247 tueantur.
648 1190 718 1247 Se
760 1193 925 1263 igitur
965 1202 1149 1265 tegunt
1195 1194 1319 1249 dum
1370 1193 1501 1249 alios
1531 1202 1711 1265 prote-

103 1290 277 1351 gnnt,
312 1284 439 1353 quia
471 1300 623 1339 suam
651 1286 818 1339 vitam
840 1286 1137 1357 pnnvident
1167 1287 1378 1358 impcti,
1408 1288 1548 1341 unde
1577 1286 1710 1341 alios

101 1375 479 1431 considerant
525 1377 691 1433 libera
736 1378 1075 1449 correptione
1096 1379 1372 1435 confundi.
1417 1378 1615 1451 Sicque
1650 1379 1711 1434 fit

100 1475 170 1520 ut
204 1482 423 1522 summa
471 1468 760 1523 criminum
816 1469 941 1524 dum
991 1469 1296 1525 defenditur
1338 1479 1617 1542 augeatur,
1657 1478 1711 1525 et

99 1557 551 1628 uniuscuiusque
580 1560 817 1629 nequitia
849 1575 913 1615 eo
937 1561 1007 1616 sit
1036 1561 1102 1615 ad
1133 1562 1545 1632 perpetrandum
1576 1559 1708 1615 faci-

99 1649 222 1714 Iis,
256 1667 369 1723 quo
390 1651 619 1707 difﬁcilis
650 1653 714 1707 ad
743 1653 1091 1723 puniendum.
1124 1651 1338 1708 Scelera
1361 1653 1557 1724 quippe
1589 1667 1711 1723 pec-

98 1742 365 1796 cantium
399 1751 547 1797 tanto
570 1742 773 1813 majora
803 1744 1133 1799 incrementa
1160 1743 1483 1813 percipiunt,
1508 1748 1710 1813 quanto

96 1844 218 1905 per
250 1834 620 1892 defensionem
650 1838 946 1907 potentium
974 1838 1063 1894 diu
1088 1837 1255 1893 inulta
1286 1838 1601 1893 tolerantur.

195 2012 326 2071 XV.
367 2015 687 2087 Quicunque
741 2032 872 2074 vero
920 2017 1087 2074 verba
1139 2017 1233 2075 Dei
1292 2017 1476 2074 audire
1524 2018 1713 2075 nolunt

99 2106 238 2177 ipso
276 2117 591 2179 contemptu
619 2125 724 2165 non
774 2125 894 2167 esse
938 2126 1004 2166 ex
1042 2121 1194 2181 parte
1221 2110 1311 2166 Dei
1351 2127 1409 2167 se
1460 2113 1711 2183 produnt.

101 2196 232 2254 Sed
296 2201 691 2270 quantumlibet
757 2202 1075 2268 calcitrent,
1141 2202 1461 2258 admonendi
1536 2212 1715 2258 tamen

100 2304 270 2359 sunt,
315 2308 381 2349 ue
410 2294 626 2365 sanguis
660 2309 849 2350 eorum
892 2296 959 2350 de
997 2310 1157 2350 manu
1200 2296 1433 2365 pastoris
1475 2294 1720 2365 requira-

104 2402 253 2447 tur:
289 2390 376 2456 Si,
418 2392 611 2462 inquit,
651 2401 707 2446 tu
752 2390 1143 2446 annuntiaveris
1180 2391 1358 2462 impio,
1398 2399 1447 2443 et
1493 2387 1581 2442 ille
1616 2403 1720 2441 non

102 2484 284 2555 fuerit
321 2501 619 2549 conversus,
649 2484 838 2553 ipsein
878 2484 1150 2554 iniquitate
1189 2500 1284 2537 sua
1330 2482 1628 2536 morietur:
1664 2490 1721 2535 tu

102 2589 301 2630 autem
335 2576 569 2629 animam
599 2587 740 2630 tuam
780 2576 1015 2630 liberasti
1060 2573 1275 2644 (Ezecli.
1310 2592 1391 2639 Ill,
1432 2575 1539 2647 I9).
1571 2574 1724 2630 Tunc

102 2667 290 2731 enim,
338 2669 477 2722 sicut
506 2667 557 2722 in
588 2668 927 2737 expositione
957 2667 1120 2738 hujus
1154 2667 1303 2722 verbi
1335 2665 1562 2728 dicitur,
1598 2666 1725 2721 sub-

94 2759 299 2829 iectus
349 2758 581 2813 moritur
627 2760 744 2814 sine
792 2770 862 2825 te,
911 2759 1128 2830 quando
1173 2758 1226 2813 in
1276 2758 1488 2813 actione
1536 2757 1725 2812 mortis

102 2852 588 2909 contradictorem
645 2853 896 2909 habuerit
940 2861 1012 2907 te.
1062 2851 1197 2906 Nam
1252 2850 1437 2913 morti,
1486 2849 1572 2904 cui
1621 2863 1726 2904 non

102 2945 552 3008 contradixeris,
578 2945 911 3017 adiungeris.
944 2943 1059 3000 Hoc
1084 2958 1214 3013 ergo
1240 2952 1418 2998 rector
1446 2941 1627 3007 faciat,
1660 2956 1727 2996 ne

104 3034 400 3090 moriente
431 3034 646 3089 subdito
699 3035 984 3101 moriatur,
1032 3032 1189 3090 malis
1240 3032 1488 3088 videlicet
1519 3032 1728 3088 actibus

105 3126 494 3193 contradicat,
549 3135 606 3181 ιιι
671 3126 931 3198 scriptum
989 3138 1072 3183 est
1126 3144 1139 3180 :
1192 3125 1462 3192 Discurre,
1516 3124 1725 3194 festina,

104 3227 331 3281 suscita
373 3226 600 3278 anticum
633 3234 779 3278 tuum
806 3223 987 3294 (Prov.
1013 3239 1090 3290 vt,
1127 3222 1204 3293 3).
1242 3221 1300 3277 Si
1334 3236 1460 3276 vero
1481 3218 1726 3291 specula-

108 3329 240 3375 tore
278 3327 503 3374 tatente
557 3318 753 3389 impius
801 3318 1051 3384 moritur,
1088 3327 1299 3374 constat
1350 3316 1565 3389 quidem
1605 3315 1731 3386 quia

107 3411 332 3483 dignus
356 3426 462 3465 non
494 3410 596 3466 fuit
622 3418 682 3465 ut
703 3410 769 3465 ad
792 3409 963 3465 Deum
994 3425 1175 3467 sermo
1206 3402 1365 3466 ﬂeret
1393 3428 1405 3463 :
1438 3408 1523 3463 ille
1551 3416 1729 3463 tamen

104 3521 246 3561 eum
291 3501 522 3566 occidit,
550 3501 640 3573 qui
672 3502 814 3558 Imuc
842 3503 1070 3558 tacendo
1099 3501 1257 3557 morti
1292 3500 1544 3572 prodidit.
1590 3498 1728 3555 Hinc

107 3599 273 3655 enim
303 3595 504 3651 beatus
529 3596 824 3668 Gregorius
850 3594 1030 3652 subdit
1056 3613 1071 3651 :
1101 3595 1441 3651 Pensandum
1463 3602 1547 3649 est
1568 3608 1735 3662 quan-

108 3700 238 3744 tum
262 3701 518 3741 connexa
548 3686 657 3741 sint
681 3694 900 3755 peccata
928 3685 1266 3755 subditorum
1290 3693 1449 3754 atque
1478 3680 1735 3753 praeposi-

111 3794 338 3840 torum.
366 3778 520 3847 Quod
554 3779 698 3833 enim
727 3792 827 3835 nos
854 3779 997 3850 digni
1027 3787 1270 3849 pastores
1296 3792 1399 3832 non
1432 3789 1633 3836 sumus,
1666 3789 1731 3829 ex

108 3882 324 3929 vestra
350 3869 508 3940 culpa
534 3879 656 3935 est;
690 3878 745 3924 et
787 3871 929 3939 quod
958 3884 1055 3925 vos
1080 3868 1146 3925 ad
1177 3868 1513 3939 iniquitatem
1549 3865 1739 3922 deﬂui-

112 3963 217 4030 tis,
275 3977 350 4017 ex
392 3970 581 4015 nostro
626 3960 732 4015 hoc
772 3969 925 4015 reatu
977 3968 1080 4028 est,
1130 3961 1273 4031 quod
1310 3957 1635 4014 obsistentes
1681 3956 1735 4011 in

109 4053 296 4125 culpa
334 4067 441 4107 non
474 4051 707 4106 habetis.
739 4049 905 4107 Vobis
930 4067 1060 4121 ergo
1091 4059 1147 4106 et
1169 4050 1323 4106 nobis
1352 4050 1606 4122 parcitis,
1638 4048 1736 4103 sia

106 4158 311 4217 pravo
360 4156 525 4213 opere
583 4141 831 4197 cessatis.
896 4139 1062 4197 Vobis
1117 4149 1173 4197 et
1231 4141 1387 4196 nobis
1436 4140 1730 4211 parcimus,

109 4237 363 4311 quando
413 4236 515 4292 hoc
563 4236 704 4306 quod
745 4234 995 4305 displicet
1037 4250 1143 4290 non
1197 4243 1456 4291 tacemus.
1490 4234 1596 4289 Sed
1640 4249 1739 4289 nos

109 4331 353 4386 aIienas
378 4334 580 4382 mortes
608 4326 810 4381 nostris
847 4326 1089 4396 peccatis
1110 4325 1434 4391 addidimus,
1462 4333 1517 4379 et
1547 4334 1623 4380 tot
1642 4340 1736 4381 oc-

109 4420 399 4483 cidimus,
430 4425 563 4488 quot
602 4415 739 4471 mori
778 4416 1020 4487 quotidie
1047 4424 1293 4472 tacentes
1318 4416 1579 4471 videmus.
1612 4415 1740 4470 Nul-

1808 581 1897 627 tur
1923 571 1967 627 si
1992 571 2043 626 in
2080 567 2441 625 admonitione
2463 580 2555 621 sua
2583 557 2986 620 contemnatur?

1877 661 2013 718 XVI.
2053 660 2348 716 Pravorum
2374 674 2505 713 sane
2524 656 2718 712 duritia
2747 652 2908 709 nimis
2927 646 3202 707 obcalluit.
3224 642 3381 700 Sicut

1806 755 2098 825 unicuique
2129 752 2312 807 talium
2366 751 2506 806 Deus
2558 764 2652 820 per
2697 745 3011 818 pr0phetam
3040 738 3210 796 dicit:
3254 730 3378 791 Scio

1804 846 1927 916 quia
1952 847 2117 899 durus
2145 862 2197 899 es
2225 853 2305 910 tu,
2339 849 2387 897 et
2440 856 2625 895 nervus
2654 838 2846 910 feriens
2885 832 3057 890 cervix
3106 840 3196 884 tua
3240 824 3377 898 (lsa.

1808 953 1997 1000 vaut.
2032 936 2101 1007 ι).
2132 935 2284 1004 Quod
2309 935 2433 991 dum
2464 948 2556 988 vos
2597 928 2948 1003 perpenditis,
2996 926 3159 980 timeo
3208 917 3378 975 mole-

1808 1041 1947 1088 stmn
1980 1029 2131 1086 vobis
2162 1027 2310 1094 fieri,
2348 1027 2471 1097 quia
2510 1033 2714 1080 tantum
2766 1022 2832 1077 ad
2872 1016 3201 1075 incitandum
3242 1023 3377 1083 prte-

1807 1122 2019 1180 tlicantli
2052 1118 2284 1176 ofﬁcium
2310 1130 2698 1188 exaggeramus
2726 1133 2738 1167 :
2782 1120 2837 1168 et
2874 1109 3077 1165 idcirco
3102 1104 3292 1161 vellem
3324 1105 3384 1155 ut

1810 1215 1945 1271 alius
1966 1213 2160 1283 aliquis
2182 1210 2358 1265 exitus
2380 1210 2432 1264 in
2463 1211 2564 1263 hac
2590 1205 2913 1262 necessitate
2935 1199 3216 1273 patuisset.
3245 1192 3383 1283 Nam

1808 1306 1921 1362 scio
1959 1280 2272 1375 prophetam
2303 1300 2500 1355 dixisse
2534 1313 2549 1352 :
2586 1296 2650 1351 1η
2697 1294 2943 1350 salicibus
2980 1291 3035 1345 in
3062 1285 3230 1342 medio
3270 1280 3387 1353 ejus

1808 1396 2168 1466 suspemlintus
2198 1408 2393 1462 organa
2443 1399 2619 1443 nostra
2645 1384 2815 1455 (Psal.
2847 1397 3067 1446 cxxxvn,
3098 1378 3176 1448 2),
3202 1375 3253 1431 id
3282 1379 3384 1436 est,

1811 1489 1951 1544 inter
1973 1485 2129 1541 valde
2157 1484 2477 1548 obstinatos,
2524 1480 2777 1535 videlicet
2823 1477 2948 1548 quia
3005 1473 3144 1529 sicut
3200 1467 3392 1524 salices

1809 1583 2042 1638 fructum
2067 1578 2190 1634 boni
2222 1576 2402 1648 operis
2428 1590 2533 1630 non
2567 1572 2765 1637 ferunt,
2801 1570 2964 1624 verba
2991 1558 3392 1636 praedicationis

1808 1673 2116 1729 reticemus.
2149 1668 2284 1724 IIinc
2312 1667 2423 1735 ipse
2456 1665 2533 1719 ait
2561 1683 2573 1719 :
2602 1662 2850 1718 Obmutui
2878 1668 2925 1714 et
2951 1657 3074 1712 silui
3102 1673 3132 1709 a
3156 1653 3322 1717 bonis,
3342 1657 3390 1706 et

1812 1766 2119 1824 humiliatus
2144 1780 2257 1819 sum
2284 1759 2453 1830 (Psal.
2486 1773 2718 1821 xxxvut,
2751 1756 2828 1824 3).
2877 1752 2944 1807 Et
2973 1748 3237 1807 Ieremias
3269 1758 3393 1801 cum

1742 1836 1784 1897 Β
1816 1876 1875 1915 se
1904 1858 2125 1914 minimc
2160 1852 2331 1908 audiri
2378 1849 2734 1919 conspiceret,
2784 1842 3054 1899 silentium
3083 1836 3287 1908 appetit
3309 1832 3390 1887 di-

1815 1966 1946 2007 cens
1986 1967 2000 2003 :
2037 1946 2157 2001 Non
2185 1942 2493 1999 recordabor
2512 1940 2625 2010 ejus
2653 1952 2814 2008 neque
2842 1934 3027 2003 loquar
3056 1929 3193 1983 ultra
3215 1928 3270 1981 in
3297 1941 3392 1979 no-

1814 2043 1951 2098 mine
1976 2040 2117 2095 illius
2144 2036 2274 2108 (Jer.
2303 2052 2396 2099 xx,
2438 2033 2513 2104 9).
2545 2032 2649 2087 Sed
2678 2029 2789 2083 veri
2836 2025 3219 2099 praedicatores
3268 2018 3397 2071 dum

1816 2130 2155 2202 conspiciunt
2178 2126 2319 2198 quod
2348 2125 2480 2194 ipsis
2506 2139 2610 2178 non
2647 2115 3066 2189 corripientibus
3091 2114 3396 2182 iniquorum

1818 2227 2054 2282 facinora
2084 2227 2353 2282 crescunt,
2387 2219 2491 2271 vim
2522 2214 2809 2286 quamdam
2844 2212 2896 2266 in
2924 2208 3085 2266 corde
3113 2205 3399 2266 sustineat,

1821 2319 1991 2373 donec
2025 2316 2077 2370 in
2103 2320 2298 2383 apertae
2321 2306 2674 2378 correptionis
2694 2318 2878 2359 vocem
2906 2305 3206 2368 erumpant.
3251 2289 3402 2348 Unde

1821 2421 1874 2468 et
1900 2411 2037 2467 alter
2070 2426 2134 2463 ex
2164 2407 2365 2463 eisdem
2410 2401 2713 2475 prophetis,
2756 2414 2878 2452 cum
2922 2403 3137 2466 propter
3177 2388 3402 2446 incorri-

1824 2503 2011 2576 gibiles
2036 2512 2218 2557 tacens
2239 2499 2441 2552 diceret
2465 2514 2479 2551 :
2507 2495 2641 2551 Silui
2664 2512 2694 2548 a
2716 2493 2859 2548 bonis
2887 2489 3057 2561 (Psal.
3078 2483 3402 2550 xxxvttt.5);

1827 2574 1942 2651 zelo
1972 2590 2255 2648 eharitatis
2284 2588 2425 2643 illico
2453 2585 2811 2640 exardescens
2838 2578 3072 2638 subdidit
3109 2597 3122 2633 :
3158 2574 3224 2630 Et
3253 2575 3403 2629 dolor

1826 2702 1971 2740 meus
1996 2692 2265 2737 renovatus
2292 2689 2363 2734 est
2396 2676 2601 2747 (Ibid).
2627 2671 2907 2731 Concaluit
2936 2687 3031 2727 cor
3056 2685 3231 2724 meum
3262 2666 3404 2721 intra

1830 2792 1932 2836 me,
1965 2783 2018 2829 et
2055 2774 2107 2828 in
2142 2770 2493 2828 meditatione
2530 2783 2647 2822 mea
2679 2765 2996 2821 exardescet
3037 2760 3196 2834 ignis.
3254 2757 3405 2812 Alter

1831 2885 1957 2923 vero
2003 2882 2125 2923 eum
2180 2865 2383 2919 diceret
2416 2880 2428 2916 :
2466 2859 2588 2915 Non
2628 2860 2814 2930 loquar
2847 2855 2987 2911 ultra
3030 2854 3236 2909 nomine
3262 2849 3405 2905 illius

1830 2958 1967 3026 (Art.
1992 2973 2064 3021 tv,
2095 2955 2214 3027 t7);
2264 2968 2388 3007 mox
2418 2949 2604 3005 eodem
2636 2948 2756 3019 igne
2793 2956 3085 3001 succensus
3119 2938 3361 3008 adiunxit
3387 2951 3406 2993 :

1830 3051 1898 3107 Et
1941 3051 2111 3122 factus
2147 3058 2222 3103 est
2272 3062 2436 3102 sermo
2480 3044 2594 3114 ejus
2637 3044 2690 3097 in
2733 3040 2889 3096 corde
2925 3053 3038 3093 meo
3072 3035 3223 3108 quasi
3271 3032 3409 3103 ignis

1832 3154 2061 3200 mstuans
2091 3143 2143 3196 in
2182 3138 2387 3195 ossibus
2420 3137 2566 3200 meis,
2594 3145 2641 3190 et
2668 3132 2833 3204 defeci
2858 3131 2993 3202 ferre
3016 3146 3117 3184 non
3149 3127 3409 3182 sustinens

1834 3237 1967 3310 (Jer.
1999 3252 2093 3299 xx,
2124 3234 2199 3303 9).
2252 3230 2446 3287 Audivi
2496 3229 2640 3284 enim
2690 3222 3047 3282 contumelias
3092 3228 3403 3275 multorum.

1832 3333 1923 3390 Sie
1951 3348 2079 3402 ergo
2105 3328 2254 3385 zelus
2285 3324 2569 3384 eharitatis
2601 3324 2653 3379 in
2685 3321 2888 3379 sanctis
2915 3320 3048 3375 viris
3084 3318 3208 3373 dum
3237 3313 3410 3386 repri-

1831 3424 2000 3480 mitur
2029 3430 2273 3493 augetur.
2303 3417 2392 3490 qui
2427 3415 2683 3473 nimirum
2710 3414 2783 3469 ita
2815 3426 2933 3470 sese
2960 3409 3330 3472 consolantur,
3353 3413 3412 3462 ut

1833 3515 1886 3571 in
1918 3529 2049 3570 voce
2086 3519 2435 3582 erumpentes
2463 3506 2605 3578 quod
2636 3505 2910 3576 corrigere
2939 3520 3044 3559 non
3082 3501 3266 3556 valent
3304 3497 3412 3554 sal-

1836 3617 1941 3666 tem
1970 3607 2252 3676 increpare
2282 3618 2385 3659 non
2413 3607 2646 3656 cessent.
2672 3596 2932 3667 Superest
2964 3604 3143 3650 tamen
3171 3601 3252 3656 ttt,
3273 3592 3413 3647 sicut

1833 3699 1964 3753 dicit
1991 3698 2239 3764 Prosper.
2270 3694 2358 3764 qui
2404 3691 2570 3745 verba
2605 3686 2928 3757 despiciunt,
2957 3699 3125 3756 opera
3169 3681 3308 3738 bona
3355 3681 3411 3736 in

1835 3790 2052 3847 doctore
2076 3788 2312 3850 videant,
2338 3798 2457 3855 quae
2484 3791 2845 3844 venerentur;
2886 3776 3009 3832 etsi
3040 3774 3327 3846 contigerit
3354 3782 3416 3829 ut

1835 3898 1864 3936 a
1893 3877 2286 3953 potentioribus
2317 3875 2398 3930 vel
2440 3875 2509 3930 ab
2535 3868 2851 3941 alienigenis
2874 3874 3272 3930 contemnatur,
3306 3864 3411 3919 sibi

1835 3972 1918 4030 vel
1947 3974 2059 4029 suis
2088 3969 2407 4043 prtedicator
2444 3977 2602 4022 canat
2630 3965 2817 4021 diecus
2844 4002 2859 4026 ,
2906 3974 3028 4016 cum
3060 3956 3221 4014 Iosue
3252 3975 3264 4010 :
3304 3955 3413 4025 Ego

1837 4074 2011 4119 autem
2068 4072 2115 4117 et
2174 4061 2359 4115 domus
2410 4075 2523 4113 mea
2566 4049 3159 4123 sequinmr‘Dominum
3209 4045 3413 4116 (Iosue

1836 4172 1984 4219 xxiv.
2026 4153 2133 4222 t7).
2183 4151 2315 4206 Nam
2360 4159 2415 4206 et
2463 4150 2606 4219 ipsos
2654 4145 2839 4202 fideles
2883 4136 3412 4216 pluspcreseezpla

1838 4264 1998 4321 qttam
2030 4262 2125 4318 per
2162 4244 2327 4300 verba
2358 4242 2619 4313 prolicere
2665 4246 2872 4295 certum
2920 4244 3038 4303 est,
3087 4245 3141 4290 ct
3188 4244 3417 4304 utraque

1838 4341 1941 4398 sibi
1989 4338 2296 4395 necessario
2324 4333 2686 4404 coniungitur,
2734 4338 2794 4386 ut
2830 4326 2973 4401 quod
3000 4326 3269 4398 loquendo
3296 4322 3419 4395 quis

1837 4432 2094 4505 praedicat
2122 4429 2366 4485 faciendo
2403 4425 2709 4484 confirmet.

108 4516 246 4617 11".“
283 4511 506 4617 Ψᾞξβθι
539 4512 691 4617 sicui.
716 4509 1102 4617 “dem-dm?"
1132 4509 1401 4612 l’ef'hibeii
1431 4509 1539 4617 mle
1565 4508 1737 4617 εθοτξ·
1763 4555 1817 4617 D
1911 4521 2071 4577 XVII.
2112 4520 2265 4592 Apud
2312 4534 2407 4576 eos
2450 4527 2627 4573 autem
2672 4515 2764 4588 qui
2811 4514 2977 4571 verba
3019 4508 3420 4584 przedicationis

110 4606 330 4663 ﬁcium
372 4602 485 4658 Deo
509 4610 614 4668 est,
648 4602 788 4657 sicut
819 4608 902 4657 est
931 4600 1079 4657 zelus
1121 4600 1442 4655 animarum.
1475 4598 1588 4654 Hoc
1621 4598 1738 4655 zelo

109 4697 265 4771 quia
330 4693 562 4750 Phinees
593 4710 759 4749 unum
816 4693 1117 4748 adulterum
1169 4693 1399 4765 pugione
1431 4691 1737 4761 transfixit,

113 4796 279 4848 iram
315 4788 413 4843 Dei
448 4787 695 4859 protinus
747 4786 815 4842 ab
861 4787 1006 4842 omni
1050 4785 1247 4857 populo
1294 4787 1541 4841 removit.
1584 4784 1740 4841 Ilunc

111 4883 265 4956 quia
308 4879 430 4936 Iieli
460 4896 567 4936 non
613 4881 825 4946 habuit,
863 4880 1079 4936 tandem
1125 4881 1263 4936 iram
1306 4882 1397 4937 Dei
1446 4890 1637 4939 contra
1683 4895 1742 4938 se

115 4972 663 5044 incxstinguibiliter
702 4973 968 5029 accendit.
1000 4972 1071 5029 Ut
1101 4984 1281 5028 autem
1310 4974 1362 5029 in
1390 4974 1492 5031 hac
1513 4973 1740 5032 diﬂieul-

118 5082 250 5128 tate
281 5067 565 5134 audiendi,
596 5085 701 5142 qtta
725 5069 977 5123 doctores
1005 5077 1446 5134 contemnuntur,
1485 5070 1627 5127 Deus
1648 5085 1742 5126 eos

113 5162 545 5226 consolaretur,
590 5178 714 5219 eum
759 5160 1097 5216 Ezechielem
1147 5162 1463 5233 prophetam
1504 5163 1570 5217 ad
1605 5163 1743 5218 filios

116 5254 313 5315 Israel
345 5252 605 5319 mitteret,
638 5251 876 5309 sermoni
917 5266 1014 5306 suo
1054 5250 1368 5320 frequenter
1402 5252 1697 5323 interponit
1725 5266 1742 5306 :

125 5349 191 5372 σε
243 5347 390 5372 1--.-
421 5344 593 5372 ...ηιξ-ι
647 5354 693 5372 ..ι
774 5343 816 5372 ..ε
865 5345 995 5372 Ιηκο.
1022 5342 1281 5372 "ubam-us
1316 5341 1509 5372 [ι’..ηι
1564 5360 1601 5372 η
1665 5342 1720 5372 ’Λ

1842 4624 2113 4685 utcunque
2155 4612 2434 4684 patiuntur
2481 4609 2689 4674 audire,
2721 4606 2852 4662 illud
2889 4599 3421 4671 commemorandum

1840 4714 1921 4761 est
1949 4704 2092 4774 quod
2124 4704 2264 4758 Deus
2306 4701 2370 4755 ad
2408 4700 2727 4771 prephetam
2758 4694 2889 4753 dicit
2921 4713 2935 4750 :
2969 4692 3028 4750 Si
3064 4693 3279 4765 judicas
3312 4705 3422 4753 eos,

1842 4797 1920 4869 ﬁli
1972 4797 2220 4861 hominis,
2250 4797 2295 4850 si
2326 4794 2540 4864 judieas
2570 4810 2679 4858 eos,
2713 4790 3015 4861 iniquitates
3046 4796 3254 4858 patrum
3295 4797 3422 4836 stto—

1845 4908 1959 4946 runt
2006 4888 2216 4945 ostende
2259 4887 2332 4942 eis
2379 4885 2597 4957 (Ezech.
2646 4900 2744 4949 xx,
2790 4881 2867 4952 4).
2913 4879 2983 4935 Et
3026 4879 3218 4934 iterum
3267 4891 3280 4926 :
3318 4869 3425 4925 Fili

1843 4981 2103 5046 hominis,
2149 4979 2217 5034 ad
2258 4987 2431 5049 gentes
2480 4976 2824 5049 apostatrices
2870 4972 3019 5026 mitto
3063 4979 3140 5034 te,
3178 4964 3246 5021 ad
3288 4962 3428 5032 ﬁlios

1846 5070 2059 5137 Israel;
2089 5081 2261 5142 patres
2290 5085 2466 5125 eorum
2490 5065 2819 5139 prwcaricati
2856 5071 2976 5118 sunt
3006 5069 3215 5131 pactum
3258 5066 3431 5107 meum

1849 5159 2067 5232 (Ezech.
2091 5141 2158 5228 ιι,
2186 5161 2265 5232 3),
2292 5169 2422 5223 etc.,
2448 5173 2734 5232 quousque
2762 5154 3037 5226 subiungit
3066 5170 3079 5207 :
3109 5150 3169 5205 Si
3190 5148 3323 5219 forte
3355 5141 3435 5197 rel

1846 5249 1945 5321 ipsi
1977 5252 2199 5305 audiant
2245 5249 2342 5303 hoc
2391 5246 2582 5319 (Ibid.,
2606 5251 2685 5321 ὅ).
2739 5244 2883 5301 Sane
2923 5242 3063 5315 quod
3095 5256 3188 5297 cos
3216 5242 3435 5306 aposta-

1926 5357 2014 5372 nnn
2054 5342 2279 5370 -.ιο-ΑῘΙΑΟ
2316 5339 2417 5367 2112..
2449 5344 2684 5366 ω-μ9μ-
2724 5339 2965 5362 --.ι-..-ξι
3004 5339 3087 5358 ---ξ
3117 5347 3215 5358 υ-..
3249 5340 3433 5356 ...μιαί
