3934 5400
1055 254 1549 321 COLLATIONUM
1588 261 1769 318 LIBRI
1800 260 1999 317 TRES.
2028 293 2095 303 —
2130 259 2257 317 LIB.
2299 260 2383 317 lll.

3253 224 3271 242 ’
3305 262 3408 321 606

138 381 306 436 vicini
344 385 660 436 accurrunt.
702 374 795 430 ille
829 370 1098 446 collapsus
1128 376 1183 430 in
1225 384 1424 431 terram
1466 376 1722 432 verberas
1753 376 1802 438 Α
1831 377 1953 446 quis
1987 391 2116 447 ergo
2146 392 2251 430 non
2287 374 2401 430 vult
2440 376 2558 443 uri,
2595 376 2932 433 exsilientem
2973 366 3260 449 igniculum
3300 396 3407 435 non

137 475 328 537 batur,
355 471 582 541 proinde
612 466 913 524 vociferans
936 468 1151 523 dicebat
1177 468 1307 537 quid
1333 468 1575 533 videret,
1597 466 1729 537 quid

139 563 396 617 sentiret.
422 560 558 617 Cum
582 561 686 616 hoc
713 560 803 617 diu
832 559 1016 625 ﬂeret,
1039 569 1096 614 et
1124 560 1425 630 phantasia:
1444 559 1728 615 discessis-

137 661 301 718 sent,
339 651 396 707 bi
424 651 516 720 qui
553 650 689 705 foris
739 659 895 705 erant
959 649 1321 705 discedentem
1358 649 1569 705 turbam
1606 666 1728 704 mu-

134 743 339 798 lierum
383 757 484 813 per
528 741 962 811 pontem-egredi
1003 747 1441 812 conspexerunt;
1482 740 1570 795 ille
1606 750 1731 810 post

138 832 428 902 paululum
461 831 615 887 obiit.
674 830 787 886 Hoc
824 831 961 885 abba
993 829 1308 885 Gorlantius
1346 827 1531 885 refert.
1569 827 1728 895 Quis-

136 926 275 996 quis
293 940 429 997 ergo
457 924 745 981 dulcedine
769 924 1075 979 meretricis
1110 932 1169 979 et
1200 923 1449 994 amplexu
1487 923 1727 981 delecta-

137 1029 253 1083 tur,
286 1015 453 1087 huius
484 1016 904 1073 amaritudinem
942 1014 1199 1073 absinthii
1231 1014 1415 1070 animo
1442 1019 1728 1084 proponat.

210 1108 339 1165 XX.
382 1108 687 1165 Heduensis
720 1108 952 1164 cmnobii
991 1108 1316 1178 praepositus
1349 1122 1735 1179 quamcunque

133 1202 495 1259 occasionem
548 1201 786 1271 reperire
839 1210 1078 1271 poterat,
1144 1201 1401 1256 carnibus
1458 1202 1735 1255 inhianler

133 1294 493 1349 vescebatur.
539 1292 694 1359 Quod
748 1292 961 1347 scilicet
1007 1291 1198 1346 vitium
1248 1308 1371 1347 cum
1422 1291 1733 1346 nullatenus

132 1385 352 1440 fratres
386 1384 680 1440 emendare
712 1394 965 1455 possent,
1025 1385 1141 1454 ipse
1182 1400 1303 1439 cum
1340 1387 1576 1453 quadam
1613 1383 1734 1438 vice

133 1490 345 1530 carnes
393 1474 677 1530 comedere
726 1474 916 1538 vellet,
967 1473 1100 1537 oll‘a,
1136 1491 1241 1545 qua
1275 1490 1338 1529 os
1371 1475 1725 1544 impleverat,

133 1567 526 1639 strangulatus
548 1568 704 1623 obiit.
737 1566 887 1621 Alius
907 1581 1123 1636 quoque
1146 1566 1213 1621 de
1235 1566 1482 1621 cwuobio
1508 1565 1737 1620 Durensi

1830 469 1971 524 sinat
2009 482 2173 538 super
2212 475 2391 522 cutem
2432 482 2607 535 suam,
2648 467 2773 523 licet
2797 466 3092 540 paululum,
3120 470 3405 526 remorari.

1830 559 1942 614 Nec
1972 560 2409 630 praetereundum
2451 570 2563 624 est,
2611 561 2753 630 quod
2796 561 2851 615 in
2893 561 3118 631 praedito
3159 562 3409 618 coenobio

1830 653 2042 708 cuidam
2078 653 2267 722 puellm
2309 652 2559 707 morienti
2601 653 2867 725 malignus
2911 655 3083 710 hostis
3126 658 3407 727 apparuit,

1830 761 1950 817 qua:
1981 746 2339 801 vehementer
2380 744 2782 812 iutrcmiscens,
2835 750 3118 805 recordata
3147 758 3230 806 est
3267 751 3410 821 quod

1833 852 1991 892 unam
2024 836 2232 891 aculam
2267 837 2383 891 sine
2423 835 2641 891 licentia
2671 837 2927 904 haberet,
2960 854 3118 908 quam
3151 839 3217 895 de
3257 840 3421 908 loco,

1832 928 1921 983 ubi
1953 928 2091 982 hanc
2118 940 2239 983 esse
2265 912 2431 991 dixit,
2465 940 2679 982 sorores
2709 928 3049 994 detulerunt,
3080 929 3172 984 sed
3205 926 3423 985 darmon'

1832 1034 1938 1073 non
1991 1019 2235 1074 recessit.
2276 1017 2373 1073 Illa
2419 1034 2551 1073 vero
2592 1018 2797 1089 aliquid
2837 1021 3117 1091 proprium
3150 1038 3207 1077 se
3239 1022 3423 1080 adhuc

1832 1111 2029 1167 habere
2058 1126 2389 1184 cognoscens
2410 1125 2509 1180 pro
2532 1126 2639 1180 quo
2664 1111 2933 1182 malignus
2960 1114 3131 1169 hostis
3163 1110 3414 1181 instaret,

1834 1205 2046 1258 tandem
2107 1205 2408 1258 recordata.
2466 1203 2636 1266 Tum,
2701 1204 2810 1269 ait,
2863 1205 3012 1259 ﬁlum
3064 1207 3300 1261 sericum
3349 1206 3417 1262 ad
3468 1211 3472 1214 ’

1833 1294 2095 1362 spondam
2119 1294 2309 1357 habeo,
2341 1307 2449 1363 quo
2478 1290 2568 1346 vix
2604 1303 2818 1362 reperto
2845 1304 2900 1350 et
2932 1295 3113 1361 allato,
3149 1310 3274 1351 mox
3305 1295 3420 1352 dia-

1833 1386 1987 1441 bolus
2019 1387 2279 1448 recessit,
2312 1396 2365 1441 et
2405 1388 2581 1458 puella
2625 1391 2777 1459 quasi
2821 1388 3110 1444 subridens
3141 1388 3415 1461 migravit.

1813 1474 1938 1534 .lsta
1975 1476 2201 1531 forsitan
2238 1492 2401 1547 parva
2442 1487 2498 1532 et
2528 1478 2746 1548 indigna
2781 1478 2949 1533 relatu
2985 1479 3415 1549 iudicabuntur;

1835 1570 1929 1623 sed
1958 1569 2001 1622 si
2035 1569 2206 1633 Deus,
2260 1570 2349 1638 qui
2376 1609 2390 1634 ,
2438 1578 2495 1623 ut
2541 1570 2740 1626 dictmn
2782 1580 2896 1634 est,
2949 1570 3081 1626 facit
3123 1586 3315 1641 magna
3365 1576 3422 1625 et

135 1673 476 1730 progressus
521 1659 587 1713 ad
634 1658 926 1729 quamdam
958 1656 1171 1721 villam,
1207 1658 1364 1727 petiit
1410 1657 1479 1711 ab
1526 1657 1736 1727 hospite
1838 1660 2250 1725 inscrumbilia,
2285 1662 2387 1715 ista
2436 1669 2622 1717 nostro
2667 1670 2908 1731 tempore
2949 1662 3129 1718 facere
3169 1656 3439 1735 dignatus'

129 1766 243 1807 suo
284 1767 504 1807 cantes.
549 1750 682 1806 Cum
722 1751 810 1805 ille
846 1751 1258 1821 respondisset:
1300 1751 1437 1805 Ecce
1481 1751 1592 1821 iam
1643 1766 1736 1805 co-
1764 1740 1810 1801 B
1838 1760 1921 1804 est
1945 1789 1961 1816 ,
1992 1767 2155 1820 quam
2187 1752 2688 1822 magnipendimus,
2721 1753 2847 1823 quia
2892 1768 2989 1809 nec
3036 1753 3232 1810 talibus
3272 1752 3419 1823 digni

130 1852 425 1912 qnuntur;
456 1842 738 1907 Aecelera,
766 1842 974 1910 inquit,
1006 1841 1059 1895 in
1090 1841 1232 1912 spite
1263 1841 1466 1910 aliquid
1498 1857 1735 1911 coquere

127 1933 329 1990 citius.
351 1932 534 1989 Atille
558 1933 785 2004 parabat
810 1948 1003 1988 carnes
1028 1932 1080 1986 in
1106 1932 1248 2002 spito
1266 1973 1279 1998 ,
1313 1934 1406 1987 sed
1437 1933 1735 1986 monachus

126 2032 385 2079 aestuans
409 2033 617 2095 partem
645 2023 711 2079 de
737 2024 877 2091 spito
902 2022 1175 2093 prtecidit,
1202 2031 1254 2076 et
1279 2037 1444 2091 super
1471 2024 1737 2077 carbones

124 2116 375 2186 iactavit
405 2135 418 2171 :
451 2133 616 2188 quam
644 2116 901 2171 videlicet
934 2115 1192 2171 torridam
1226 2113 1500 2171 cineribus
1535 2128 1731 2169 excus—

130 2211 218 2266 sit
239 2250 257 2276 ,
286 2219 350 2265 et
374 2211 457 2266 ori
489 2210 749 2278 ingessit,
773 2209 865 2264 sed
906 2224 1028 2262 mox
1069 2223 1192 2264 cum
1232 2207 1484 2278 praesenti
1527 2208 1732 2261 voraci.

129 2311 256 2357 tate
282 2301 453 2357 vitam
476 2301 669 2356 ﬁnivit.
694 2301 921 2369 Quidam
946 2301 1013 2356 de
1033 2300 1382 2355 Cormarrino
1410 2301 1546 2371 (70),
1574 2314 1735 2370 quem

131 2406 248 2462 ego
278 2400 337 2446 et
367 2391 621 2446 levitates
645 2390 763 2460 eius
786 2390 902 2460 ipse
928 2405 1223 2455 noveram,
1259 2406 1381 2445 cum
1422 2389 1735 2445 laetissimus

129 2501 271 2541 sero
297 2499 360 2539 se
386 2483 631 2539 cubitum
653 2483 973 2541 collocasset
990 2525 1004 2547 ,
1029 2492 1273 2553 tempore
1295 2483 1547 2538 nocturni
1570 2481 1737 2538 ofticii

127 2572 440 2628 defunctus
488 2582 737 2641 repertus
782 2581 883 2633 est.
929 2572 1081 2639 Quod
1134 2582 1190 2627 et
1241 2573 1421 2628 abbati
1473 2572 1737 2627 lammoni

129 2665 448 2736 contigisse
495 2665 576 2719 vel
626 2665 727 2734 ipsi
778 2680 877 2720 vos
923 2664 1095 2719 scitis.
1139 2662 1246 2719 Sed
1272 2674 1328 2719 et
1350 2664 1490 2719 alius
1514 2663 1734 2735 quidem

127 2754 328 2810 sancti
354 2752 569 2808 Martini
594 2755 892 2809 canonicus
920 2754 1124 2809 domini
1152 2752 1338 2810 Oberti
1371 2752 1696 2809 archiclavis
1717 2791 1734 2820 ,

133 2844 499 2900 camerarius
525 2844 772 2909 scilicet,
803 2859 832 2898 a
860 2842 1105 2899 dtemone
1135 2851 1387 2912 arreptus
1414 2842 1596 2899 tandiu
1639 2855 1735 2897 ve-

136 2948 314 2993 xatus
343 2947 428 2992 est
467 2951 749 3008 quousque
777 2936 1024 3007 spiritum
1053 2935 1348 2991 exhalavit.

215 3027 368 3082 XXI.
409 3025 539 3081 Duze
578 3025 1024 3082 sanctimoniales
1049 3026 1115 3081 de
1153 3026 1486 3082 monasterio
1522 3023 1732 3095 puella-

131 3139 305 3188 rum,
349 3122 497 3192 quod
537 3121 692 3191 juxta
732 3130 978 3176 nostrum
1023 3120 1205 3176 Balma
1247 3121 1413 3177 situm
1454 3130 1576 3189 est,
1607 3131 1736 3178 ante
1765 3096 1810 3161 Ο

131 3218 251 3272 hoc
285 3213 586 3269 triennium
624 3213 692 3268 ad
728 3213 1041 3268 stecularem
1075 3213 1242 3268 vitam
1285 3224 1545 3286 regressae
1586 3223 1736 3271 sunt.

129 3308 396 3375 Quarum
439 3303 626 3373 iunior
676 3304 1074 3360 intumescente
1125 3303 1351 3360 brachio
1399 3304 1567 3360 vitam
1616 3314 1742 3376 post

128 3396 429 3467 paululum
456 3394 648 3451 iinivit.
681 3394 850 3467 Maior
879 3411 1008 3451 vero
1030 3397 1243 3451 cuidam
1272 3396 1503 3452 scelesto
1527 3411 1587 3453 se
1612 3413 1742 3454 con-

121 3478 363 3556 junxit,
395 3494 450 3541 et
476 3494 691 3557 partum
723 3487 796 3541 ita
828 3496 1232 3543 monstruosum
1265 3489 1477 3560 peperit
1520 3498 1581 3544 ut
1622 3489 1744 3546 lon-

132 3580 271 3654 gius
300 3578 506 3636 collum
537 3580 763 3634 haberet
791 3595 952 3650 quam
981 3580 1053 3636 sit
1080 3595 1185 3635 una
1216 3580 1364 3635 ulna.
1398 3580 1503 3636 Sed
1531 3597 1653 3637 cum
1682 3595 1745 3638 se

131 3671 356 3725 iterum
397 3669 801 3739 prostituisset,
853 3671 1103 3740 concepit
1144 3670 1396 3740 quidem,
1446 3673 1539 3727 sed
1583 3671 1746 3729 edere

130 3770 371 3833 partum
403 3776 509 3815 non
542 3761 714 3831 potuit
742 3776 1025 3832 quousque
1053 3762 1267 3832 dirupto
1298 3772 1484 3820 ventre
1512 3764 1744 3819 interiit.

130 3852 401 3908 Fuerant
443 3852 589 3907 enim
636 3868 807 3923 usque
836 3855 904 3910 ad
946 3862 1157 3925 tempus
1189 3855 1319 3911 illud
1349 3872 1457 3928 quo
1496 3857 1748 3915 exierant

132 3947 292 4002 bene
342 3954 697 4000 conversam.
737 3944 821 4001 Ad
863 3947 969 4002 hoc
1009 3955 1191 4003 autem
1235 3949 1420 4019 egredi
1465 3951 1748 4019 permissae

133 4046 281 4092 sunt
301 4076 319 4102 ,
349 4043 414 4091 ut
442 4036 511 4089 de
542 4035 704 4091 rebus
732 4044 1052 4105 parentum,
1083 4037 1175 4107 qui
1205 4036 1347 4093 forte
1384 4054 1557 4110 nuper
1592 4039 1746 4097 obie—

137 4139 312 4193 rant,
343 4128 551 4200 aliquid
581 4131 912 4185 monasterio
954 4141 1316 4203 reportarent.
1361 4133 1466 4189 Sed
1510 4135 1614 4192 hac
1655 4114 1750 4192 oe-

133 4225 379 4282 casione
409 4222 665 4281 saeculum
695 4234 1075 4297 pergustantes
1098 4226 1281 4282 oblita:
1300 4237 1428 4284 sunt
1453 4229 1641 4284 Deum.
1668 4228 1751 4284 Ex

137 4331 263 4387 quo
297 4322 529 4384 apparet
553 4330 716 4384 quam
748 4315 1052 4386 periculosa
1094 4318 1167 4371 sit
1209 4318 1469 4387 peccandi
1508 4318 1763 4374 licentia.‘

138 4408 315 4477 Quod
341 4416 402 4464 et.
424 4407 635 4478 Alipius
661 4410 872 4465 amicus
903 4409 1080 4465 sancti
1121 4410 1408 4480 Augustini
1449 4409 1601 4481 lapsu
1648 4426 1748 4469 suo

141 4497 396 4567 probat,
439 4497 533 4567 qui
578 4513 701 4553 cum
752 4498 1062 4554 hortaretur
1103 4514 1133 4553 a
1180 4499 1502 4569 quibusdam
1554 4499 1747 4558 amicis

143 4591 442 4645 theatrum
495 4590 684 4657 adire,
732 4591 1033 4648 detestatus
1083 4601 1167 4648 est
1210 4592 1395 4648 videre
1443 4591 1753 4663 huiusmodi

140 4682 338 4737 lusum
392 4691 647 4757 tanquam
697 4682 1004 4755 profanum.
1050 4683 1121 4740 At
1167 4684 1241 4741 illi
1308 4685 1452 4742 hunc
1500 4685 1753 4742 manibus

145 4775 479 4831 trahebant.
508 4774 603 4831 Ille
632 4776 893 4833 claudens
918 4777 1137 4845 oculos,
1168 4795 1271 4835 nec
1307 4778 1754 4838 contrahentibus

146 4865 328 4920 reniti
357 4865 569 4934 valens,
592 4867 816 4937 iurabat
842 4885 949 4926 non
982 4885 1040 4927 se
1066 4871 1138 4926 ibi
1168 4872 1459 4943 quidquam
1485 4872 1751 4928 visurum.

151 4955 274 5012 Sed
306 4972 435 5013 cum
465 4959 642 5016 subito
672 4959 974 5017 cachinnus
1014 4963 1067 5017 in
1115 4963 1326 5018 theatro
1363 4965 1755 5036 increpuisset,

153 5049 372 5108 oblitus
411 5059 530 5119 est,
570 5062 626 5110 et
665 5052 859 5109 oculos
904 5056 1134 5123 aperuit.
1180 5054 1315 5111 Cum
1359 5055 1503 5113 illico
1540 5058 1613 5113 ita
1657 5069 1757 5123 cor

161 5142 286 5212 eius
316 5142 553 5201 illectum
591 5154 708 5212 est,
754 5152 816 5200 ut
855 5145 943 5199 vix
983 5156 1104 5218 post
1148 5145 1373 5203 multum
1425 5157 1637 5221 tempus
1686 5146 1756 5202 ab

163 5233 479 5304 huiusmodi
507 5237 629 5295 ludo
656 5245 846 5310 posset
872 5237 941 5293 ab
963 5237 1266 5311 Augustino
1291 5242 1570 5297 remorari.
1594 5238 1759 5309 Quis-

246 5389 353 5400 Δ-ΑΑ
406 5391 439 5400 -
486 5394 499 5400 ι
523 5395 533 5400 -
673 5397 682 5400 -
747 5393 783 5400 .-
999 5393 1011 5400 .
1138 5393 1169 5400 Α

1841 1841 2120 1898 fueramus
2141 1844 2164 1896 ?

1912 1934 2073 1988 XXII.
2110 1935 2166 1990 Si
2218 1938 2428 1991 somnio
2462 1938 2594 1993 ﬁdes
2641 1938 2947 1993 adhibenda
2990 1947 3108 2003 est,
3155 1937 3421 1993 visionem

1840 2042 1998 2094 quam
2049 2025 2226 2081 Guido
2268 2028 2565 2082 monachus
2607 2028 2672 2083 de
2732 2027 3076 2084 Solcmniaco
3122 2028 3257 2084 vidit
3314 2044 3423 2085 non

1839 2118 1981 2189 piget
2030 2120 2253 2173 referre.
2284 2118 2529 2190 Namque
2568 2119 2855 2176 videbatur
2896 2121 2968 2176 illi
3013 2123 3155 2191 quod
3201 2121 3423 2178 Ganzli-

1841 2228 1967 2265 num
1989 2254 2001 2276 ,
2033 2214 2124 2282 qui
2155 2212 2315 2283 paulo
2345 2221 2469 2266 ante
2498 2215 2826 2282 migraverat
2858 2214 2910 2269 in
2945 2214 3194 2278 ecclesia,
3225 2224 3279 2270 et
3309 2215 3427 2271 bla-

1840 2305 1995 2359 vinea
2026 2304 2234 2359 cuculla
2266 2305 2494 2362 vestitus
2518 2306 2572 2360 in
2602 2305 2806 2363 feretro
2836 2308 3264 2373 custodiebatur,
3297 2318 3425 2366 ante

1839 2396 2128 2466 quemdam
2172 2396 2418 2452 abbatem
2468 2398 2773 2451 veneranda
2834 2398 3036 2453 canitie
3091 2398 3451 2468 prostratum~

1840 2489 2178 2559 conspiceret
2206 2490 2417 2544 veniam
2448 2488 2812 2559 postulantem
2839 2507 2854 2556 ;
2887 2491 2980 2543 sed
3012 2489 3301 2559 przedictus
3328 2489 3443 2545 ab-'

1839 2580 1937 2636 bas
1966 2582 2358 2651 dedignabatur
2380 2590 2600 2651 propter
2649 2582 2951 2637 blavineam
2991 2582 3252 2637 cucullam
3274 2624 3288 2649 ,
3317 2574 3424 2652 qua
3467 2585 3476 2592 '

1840 2671 2062 2727 indutus
2109 2683 2264 2738 erat,
2306 2674 2524 2739 dicens,
2565 2675 2692 2743 quia
2733 2690 2840 2729 non
2881 2685 3234 2746 cognosceret
3260 2689 3447 2743 eum,"

1840 2778 1940 2818 nec
1985 2763 2201 2818 veniam
2234 2764 2307 2817 illi
2337 2773 2488 2819 esset
2516 2765 2745 2821 daturus
2764 2807 2779 2831 ,
2809 2781 3093 2837 quousque
3123 2766 3424 2837 regularem

1840 2862 2045 2910 vestem
2091 2855 2385 2924 acciperet.
2431 2853 2583 2911 Tunc
2626 2872 2758 2913 vero
2798 2859 3089 2928 praedictus
3129 2858 3427 2914 Ganzlinus

1841 2949 2112 3013 surrexit,
2142 2956 2198 3002 et
2227 2948 2295 3002 ad
2322 2948 2570 3003 eumdem
2598 2948 2900 3004 Guidonem
2932 2960 3169 3007 tremens
3196 2959 3251 3005 et
3275 2949 3430 3005 valde

1841 3041 2100 3098 confusus
2129 3039 2390 3096 cucurrit.
2434 3039 2543 3097 Nec
2573 3052 2672 3098 nos
2714 3042 3092 3098 discredimus.
3137 3041 3270 3096 Nam
3314 3042 3429 3112 ipse

1845 3133 2140 3190 Ganzlinus
2177 3149 2301 3189 cum
2357 3133 2615 3190 fratribus
2655 3134 2805 3189 cellae
2842 3134 3091 3190 Dolensis
3130 3146 3300 3205 nuper
3347 3133 3431 3190 fu-

1843 3243 1983 3297 erat,
2015 3248 2044 3286 a
2084 3231 2283 3302 quibus
2314 3246 2377 3285 ea
2405 3231 2681 3285 voluntate
2716 3231 2908 3298 rediit,
2940 3239 2998 3285 ut
3023 3240 3224 3286 vestem
3254 3229 3429 3301 proti-

1845 3340 1948 3379 nus
1994 3330 2261 3387 mutaret,
2315 3322 2560 3390 nihilque
2608 3321 2888 3390 proprium
2937 3320 3134 3375 exinde
3182 3318 3427 3375 haberet.

1845 3414 2189 3471 Credendum
2217 3421 2302 3468 est
2331 3413 2515 3483 igitur,
2560 3413 2685 3481 quia
2730 3412 2902 3477 Deus,
2932 3412 3022 3482 qui
3052 3410 3264 3481 iudicat
3296 3410 3431 3466 ﬁnes

1849 3515 2009 3562 terra:
2029 3546 2044 3571 ,
2085 3505 2138 3560 id
2167 3513 2255 3560 est
2281 3504 2470 3559 ultima
2501 3503 2735 3558 hominis
2762 3518 2925 3573 opera
2947 3544 2961 3567 ,
2996 3504 3138 3557 hunc
3166 3518 3264 3573 pro
3289 3503 3432 3558 bona

1847 3595 2125 3650 voluntate
2173 3595 2228 3649 in
2255 3608 2360 3662 qua
2387 3593 2555 3658 obiit,
2588 3593 2655 3646 ad
2685 3592 3073 3663 indulgentiam
3104 3592 3465 3662 recepisset,,

1853 3684 2052 3753 talique
2092 3682 2290 3737 indicio
2327 3682 2394 3736 ad
2441 3681 2779 3736 incitandum
2826 3680 2964 3736 alios
2990 3690 3302 3737 monstrare
3330 3697 3427 3736 vo-

1849 3776 2060 3832 luisset.
2103 3775 2212 3830 lsta
2254 3790 2387 3830 vero
2424 3775 2577 3846 signa
2620 3773 2685 3830 de
2729 3775 2979 3844 proximo
3020 3774 3338 3840 retulimus,
3371 3783 3465 3829 ut‘

1850 3869 1942 3939 qui
1994 3867 2174 3937 prisca
2228 3882 2335 3921 non
2383 3865 2706 3931 formidant,
2751 3865 2835 3921 vel
2883 3866 3122 3921 recentia
3167 3865 3428 3935 pertime-

1852 3967 2025 4017 scant.
2068 3956 2201 4012 Nam
2244 3956 2324 4012 illi
2367 3971 2636 4026 quosper
2664 3970 2888 4010 carnem
2930 3954 3332 4026 strangulatos,
3378 3964 3435 4011 et

1853 4049 1909 4106 hi
1951 4064 2088 4119 quos
2118 4063 2215 4118 per
2240 4047 2509 4102 luxuriam
2538 4046 2767 4101 daemoni
2813 4046 3041 4102 traditos
3070 4047 3337 4111 diximus,
3363 4046 3435 4103 ob

1854 4143 1957 4197 hoc
1983 4142 2035 4195 in
2064 4140 2316 4210 praesenti
2342 4138 2515 4210 puniti
2543 4147 2692 4205 sunt,
2719 4147 2777 4193 ut
2800 4139 2891 4209 qui
2921 4153 3135 4209 pmnam
3157 4179 3170 4204 ,
3197 4153 3318 4209 quae
3342 4152 3437 4196 eos

1855 4238 2130 4308 sequitur,
2160 4235 2510 4292 considerare
2538 4235 2849 4305 neglig-unt,
2882 4235 2967 4308 vel
2992 4236 3061 4290 de
3095 4249 3158 4290 ea
3181 4249 3286 4305 qua
3313 4248 3438 4306 per-

1855 4344 1885 4385 e
1908 4302 2021 4400 ι’ῃιί
2049 4338 2175 4383 sunt
2226 4302 2862 4399 compunganturaNam
2889 4302 3013 4397 qbis
3056 4302 3262 4397 absque
3287 4302 3438 4383 metu

1860 4422 2043 4477 audiat
2072 4419 2214 4491 quod
2244 4419 2455 4475 daemon
2486 4435 2587 4490 per
2619 4435 2781 4474 unam
2811 4434 2968 4474 acum
3001 4427 3059 4474 et
3092 4434 3258 4474 unum
3290 4417 3438 4474 filum

1861 4512 2051 4585 puelhe
2077 4512 2289 4567 obitum
2312 4509 2767 4572 calumniabatur,
2802 4508 2905 4563 nisi
2939 4510 3079 4564 forte
3113 4509 3160 4563 is
3184 4509 3271 4562 cui
3316 4523 3443 4578 pro-

1857 4604 2021 4674 pheta
2049 4603 2183 4658 dicit
2206 4620 2219 4656 :
2246 4600 2502 4659 Columba
2530 4601 2765 4665 seducta,
2795 4615 2901 4653 non
2921 4600 3114 4654 habens
3140 4597 3270 4653 cor?
3291 4597 3439 4669 (οδε.
3476 4621 3483 4629 ’

1858 4708 1935 4747 vn
1954 4733 1971 4758 ,
1996 4693 2111 4765 ll.)
2159 4693 2225 4748 Et
2267 4691 2409 4748 unde
2436 4692 2659 4755 dicitur,
2686 4691 2810 4760 quia
2841 4706 2950 4744 non
2980 4692 3310 4752 timuerunt,
3340 4703 3446 4744 nec

1862 4783 2113 4841 homines
2142 4782 2409 4839 fuerunt?
2439 4780 2498 4837 Si
2531 4782 2679 4839 enim
2708 4779 2955 4835 Ananiae
2981 4791 3037 4834 et
3063 4776 3293 4847 Saphira
3323 4791 3449 4845 pro-

1860 4884 1984 4945 pter
2008 4876 2298 4932 avaritiam
2325 4876 2572 4945 percussi
2602 4879 2758 4934 sunt,
2789 4886 2914 4925 cum
2944 4872 3015 4925 ita
3041 4866 3454 4940 persecutiones

1861 4973 1918 5019 et
1945 4965 2250 5023 innumerae
2278 4966 2642 5021 necessitates
2683 4960 2950 5016 novellam
2987 4957 3457 5017 Christianitatem
3492 5004 3493 5009 η

1871 5057 2202 5130 cingebant,
2232 5073 2338 5129 qua
2367 5071 2531 5125 paena
2572 5051 2847 5129 plectendi
2887 5062 3044 5116 sunt,
3087 5050 3177 5120 qui
3221 5047 3361 5103 dicta
3399 5060 3461 5108 et

1866 5152 2122 5222 exempla
2168 5151 2520 5220 antiquorum
2574 5150 2884 5207 noverunt,
2912 5152 2969 5196 et
3010 5142 3208 5210 absque
3250 5140 3469 5210 ingenti-

1866 5242 2199 5300 necessitate
2225 5241 2519 5314 plusquam
2561 5232 2925 5296 constitutum
2969 5241 3055 5288 est
3091 5233 3466 5299 usurpavere!
