3934 5400
566 360 667 423 607

1545 372 1605 432 S.
1641 372 1892 434 ODDNIS
1927 365 2219 434 ABBATIS
2257 372 2757 441 CLUNIACENSIS
2786 383 2829 440 ll

3698 397 3773 454 608

558 482 636 537 De
679 481 914 540 vestitus
957 492 1139 542 autem
1182 487 1449 559 qualitate
1486 489 1571 546 vel
1611 491 1992 549 immutatione
2036 491 2142 562 ipsi
2171 495 2218 556 Α
2249 490 2321 547 ita
2377 493 2739 565 proferantur.
2796 497 2878 553 Ad
2924 513 3020 555 vos
3067 499 3200 557 mibi
3252 514 3429 559 sermo
3470 510 3773 566 convertitur.

562 573 858 631 saeculares
887 586 1077 634 contra
1107 582 1407 638 monachos
1436 582 1811 655 indignantur,
1845 585 1972 654 quia
1999 591 2141 640 se‘mo

558 680 656 735 per
683 664 773 720 illa
805 669 1056 738 superbia
1085 671 1460 729 detestabilior
1484 684 1567 731 est
1588 716 1603 740 ,
1633 691 1752 746 qua:
1779 675 1849 730 ibi
1879 690 1938 731 se
1962 682 2146 731 osten-

554 755 652 820 dit,
680 756 769 812 ubi
791 759 963 829 major
987 761 1266 819 lnnnilitas
1289 780 1518 835 regnare
1538 766 1821 822 debuerat.
1843 766 1935 822 Eis
1958 765 2141 837 igitur,

552 845 728 916 quiin
776 847 1103 908 humilitatis
1152 854 1339 909 habitu
1382 854 1705 925 jactantiam
1755 856 1958 912 coloris
2003 870 2144 926 qua:~

558 947 717 1004 runt,
760 938 889 995 illttd
928 945 1308 1013 propheticum
1350 946 1604 1018 congruit
1638 965 1651 1002 :
1686 945 1864 1003 Frons
1904 946 2142 1002 mulieris

558 1034 847 1088 meretricis
874 1034 1019 1106 facta
1045 1045 1121 1090 est
1152 1038 1248 1091 tibi
1286 1038 1437 1109 (λεν.
1471 1055 1530 1094 ιιι
1554 1080 1568 1105 ,
1596 1040 1630 1095 5
1654 1039 1694 1111 ).
1735 1038 1944 1108 Quibus
1983 1038 2157 1107 nimi:

557 1140 675 1179 rmn
714 1128 884 1183 satius
923 1128 1132 1195 fuerat,
1170 1142 1228 1185 ut
1274 1136 1606 1188 voluntatem
1643 1133 1735 1189 Dei
1769 1134 1940 1206 magis
1977 1148 2143 1205 quam

553 1233 706 1273 suam
739 1218 1036 1287 facientes,
1080 1223 1211 1280 Elia:
1241 1237 1295 1281 et
1324 1224 1554 1282 Joannis
1585 1228 1930 1285 imitarentur
1958 1244 2142 1285 exem-

554 1311 731 1380 plum,
764 1315 944 1383 potius
968 1332 1132 1387 quant
1164 1317 1349 1375 divitis
1372 1359 1389 1384 ,
1421 1321 1510 1391 qui
1553 1338 1793 1393 purpura
1832 1321 2051 1378 indutus
2086 1329 2142 1377 et

554 1402 714 1475 bysso
740 1422 771 1460 a
799 1408 1015 1465 Christo
1043 1413 1407 1485 redarguitur,
1437 1427 1494 1471 et
1523 1415 1750 1473 llerodis
1780 1418 1873 1489 qui
1907 1418 1960 1473 in
1990 1426 2141 1473 veste

551 1493 777 1565 fulgenti
808 1497 877 1552 ab
903 1501 1097 1572 angelo
1126 1502 1323 1574 legitur
1347 1522 1641 1577 percussus
1670 1509 1963 1567 interiisse.

631 1586 817 1643 XXlll.
845 1589 1144 1648 Occasione
1167 1595 1311 1653 illius
1336 1598 1508 1665 verbi,
1530 1616 1638 1670 quo
1662 1600 1803 1657 Deus
1823 1604 1890 1658 ad
1917 1604 2142 1676 prophe-

549 1685 657 1731 tam
688 1678 912 1750 loquens
940 1682 1078 1740 lilios
1114 1684 1279 1741 lsrael
1319 1691 1678 1759 apostalrices
1713 1703 1903 1764 gentes
1940 1706 2097 1751 vocat
2120 1736 2137 1763 ,

545 1777 892 1833 occasionem
918 1781 1271 1852 sumpsimus,
1296 1801 1400 1855 qua
1422 1796 1611 1842 contra
1636 1803 1735 1843 nos
1756 1788 2007 1857 miseros,
2030 1805 2137 1847 non

2246 585 2383 654 Quid
2407 604 2538 662 ergo
2567 592 2804 648 dicetis?
2831 602 3058 664 putasne
3084 596 3381 664 patiemini,
3418 609 3478 652 ιιι
3509 614 3607 654 ιιοιι
3630 618 3757 658 secuti

2243 677 2369 734 dum
2402 696 2711 750 personam,
2743 685 2836 740 sed
2868 685 3136 742 veraciter
3179 702 3336 759 agam
3376 689 3679 746 vobiscum?
3715 695 3775 750 An

2244 770 2476 828 libenter
2503 776 2778 846 accipietis
2811 779 2954 847 quod
2994 778 3080 834 lex
3124 780 3324 836 Christi
3365 783 3672 838 sacerdotali
3706 801 3777 842 vos

2244 862 2460 934 subjicit
2510 868 2761 937 potestati
2808 869 2831 923 ?
2883 870 3038 925 Dedit
3093 872 3237 927 enim
3299 872 3455 929 nobis
3509 882 3778 944 potestatem

2245 954 2415 1012 multo
2454 956 2831 1026 perfectiorem
2870 961 3228 1018 tribunalibus
3270 963 3487 1019 vestris.
3540 966 3642 1021 Aut
3676 982 3780 1021 nuu-

2242 1050 2370 1121 quid
2400 1057 2606 1119 justutn
2632 1061 2739 1119 est,
2762 1062 2822 1108 ut
2850 1070 2880 1110 a
2913 1062 3130 1112 terreno
3168 1055 3411 1112 celestia
3459 1059 3779 1129 superentur?

2241 1154 2370 1213 ergo
2398 1146 2670 1213 patienter
2709 1161 2913 1217 quaeso,
2938 1149 3188 1219 accipite,
3215 1148 3528 1205 libertatem
3570 1159 3779 1206 nostram.

2243 1231 2394 1290 Scito
2418 1243 2490 1300 te,
2524 1237 2771 1308 quisquis
2790 1253 2871 1306 es,
2897 1256 3053 1296 ovem
3077 1240 3256 1313 gregis
3281 1256 3404 1296 esse
3431 1240 3540 1296 mei
3560 1255 3591 1295 δ
3612 1241 3781 1298 Christo

2243 1329 2373 1384 mibi
2399 1346 2609 1387 sunnno
2643 1340 2858 1402 pastore
2880 1346 3314 1400 annumeratam,
3344 1345 3402 1390 et
3431 1352 3462 1389 a
3491 1344 3668 1390 sancto
3689 1334 3780 1404 Spi-

2241 1419 2347 1474 ritu
2378 1421 2769 1491 consignatam.
2817 1423 2966 1478 Scito
3017 1432 3068 1478 te
3111 1424 3253 1479 inter
3291 1439 3449 1480 sacra
3490 1423 3669 1479 altaria
3694 1440 3783 1479 cum

2240 1513 2590 1569 veneratione
2612 1513 2805 1584 subjici
2839 1515 3089 1571 manibus
3117 1518 3442 1573 sacerdotis.
3498 1516 3640 1572 Scito
3656 1517 3784 1572 beata

2241 1602 2489 1659 Trinitati
2515 1605 2717 1661 cultum
2747 1606 3020 1677 iidemque
3044 1607 3259 1663 debere.
3312 1606 3580 1663 Nolumus
3603 1608 3785 1678 inaequa-

2242 1694 2322 1752 les
2359 1696 2579 1767 quidem
2604 1698 2803 1762 .videri,
2849 1707 2907 1754 ut
2951 1699 3192 1768 abjectos
3220 1700 3478 1757 videlicet
3525 1702 3785 1768 doceamus,

2241 1798 2298 1843 et
2322 1798 2516 1845 vcstne
2545 1791 2798 1861 potentia:
2821 1790 3126 1858 credamus,
3169 1803 3264 1849 aut
3299 1809 3428 1865 erga
3476 1792 3594 1848 illos
3624 1802 3675 1849 et
3709 1809 3786 1849 non

546 1870 842 1928 monachos
869 1883 927 1927 ut
956 1874 1094 1931 falso
1137 1879 1507 1946 nominamur,
1536 1882 1629 1936 sed
1659 1883 1962 1939 sarabaitas
1998 1884 2132 1957 (7t),
2164 1867 2214 1929 Β
2241 1897 2370 1951 erga
2399 1898 2498 1939 vos
2532 1893 2749 1939 utamur
2780 1884 3050 1950 libertate,
3083 1901 3244 1956 quam
3281 1885 3441 1941 nobis
3493 1885 3717 1942 Christus
3749 1886 3786 1942 ἱιι

546 1960 600 2016 id
626 1971 706 2017 est
732 1964 998 2032 reuuitas,
1020 1967 1110 2037 qui
1130 1967 1319 2040 jngum
1347 1971 1611 2043 regularis
1635 1974 1933 2045 disciplina:
1956 1978 2139 2033 renui-

544 2067 665 2107 mus
712 2052 817 2110 ista
857 2055 1179 2115 diceremus.
1216 2060 1322 2117 Sed
1364 2064 1492 2134 quid
1523 2064 1614 2120 lict
1638 2082 1759 2122 eum
1778 2067 1891 2138 jam
1916 2083 2015 2125 nec
2041 2085 2139 2141 pa-

544 2143 906 2201 triarcharum
938 2150 1204 2221 exempla,
1248 2169 1350 2209 nec
1402 2158 1786 2229 prophetarum
1833 2160 2092 2231 mysteria
2119 2199 2136 2228 ,

542 2252 643 2292 nec
668 2238 1033 2309 apostolorum
1062 2243 1287 2314 spicula,
1318 2261 1419 2303 nec
1438 2250 1805 2319 quorumlibet
1825 2263 2135 2308 sanctorum

539 2324 759 2383 Patrum
789 2332 975 2398 verba,
1017 2334 1143 2404 quin
1169 2337 1331 2392 etiam
1361 2354 1459 2395 nec
1484 2343 1657 2398 sancti
1690 2343 1963 2416 Evangelii
1993 2346 2135 2401 toni-

539 2426 660 2474 trita
710 2423 888 2479 cordis
935 2428 1106 2482 nostri.
1154 2429 1410 2486 duritiem
1456 2434 1699 2491 emollire
1737 2436 2001 2493 valeant?
2056 2438 2137 2494 lla

535 2512 714 2567 onmis
746 2513 931 2586 religio
962 2516 1016 2572 in
1044 2528 1352 2591 contemptu
1385 2530 1489 2585 est,
1515 2523 1587 2578 ita
1614 2525 1809 2597 cuique
1830 2526 2015 2584 libitus
2042 2529 2136 2584 do-

538 2601 794 2665 minatur.
822 2616 880 2661 ut
906 2608 1034 2664 illud
1057 2611 1325 2680 poeticum
1358 2613 1515 2670 nobis
1536 2618 1830 2674 convenire
1855 2620 2133 2676 videatur:

616 2714 633 2733 ν
659 2697 847 2750 Caetera
873 2709 986 2753 sunt
1009 2715 1162 2767 curae,
1191 2704 1326 2756 Deus
1344 2718 1417 2757 est
1437 2708 1622 2761 oblivio
1642 2710 1790 2762 solus.

534 2787 648 2883 [lue
671 2800 850 2849 tamen
882 2799 1025 2866 quod
1056 2801 1331 2872 propheta:
1360 2812 1480 2872 post
1516 2804 1646 2862 illud
1692 2808 1915 2864 verbum
1969 2827 2131 2883 supe-

532 2878 649 2939 rius
687 2883 892 2941 dictum
941 2887 1085 2946 Deus
1132 2890 1430 2961 subjunxit,
1458 2895 1503 2950 si
1537 2896 1675 2963 forte
1721 2909 1775 2954 et
1808 2901 2002 2956 deinde
2038 2878 2131 2957 'vel

532 2972 631 3043 ipsi
683 2978 924 3046 audiant,
976 2998 1303 3055 magnopere
1355 2989 1687 3057 pensandum
1736 3002 1821 3047 est
1872 3002 2133 3062 quautam

533 3066 640 3121 vim
674 3068 889 3127 habeat.
944 3073 1000 3128 Si
1033 3075 1169 3131 forte
1197 3079 1395 3134 etenim
1423 3082 1781 3138 dubitativum
1815 3086 2131 3142 adverbium

532 3165 617 3213 est
641 3202 655 3223 ,
701 3163 842 3231 quod
882 3164 931 3219 id
969 3164 1218 3222 videlicet
1262 3171 1483 3226 verbum
1517 3172 1612 3228 Dei
1645 3175 1848 3231 idcirco
1892 3179 2130 3234 sermoni

532 3264 632 3304 suo
688 3251 986 3323 interserit,
1036 3267 1095 3313 ut
1136 3276 1337 3330 paucos
1368 3279 1488 3320 eSse
1518 3266 1783 3338 signiticet
1828 3272 1918 3341 qni
1951 3288 2129 3328 corre-

532 3344 774 3413 ptiouem
811 3348 929 3420 ejus
975 3355 1242 3424 recepturi
1293 3368 1439 3413 sunt.
1496 3357 1601 3415 Sed
1653 3370 1706 3416 et
1751 3365 2131 3434 praedicatores

527 3451 657 3492 suos
691 3441 1023 3508 consolatur,
1050 3454 1102 3499 et
1130 3445 1487 3517 exhortatur;
1528 3461 1587 3506 ut
1622 3468 1744 3508 cmn
1782 3456 2132 3514 nterninerint

528 3527 672 3597 quod
699 3528 812 3599 ipse
837 3530 977 3588 Deus
1001 3533 1053 3588 in
1085 3537 1199 3592 suis
1220 3542 1562 3597 sermonibus
1582 3558 1641 3598 se
1666 3549 2123 3604 contemnendum

529 3616 787 3686 insinuet,
814 3631 869 3677 et
901 3633 1077 3681 tamen
1121 3628 1190 3683 ad
1223 3638 1627 3702 contemptores
1668 3650 1796 3693 suos
1822 3637 1967 3709 loqui
2018 3656 2125 3695 non

460 3704 468 3716 '
528 3719 729 3787 cessat,
762 3727 868 3769 non
906 3717 1298 3776 contristentur
1335 3722 1494 3777 iidem
1537 3727 1711 3782 sancti
1744 3704 2128 3799 praedicatores

526 3799 654 3859 dum
684 3816 1127 3879 contemnuntur,
1152 3815 1246 3870 sed
1284 3831 1384 3872 nec
1425 3818 1648 3874 omnino
1691 3836 1720 3875 a
1768 3824 2128 3893 correptionis

526 3894 701 3951 cilicio
727 3899 994 3960 ullatenus
1015 3917 1250 3964 cessent.
1311 3908 1445 3966 Nam
1476 3924 1531 3968 et
1561 3914 1664 3969 hoc
1682 3916 1826 3986 quod
1861 3919 2010 3974 addit
2038 3921 2123 3976 vel

525 3987 665 4059 ipse,-
705 4010 959 4066 maguutn
1006 4001 1217 4069 pondus
1259 4003 1443 4068 habet,
1487 4008 1673 4078 eisque
1714 4010 1970 4067 nimirum
1998 4029 2124 4070 con-

524 4085 669 4154 gruit
694 4088 786 4158 qui
817 4092 1243 4159 pnedeccssores
1278 4112 1404 4154 suos
1453 4101 1696 4157 recolunt
1743 4104 1962 4173 punitos
1988 4123 2000 4160 :
2028 4108 2124 4178 qui

527 4184 705 4234 tamen
734 4195 829 4237 eos
852 4182 1055 4241 imitari
1085 4204 1189 4245 non
1219 4189 1492 4256 desinunt,
1527 4203 1579 4248 et
1604 4196 1867 4268 evestigio
1894 4199 2120 4256 tribula-

526 4266 701 4326 tiones
730 4271 873 4330 sicut
901 4275 1001 4346 ipsi
1042 4280 1343 4349 patiuntur,
1385 4283 1471 4338 vel
1518 4284 1641 4355 ipsi,
1703 4266 1896 4358 inquit,
1939 4290 1992 4345 id
2035 4300 2122 4347 est

522 4360 615 4431 qui
669 4365 1125 4449 praedecessorum
1172 4388 1393 4429 suorum
1449 4377 1755 4448 exemplum
1810 4379 1864 4435 in
1911 4382 2126 4449 adjuto-

521 4453 664 4509 rium
706 4448 1071 4531 correptionis
1101 4464 1300 4522 habere
1346 4478 1615 4540 poterant,
1671 4474 1763 4543 qui
1810 4483 1866 4529 et
1914 4474 2116 4543 aﬂlicti,

2242 1970 2481 2028 Ecclesia
2535 1974 2976 2046 dedit:alioquin
3016 1976 3126 2031 illis
3164 1976 3343 2047 potius
3393 1977 3687 2045 consulere,
3721 1991 3787 2033 vos

2241 2079 2371 2120 vero
2427 2066 2705 2137 deSpiccre
2760 2083 2824 2123 ac
2870 2067 3140 2139 negligere
3193 2068 3530 2126 videremur.
3601 2069 3786 2138 Quorum

2241 2157 2423 2229 itaque
2452 2159 2709 2229 majorem
2747 2176 2934 2216 curam
2977 2162 3177 2225 habere
3215 2161 3441 2234 dignum
3494 2166 3615 2220 est?
3659 2171 3785 2230 tanta,

2241 2250 2460 2322 inquam
2488 2293 2503 2318 ,
2557 2254 2857 2325 majorem,
2920 2264 3123 2324 quanto
3180 2256 3246 2311 ad
3304 2256 3601 2312 multorum
3647 2257 3787 2327 ρειιιίο

2239 2346 2378 2402 ciem
2429 2348 2679 2418 pertinet,
2730 2348 2774 2404 si
2819 2349 2948 2419 quid
2999 2365 3029 2403 a
3066 2350 3218 2405 vobis
3264 2358 3508 2417 erratur,
3551 2358 3605 2405 ct
3646 2363 3787 2404 rursus

2241 2438 2533 2493 multorum
2574 2440 2732 2495 saluti
2777 2442 3100 2508 consulitur,
3132 2442 3183 2496 in
3213 2443 3412 2513 quibus
3451 2441 3703 2513 justitiam
3738 2451 3788 2496 tc-

2239 2531 2466 2588 nueritis
2513 2541 2569 2587 et
2609 2530 2975 2587 clementiam.
3027 2531 3106 2587 Tu
3135 2574 3149 2599 ,
3210 2549 3244 2588 ο
3294 2534 3486 2600 Ιιοιιιο,
3552 2536 3656 2605 qui,
3698 2533 3789 2589 licet

2240 2622 2363 2677 aliis
2391 2622 2647 2693 prtelatus
2666 2623 2764 2690 sis,
2796 2624 3020 2694 mqualis
3049 2634 3226 2680 tamen
3257 2635 3456 2681 natura
3492 2625 3585 2680 tibi
3610 2635 3786 2680 estcun

2238 2713 2383 2781 illis;
2412 2724 2686 2770 memento
2734 2716 2897 2787 igitur
2933 2726 3191 2787 quantum
3216 2717 3330 2773 Deo
3366 2718 3589 2774 debitor
3617 2718 3702 2783 sis,
3723 2716 3787 2787 qui

2239 2809 2333 2863 tibi
2370 2825 2531 2880 super
2571 2810 2806 2880 aequales
2854 2809 3043 2865 tribuit
3089 2819 3438 2882 potestatem.
3508 2810 3620 2866 Noli
3657 2819 3790 2866 atten-

2238 2900 2366 2956 dere
2408 2902 2536 2971 quid
2566 2911 2719 2971 potes
2741 2917 2922 2972 agere,
2949 2904 3042 2959 sed
3074 2903 3201 2973 quid
3238 2904 3421 2959 debes.
3482 2905 3649 2975 Ipsius
3681 2904 3786 2958 enim

2238 2991 2589 3062 dispositione
2626 2994 2859 3066 gladium
2885 3004 3091 3066 portas,
3128 3012 3240 3051 non
3292 3005 3352 3052 ut
3396 2995 3594 3064 ferias,
3639 2998 3717 3053 sed
3747 3003 3788 3051 ut

2239 3087 2604 3150 committeris.
2637 3103 2796 3159 quem
2821 3088 3025 3145 utinam
3053 3088 3391 3160 impollutam
3416 3091 3668 3146 restituas
3685 3103 3788 3145 (‘Otl‘l-

2240 3178 2541 3235 tnendatori
2599 3178 2855 3247 Christo,
2903 3180 2994 3252 qui
3059 3180 3260 3237 idcirco
3315 3191 3639 3251 potestatem
3684 3180 3786 3237 divi-

2236 3273 2382 3329 nitus
2409 3273 2633 3336 tribuit,
2679 3283 2739 3329 ut
2788 3289 2926 3346 quos
2972 3282 3175 3331 saneta:
3222 3273 3486 3332 Ecclesia:
3529 3277 3779 3333 auctoritas

2233 3376 2457 3436 propter
2496 3365 2772 3437 propriam
2818 3366 3074 3421 virtutem
3129 3365 3197 3421 ab
3233 3368 3593 3436 oppressione
3626 3380 3781 3438 paupe-

2232 3473 2350 3513 rum
2372 3456 2587 3513 frenare
2615 3472 2720 3512 nou
2753 3456 2971 3524 sutlicit,
3005 3473 3103 3529 per
3133 3458 3362 3513 istorum
3409 3458 3781 3530 cpitulatioaem

2229 3552 2583 3609 comminuat.
2613 3552 2749 3609 Hinc
2783 3552 2925 3609 Deus
2961 3556 3027 3608 ad
3054 3552 3156 3609 Job
3202 3571 3217 3608 :
3265 3551 3535 3626 Nunquid
3563 3549 3782 3610 calctrlti-
3844 3614 3853 3623 _

2229 3662 2445 3701 noceros
2473 3646 2665 3701 servire
2685 3646 2799 3711 tibi,
2828 3656 2918 3700 aut
2946 3645 3237 3717 confringet
3269 3645 3449 3716 glebas
3473 3645 3677 3703 vallium
3697 3646 3781 3713 post
3846 3668 3855 3677 -

2227 3738 2315 3793 te?
2341 3737 2464 3810 (Job
2483 3755 2667 3803 “vix,
2698 3738 2778 3807 9.)
2803 3737 3041 3794 Snbaudi
3079 3739 3254 3794 :sicut
3276 3747 3400 3808 post
3431 3754 3548 3805 me,
3576 3737 3779 3808 quianon

2226 3829 2464 3886 hominis
2486 3868 2500 3897 ,
2540 3831 2633 3886 sed
2669 3829 2761 3884 Dei
2795 3830 2969 3885 virtus
2999 3838 3084 3886 est
3108 3871 3122 3895 ,
3157 3840 3217 3886 ut
3257 3840 3453 3901 potens
3488 3830 3700 3902 quilibet
3733 3824 3781 3881 sti

2228 3920 2469 3975 caelestis
2498 3919 2800 3991 disciplinae
2826 3930 3140 3991 provectum
3171 3920 3432 3991 potentia:
3472 3937 3587 3977 sua:
3611 3917 3779 3975 culmen

2226 4013 2473 4069 bumiliet
2502 4054 2517 4077 ,
2563 4022 2620 4068 et
2674 4021 2963 4080 exerceat,
3026 4028 3491 4086 oppressoresque
3540 4012 3777 4070 humilium

2224 4106 2381 4175 quasi
2431 4105 2615 4176 glebas
2672 4104 2934 4162 refrenet.
2986 4104 3094 4161 Sed
3144 4105 3270 4175 quid
3320 4105 3453 4161 lict?
3488 4103 3622 4161 Nam
3658 4103 3777 4175 juxta

2223 4197 2444 4263 Isaiam,
2475 4197 2568 4270 qui
2612 4215 2642 4253 a
2674 4198 2817 4254 malo
2857 4197 3061 4254 recedit
3102 4198 3296 4268 pricdte
3326 4193 3521 4269 patet.
3547 4195 3777 4263 Principes

2223 4289 2355 4345 socii
2386 4287 2565 4344 l‘urum
2603 4288 2834 4360 diligunt
2866 4304 3088 4345 munera
3108 4329 3124 4355 ,
3168 4288 3373 4360 pupillo
3402 4296 3459 4344 et
3493 4288 3663 4343 vidua:
3696 4298 3775 4339 non

2218 4381 2487 4454 judicant,
2521 4381 2718 4452 quibus
2746 4395 2846 4451 per
2874 4380 3210 4452 Sapientiam
3242 4379 3443 4436 dicitur
3482 4398 3496 4436 :
3538 4379 3583 4435 0
3610 4394 3686 4434 cos
3708 4374 3776 4446 qui

2222 4472 2444 4543 placetis
2465 4472 2609 4528 vobis
2629 4472 2685 4526 in
2715 4471 2883 4527 turbis
2910 4512 2925 4538 ,
2952 4472 3078 4527 data
3100 4481 3174 4528 est
3197 4470 3339 4527 vobis
3362 4481 3595 4543 potestas
3616 4487 3646 4524 a
3664 4466 3773 4529 Deo.

520 4545 752 4616 obsessi,
798 4552 1057 4621 conclusi,
1102 4559 1283 4614 omnia
1330 4577 1450 4631 qum
1477 4563 1656 4620 iuboc
1688 4566 1887 4624 mundo
1915 4570 2120 4627 habue-

2234 4564 2313 4637 7ui
2336 4564 2677 4636 interrogabit
2701 4580 2857 4635 opera
2886 4573 2934 4618 et
2956 4564 3299 4635 cogitationes
3322 4573 3542 4629 vestras,
3566 4559 3773 4635 φιοιιέιιιιι

521 4650 650 4698 runt
691 4643 831 4700 bona
860 4648 1228 4718 perdiderunt,
1261 4654 1423 4711 urbes
1450 4667 1656 4723 erutas,
1690 4674 1880 4716 eversa
1912 4673 2113 4732 castra,

516 4732 870 4806 depopulatos
895 4755 1073 4812 agros,
1101 4744 1359 4802 sulfossas
1384 4748 1641 4806 ecclesias
1679 4752 1866 4809 vident
1897 4771 1909 4808 :
1940 4763 1993 4810 et
2036 4765 2116 4811 ta-

434 4856 443 4863 ~
517 4844 641 4886 men
674 4832 893 4907 eosdem
925 4838 1354 4906 praedecessores
1394 4857 1523 4898 suos
1561 4843 1628 4899 ad
1659 4844 1975 4916 iniquitates
2020 4863 2109 4903 se-

517 4931 778 4992 quuntur,
817 4941 916 4982 nec
946 4928 1014 4984 ab
1036 4945 1231 4987 eorum
1260 4931 1492 4988 elatione
1515 4942 1817 5002 mutantur,
1847 4949 1940 4992 aut
1963 4953 2122 5005 recc:

517 5012 702 5082 dunt,
757 5028 978 5090 propter
1029 5037 1189 5092 quam
1244 5037 1338 5080 eos
1384 5026 1546 5082 toties
1593 5026 1755 5098 plecti
1806 5045 2107 5103 conspexe-

515 5116 660 5162 I'llﬂl.

565 5198 773 5257 .XXlV.
838 5204 1180 5266 Potentiores
1231 5210 1449 5281 quidem
1513 5221 1664 5270 tanto
1713 5216 1926 5273 cautius
1976 5217 2108 5276 allo-

515 5293 713 5359 quendi
758 5306 905 5362 sunt,
938 5310 1140 5371 quanto
1170 5312 1227 5358 et
1266 5304 1527 5361 laxiorem
1555 5307 1723 5363 vitam
1761 5311 1960 5366 dueere
1990 5327 2110 5382 per-

2221 4673 2339 4711 rum
2370 4658 2550 4712 essetis
2582 4657 2812 4711 ministri
2835 4657 2978 4727 regni
3001 4655 3168 4721 illius,
3199 4672 3303 4711 non
3331 4667 3472 4712 recte
3486 4650 3770 4727 judicium.

2220 4765 2382 4820 neque
2409 4748 2697 4803 secundum
2725 4746 3042 4803 voluntatem
3060 4746 3158 4802 Dei
3178 4746 3510 4802 ambulauis.
3538 4738 3772 4800 Horrenda

2215 4853 2263 4897 et
2289 4844 2391 4897 cito
2416 4842 2685 4913 apparebit
2714 4841 2855 4897 vobis
2890 4842 3141 4913 quoniam
3174 4840 3439 4911 judicium
3466 4838 3768 4894 clarissim

2214 4932 2271 4986 in
2306 4931 2388 4987 his
2420 4932 2511 4999 qui
2543 4941 2777 5003 primum
2813 4932 2902 4999 ﬁet
2936 4929 3088 5003 (Sap.
3122 4946 3195 4996 vt,
3219 4930 3363 5002 5.6).
3406 4931 3612 5003 Exiguo
3654 4923 3767 4982 enim

2215 5024 2532 5081 conceditur
2556 5024 2928 5081 misericordia
2949 5065 2964 5090 ,
2990 5033 3044 5081 et
3072 5023 3389 5082 fortioribus
3418 5024 3608 5082 fortior
3636 5021 3766 5076 instat

2217 5120 2513 5175 cruciatus.
2884 5160 2887 5163 -

2286 5209 2452 5266 XXV.
2470 5210 2547 5267 Ne
2563 5210 2742 5284 igitur,
2757 5226 2791 5266 o
2803 5209 3097 5283 principes,
3114 5209 3562 5268 comminationcs
3576 5208 3763 5263 isnevos

2213 5311 2492 5370 maneant,
2520 5303 2567 5359 si
2610 5309 2858 5375 potentes
2885 5302 3019 5357 estis
3047 5300 3408 5358 bumiliamini
3450 5300 3550 5356 sub
3591 5289 3761 5370 potenti
