3934 5400
28 296 31 361 ἴ
127 296 220 355 609

1054 302 1544 366 COLLATIONUM
1584 308 1764 368 LIBRI
1806 310 2008 370 TRES.
2050 344 2117 356 --
2155 313 2284 375 LIB.
2325 317 2413 374 III.

3287 302 3395 389 um

121 411 447 486 expendant,
471 413 554 471 vel
579 413 833 482 habeant,
864 417 1043 477 solent
1068 422 1243 480 aliena
1286 426 1690 498 concupiscere.
1722 432 1770 493 Α
1800 428 1868 484 Et
1889 428 2016 486 item
2037 448 2049 485 :
2072 430 2283 499 Audite,
2305 435 3086 510 principes,quiabominamini
3096 442 3389 516 judicium,

119 507 302 565 Contra
351 509 658 581 superbiam
710 528 944 584 namque
989 514 1271 588 Scriptura
1324 520 1499 575 dicit:
1552 518 1693 588 Quid

28 642 29 649 η
117 600 333 670 superbit
376 609 515 655 terra
549 610 598 656 et
627 602 800 658 cinis?
823 604 1016 678 (Eccli.
1059 624 1114 672 κ,
1144 608 1225 680 9.)
1254 609 1467 666 Contra
1488 620 1695 685 tempo-

115 697 218 754 rale
279 698 535 769 gaudium
590 700 790 756 dicitur
846 720 859 757 ε
913 702 1071 759 Risus
1152 705 1333 761 dolore
1391 707 1694 763 miscebitur

117 787 289 861 (Prov.
319 804 452 856 xiv,
492 791 604 863 15).
646 790 780 848 Nam
829 798 1100 866 quomodo
1150 797 1411 856 innocens
1452 802 1556 855 erit
1599 816 1693 857 cu-

111 880 291 952 pidus,
350 883 605 953 quoniam
669 885 924 941 videlicet
991 889 1342 960 cupiditatem
1400 892 1691 963 Apostolus

110 979 318 1027 sanctus
334 974 499 1028 etiam
527 975 684 1031 idolis
707 988 1005 1050 comparat,
1037 981 1223 1038 dicens
1249 1001 1263 1037 :
1294 984 1550 1053 Avaritia,
1572 1004 1691 1059 qua:

107 1073 174 1116 est
196 1062 462 1119 idolorum
507 1068 726 1123 servitus
751 1068 969 1140 (Ep/tes.
997 1086 1052 1138 v,
1086 1072 1176 1146 5);
1203 1082 1258 1131 et
1284 1086 1509 1133 sanctus
1556 1078 1691 1134 Gre-

106 1154 279 1224 gorius
304 1155 382 1213 de.
406 1161 505 1212 hac
531 1159 815 1230 diSputans
845 1164 1110 1234 perhibet,
1137 1166 1260 1236 quia
1292 1169 1539 1240 quisquis
1562 1186 1689 1226 ava-

104 1248 230 1302 ritiae
257 1247 533 1318 subjectus
553 1262 657 1316 est,
687 1269 716 1309 a
741 1254 884 1309 cultu
918 1254 1183 1313 idolorum
1211 1259 1387 1316 adhuc
1414 1261 1550 1318 liber
1581 1279 1686 1319 non

102 1340 211 1396 est?
237 1340 511 1399 Jubeutur
534 1361 749 1417 quoque
775 1362 881 1402 non
929 1365 1150 1419 sperare
1183 1352 1235 1407 in
1294 1353 1499 1411 incerto
1548 1356 1683 1412 divi-

101 1431 308 1500 tiarum,
343 1435 437 1490 sed
470 1435 523 1490 in
550 1435 719 1492 Deum
747 1437 883 1495 bene
913 1438 1116 1508 facere,
1150 1442 1306 1498 facile
1334 1446 1592 1501 tribuere.
1622 1448 1689 1503 Et

98 1530 151 1576 ut
193 1523 310 1579 suis
357 1534 566 1582 tantum
594 1568 607 1591 ,
668 1538 724 1584 et
775 1544 883 1584 non
906 1530 1105 1586 alienis
1136 1542 1394 1599 utantur,
1447 1535 1581 1591 dicit
1606 1538 1686 1594 eis

90 1613 323 1673 Joannes
373 1619 612 1691 Baptista
653 1639 667 1676 :
714 1621 990 1679 Neminem
1036 1627 1349 1683 concutiatis
1383 1645 1547 1700 neque
1590 1648 1683 1686 ca-

94 1704 345 1762 lumniam
377 1709 590 1778 faciatis
617 1751 633 1778 ,
662 1720 712 1766 et
746 1714 972 1768 contenti
1010 1725 1170 1770 estote
1204 1718 1474 1788 stipendiis
1503 1722 1683 1777 vestris

94 1795 235 1867 (Luc.
265 1800 495 1870 ιιι,14).

154 1890 347 1948 XXVI.
389 1893 496 1952 Illis
524 1911 653 1952 vero
682 1901 776 1969 qui
806 1901 1011 1971 rapinis
1039 1918 1343 1976 pauperum
1382 1917 1681 1976 pascuntur

88 1983 328 2040 severius
376 1985 703 2044 obviandum
749 1999 852 2047 est.
886 1991 1019 2049 Nam
1053 2004 1109 2050 et
1159 1996 1233 2051 illi
1273 1999 1365 2069 qui
1409 2016 1680 2073 pauperes

86 2076 300 2147 quidem
330 2092 439 2134 non
474 2078 743 2153 afﬂigunt,
769 2084 864 2140 sed
895 2094 1075 2147 tamen
1111 2087 1465 2150 alllictoribus
1489 2110 1678 2151 eorum

91 2168 349 2227 resistere
395 2187 503 2228 non
532 2184 750 2242 curant,
806 2177 1162 2238 vehementer
1202 2184 1391 2257 utique
1428 2199 1676 2258 peccant.

87 2255 174 2313 Isti
202 2273 342 2332 ergo
371 2264 624 2319 noverint
657 2268 786 2338 quia
839 2271 1094 2327 solatium
1144 2275 1226 2331 sui
1281 2255 1535 2346 adjutorii
1564 2281 1677 2338 Deo

78 2352 427 2421 subtrahunt,
460 2356 588 2412 dum
613 2374 879 2431 pauperes
900 2363 1017 2433 ejus
1046 2382 1152 2422 non
1178 2368 1495 2428 defendunt.
1520 2373 1677 2432 Sicut

79 2444 219 2500 enim
254 2446 314 2502 in
345 2449 458 2504 suis
480 2462 761 2523 gravatur,
789 2455 863 2510 ita
887 2467 943 2512 et
975 2458 1027 2512 in
1055 2459 1186 2531 ipsis
1203 2460 1495 2521 refovetur.
1525 2465 1676 2524 Unde

80 2538 345 2610 scriptum
384 2550 470 2598 est
521 2560 536 2598 :
585 2543 653 2600 Et
702 2547 759 2601 in
807 2549 969 2606 servis
1024 2552 1133 2606 suis
1194 2556 1559 2612 consolabitur
1587 2559 1674 2631 (II

79 2628 219 2685 Hac.
252 2645 352 2699 vn,
379 2632 435 2705 6)
455 2650 470 2701 ;
494 2644 543 2690 et
575 2637 686 2707 ipse
710 2639 800 2711 qui
830 2656 934 2694 non
955 2652 1031 2696 est
1052 2659 1254 2701 mecum
1275 2647 1553 2705 adversum
1592 2628 1674 2707 me

72 2732 141 2776 est
170 2722 394 2794 (Manli.
423 2742 523 2793 xu,
552 2727 666 2799 50).
698 2730 764 2786 Et
783 2730 982 2790 Paulus
1010 2751 1024 2789 :
1057 2737 1342 2808 Adjutores
1360 2740 1458 2796 Dei
1489 2760 1671 2801 sumus

73 2811 123 2884 (Ι
151 2811 282 2870 Cor.
311 2831 372 2871 ιιι
409 2858 424 2882 ,
468 2818 545 2889 9).
590 2819 659 2877 Et
703 2825 967 2893 propheta
1022 2845 1036 2881 :
1090 2826 1217 2885 Non
1247 2834 1558 2890 ascendistis
1606 2853 1672 2893 ea:

68 2905 291 2967 adverso
343 2926 508 2981 neque
556 2916 872 2984 opposuistis
915 2934 1125 2975 murum
1188 2940 1283 2994 pro
1335 2923 1670 2985 Hierusalem

67 2993 290 3068 (Ezeeh.
320 3017 420 3057 xm
449 3044 465 3068 ,
499 3004 579 3075 5).
612 3003 880 3078 Raptores
929 3026 1058 3067 vero
1101 2993 1339 3085 cogitent
1384 3019 1511 3089 quia
1542 3019 1668 3077 dum

64 3101 344 3160 pauperes
395 3090 638 3162 laedunt,
691 3112 865 3170 usque
919 3100 987 3156 ad
1035 3102 1131 3159 Dei
1183 3105 1352 3178 ipsius
1390 3108 1667 3168 lcesionem

1796 533 1845 578 et
1867 526 2041 580 omnia
2072 538 2212 581 recta
2238 532 2550 600 pervertitis,
2574 532 2894 592 abscondam
2933 537 3124 607 faciem
3155 557 3324 596 meum
3353 558 3388 597 a

1795 614 1955 675 vobis,
1988 616 2123 671 sicut
2154 619 2290 673 male
2307 621 2484 691 egistis
2505 622 2691 693 (Mich.
2723 627 2885 693 tu,~9,
2911 628 2988 696 4).
3018 629 3086 685 Et
3111 637 3167 685 ut
3195 639 3385 687 osten-

1795 704 1948 760 deret
1994 721 2058 761 so
2091 721 2211 764 esse
2257 710 2349 779 qui
2384 710 2435 765 in
2467 713 2641 769 servis
2667 715 2782 795 suis
2811 719 2995 779 omnia
3028 719 3254 776 adversa
3286 736 3385 791 pa-

1794 805 2022 865 teretur,
2054 801 2121 855 ad
2146 802 2361 857 beatum
2386 802 2488 859 Job
2516 805 2593 859 ait
2619 820 2634 860 :
2661 805 2920 879 Nunquid
2967 810 3186 881 impetus
3217 824 3387 884 aqua-

1792 905 1908 944 rum
1944 893 2137 969 aperiet
2181 894 2272 948 te?
2308 894 2432 966 (Job
2462 912 2690 962 xxxvut,
2729 897 2844 971 '54.)
2874 900 3138 967 Subaudi,
3187 912 3248 959 ut
3275 920 3383 974 me,

1790 964 2051 1049 quoniam
2105 982 2277 1054 iniqui
2318 964 2430 1055 per
2472 987 2908 1058 przedicationem
2949 1004 3260 1049 sanctorum
3305 994 3384 1050 lo-

1790 1081 2044 1144 quentem
2075 1074 2293 1146 quidem
2317 1078 2567 1146 audiunt,
2597 1080 2694 1136 sed
2719 1095 2826 1137 non
2847 1081 3173 1156 intelligunt,
3205 1095 3261 1142 et
3284 1101 3383 1157 per

1790 1162 2019 1220 alllictos
2085 1165 2379 1237 patientem
2433 1169 2639 1238 vident,
2705 1172 2800 1229 sed
2860 1188 2966 1229 non
3011 1176 3379 1234 considerant.

1788 1253 2132 1327 Quapropter
2147 1260 2372 1315 audiant
2391 1262 2676 1318 consilium
2700 1264 2877 1320 sancti
2900 1264 3088 1324 Jacobi
3113 1268 3380 1326 dicentis:

1788 1342 1940 1413 Agite
1963 1361 2121 1412 nunc,
2148 1346 2360 1415 divites,
2389 1350 2594 1421 plot-ate
2621 1351 2886 1410 ululantes
2924 1356 2980 1412 in
3020 1358 3243 1417 miseriis
3264 1376 3382 1431 qua:

1786 1439 2144 1506 supervenient
2175 1441 2339 1496 vobis.
2369 1441 2578 1499 Divitite
2611 1457 2798 1503 vestri:
2822 1450 3134 1521 putrefacta:
3161 1464 3306 1523 sunt,
3332 1464 3382 1510 et

1785 1529 2089 1584 vestimenta
2117 1541 2287 1587 vestra
2325 1551 2359 1588 a
2394 1535 2533 1590 tinea
2565 1549 2792 1595 comesta
2817 1551 2965 1608 sunt,
2990 1559 3183 1599 aurum
3208 1555 3257 1600 et
3284 1563 3379 1600 ar-

1785 1630 1997 1692 gentum
2030 1634 2255 1680 vestrum
2282 1630 2616 1700 (cruginavit,
2645 1641 2695 1686 et
2732 1649 2910 1706 (ιη-κρυ
2938 1651 3121 1691 eorum
3150 1637 3292 1693 vobis
3322 1639 3376 1695 in

1784 1715 2135 1791 testimonium
2162 1719 2284 1784 erit,
2327 1729 2378 1774 et
2425 1723 2766 1779 manducabit
2804 1742 2988 1783 carnes
3018 1738 3214 1783 vestras
3242 1729 3378 1786 sicut

1712 1809 1756 1870 Β
1784 1806 1920 1877 ignis
1972 1808 2113 1879 (Jac.
2144 1825 2197 1875 ν,
2246 1811 2383 1883 1-3).
2410 1812 2665 1883 Alioquin
2708 1832 2830 1872 cum
2862 1817 2979 1873 hate
3010 1818 3224 1875 illorum
3257 1836 3377 1876 um-

1782 1895 1994 1981 bratilis
2029 1899 2316 1957 delectatio
2358 1913 2414 1958 et
2442 1905 2752 1962 transitoria
2785 1923 3082 1979 pauperum
3128 1911 3377 1981 pervola-

1780 1974 1924 2042 νεῖ-ξι
1955 1987 2194 2057 alllictio,
2241 1991 2336 2047 lict
2377 1996 2621 2066 utrisque
2667 1974 2804 2053 illud
2834 1974 2985 2054 Isaia:
3014 2017 3026 2053 :
3058 1974 3195 2056 Ecce
3237 2002 3374 2058 servi

1777 2082 1883 2135 mei
1905 2083 2195 2149 comedent,
2219 2093 2267 2138 et
2314 2102 2402 2140 vos
2424 2089 2688 2157 esurietis,
2738 2105 2855 2145 ecce
2887 2091 3022 2146 servi
3049 2093 3152 2147 mei
3177 2093 3373 2161 bibent,

1778 2181 1828 2228 et
1869 2189 1956 2227 vos
1976 2175 2182 2239 sitietis,
2214 2192 2329 2231 ecce
2352 2180 2489 2233 servi
2506 2182 2609 2235 mei
2632 2180 2976 2251 laetabuntur,
3022 2196 3069 2240 et
3099 2203 3200 2241 vos.
3233 2202 3362 2242 con-

1777 2263 2074 2334 fundemini
2105 2266 2241 2339 (Isa.
2273 2286 2398 2335 uv,
2425 2271 2535 2344 15),
2559 2282 2614 2328 et
2634 2274 2764 2344 quid
2783 2274 2950 2330 multa
2966 2276 2990 2331 ?
3006 2278 3186 2333 munis
3208 2279 3375 2339 totius

1779 2353 2077 2427 Scripturae
2127 2361 2480 2417 comminatio
2520 2363 2795 2435 jaculatur
2834 2365 2890 2421 in
2942 2382 3056 2434 eos,
3092 2369 3197 2424 nisi
3232 2370 3372 2427 resic-

1772 2446 2009 2518 prierint.

1846 2536 2058 2595 XXVII.
2092 2538 2209 2597 Non
2241 2558 2370 2614 ergo
2401 2544 2672 2613 laetentur,
2699 2555 2756 2602 et
2783 2548 3029 2605 dividant
3054 2551 3247 2622 spolia,
3275 2566 3365 2609 re-

1774 2630 2128 2687 mordeautur
2158 2633 2305 2690 illius
2336 2636 2489 2691 verbi
2536 2637 2825 2705 memoria,
2855 2654 2965 2709 quo
2995 2640 3197 2697 dicitur
3226 2659 3240 2698 :
3278 2640 3368 2700 Va:

1771 2725 1864 2794 qui
1889 2725 2172 2795 prwdaris,
2200 2744 2372 2783 nonne
2401 2738 2449 2783 et
2472 2730 2582 2801 ipse
2610 2731 2975 2801 prtedaberis?
3000 2733 3139 2806 (Isa.
3171 2752 3368 2803 xxxi",

1773 2811 1854 2882 I.)
1895 2823 1951 2869 et
1992 2817 2137 2885 quod
2187 2817 2243 2873 in
2291 2816 2393 2874 Job
2438 2821 2777 2890 perhibetur,
2826 2825 3071 2895 aufertur
3110 2827 3368 2884 violentus

1772 2905 1966 2977 absque
2010 2923 2172 2963 manu
2211 2909 2335 2982 (Job
2402 2928 2593 2981 xxxiv,
2639 2914 2755 2987 26).
2789 2916 2947 2972 Videt
2997 2918 3142 2974 enim
3183 2930 3370 2990 raptor

1771 3017 1908 3072 quos
1941 3004 2102 3074 rapit,
2135 3004 2229 3061 sed
2258 3021 2352 3077 eos
2385 3009 2475 3080 qui
2508 3008 2562 3064 in
2612 3021 2787 3065 morte
2824 3010 2973 3066 illum
3007 3013 3214 3083 rapturi
3241 3022 3371 3070 sunt

1771 3095 2075 3167 nourvidet,
2106 3095 2354 3154 aufertur
2381 3100 2567 3171 itaque
2591 3101 2797 3172 absque
2839 3118 3001 3158 manu
3037 3105 3131 3174 qui
3161 3105 3369 3160 violen-

62 3197 264 3241 manus
299 3188 619 3244 οχιεηάυηι,
662 3189 777 3247 vox
827 3196 972 3250 enim
1010 3196 1182 3269 ipsius
1211 3210 1294 3258 εει
1324 3221 1339 3257 ε
1392 3202 1547 3270 Quod
1576 3210 1668 3263 um-
1696 3187 1744 3253 C
1776 3198 1863 3245 tus
1891 3205 2057 3245 manu
2073 3189 2198 3258 fuit,
2220 3192 2346 3263 quia
2370 3194 2550 3249 subito
2575 3195 2724 3250 exitu
2745 3207 2991 3268 urgente,
3019 3197 3367 3256 invisibiliter

59 3290 125 3330 ea:
150 3277 233 3332 Itis
264 3279 500 3335 minimis
529 3281 751 3353 fecistis,
782 3287 912 3342 mihi
934 3289 1133 3358 fecistis
1163 3291 1377 3364 (Matth.
1403 3312 1528 3363 xxv,
1551 3298 1665 3372 40).

58 3366 193 3425 Cum
225 3386 365 3443 ergo
387 3371 628 3446 aﬂligunt
658 3393 944 3449 pauperes,
980 3383 1169 3455 utique
1201 3385 1370 3441 Deum
1394 3366 1664 3462 alligant,

54 3461 198 3518 sicut
228 3463 352 3534 ipse
404 3473 635 3523 testatur
678 3469 867 3526 dicens
901 3489 915 3526 :
951 3471 1137 3541 Saule,
1175 3474 1360 3542 Suule,
1410 3461 1539 3546 quid
1585 3499 1666 3537 me

87 3556 388 3627 ersequeris
415 3557 441 3610 ?
468 3559 610 3629 (Act.
653 3578 786 3628 χχιι,
818 3564 898 3635 7.)
938 3565 1139 3623 Ctelum
1175 3566 1290 3637 jam
1318 3574 1660 3641 ascenderat,

90 3657 110 3702 t
150 3649 343 3707 adhuc
391 3649 542 3708 Sauli
587 3659 900 3725 persecutio
930 3660 1019 3715 hic
1048 3676 1145 3716 sua
1175 3662 1421 3719 membra
1476 3674 1663 3740 tange-

1769 3284 2000 3355 rapitur,
2053 3286 2144 3356 qui
2190 3286 2483 3344 visibiliter
2526 3288 2794 3359 rapiebat,
2846 3302 2904 3345 et
2945 3301 3191 3362 raptores
3239 3306 3368 3351 suos

1767 3389 1874 3430 non
1929 3374 2096 3441 videt,
2151 3384 2206 3431 et
2256 3385 2436 3433 tamen
2465 3378 2534 3432 ad
2576 3378 2781 3433 exitum
2836 3379 3151 3452 impellitur.
3209 3381 3364 3440 Nunc

1766 3466 1910 3522 enim
1939 3468 2063 3523 dum
2093 3469 2325 3540 quisque
2351 3470 2624 3527 violentus
2655 3487 2793 3542 quos
2822 3473 3056 3529 voluerit
3084 3476 3364 3547 opprimit,

1764 3556 1891 3611 dum
1923 3572 2082 3614 omne
2117 3559 2259 3628 quod
2283 3560 2535 3630 nequiter
2562 3562 2916 3633 concupiscit,
2942 3579 3201 3621 exercere
3233 3580 3363 3635 per-

1764 3648 2020 3714 mittitur,
2048 3648 2107 3703 llt
2128 3664 2269 3721 saepe
2300 3658 2358 3705 ut
2382 3652 2434 3706 in
2467 3653 2671 3725 majore
2696 3654 2878 3710 cordis
2903 3657 3151 3714 carcitate
3176 3658 3360 3728 prosi-

88 3752 167 3797 at.
199 3743 364 3801 Sicut
386 3747 532 3803 enim
564 3762 662 3819 per
680 3749 853 3807 bonos
897 3751 1171 3823 loquitur,
1204 3755 1419 3814 dicente
1471 3760 1661 3816 eodem

1784 3741 1879 3811 iat,
1912 3750 1966 3798 et
1997 3743 2125 3813 quia
2152 3759 2259 3798 non
2294 3746 2481 3800 statim
2524 3746 2850 3816 percutitur,
2897 3750 3023 3819 quia
3052 3764 3213 3822 ptena
3236 3749 3357 3820 ejus

89 3835 224 3892 aulo
252 3855 269 3890 :
301 3836 385 3892 An
412 3841 828 3910 experimentum
849 3845 1086 3915 quaeritis
1126 3845 1240 3917 ejus
1260 3850 1349 3919 qui
1377 3850 1431 3903 in
1467 3867 1548 3907 me
1575 3852 1657 3908 lo-

1784 3851 1815 3890 n
1856 3844 2133 3905 posterum
2185 3835 2452 3905 dill'ertur,
2512 3840 2811 3912 nequitiam
2859 3854 3035 3898 suam‘
3053 3853 3149 3901 aut
3179 3859 3211 3901 a
3248 3847 3361 3903 Deo

116 3926 536 3983 iturChristus.’
555 3929 641 4002 (ΙΙ
663 3930 786 3987 Cor.
815 3934 1026 4008 xm,3.)
1046 3935 1137 3993 Sic
1158 3937 1346 4008 ipsein
1370 3939 1665 4000 aﬂlietione

1782 3926 1931 3983 rideri
1960 3945 2068 3984 non
2090 3939 2264 4000 putet,
2296 3942 2389 3988 aut
2413 3932 2554 3988 hanc
2582 3941 2637 3989 et
2684 3950 2790 3991 non
2818 3934 3106 4008 displicere
3143 3940 3356 3995 credat.

39 4015 348 4085 humilium
395 4019 712 4089 laceratur,
761 4024 975 4082 dicente
1019 4026 1330 4085 Malacliia:
1382 4031 1443 4088 Si
1469 4031 1658 4106 aﬂliget
1761 4019 1917 4078 Unde
1962 4031 2018 4079 et
2066 4026 2311 4081 eamdem
2340 4026 2637 4098 nequitiam
2674 4029 2951 4101 corrigere
2985 4031 3228 4105 neslisil.
3257 4048 3357 4103 pro

39 4109 203 4165 homo
240 4108 434 4177 Deum,
477 4114 601 4184 quia
633 4131 721 4169 vos
769 4116 1029 4187 conligitis
1060 4136 1175 4185 me,
1220 4121 1489 4177 maledicti
1531 4126 1656 4181 estis

1782 4128 1866 4183 [ua
1919 4129 2027 4169 non
2078 4116 2263 4171 statim
2308 4116 2568 4173 ultionem
2620 4119 2870 4175 incurrit.
2925 4121 3032 4177 Sed
3088 4125 3357 4195 superiori

34 4220 167 4272 gens
225 4213 342 4257 tota
386 4204 477 4275 qui
509 4206 766 4278 conﬁgilis
796 4226 875 4262 nte
902 4208 1122 4279 (Malae.
1167 4228 1268 4276 ιιι,
1319 4212 1395 4283 9).
1442 4213 1510 4269 Ει
1547 4231 1655 4272 non

1782 4202 1925 4259 Verbo
1951 4204 2018 4259 de
2070 4203 2182 4261 Deo
2235 4207 2622 4279 subjungitur:
2658 4207 2814 4264 Oculi
2861 4211 2979 4283 ejus
3037 4230 3196 4285 super
3240 4215 3354 4271 vius

33 4296 222 4352 solum
258 4297 353 4367 qui
391 4296 655 4368 adﬂigunt,
690 4298 786 4354 sed
810 4299 975 4355 etiam
1027 4301 1074 4355 si
1119 4304 1282 4358 nimis
1311 4319 1406 4359 sua
1435 4305 1528 4376 qui
1575 4307 1654 4362 di-

1782 4298 2050 4364 zominum,
2072 4307 2119 4353 et
2147 4316 2326 4354 omnes
2352 4302 2461 4356 vias
2481 4318 2663 4356 eorum
2685 4303 2982 4360 considerat
2998 4304 3121 4378 (Job
3159 4323 3352 4377 xxxrv,

35 4390 221 4444 tiores
262 4399 397 4445 sunt
437 4390 832 4458 vendiderunt,
877 4393 1062 4464 utique
1108 4404 1355 4464 peccant.
1408 4396 1563 4453 Unde
1598 4407 1654 4454 et
1754 4388 1867 4461 ²¹)·
1911 4389 2063 4447 Tunc
2111 4390 2256 4447 enim
2306 4392 2450 4448 Deus
2497 4408 2605 4449 "0“
2653 4396 3002 4454 (εοηείάθτπθ
3051 4401 3353 4471 ηείιιιίιῑειηι

28 4482 216 4537 Amos
245 4497 261 4536 :
298 4481 489 4536 Audite
532 4485 624 4554 qui
656 4484 923 4539 conteritis
951 4503 1261 4557 pauperem,
1297 4490 1387 4559 qui
1421 4489 1595 4546 dicitis
1628 4505 1650 4544 .-
1676 4554 1725 4566 _
1753 4482 2100 4550 credebatur,
2125 4485 2341 4556 quando
2368 4486 2638 4544 violentus
2662 4488 2764 4545 iste
2790 4504 2952 4547 omne
2979 4492 3179 4548 malum
3205 4495 3351 4566 quod

27 4574 418 4643 possideamus
466 4592 652 4647 egenos
675 4617 689 4641 ,
742 4586 789 4632 et
856 4554 1164 4650 quisquilias
1219 4554 1467 4650 frumenti
1523 4600 1646 4638 ven-
1676 4554 1731 4618 Ῑ)
1754 4584 1966 4649 poterat
2002 4577 2172 4634 inulte
2210 4582 2579 4650 perpetrabat,
2608 4590 2666 4637 et
2710 4598 2905 4655 magna
2943 4584 3059 4654 ejus
3092 4586 3350 4656 patientia

27 4668 266 4723 damus.
302 4666 511 4723 Iuravit
546 4667 805 4724 Dominus
829 4710 845 4736 ,
875 4670 921 4723 si
961 4668 1153 4724 oblitus
1198 4669 1351 4741 [uero
1391 4689 1555 4745 usque
1578 4674 1649 4728 ad
1754 4669 1910 4739 quasi
1942 4670 2186 4742 quietiam
2211 4671 2536 4745 negligentia
2578 4674 2893 4744 putabatur.
2924 4674 3031 4731 Sed
3060 4683 3151 4732 eat
3181 4691 3346 4739 nunc,

27 4760 201 4829 ﬁnem
236 4799 254 4825 ,
288 4767 337 4815 et
359 4767 655 4814 convertam
671 4760 845 4814 omnia
865 4761 1071 4814 cantica
1088 4772 1255 4815 vestra
1278 4760 1333 4815 in
1356 4760 1647 4831 planctum,
1753 4773 1807 4818 et
1831 4763 1896 4819 atl
1927 4763 2225 4837 quamlibet
2254 4765 2565 4822 violentiam
2597 4770 2974 4839 przesumendo
3005 4776 3342 4840 prorumpat.

27 4864 69 4907 et
123 4850 425 4908 novissima
484 4852 540 4906 in
577 4851 717 4906 diem
763 4867 1007 4905 amarum
1043 4850 1225 4923 (Amos
1274 4868 1368 4907 vul
1391 4895 1406 4920 ,
1440 4853 1474 4908 4
1507 4896 1522 4921 ,
1570 4856 1605 4909 ει
1630 4896 1645 4922 ,
1752 4856 2093 4915 voluntatum
2117 4875 2339 4916 suarum
2365 4860 2636 4932 nequitias
2666 4860 2910 4932 impleat,
2938 4861 3115 4918 aliena
3146 4859 3347 4929 rapiat,

27 4946 91 5009 li,
152 4941 281 5012 10).
312 4942 443 4998 ltem
474 4944 589 5016 ipse
627 4962 641 4998 :
674 4941 768 4998 Va:
813 4945 903 5015 qui
925 4943 1158 5015 opulenti
1187 4946 1307 5000 estis
1347 4948 1646 5018 aptimates,
1755 4951 2105 5008 innocentum
2147 4955 2501 5025 oppressione
2551 4954 2799 5019 satietur,
2847 4965 2906 5010 et
2946 4956 3068 5027 quia
3115 4951 3348 5052 necdum

27 5034 217 5105 capita
289 5034 596 5104 populorum
629 5076 647 5101 ,
730 5035 1077 5105 ingredientes
1147 5039 1438 5109 pompatice
1478 5083 1494 5109 ,
1561 5042 1653 5114 qui
1749 5048 2072 5117 percutitur,
2103 5047 2219 5101 vias
2249 5062 2377 5104 suas
2398 5066 2427 5104 a
2460 5048 2689 5106 Domino
2718 5054 2813 5100 aut
2842 5063 2952 5103 non
2975 5044 3144 5100 videri
3164 5040 3352 5096 existi-

27 5124 292 5183 iormitis
311 5124 365 5180 in
385 5124 806 5196 lectiseburneis,
834 5135 882 5180 et
904 5127 1153 5183 lascivitis
1169 5128 1224 5183 in
1242 5131 1423 5185 stratis
1446 5137 1651 5201 vestris,
1749 5144 1880 5198 met,
1904 5145 2017 5201 aut,
2046 5136 2187 5205 quod
2212 5134 2369 5206 pejus
2388 5149 2493 5207 est,
2520 5135 2829 5211 appwbal‘i-
2859 5135 3054 5191 venit?!
3083 5128 3346 5205 Ρτοῖθοίοι

585 5214 785 5252 sul-Salio
821 5215 1002 5252 Limn.
1040 5235 1092 5252 ιη
1151 5220 1174 5252 Α
1231 5219 1285 5252 οι
1343 5223 1465 5252 ηυξ..
1504 5228 1623 5252 -.ωε
1746 5226 1921 5252 “aut...

1974 5236 2169 5252 “.Aﬂnn
2225 5236 2270 5252 ΑΙ
2323 5245 2446 5252 -.-ν,-
2472 5236 2599 5252 γιῖᾈα
2632 5236 2914 5252 -ιιΑυΑιιΑΑἶΑ
2976 5236 3023 5252 Α.
3072 5236 3200 5252 ...ειη
3252 5237 3313 5252 Λι-

27 5218 278 5252 LII-gula.
311 5216 477 5252 uincam
502 5223 554 5252 ἔοι
