3934 5400
606 342 707 399 6H

604 549 770 620 piscis
796 545 1085 619 signiﬁcat,
1121 545 1214 616 qui
1244 558 1367 600 cum
1401 541 1601 613 iugiter
1627 541 1764 598 alios
1809 541 1988 611 pisces
2015 540 2181 596 devo-

596 648 707 703 ret,
736 640 850 709 ipse
884 647 1062 693 tamen
1085 637 1296 708 capitur
1314 644 1371 692 et
1394 643 1637 693 voratur.
1671 631 1780 690 Sed
1806 642 2051 702 raptores
2076 630 2186 688 uti-

594 745 729 786 nam
760 746 881 800 quae
900 744 997 786 eos
1029 728 1290 800 supplicia
1337 734 1611 792 maneant,
1656 723 1741 783 vel
1784 731 2056 794 utcunque
2089 722 2186 789 ad—

605 822 896 877 discerent.
927 820 1102 876 Homo
1148 819 1237 875 ille
1286 818 1371 875 cui
1413 818 1615 876 dictum
1642 824 1764 872 est:
1790 814 1982 881 Stulte,
2036 824 2182 872 nocte

607 919 831 980 repetent
871 911 1103 964 animam
1131 918 1278 963 tuam
1307 907 1399 963 abs
1422 918 1470 963 te
1493 923 1513 963 :
1542 922 1662 980 qua:
1689 906 2004 976 prtrparasti
2027 907 2182 976 cujus

604 1014 757 1058 erunt
779 1004 805 1057 ?
826 1002 981 1075 (Luc.
1010 1016 1087 1057 xu
1105 1042 1120 1068 ,
1143 1001 1237 1072 ευ)
1276 1015 1384 1056 non
1420 1001 1805 1057 condemnatus
1829 999 1973 1069 quod
2008 997 2183 1054 aliena

602 1097 866 1167 rapuerit,
884 1096 982 1153 sed
1007 1094 1151 1166 quod
1176 1094 1230 1149 in
1259 1093 1599 1150 multitudine
1623 1092 1935 1149 divitiarum
1961 1105 2181 1146 suarum

604 1187 868 1260 gloriatus
892 1188 985 1242 sit.
1011 1184 1117 1241 Sed
1142 1198 1318 1254 neque
1358 1184 1450 1239 ille
1478 1191 1805 1254 purpuratus
1844 1190 2068 1253 propter
2098 1196 2185 1236 ra-

592 1279 789 1348 .piuam
844 1276 1073 1341 interiit,
1120 1276 1216 1332 sed
1244 1274 1370 1345 quia
1425 1273 1823 1345 eleemosynam
1876 1288 1979 1326 non
2034 1270 2182 1326 fecit.

603 1368 803 1438 Quales
834 1383 964 1439 ergo
992 1375 1121 1423 sunt
1145 1364 1439 1423 Christiani
1469 1373 1734 1435 raptores,
1769 1361 1857 1420 vel
1899 1360 2030 1431 quid
2069 1375 2188 1417 me-

601 1470 793 1518 rentur
814 1460 907 1531 qui
931 1459 1129 1515 fratres
1155 1473 1282 1515 suos
1304 1457 1581 1523 occidunt,
1607 1472 1705 1527 pro
1742 1456 1941 1527 quibus
1967 1455 2183 1512 animas

600 1570 807 1628 ponere
837 1554 1135 1625 iubentur?
1163 1553 1452 1619 Occidunt,
1484 1554 1728 1622 inquam,
1760 1549 1889 1606 dum
1918 1548 2180 1621 allligunt,

602 1647 857 1718 quoniam
888 1661 991 1703 non
1022 1645 1197 1703 solum
1226 1644 1319 1716 qui
1348 1643 1512 1714 rapit,
1543 1641 1640 1698 sed
1661 1641 1756 1713 qui
1783 1640 2183 1697 mercenarium

602 1738 905 1804 defraudat,
935 1752 1033 1808 par
1061 1736 1347 1792 homicidas
1371 1733 1709 1805 perhibetur.

1558 334 1618 393 S.
1657 332 1908 393 ODONIS
1944 332 2236 391 ABBATIS
2269 332 2771 393 CLUNIACENSIS
2806 334 2852 390 ll

593 465 902 528 raptorem,
935 460 995 510 ut
1024 453 1079 509 in
1107 453 1413 509 Exameron
1440 450 1661 517 dicitur,
1689 451 1829 508 bene
1854 450 2058 507 silurus
2094 447 2183 506 ille
2209 454 2263 521 Α
2288 449 2419 506 illud
2454 450 2555 507 Job
2583 468 2601 509 :
2632 450 2829 507 Scitote
2878 467 2989 507 esse
3027 451 3290 522 judicium
3338 451 3459 524 (Job
3498 469 3598 526 ιιι,
3618 456 3773 530 29).ει

3699 349 3771 407 θη

2287 541 2416 599 item
2445 561 2457 595 :
2484 540 2680 597 Statim
2731 551 2786 596 ut
2829 558 2884 597 se
2914 543 3151 608 moverit,
3193 542 3420 597 turbabit
3452 560 3549 611 uos,
3588 557 3773 604 alterm

2284 634 2429 690 illius
2457 635 2621 690 irruet
2647 651 2804 705 super
2846 651 2933 690 vos
2974 633 3096 707 (Iob
3146 651 3265 702 xm,
3297 636 3408 707 ll).
3435 637 3501 693 Et
3524 640 3774 708 itemqui!

2285 724 2490 795 facietis
2517 741 2636 781 cum
2683 741 2738 781 se
2787 726 3000 780 moverit
3028 725 3097 779 ad
3116 724 3465 796 iudicandum
3514 727 3665 786 Dm?
3692 731 3775 801 (Job.

2278 817 2435 884 'xxxt,
2468 816 2581 883 M.)

2355 907 2546 963 XXIX.
2585 907 2650 962 lli
2699 921 2848 972 sane,
2896 921 3034 978 quos
3076 922 3313 977 praesens
3351 908 3519 981 gloria
3547 919 3596 966 et
3618 912 3775 968 vitaai-

2285 999 2669 1065 mis'dclectat,
2699 1014 2930 1069 quorum
2959 1013 3093 1054 voce
3127 1001 3385 1070 propheta
3411 1000 3537 1055 dicit
3565 1019 3578 1054 :
3607 1000 3778 1057 Haud:-

2285 1110 2457 1149 cemus
2484 1104 2530 1148 et
2559 1093 2815 1157 bibamus,
2862 1108 2979 1171 cras
3031 1093 3169 1148 enim
3205 1094 3490 1148 moriemur
3533 1093 3579 1166 (Ι
3605 1092 3702 1149 Cor.
3720 1108 3778 1159 tv,

2284 1183 2398 1255 '52),
2450 1184 2633 1240 dicere
2675 1183 2847 1241 solent
2876 1201 2888 1238 :
2919 1164 3029 1243 Cur
3077 1183 3220 1239 Deus
3265 1184 3481 1241 divitias
3532 1160 3666 1254 bujus
3700 1186 3780 1242 vita
3870 1160 3876 1269 Ι

2286 1276 2511 1341 creavit,
2544 1276 2588 1331 si
2617 1275 2697 1330 eis
2722 1275 2788 1329 ad
2816 1274 3028 1330 libitum
3061 1274 3133 1329 uti
3164 1289 3270 1329 non
3299 1275 3586 1331 debemus?
3609 1274 3693 1331 Sed
3711 1272 3785 1331 sul-

2289 1368 2451 1425 ficere
2502 1370 2725 1425 deberet
2769 1368 2857 1423 illa
2884 1366 2967 1423 vis
2992 1366 3214 1437 eloquii,
3249 1383 3357 1439 quo
3411 1369 3603 1424 dicitur
3626 1386 3636 1421 :
3662 1366 3783 1423 Nolite

2284 1460 2500 1532 diligere
2527 1460 2801 1525 mundum,
2828 1475 2990 1530 neque
3019 1474 3081 1512 ea
3110 1474 3228 1528 quis
3254 1461 3309 1514 in
3332 1459 3529 1514 mundo
3549 1469 3656 1513 sunt
3673 1472 3687 1510 :
3704 1460 3786 1528 quis

2285 1556 2331 1610 si
2360 1555 2475 1626 quis
2495 1554 2667 1625 diligit
2694 1553 2969 1619 mundum,
2994 1568 3096 1607 non
3132 1563 3207 1609 est
3247 1554 3483 1608 charitos
3514 1548 3673 1604 Patris
3691 1552 3729 1603 is
3749 1565 3785 1602 eo

2287 1647 2340 1718 (I
2370 1647 2531 1703 Joan.
2558 1662 2617 1712 tt,
2663 1646 2768 1718 l5),
2794 1658 2841 1702 et
2881 1649 2927 1702 si
2964 1650 3082 1721 quis
3105 1650 3306 1704 amicus
3345 1646 3462 1713 ejus
3505 1643 3695 1699 oolaen’t
3718 1659 3789 1697 esu

2286 1724 2530 1792 inimicas
2557 1737 2651 1791 Dei
2672 1740 3006 1793 constituitur
3026 1738 3170 1812 (Jac.
3228 1754 3301 1804 tv,
3334 1728 3415 1807 4).
3451 1736 3517 1790 Ει
3555 1736 3665 1789 item
3688 1750 3700 1787 :
3723 1732 3790 1798 Qui

671 1828 904 1886 XXVIII.
934 1828 1070 1884 Cum
1097 1826 1277 1884 omnis
1304 1832 1452 1882 esset
1473 1822 1707 1881 mundus
1734 1804 2061 1893 in'maligno
2089 1836 2183 1893 ρο-
2210 1819 2259 1883 Β
2288 1827 2496 1897 festinat
2544 1828 2724 1893 ditari,
2761 1845 2863 1883 non
2891 1829 2990 1883 erit
3033 1804 3284 1883 innocens
3316 1804 3504 1898 (Prov.
3531 1840 3696 1887 xxvm,
3717 1821 3785 1891 2‘1)

601 1919 762 1985 situs,
778 1933 1095 1989 persuasum
1116 1924 1201 1973 est
1226 1924 1406 1971 tamen
1441 1914 1749 1969 hominibus
1772 1912 1963 1967 timere
1988 1911 2181 1979 Deum,

600 2021 658 2067 et
692 2025 799 2067 non
828 2012 1005 2067 solum
1035 2024 1140 2065 non
1172 2008 1399 2079 diligere
1418 2005 1702 2069 mundum,
1731 2006 1826 2062 sed
1855 2014 1912 2060 et
1936 2014 2179 2059 comem-

603 2115 756 2166 nere,
788 2110 846 2155 ut
875 2115 974 2171 pro
1030 2113 1215 2159 amore
1265 2098 1540 2167 sequentis
1591 2097 1716 2151 vita:
1762 2095 2085 2165 semetipsos
2114 2093 2180 2153 ad

600 2192 858 2263 quaelibet
892 2199 1158 2246 tormenta
1193 2187 1542 2254 tradiderint;
1573 2202 1715 2243 nunc
1751 2202 1882 2242 vero
1915 2202 2034 2240 cum
2068 2184 2185 2239 uni-

604 2298 762 2341 versa
813 2283 879 2340 ad
921 2282 1283 2338 eruditionem
1320 2279 1755 2336 Christianorum
1802 2278 2078 2350 pertinent
2131 2286 2185 2333 et

601 2374 785 2429 verbis
813 2383 869 2427 et
893 2371 1156 2440 exemplis
1188 2371 1480 2426 dilucidata
1504 2379 1651 2434 sunt,
1685 2378 1861 2424 tamen
1889 2369 1990 2423 ista
2021 2366 2181 2437 simul

601 2467 778 2521 omnia
818 2474 1259 2527 cmitemuuntur,
1318 2472 1375 2517 ut
1424 2461 1731 2517 Iudaeorum
1776 2460 2185 2530 perversitatem

602 2558 803 2615 nostris
859 2557 1099 2613 moribus
1145 2557 1322 2615 inesse
1369 2555 1825 2613 demonstremus.
1878 2552 2012 2609 Nam
2056 2568 2186 2622 erga

596 2647 720 2705 illos
750 2648 884 2704 adeo
908 2647 1101 2701 divina:
1130 2645 1483 2716 providentiae
1511 2660 1641 2701 cura
1669 2644 1919 2708 intendit,
1966 2652 2024 2697 ut
2072 2658 2185 2713 prae

599 2739 813 2795 caneris
844 2738 1162 2792 mortalibus
1193 2751 1328 2792 nova
1372 2735 1619 2807 quaedam
1648 2743 1704 2791 et
1745 2734 2031 2807 magnifica
2061 2734 2186 2790 vita:

601 2830 846 2887 instituta
871 2837 1160 2899 procurata
1185 2828 1313 2885 sint.
1344 2826 1532 2884 Omnis
1552 2827 1769 2899 quippe,
1803 2836 1862 2882 ut
1883 2828 1956 2883 ita
1983 2827 2182 2891 dicam,

600 2934 794 2980 natura
823 2922 889 2976 ad
920 2920 1280 2977 ministerium
1315 2917 1634 2976 eruditionis
1657 2934 1846 2976 eorum
1873 2918 2058 2983 servit,
2092 2919 2185 2989 qui

600 3014 852 3075 videlicet
894 3022 1018 3083 post
1056 3013 1238 3069 omnia
1270 3011 1465 3067 divinae
1512 3010 1730 3067 virtutis
1763 3010 2013 3083 insignia,
2066 3019 2188 3079 post

605 3117 813 3163 tantam
832 3106 1056 3178 gloriam
1083 3106 1187 3162 sibi
1224 3106 1427 3172 datam,
1453 3120 1616 3176 quam
1636 3094 1918 3175 hucusque
1953 3105 2185 3163 mundus

603 3203 780 3259 omnis
809 3203 1058 3266 miratur,
1081 3209 1243 3270 caput
1273 3199 1424 3255 vituli
1453 3199 1838 3264 adoraverunt,
1870 3206 2059 3270 postea
2086 3198 2189 3254 ha-

606 3298 796 3351 bentes
822 3293 1098 3364 templum,
1128 3303 1183 3349 et
1218 3291 1306 3348 illa
1344 3292 1543 3362 quibus
1567 3290 1885 3362 quotidiana
1915 3291 2185 3349 sacriﬁcia

603 3389 1073 3454 consummabant,
1122 3387 1385 3443 habentes
1413 3386 1577 3445 etiam
1608 3385 1898 3456 prophetas
1931 3385 2067 3440 alios
2094 3387 2188 3442 de-

604 3479 843 3545 functos,
876 3478 1009 3535 alios
1038 3477 1376 3549 superstites,
1403 3475 1498 3547 qui
1528 3490 1623 3531 eos
1647 3483 1702 3530 et
1721 3475 1788 3530 de
1826 3474 2037 3530 actibus
2057 3489 2189 3546 prae-

605 3572 850 3628 sentibus
876 3569 1253 3634 informarent,
1302 3576 1358 3624 et
1401 3568 1468 3625 de
1499 3567 1739 3637 antiquis
1781 3566 1877 3622 Dei
1908 3566 2188 3633 benetlciis

605 3671 1032 3726 commonerent,
1057 3676 1177 3731 qua:
1199 3661 1251 3716 in
1279 3659 1514 3733 Egypto
1540 3657 1745 3716 fecerat
1772 3673 1892 3714 cum
1940 3658 2040 3725 eis,
2068 3671 2189 3729 qua:

605 3755 661 3811 in
699 3754 934 3818 deserto,
966 3767 1087 3823 quae
1114 3752 1277 3808 etiam
1305 3750 1360 3806 in
1390 3758 1539 3805 terra
1573 3747 2032 3818 repromissionis,
2064 3762 2188 3801 cum

608 3846 839 3918 ingressi
869 3855 1031 3900 sunt:
1059 3852 1235 3899 tamen
1264 3842 1317 3898 in
1340 3842 1423 3898 his
1444 3840 1696 3897 omnibus
1723 3840 1856 3897 nihil
1880 3855 1988 3897 non
2015 3839 2187 3895 solum

607 3952 714 3994 non
750 3933 1118 4007 profecerunt,
1149 3934 1243 3991 sed
1274 3932 1439 3989 etiam
1471 3932 1523 3989 iu
1557 3932 1673 4003 ipso
1703 3930 1902 4002 templo
1932 3930 2073 3986 idola
2100 3945 2193 3989 co-

608 4029 844 4095 luerunt,
875 4036 930 4083 et
958 4042 1100 4082 nunc
1123 4025 1192 4081 de
1215 4033 1372 4097 gente
1402 4024 1455 4079 in
1481 4030 1717 4095 gentem,
1749 4037 1893 4079 nunc
1925 4021 1992 4079 de
2024 4037 2192 4094 regno

612 4120 679 4174 ad
714 4118 967 4190 populum
1014 4117 1242 4173 alterum
1289 4114 1740 4185 transmigrantes
1769 4113 1885 4168 sine
1913 4112 2047 4184 lege,
2076 4115 2196 4185 sine

614 4208 746 4274 Deo,
777 4210 894 4264 sine
923 4206 1194 4263 sacriﬁcio
1225 4204 1398 4261 relicti
1429 4213 1574 4260 sunt.
1621 4204 1731 4261 Nos
1778 4217 1993 4274 quoque
2023 4218 2195 4275 genus

611 4300 865 4369 electum,
893 4298 1071 4369 regale
1112 4297 1496 4362 sacerdotium,
1540 4311 1673 4368 gens
1723 4306 1931 4359 sancta,
1963 4295 2196 4367 populus

613 4390 1007 4459 acquisitionis,
1024 4389 1221 4459 quibus
1251 4386 1653 4445 manifestatum
1677 4398 2034 4458 estmagnum
2067 4384 2198 4445 illud

614 4481 826 4553 pietatis
875 4487 1295 4545 sacramentum,
1353 4478 1496 4549 quod
1550 4477 1949 4533 manifestatum
2004 4483 2087 4529 est
2140 4472 2194 4528 in

614 4587 802 4640 carne,
827 4571 1180 4642 justiticatum
1212 4572 1263 4625 in
1293 4571 1508 4640 spiritu,
1539 4567 2034 4640 apparuitangelis,
2063 4581 2219 4638 praem

616 4666 853 4722 dicatum
885 4673 969 4721 est
996 4663 1266 4733 gentibus,
1309 4663 1569 4718 creditum
1608 4672 1692 4717 est
1740 4661 1958 4723 mundo,
1991 4674 2200 4712 assunt-

616 4769 766 4831 ptutn
790 4757 845 4813 in
876 4755 1077 4827 gloria:
1103 4754 1193 4825 qui
1224 4753 1578 4825 gustavimus,
1615 4760 1672 4806 ut
1696 4752 1772 4806 ait
1807 4751 1943 4804 idem
1972 4748 2203 4820 Aposto-

616 4850 721 4912 lus,
754 4848 976 4903 coeleste
1013 4846 1235 4910 donum,
1265 4852 1319 4898 et
1355 4842 1641 4911 ilJutniuati
1681 4856 1890 4903 sumus,
1940 4838 2205 4894 habentes

623 4955 837 5011 quoque
870 4948 1071 4992 tantam
1109 4934 1417 5006 impositam
1450 4933 1642 4987 nubem
1681 4932 1921 4997 testium,
1951 4931 2206 4986 videlicet

622 5029 875 5083 universa
904 5024 1115 5081 Veteris
1147 5039 1211 5077 ac
1244 5022 1377 5079 Novi
1410 5021 1741 5081 Testameuti
1782 5022 2047 5087 instituta,
2075 5037 2197 5076 cum
2228 5036 2238 5046 '

2283 1915 2435 1984 Quod
2462 1917 2513 1972 in
2540 1917 2682 1973 Esau
2707 1933 3021 1987 expressum
3043 1928 3149 1988 est,
3171 1919 3263 1988 qui
3294 1918 3460 1973 lentis
3473 1915 3687 1971 edulium
3703 1926 3794 1983 pre-

2282 2022 2551 2077 occupare
2579 2008 2839 2079 gestiens,
2890 2008 3248 2078 primogenita
3279 2022 3401 2077 qua:
3435 2015 3554 2060 erat
3585 2018 3671 2058 suo
3704 2011 3793 2054 tem-

2284 2112 2417 2170 pore
2463 2106 2821 2169 percepturus
2866 2098 3070 2153 amisit.
3116 2097 3240 2153 Haec
3282 2111 3439 2168 ergo,
3465 2104 3520 2149 et
3559 2092 3701 2148 multa
3733 2090 3797 2145 ha-

2277 2186 2517 2258 jusmodi
2571 2190 2819 2244 sutlicere
2850 2189 3128 2253 deberem,
3178 2191 3301 2257 quia
3353 2201 3468 2240 non
3518 2189 3677 2255 potest
3708 2178 3796 2235 solvi

2287 2281 2602 2354 Scriptura;
2654 2283 2698 2337 si
2732 2291 2911 2338 tamen
2942 2284 3043 2338 hoc
3080 2284 3313 2336 humano
3352 2278 3579 2334 metitur
3600 2270 3799 2343 exemplo.

2286 2376 2565 2431 sciendum
2593 2373 2719 2447 quia
2744 2382 3030 2446 postquam
3063 2388 3092 2427 a
3139 2371 3372 2444 paradisi
3415 2367 3624 2442 gaudiis
3659 2363 3800 2420 decidi-

2286 2479 2427 2529 mus,
2456 2456 2779 2534 spiritualia,
2812 2472 2869 2515 ut
2890 2470 3036 2525 sunt,
3070 2462 3310 2531 cogitare
3342 2458 3498 2513 nullo
3535 2456 3677 2511 modo
3704 2451 3803 2506 vale-

2286 2570 2424 2610 mus.
2480 2551 2633 2609 Unde
2686 2552 2887 2606 factum
2931 2561 3056 2615 est,
3112 2561 3168 2603 ut
3196 2550 3458 2605 carnales
3487 2548 3670 2618 quique
3705 2540 3803 2596 nulla
3870 2540 3876 2618 η

2272 2646 2395 2719 jam
2427 2645 2694 2710 noverint,
2721 2644 2823 2699 nisi
2852 2659 3057 2713 eaquae
3080 2645 3358 2719 corporeis
3385 2642 3567 2695 oculis
3586 2636 3802 2708 palpandi).

2286 2753 2349 2799 ut
2390 2744 2463 2798 ita
2512 2743 2779 2805 dixerim,
2834 2738 3085 2811 cognosci
3120 2738 3297 2791 valent
3339 2754 3352 2789 :
3411 2752 3517 2790 nec
3558 2732 3734 2809 δείδω
3762 2725 3805 2779 al
3862 2760 3865 2767 -

2288 2852 2555 2899 summam
2607 2850 2791 2891 curam
2856 2830 3098 2903 erigere,
3139 2833 3229 2886 sed
3290 2832 3343 2885 in
3392 2828 3599 2884 inlimis
3640 2837 3805 2879 consen-

2289 2928 2430 2983 tiunt
2462 2926 2692 2982 libenter
2718 2921 2921 2993 jacere.
2953 2921 3192 2990 Quorum
3225 2921 3431 2975 mentis
3484 2914 3741 2973 esca-uitio
3772 2910 3806 2964 it
3870 2936 3871 2939 η

2290 3031 2501 3081 tantum
2530 3022 2747 3077 densata
2779 3027 2897 3083 est,
2944 3026 3003 3072 ut
3033 3017 3194 3070 iidem
3219 3055 3234 3082 ,
3274 3030 3398 3070 cum
3458 3013 3547 3066 illa
3589 3004 3806 3064 invisibilia

2290 3113 2493 3170 sentire
2517 3127 2615 3183 per
2635 3110 3064 3179 experimentum
3100 3107 3177 3162 rei
3213 3121 3319 3160 non
3350 3104 3560 3165 valent,
3578 3102 3682 3170 jam
3706 3098 3809 3151 dubi-

2292 3214 2407 3260 tent
2430 3214 2685 3271 utrumne
2719 3201 2791 3255 sit
2817 3198 3018 3269 aliquid
3046 3197 3187 3267 quod
3215 3195 3391 3250 oculis
3444 3190 3703 3264 corporeis
3736 3198 3805 3240 non

2288 3297 2503 3353 videtur
2524 3335 2538 3360 ,
2580 3293 2683 3349 nisi
2722 3290 3044 3362 quibusdam
3073 3287 3378 3343 visibilibus
3407 3282 3666 3351 exemplis
3681 3276 3808 3332 eadem

2289 3385 2519 3443 visibilia
2570 3383 2967 3454 quodammodo
3015 3386 3464 3434 monstrarentur
3498 3417 3513 3441 ,
3552 3375 3690 3445 juxta
3723 3362 3810 3422 illud

2291 3477 2597 3549 exemplum
2637 3475 2781 3546 quod
2803 3474 2995 3529 beatus
3042 3467 3336 3539 Gregorius
3372 3466 3431 3520 in
3462 3464 3672 3534 Dialogo
3709 3454 3813 3528 ponii

2292 3574 2359 3630 de
2386 3583 2729 3654 matre,.qum
2753 3569 2893 3625 forte
2921 3580 3204 3638 praegnans
3227 3579 3373 3619 amco
3389 3577 3617 3619 carcere
3628 3559 3812 3654 damnati

2291 3667 2382 3731 sit,
2421 3675 2474 3725 et
2494 3665 2565 3721 ibi
2580 3644 2770 3733 'pariat
2789 3702 2804 3727 ,
2828 3670 2883 3716 et
2914 3660 3121 3715 nutriat
3149 3676 3161 3712 :
3192 3673 3312 3728 qtuc
3335 3656 3380 3712 si
3407 3656 3527 3710 lilio
3542 3658 3648 3723 jam
3675 3644 3814 3705 inutili.

2295 3756 2442 3829 genti
2495 3771 2674 3810 rermn
2712 3752 3041 3808 mundalium
3086 3749 3295 3821 species
3331 3763 3570 3804 narrare
3613 3740 3812 3801 voluerit.

2295 3846 2384 3901 ille
2411 3846 2502 3917 qui
2534 3843 2667 3899 nihil
2696 3843 2797 3898 nisi
2834 3841 3086 3897 tenebras
3116 3839 3267 3907 vidit,
3299 3839 3501 3893 audire
3529 3836 3720 3908 quidem
3748 3843 3813 3899 po-

2296 3948 2404 3996 test
2433 3954 2553 4009 quae
2584 3946 2759 3992 mater
2788 3936 3028 4004 dixerit,
3080 3934 3175 3990 sed
3210 3934 3356 4004 ipsas
3385 3943 3448 3989 ut
3503 3938 3627 3988 sunt
3671 3926 3817 3996 speras

2296 4029 2414 4086 sine
2446 4027 2822 4098 experimento
2860 4026 3161 4096 intelligere
3192 4040 3545 4095 nequaquam
3586 4009 3818 4094 potatui!

2296 4136 2427 4193 ergo
2480 4116 2668 4174 nostra
2728 4119 2944 4173 caecitas
2989 4132 3087 4173 nos
3143 4120 3212 4171 ab
3268 4114 3557 4170 intellectu
3604 4101 3818 4183 principali

2297 4213 2626 4271 omnimodis
2644 4210 2915 4275 excludat,
2942 4210 3147 4281 placuit
3160 4209 3355 4264 divina:
3371 4204 3823 4278 providentitequt-

2302 4306 2422 4360 dam
2454 4303 2507 4358 iu
2556 4304 2660 4357 hoc
2691 4303 2890 4367 mundo
2922 4317 3112 4357 creare
3133 4343 3147 4367 ,
3174 4316 3296 4371 qua:
3339 4299 3590 4371 quinque
3638 4291 3822 4351 sensibili

2300 4396 2584 4470 corporeis
2614 4396 2823 4468 placida
2856 4396 3159 4450 vidcantur.
3193 4393 3461 4449 Videlicet
3505 4390 3730 4463 quadam
3751 4379 3826 4452 pb-

2305 4499 2432 4547 cent
2456 4489 2661 4555 colore,
2689 4488 2932 4559 quaedam
2961 4487 3145 4552 odore,
3176 4486 3427 4557 quantam
3458 4496 3657 4555 sapore
3678 4520 3692 4545 .
3723 4486 3820 4546 [ιιᾶ-

2305 4580 2430 4636 dam
2458 4594 2627 4646 sono,
2656 4578 2899 4650 quaedam
2935 4577 3037 4634 levi
3071 4588 3216 4632 tactu
3262 4591 3277 4629 :
3322 4585 3386 4630 ut
3437 4576 3586 4629 sicut
3612 4576 3825 4626 verum

2306 4674 2425 4728 viso
2451 4670 2679 4742 vestigio
2711 4669 2896 4724 bestiae
2914 4666 3026 4737 jam
3059 4668 3234 4739 qualis
3262 4666 3349 4722 illa
3404 4666 3587 4721 bestia
3616 4665 3679 4718 sit
3716 4668 3823 4722 expc-

2308 4762 2543 4815 rimcnto
2584 4757 2790 4828 vestigii
2839 4768 3171 4828 cognoscunt
3198 4796 3215 4818 ,
3269 4756 3340 4809 ita
3384 4757 3509 4810 uos'
3538 4768 3655 4823 qua:
3694 4750 3735 4803 in
3763 4744 3826 4796 Ικίί

2307 4850 2512 4908 mundo
2540 4848 2814 4905 delectant
2838 4848 3104 4911 videntes,
3139 4846 3516 4917 intelligamus
3545 4853 3727 4915 quanta
3754 4833 3827 4890 sint

2310 4943 2569 5005 coelestia,
2607 4943 2654 4998 si
2681 4941 2813 4996 tanti
2841 4940 3097 4997 momenti
3121 4938 3374 4995 videntur
3401 4952 3530 4993 esse
3580 4928 3824 4991 terrestria.

2308 5043 2365 5088 et
2391 5032 2478 5086 illa
2510 5031 2654 5087 velut
2680 5030 2789 5094 iam
2825 5038 2949 5084 nota
2975 5029 3457 5094 concupiscentes,
3498 5026 3603 5080 ista
3633 5030 3756 5076 retro
3785 5012 3831 5066 ll-
