3934 5400
92 177 200 234 613

1049 168 1542 228 COLLATIOMJM
1584 168 1762 226 LIBR:
1797 169 1994 226 TRES.
2051 200 2098 211 —
2135 170 2261 226 LIB.
2306 170 2389 226 lll.

3274 173 3379 232 θιι

90 290 309 349 idcirco
337 303 396 345 se
421 287 579 344 debet
602 285 655 340 in
682 299 879 355 aquam
900 282 1027 355 quis
1048 282 1312 351 mittere,
1363 282 1491 352 quia
1535 283 1681 339 sitim
1715 289 1761 346 Α
1862 279 2051 335 XXXI.
2081 281 2150 335 Ut
2207 291 2386 335 autem
2446 282 2659 337 interim
2684 260 2764 341 de
2805 285 3161 355 sequentibus
3200 285 3380 358 poenis

92 382 330 455 indiguit
353 397 417 437 ex
448 394 512 435 ea
544 377 893 434 refocillare?
919 377 1028 431 Aut
1054 376 1123 433 ob
1148 376 1251 431 hoc
1279 375 1419 445 ignis
1454 385 1537 430 est
1566 390 1683 429 am-

86 474 400 548 plexandus
423 511 437 537 ,
469 469 595 540 quia
632 469 715 524 vel
744 468 813 525 ad
855 465 1200 537 coquendum
1226 506 1241 529 ,
1279 464 1366 520 vel
1415 465 1482 520 ad
1512 462 1684 537 frigus

87 566 394 622 arcendum
425 561 691 634 probatur
721 558 1151 616 accommodus?
1184 557 1448 628 Raptor-es
1479 557 1644 624 igitur
1666 597 1680 619 ,

85 660 182 730 qui
213 673 480 730 pauperes
512 658 562 711 in
589 649 1406 724 rebustemporaliterallligunt,
1432 651 1684 706 videnlur

86 751 199 806 sibi
235 749 479 806 stultitiae
515 747 799 816 vestigium
831 744 1053 815 eligere,
1094 743 1213 798 illos
1249 757 1397 807 vero,
1429 741 1557 796 licet
1586 755 1683 796 no-

83 840 292 902 lentes.
315 841 381 894 ad
409 839 698 910 quaerenda
729 836 981 895 caelestia
1009 834 1302 891 salubriter
1324 833 1625 903 impellere.

161 929 337 986 XXX.
375 928 489 997 Qua
531 944 659 985 vero
684 928 953 985 dementia
996 942 1098 998 pro
1140 925 1471 981 transitoriis
1519 925 1681 980 rebus

83 1032 141 1080 et
168 1023 345 1077 Deum
375 1017 674 1086 olfendere,
706 1029 762 1077 et
802 1019 1112 1092 proximum
1139 1032 1390 1088 gravare,
1431 1026 1485 1071 et
1530 1030 1679 1071 men-

81 1128 279 1169 suram
332 1112 529 1166 bonam
578 1109 809 1181 perdere
859 1124 965 1164 non
1023 1108 1315 1179 trepidant,
1365 1123 1425 1163 ea
1466 1122 1681 1177 quoque

82 1201 365 1256 dementia
391 1210 539 1256 tanto
563 1215 621 1257 se
641 1202 892 1256 meliores
914 1210 1125 1272 putant,
1168 1209 1372 1271 quanto
1396 1201 1450 1257 in
1474 1200 1678 1255 eisdem

82 1291 275 1356 rebus,
310 1307 407 1361 per
437 1307 572 1362 quas
602 1291 813 1362 pejores
835 1301 981 1355 sunt,
1010 1291 1165 1346 bonis
1209 1302 1265 1346 et
1291 1292 1395 1361 piis
1424 1291 1681 1347 fratribus

80 1382 360 1439 excellere
388 1383 670 1450 videntur;
703 1393 759 1438 et
794 1391 985 1453 putant
1015 1398 1074 1443 se
1107 1392 1259 1438 tanto
1287 1383 1407 1453 plus
1456 1381 1679 1448 habere,

80 1483 296 1546 quanto
324 1474 445 1546 plus
475 1475 711 1531 viderint
753 1488 936 1545 posse,
968 1485 1022 1530 et
1067 1490 1191 1529 cum
1241 1475 1341 1544 ipsi
1385 1474 1678 1530 multorum

79 1568 353 1625 vitiorum
380 1568 490 1623 sint
521 1567 685 1631 servi,
727 1566 963 1638 gaudent
994 1566 1298 1638 quibusque
1327 1568 1588 1623 fratribus
1622 1582 1681 1624 se

1786 380 2096 435 taceamus,
2145 388 2322 426 nonne
2366 388 2463 443 pro
2522 374 2640 444 ipso
2688 372 2901 430 defectu
2980 378 3379 436 contemnenda

1785 462 1960 532 magis
1980 445 2167 515 fuerat
2218 464 2499 530 praesentis
2532 464 2654 517 vitae
2708 464 2930 536 gloria?
2984 465 3204 522 fuerunt
3249 476 3382 526 ante

1785 570 1884 609 nos
1913 562 1969 608 et
1998 563 2269 623 potentes,
2300 563 2352 609 et
2383 555 2620 626 superbi,
2651 564 2706 610 et
2744 555 3071 627 voluptuosi.
3112 555 3220 612 Sed
3249 558 3382 630 quid

1785 645 1891 701 illis
1915 645 2114 715 profuit
2137 646 2486 700 immoderata
2521 647 2726 715 laetitia,
2747 657 2925 704 vestes
2951 658 3003 705 et
3025 651 3381 708 odoramenta

1785 736 2010 793 diversae
2033 737 2343 808 voluptatis,
2375 745 2431 793 et
2460 753 2642 794 rerum
2666 738 2937 810 opulentia
2964 740 2987 793 ?
3010 741 3100 796 ubi
3118 741 3207 796 illa
3235 759 3382 799 nunc

1786 837 1934 893 sunt,
1962 828 2045 883 vel
2076 830 2163 884 ubi
2192 830 2335 901 ipsi?
2365 833 2689 912 accedamus
2717 833 2782 888 ad
2808 847 2996 889 eorum
3026 834 3295 904 sepulcra,
3323 843 3380 890 et

1785 919 1912 991 quid
1953 919 2025 975 ibi
2058 920 2393 993 videbimus?
2422 922 2618 978 fetidas
2646 922 2911 977 vermium
2941 923 3214 994 reliquias.
3244 923 3379 981 Pro-

1785 1011 2032 1066 babimus
2058 1028 2245 1067 verum
2265 1029 2384 1068 esse
2410 1015 2553 1084 quod
2579 1015 2644 1069 de
2670 1015 2850 1086 impiis
2873 1015 3073 1071 dicitur
3096 1033 3109 1070 :
3141 1014 3385 1072 Transiet

1785 1113 1841 1157 ut
1878 1114 2131 1158 nocturna
2162 1106 2291 1160 visio
2316 1106 2437 1177 (Job
2487 1124 2579 1174 xx,
2620 1109 2696 1177 8).
2725 1108 2794 1165 Ut
2833 1109 2979 1166 enim
3008 1110 3100 1181 qui
3132 1110 3185 1166 in
3217 1125 3377 1182 pinna

1785 1195 2023 1267 qualibet
2050 1197 2211 1268 positi
2234 1199 2653 1270 prosperitatem
2686 1243 2700 1268 ,
2736 1214 2899 1273 quam
2954 1202 3244 1273 vigilantes
3280 1203 3378 1259 de-

1786 1288 2051 1361 siderant,
2077 1288 2217 1344 forte
2262 1288 2597 1349 somniantes
2650 1293 2853 1348 habere
2901 1310 2961 1351 se
2999 1293 3217 1359 vident,
3259 1309 3383 1350 cum

1784 1377 2151 1450 expergefacti
2181 1377 2428 1446 fuerunt,
2456 1396 2651 1437 vanum
2683 1380 2852 1439 fuisse
2876 1385 3021 1454 quod
3061 1385 3373 1439 somniave-

1785 1479 1934 1537 runt,
1966 1487 2065 1527 nec
2090 1471 2194 1526 sibi
2224 1472 2480 1544 prodesse
2530 1488 2866 1547 cognoscunt
2899 1497 2911 1533 :
2943 1479 3022 1535 sic
3065 1488 3279 1536 amator
3320 1487 3379 1534 et

1787 1563 2124 1633 conquisitor
2148 1561 2310 1646 hujus
2339 1566 2502 1631 vitm,
2556 1583 2679 1623 cum
2728 1571 2796 1625 ab
2834 1586 2897 1626 ea
2943 1570 3193 1627 discedit.
3247 1569 3385 1626 nihil

78 1675 249 1732 posse
273 1660 561 1717 dominari.
590 1660 700 1718 Sed
724 1660 769 1716 si
798 1659 933 1716 adeo
956 1668 1081 1715 sunt
1107 1659 1395 1727 animales,
1428 1670 1489 1715 ut.
1517 1660 1677 1729 nihil,
1709 1660 1760 1723 Β
1784 1651 1952 1712 fuisse
1978 1657 2121 1727 quod
2154 1657 2387 1712 transire
2411 1658 2537 1714 licet
2564 1660 2883 1719 delectando
2903 1665 3095 1734 potuit,
3126 1674 3180 1720 et
3211 1664 3386 1719 nuda-

73 1751 240 1821 juxta
267 1752 611 1824 Apostolum,
635 1751 956 1822 spiritaliter
993 1751 1291 1823 intelligere
1337 1752 1565 1821 possint,
1597 1751 1681 1807 vel

81 1845 464 1915 mqualitatem
497 1853 706 1901 naturae
740 1845 1089 1900 considerare
1116 1844 1394 1901 deberent.
1420 1844 1683 1901 Nobilita-

76 1944 196 2003 tem
232 1935 437 2006 quippe
492 1934 822 1991 mundanam
872 1949 978 1990 non
1040 1946 1259 2002 natura,
1306 1935 1401 1991 sed
1453 1935 1680 1992 ambitio

76 2026 359 2095 praestitit.
406 2024 488 2080 Ad
546 2027 812 2082 unitatem
872 2026 1072 2099 quippe
1144 2028 1673 2094 commendandam,

75 2117 196 2175 Eva
223 2118 293 2173 de
334 2117 453 2189 ipso
478 2116 651 2173 Adam
680 2116 915 2175 formata
943 2127 1050 2185 est,
1081 2126 1136 2175 et
1180 2119 1353 2175 Adam
1406 2120 1532 2176 licet
1563 2136 1678 2177 ma-

70 2208 191 2278 jor,
216 2219 401 2266 tamen
423 2218 578 2266 extra
607 2210 943 2281 paradisum,
973 2211 1063 2267 illa
1087 2212 1143 2267 in
1173 2212 1500 2283 paradisum.
1523 2211 1678 2269 Unde

76 2303 351 2372 scriptum
376 2310 503 2357 est:
541 2299 709 2356 Nemo
738 2319 804 2358 ea:
829 2304 1038 2375 regibus
1085 2302 1236 2358 aliud
1275 2304 1455 2358 habuit
1497 2306 1681 2359 nativi-

75 2395 207 2448 tatis
233 2392 465 2456 initium,
492 2402 539 2446 et
569 2410 705 2448 unus
732 2402 807 2449 est
842 2394 1081 2450 omnibus
1116 2395 1362 2449 introitus
1395 2394 1465 2449 ad
1495 2395 1675 2461 vitam,

73 2496 126 2539 et
150 2484 341 2538 similia
365 2485 535 2537 exitus
568 2482 722 2555 (Sap.
776 2499 869 2549 vn,
902 2484 978 2555 5).
1034 2484 1103 2539 Et
1128 2494 1298 2550 certe,
1331 2494 1391 2538 ut
1428 2485 1506 2538 ait
1554 2484 1680 2540 Hie-

74 2590 365 2646 ronymus,
405 2589 595 2631 omnes
634 2589 733 2645 per
770 2575 1011 2631 divinam
1050 2577 1280 2645 gratiam
1329 2577 1565 2647 aequales
1607 2578 1679 2633 ef-

72 2668 331 2731 ficimur,
374 2681 511 2737 quos
550 2667 809 2723 nativitas
858 2666 1099 2725 secunda
1152 2667 1498 2738 regeneravit
1533 2683 1547 2721 :
1583 2682 1680 2738 per

70 2774 243 2829 quam
303 2766 411 2811 tam
469 2758 665 2814 nobilis
701 2774 862 2830 quam
912 2758 1166 2830 ignobilis
1232 2758 1331 2814 Dei
1378 2759 1519 2814 filius
1568 2756 1681 2818 em-

77 2850 250 2913 citur,
300 2857 354 2905 et
399 2858 617 2907 terrena
670 2849 923 2905 nobilitas
964 2849 1247 2920 splendore
1287 2850 1522 2907 caelestis
1566 2850 1680 2922 glo-

76 2943 181 2999 riae
219 2943 599 2999 obumbratur.
648 2944 729 2998 An
790 2944 1140 3014 pauperiores
1196 2942 1469 2999 sordidius
1516 2959 1682 3015 gene-

1787 1755 1893 1811 tus,
1925 1755 1980 1802 et
1999 1747 2287 1834 desertus,
2317 1758 2372 1803 et
2399 1750 2715 1808 annullatus
2745 1754 2996 1810 addiscit.
3031 1754 3141 1811 Sed
3175 1756 3385 1811 utinam

1781 1843 1961 1899 omnis
1990 1859 2185 1914 pompa
2215 1846 2525 1901 mortalium
2554 1862 2725 1918 usque
2748 1847 2818 1901 ad
2841 1848 3053 1903 cineres
3084 1856 3139 1902 et
3166 1861 3382 1904 vermes

1782 1936 2124 1995 solummodo
2173 1942 2483 1997 evenisset!
2541 1943 2635 1998 sed
2699 1942 2999 2014 cogitemus
3053 1943 3383 2001 horrendum

1776 2029 1978 2100 iudicis
2021 2032 2280 2099 tribunal,
2305 2034 2588 2105 ardentem
2634 2033 2877 2101 ﬂuvium,
2912 2050 3128 2092 vermes
3156 2035 3249 2107 qui
3277 2049 3385 2090 non

1784 2124 2114 2192 morientur,
2150 2125 2303 2198 ignes
2330 2128 2612 2199 gehennm,
2642 2128 2800 2183 ﬂetus
2827 2136 2881 2182 et
2919 2129 3207 2184 stridorem
3257 2129 3387 2184 den-

1784 2218 1943 2285 tium,
1976 2227 2032 2274 et
2059 2233 2172 2290 pne
2223 2218 2395 2275 oculis
2444 2219 2743 2274 habeamus
2787 2222 2941 2287 quasi
2978 2218 3093 2288 jam
3152 2220 3221 2275 ad
3264 2221 3381 2277 haec

1785 2319 2004 2365 ventum
2059 2311 2173 2375 sit,
2249 2312 2698 2382 pertimescamus
2754 2312 2909 2382 quasi
2953 2309 3065 2382 jam
3104 2328 3378 2383 praesens,

1784 2392 1928 2469 quod
1960 2402 2060 2457 etsi
2100 2404 2297 2469 tardet,
2328 2401 2568 2457 futurum
2600 2412 2684 2458 est
2716 2411 2921 2477 tamen.
2950 2402 3142 2460 Adhuc
3194 2413 3380 2460 autem

1785 2506 1948 2561 super
1980 2494 2065 2549 his
2111 2510 2232 2564 quae
2282 2494 2519 2550 diximus
2574 2506 2658 2549 est
2708 2495 2879 2551 umlto
2922 2496 3142 2569 gravius
3182 2497 3383 2551 malum

1785 2583 1999 2638 excludi
2054 2600 2082 2638 a
2138 2587 2466 2655 perennibus
2520 2586 2715 2648 bonis.
2746 2602 2867 2658 qua:
2915 2596 3215 2660 praeparata
3260 2596 3386 2643 sunt

1784 2675 2011 2731 sanctis.
2060 2675 2262 2733 Omnes
2309 2678 2457 2734 enim
2507 2691 2725 2750 superat
2763 2680 3072 2746 cruciatus,
3121 2680 3386 2736 removeri

1784 2767 1852 2835 ab
1882 2766 1970 2821 illa
2001 2767 2192 2838 gloria.
2223 2785 2384 2838 quam
2414 2770 2671 2827 habueris
2721 2771 2774 2831 in
2824 2780 3097 2845 potestate
3134 2771 3379 2837 fruendi,

1784 2860 2023 2916 maxime
2052 2877 2082 2915 a
2110 2866 2402 2933 censpectu
2437 2862 2637 2919 Christi
2680 2863 2828 2919 foras
2856 2862 2977 2932 ejici
3008 2904 3023 2930 ,
3071 2879 3193 2918 cum
3226 2864 3378 2919 video

1787 2953 1956 3008 rimus
1987 2952 2121 3008 alios
2167 2954 2376 3020 etiam,
2416 2970 2540 3010 cum
2587 2956 2784 3027 quibus
2828 2957 2971 3012 hanc
3027 2957 3188 3011 vitam
3237 2956 3388 3011 duci-

78 3044 294 3099 rantur,
325 3052 447 3091 cum
498 3045 553 3092 et
599 3036 768 3091 David
813 3035 1021 3107 plangit
1063 3049 1121 3090 se
1172 3034 1225 3089 in
1271 3035 1511 3105 peccatis
1542 3052 1677 3091 con-
1704 3028 1755 3094 C
1785 3058 1930 3110 mus,
1977 3044 2291 3099 intromitti.
2342 3045 2517 3101 Crede
2562 3046 2695 3101 mihi
2723 3087 2738 3113 ,
2783 3055 2844 3101 ut
2903 3048 2955 3101 in
3010 3048 3382 3118 increpatione

74 3128 340 3200 ceptum?
396 3127 480 3182 An
532 3126 756 3182 nitidius
809 3133 1199 3198 regenerantur
1247 3125 1497 3193 nobiles,
1548 3141 1672 3182 cum

66 3220 235 3290 juxta
256 3216 516 3275 Iacobum
542 3229 808 3287 pauperes
832 3215 995 3287 elegit
1026 3215 1190 3281 Deus,
1224 3214 1420 3270 divites
1446 3215 1499 3270 in
1526 3213 1675 3270 fide?

81 3312 189 3369 Job
215 3310 580 3382 aequalitatem
606 3308 889 3381 pensabat,
920 3307 1012 3378 qui
1049 3323 1158 3363 non
1192 3308 1521 3378 contempsit
1549 3307 1675 3364 sub.

72 3403 159 3459 ire
186 3401 447 3474 judicium
475 3415 601 3456 cum
624 3414 784 3456 servo
809 3415 930 3465 suo,
958 3399 1087 3456 licet
1112 3408 1256 3455 esset
1285 3415 1401 3455 rex.
1429 3399 1492 3453 Et
1518 3400 1672 3454 dom-

71 3508 186 3548 nus
212 3490 500 3556 Martinus,
525 3490 619 3561 qui
643 3490 718 3545 ita
747 3505 905 3546 servo
930 3504 1029 3545 suo
1049 3504 1210 3546 versa
1230 3490 1348 3546 vice
1377 3489 1672 3556 serviebat,

70 3596 137 3642 ut
158 3585 280 3656 ejus
302 3584 665 3643 calceamenta
693 3584 1019 3654 detergeret.
1045 3583 1387 3655 Esau,quem
1419 3584 1676 3639 Dominus

70 3677 205 3733 odio
231 3676 462 3740 habuit,
493 3691 616 3732 cum
666 3676 1080 3756 quadringentis
1122 3676 1257 3732 viris
1303 3677 1671 3748 gradiebatur.

71 3770 271 3836 Iacob,
308 3786 469 3841 quem
493 3769 680 3842 elegit,
704 3770 755 3824 in
786 3769 978 3826 baculo
1001 3785 1099 3827 suo
1119 3768 1409 3827 Iordanem
1436 3770 1671 3826 transiit.

73 3861 282 3919 Omnes
329 3864 495 3919 libros
535 3863 923 3934 antiquitatum
971 3864 1294 3929 considera,
1344 3867 1677 3936 potentiores

69 3970 296 4026 semper
322 3956 565 4013 invenies
594 3955 825 4026 pejores.
853 3955 986 4011 Nam
1016 3998 1031 4023 ,
1062 3966 1120 4013 ut
1145 3958 1248 4013 hoc
1279 3958 1513 4015 inferam
1535 3999 1551 4024 ,
1582 3975 1675 4017 su-

71 4047 304 4103 doribus
332 4062 628 4119 pauperum
656 4044 997 4119 praeparatur
1028 4048 1171 4117 unde
1197 4050 1534 4120 potentiores
1583 4064 1671 4105 sa-

70 4141 360 4211 ginantur.
395 4140 586 4196 Vestes
617 4139 751 4204 illae,
776 4149 831 4196 et
868 4140 1117 4197 histriata
1168 4141 1400 4196 tentoria
1424 4182 1440 4207 ,
1483 4141 1577 4197 sed
1623 4151 1678 4223 et

71 4232 281 4288 exotici
305 4233 413 4287 cibi
440 4249 571 4288 num
593 4232 977 4303 pauperiorum
1001 4232 1256 4288 manibus
1279 4234 1678 4304 preparantur?

70 4324 133 4382 Si
158 4339 430 4399 quavero
451 4314 805 4397 pulchritudo
824 4325 876 4399 in
903 4326 984 4382 eis
1008 4333 1113 4391 est,
1147 4333 1243 4380 aut
1267 4326 1510 4381 suavitas
1537 4366 1550 4390 ,
1583 4341 1666 4380 ar-

70 4416 259 4473 tiﬁces
279 4398 538 4471 laudandi
566 4424 718 4481 sunt,
748 4426 808 4471 ut
835 4398 1056 4473 Boetius
1082 4415 1234 4481 dicit,
1264 4424 1318 4472 et
1346 4430 1453 4471 non
1499 4416 1552 4471 hi
1581 4418 1674 4486 qui

63 4511 156 4567 eis
191 4517 456 4565 utuntur:
486 4508 579 4579 qui
629 4523 753 4563 cum
793 4507 1132 4564 emendicata
1187 4507 1256 4565 ab
1300 4507 1669 4564 exterioribus

69 4599 252 4656 rebus
277 4597 506 4655 veritate
535 4599 782 4654 decorari
813 4599 1055 4671 gestiunt
1080 4638 1096 4664 ,
1124 4598 1400 4670 propriam
1429 4587 1533 4655 sibi
1559 4614 1667 4657 non

64 4689 330 4747 sufﬁcere
348 4691 603 4760 produnt.
628 4690 780 4746 Unde
809 4689 1196 4763 Hieronymus:
1215 4689 1500 4749 Oll‘endere
1524 4693 1675 4751 timet

64 4790 250 4845 odore
273 4787 492 4857 preprio
518 4788 611 4856 qui
655 4787 873 4857 placere
895 4787 1091 4857 quatrit
1121 4787 1320 4844 alieno.
1355 4786 1462 4843 Sed
1496 4789 1551 4846 hi
1580 4788 1673 4860 qui

62 4880 465 4952 amplexantur
494 4890 712 4943 ventos,
737 4886 792 4931 et
829 4878 1111 4934 confidunt
1152 4878 1209 4934 in
1248 4876 1449 4945 nihili,
1484 4877 1677 4937 memi-

68 4974 227 5030 nisse
254 4970 451 5026 debent
473 4972 615 5041 quia,
654 4970 809 5040 juxta
841 4968 965 5037 Job,
1003 4969 1222 5026 divitias
1259 4984 1396 5040 quas
1444 4970 1675 5028 devora-

66 5072 275 5119 verunt
310 5072 579 5127 evoment,
608 5061 760 5117 etde
804 5071 996 5117 ventre
1044 5076 1233 5116 eorum
1280 5062 1534 5121 extrahet
1580 5077 1676 5118 eas

67 5159 242 5221 Deus,
272 5161 333 5209 et
365 5151 411 5207 si
447 5154 705 5211 duxerint
743 5152 797 5205 in
827 5152 982 5208 bonis
1020 5152 1136 5208 dies
1167 5168 1296 5208 suos
1319 5192 1334 5217 ,
1384 5153 1437 5207 in
1466 5163 1673 5227 puncto

67 5249 139 5303 ad
170 5244 397 5302 inferna
444 5245 797 5303 descendent.
845 5244 905 5300 In
955 5255 1159 5317 puncto
1203 5244 1496 5315 videlicet,
1543 5245 1672 5319 quia

64 5341 217 5396 sicut
242 5335 423 5400 stylns
450 5338 570 5394 dum
599 5337 825 5400 ponitur
851 5337 1114 5400 elevatur,
1158 5341 1238 5396 sic
1279 5338 1498 5400 iniquus
1521 5340 1673 5396 dives

1779 3134 1919 3208 lapsi
1967 3137 2206 3203 dicitur,
2258 3139 2359 3194 hoc
2413 3148 2497 3195 est
2545 3141 2690 3211 quod
2753 3141 3056 3210 gehennam
3118 3153 3387 3213 superat,

1779 3230 1924 3301 quod
1952 3232 2204 3289 omnibus
2266 3233 2446 3302 pinnis
2501 3234 2723 3305 gravius
2776 3243 3011 3306 torquet.
3065 3234 3286 3301 Demus,
3336 3235 3384 3290 si

1772 3322 1998 3393 placet,
2039 3324 2109 3379 ad
2141 3321 2434 3380 fruendum
2476 3325 2687 3381 deliciis
2731 3337 2950 3383 centum
2997 3340 3172 3387 annos
3197 3368 3211 3393 ,
3254 3330 3385 3384 etsi

1780 3412 1980 3480 mavis,
2011 3413 2195 3469 decies
2226 3424 2455 3470 tantum.
2492 3415 2597 3471 Sed
2625 3433 2745 3488 qua:
2783 3418 2887 3472 erit
2911 3434 2976 3473 ex
3002 3419 3087 3473 his
3120 3434 3382 3489 compen-

1781 3505 1921 3560 satio
1956 3504 2023 3561 ad
2059 3508 2421 3561 :eternitatem
2448 3508 2472 3561 ἲ
2500 3508 2606 3563 Sed
2632 3510 2723 3579 qui
2754 3509 2806 3564 in
2831 3511 2912 3564 eis
2941 3511 3277 3578 passibiliter
3299 3512 3376 3565 in—

1781 3598 1992 3669 haerent
2014 3596 2248 3655 delirare
2282 3615 2380 3654 nos
2415 3601 2646 3655 credunt
2699 3602 2952 3656 Attamen
2977 3602 3230 3674 ignorare
3266 3618 3375 3660 non

1766 3676 2029 3759 possunt,
2065 3690 2189 3758 quia
2225 3688 2431 3745 delicia!
2456 3690 2674 3762 quidem
2701 3693 2848 3748 velut
2869 3696 3059 3749 umbra
3092 3705 3375 3766 pertrans-

1778 3794 1930 3847 eunt,
1978 3794 2035 3837 et
2077 3781 2336 3837 velociter
2395 3782 2652 3854 fugiunt,
2700 3799 2877 3855 paenae
2931 3800 3062 3841 vero
3116 3797 3384 3858 perpetuo

1782 3884 2026 3931 manent.
2068 3875 2220 3944 Quod
2271 3877 2313 3931 si
2353 3876 2561 3946 :equale
2609 3887 2819 3948 tempus
2857 3886 2912 3933 et
2959 3878 3098 3933 idem
3149 3880 3383 3950 spatium

1780 3978 1947 4035 esset,
1980 3983 2116 4039 pene
2144 3978 2295 4024 esset
2329 3968 2527 4040 aliquis
2564 3968 2638 4022 ita
2664 3969 2879 4029 stultus,
2919 3977 2974 4024 et
3022 3969 3093 4023 ita
3125 3968 3376 4035 demens,

1781 4072 1842 4116 ut
1874 4062 2099 4132 eligeret
2130 4077 2228 4132 pro
2255 4076 2362 4115 uno
2393 4061 2480 4117 die
2510 4061 2831 4117 deliciarum
2876 4077 3041 4116 unum
3075 4063 3216 4118 diem
3264 4076 3381 4134 pue-

1783 4168 1996 4217 narum,
2027 4168 2149 4208 cum
2204 4152 2375 4207 soleat
2406 4152 2561 4208 dolor
2615 4153 2775 4208 unius
2829 4155 3013 4215 horae,
3051 4164 3105 4209 et
3157 4156 3387 4226 quilibet

1781 4243 2026 4312 corporis
2088 4242 2399 4304 cruciatus,
2460 4242 2511 4296 in
2565 4242 2893 4298 oblivionem
2948 4245 3166 4300 mittere
3224 4240 3388 4304 omne

1782 4335 2112 4409 praeteritum
2143 4344 2352 4406 tempus
2380 4335 2655 4407 voluptate
2688 4346 3045 4394 transactum.
3095 4338 3209 4395 Hoc
3237 4341 3382 4396 enim

1784 4429 2021 4501 providit
2050 4430 2213 4495 Deus,
2244 4437 2301 4483 ut
2330 4429 2443 4484 haec
2470 4430 2581 4484 vita
2613 4429 2818 4486 laboris
2840 4432 3061 4503 quidem
3088 4442 3255 4500 esset,
3288 4436 3385 4489 sed

1788 4532 1966 4577 tamen
2009 4522 2124 4592 ipsa
2166 4521 2347 4577 brevis
2396 4524 2528 4589 vita,
2578 4532 2637 4577 ut
2685 4522 2901 4581 labores
2948 4526 3057 4583 cito
3101 4524 3383 4592 finiantur,

1783 4612 2102 4669 meritorum
2133 4614 2353 4682 praemia
2393 4613 2512 4670 sine
2551 4613 2657 4667 [ine
2698 4613 2939 4681 durent,
2980 4627 3037 4671 ut
3079 4617 3170 4686 qui
3214 4616 3385 4671 Deum

1783 4701 1964 4765 timet,
1995 4701 2138 4757 sicut
2163 4703 2425 4772 scriptum
2456 4713 2563 4770 est,
2589 4703 2698 4757 cito
2721 4702 2794 4758 sit
2817 4719 3078 4772 securus;
3113 4706 3387 4761 temerarii

1787 4808 1917 4851 vero
1945 4795 2269 4866 voluptates,
2297 4810 2437 4866 quas
2461 4796 2511 4853 ei
2551 4806 2904 4867 praeponunt,
2944 4796 3200 4852 velociter
3225 4796 3389 4852 amit-

1787 4893 1925 4953 tant,
1954 4895 2007 4942 et
2032 4887 2358 4952 mercedem,
2390 4902 2553 4959 quam
2580 4894 2820 4958 oportet,
2849 4886 3184 4943 aeternaliter
3211 4887 3396 4943 incur.

1787 4988 1928 5033 rant.
1982 4977 2098 5037 Non
2129 4978 2294 5049 igitur
2323 4976 2594 5048 eligamus
2643 4976 2787 5030 inter
2832 4974 3062 5034 fallaces
3093 4962 3401 5044 voluptates

1784 5069 2124 5139 quasinnius
2145 5069 2292 5124 horae
2315 5068 2640 5127 delectabile
2658 5068 2937 5125 somnium
2965 5070 3147 5126 videre
3162 5107 3178 5132 ,
3205 5083 3271 5121 ne
3298 5086 3402 5128 nos

1782 5162 2061 5232 contingat
2116 5160 2258 5216 inter
2304 5173 2461 5220 veras
2508 5156 2763 5218 miserias
2815 5166 3057 5218 aeternos
3122 5157 3400 5218 cruciatus

1780 5252 1986 5308 subire.

1851 5344 2070 5400 XXXII.
2101 5346 2489 5400 lnsinuandum
2528 5345 2701 5400 igitur
2726 5342 2808 5400 eis
2836 5358 2930 5400 est
2961 5359 3021 5400 ut
3045 5353 3201 5400 caute
3220 5350 3412 5400 consi—
