3934 5400
565 266 672 326 διδ
710 230 719 239 ’

1555 266 1621 321 s.
1661 263 1914 320 ODONIS
1948 263 2242 321 seems
2278 264 2780 324 CLUNIACENSIS
2812 267 2856 323 ιι
3683 278 3753 335 οη

563 386 896 455 exaggerent
919 377 1061 433 bona
1089 374 1233 433 illius
1256 374 1544 446 largitatis.
1601 370 1956 430 Considerent
1990 390 2152 446 quam
2183 382 2229 441 Α
2258 377 2389 433 stria
2414 377 2641 433 salutem
2657 378 2996 448 persuadere
3015 386 3215 449 posset.
3255 379 3367 437 Hoc
3389 397 3542 438 unum
3566 392 3612 439 et
3633 387 3755 446 solum

565 473 810 531 districta
840 469 1001 535 mala,
1030 485 1192 539 quam
1222 468 1492 525 subtiliter
1518 468 1658 525 bona
1684 467 1960 535 discutiat,
1990 483 2152 539 quam

563 567 844 624 districtus
892 572 1080 620 contra
1130 563 1246 620 hcce
1290 571 1521 634 utraque
1549 562 1749 618 veniet.
1799 560 2064 618 Versetur
2096 563 2153 618 in

561 664 746 714 mente
771 663 1007 727 quantus
1042 652 1131 708 ille
1176 652 1248 710 sit
1292 652 1426 707 tanti
1466 649 1657 721 judicii
1687 650 1982 719 adventus,
2031 667 2153 722 quae

563 755 692 807 tunc
738 746 827 801 illa
876 745 950 802 sit
998 744 1277 800 hominum
1326 742 1750 815 angelorumque
1799 742 2148 815 frequentia,

561 848 763 912 quanta
803 837 893 893 illa
932 836 1005 892 sit
1029 834 1356 892 verecundia
1403 835 1458 890 in
1508 843 1806 905 conspectu
1856 835 2021 891 totius
2051 835 2152 891 hu-

562 931 710 989 mani
740 930 974 1003 generis,
1005 927 1358 999 omniumque
1394 926 1710 998 angelorum
1753 935 1809 983 et
1848 927 2152 998 archange-

488 1064 495 1083 ς
561 1023 738 1081 lorum
767 1020 1053 1086 confundi;
1086 1028 1287 1091 quanta
1314 1019 1367 1074 vi
1394 1026 1583 1074 contra
1615 1019 1878 1090 reprobos
1906 1018 2153 1075 ardentia

561 1121 802 1188 pugnent
827 1112 1126 1179 elementa,
1171 1120 1226 1166 et
1269 1110 1383 1182 ipse
1420 1108 1617 1179 judex,
1644 1110 1733 1165 cui
1761 1126 2011 1183 superna:
2037 1112 2152 1167 vir-

484 1228 496 1275 ;
561 1214 703 1262 tntes
730 1205 1126 1275 obsequuntur,
1153 1210 1357 1273 quanta
1383 1201 1437 1257 vi
1470 1201 1735 1261 universae
1765 1200 2154 1274 magnitudinis

490 1312 507 1336 λ
560 1295 807 1354 cordium
856 1302 1069 1351 secreta
1116 1290 1423 1357 illuminet',
1474 1299 1531 1346 et
1574 1305 1764 1347 omnes
1805 1291 1992 1362 culpas
2026 1300 2152 1349 ante

500 1374 508 1415 ί
562 1388 806 1445 omnium
833 1385 1021 1442 oculos
1048 1383 1348 1441 reduxerit.
1390 1383 1676 1440 Postremo
1700 1398 1864 1455 quam
1892 1382 2153 1441 terribilis

562 1481 652 1540 illa
680 1481 948 1540 sententia
975 1479 1222 1551 prodeat,
1253 1494 1359 1549 qua
1391 1477 1609 1550 reprobi
1637 1475 2059 1543 damnabantur,
2095 1485 2155 1532 et

560 1592 681 1650 qua:
727 1577 837 1633 sint
881 1576 1143 1647 gebenna:
1185 1586 1362 1645 paena:
1402 1586 1524 1627 cum
1571 1569 1725 1643 gravi
1771 1569 2150 1626 amaritudinis

555 1670 890 1728 obscuritate
914 1674 1173 1740 pensent,
1202 1665 1295 1737 qui
1324 1672 1448 1736 post
1471 1661 1846 1720 confusionem
1873 1662 2149 1719 cruciatus

557 1767 809 1827 maneat,
849 1731 974 1815 cuin
1012 1764 1197 1813 reatus
1224 1754 1467 1810 animum
1499 1753 1879 1809 immortaliter
1904 1752 2143 1809 morien-
2178 1731 2227 1793 Β

555 1862 665 1912 tem
712 1861 769 1911 et
814 1853 1061 1925 gehenna
1091 1863 1314 1905 carnem
1345 1845 1744 1902 indellcientem
1794 1860 2143 1902 consumma-

554 1946 697 2002 verit
727 1944 1093 2001 deiicientem.
1147 1940 1295 1996 Inter
1325 1939 1441 1994 haec
1469 1951 1623 1993 mens
1648 1937 1716 1992 ad
1749 1951 1809 1993 se
1846 1938 2145 2009 respiciat,

555 2046 613 2094 et
638 2035 788 2092 illine
814 2032 1213 2090 districtionem
1252 2031 1501 2103 iustitiae,
1542 2031 1672 2086 hinc
1698 2030 1953 2085 meritum
1982 2036 2151 2100 ponat

554 2129 748 2201 culpa},
793 2136 849 2184 et
890 2126 1191 2198 periturum
1236 2138 1296 2180 se
1338 2124 1502 2179 homo
1528 2121 1734 2193 absque
1766 2122 1945 2192 aliqua
1972 2120 2148 2177 ambi-

555 2223 762 2294 guitate
785 2228 1103 2293 pernoscat,
1144 2217 1189 2273 si
1220 2226 1429 2273 remota
1458 2216 1663 2286 pietate
1684 2215 1977 2286 iudicetur.
2005 2212 2149 2297 Con-

553 2324 801 2375 vertatur
823 2315 891 2371 ad
918 2313 1294 2387 paenitentiam
1318 2352 1332 2378 ,
1368 2320 1427 2366 ut
1454 2326 1553 2383 pro
1580 2311 1747 2367 certis
1772 2310 1946 2382 culpis
1970 2311 2146 2381 pietas

554 2409 605 2465 ei
633 2409 793 2471 adsit,
823 2412 947 2478 quas
966 2420 1067 2478 per
1088 2404 1326 2460 lamenta
1356 2402 1644 2473 praesentia
1671 2416 1866 2456 eruere
1893 2401 1961 2455 ab
1989 2409 2148 2456 arter-

553 2515 625 2557 na
655 2514 816 2571 pretia
843 2496 1147 2563 consuevit,
1173 2505 1229 2551 et
1254 2510 1376 2567 quae
1398 2495 1567 2549 vitam
1596 2500 1838 2549 nostram
1868 2493 1949 2548 sic
1985 2493 2053 2547 ad
2088 2508 2147 2549 se

553 2604 875 2647 conversam
902 2586 1148 2657 judicat,
1196 2594 1258 2640 ut
1305 2594 1486 2640 tamen
1517 2583 1704 2656 culpas
1747 2584 1889 2654 apud
1930 2584 2147 2639 miseri-

550 2681 771 2738 cordem
792 2685 1034 2736 excuset.
1059 2676 1251 2731 Libeat
1274 2673 1404 2731 ﬂere
1424 2674 1717 2730 salubriter
1737 2673 1879 2743 quod
1902 2673 2147 2729 dellenda

546 2773 890 2850 iucunditate
925 2770 1276 2828 commissum
1303 2777 1406 2825 est.
1457 2767 1611 2822 Licet
1635 2766 1781 2821 enim
1809 2766 2147 2823 conscientia

552 2867 753 2924 dudum
790 2865 863 2922 sit
898 2863 1136 2935 polluta,
1181 2860 1441 2933 lacrymis
1469 2867 1651 2915 tamen
1682 2859 1957 2929 baptizata
1988 2874 2149 2914 reno-

549 2971 731 3018 vatur.
783 2959 922 3015 Hinc
952 2958 1215 3029 scriptum
1255 2962 1383 3011 est:
1421 2953 1685 3017 Dominus
1715 2950 1977 3022 judicabit
2013 2952 2146 3021 ﬁnes

551 3062 705 3108 terra:
733 3049 907 3123 (Psal.
937 3065 1017 3116 ix,
1043 3048 1122 3121 9),
1170 3048 1297 3118 quia
1339 3045 1599 3101 nimirum
1639 3052 1947 3100 anteactam
1977 3043 2144 3099 vitam

552 3143 817 3201 Dominus
845 3157 952 3197 non
986 3139 1227 3212 judicat,
1264 3138 1482 3209 quando
1510 3137 1812 3208 posteriora
1841 3137 2148 3207 peccatoris

550 3249 718 3306 opera
745 3242 995 3304 respectu
1022 3246 1276 3303 superna:
1301 3229 1519 3301 pietatis
1545 3228 1802 3284 illustrat.
1836 3228 1977 3285 Hinc
2000 3228 2149 3301 Moy-

553 3342 673 3384 ses:
699 3323 1057 3396 Primogenita
1086 3323 1224 3377 asini
1250 3320 1479 3376 mutabts
1506 3319 2145 3393 oue(E:rod.xxx1v,20),

552 3419 609 3476 id
638 3426 754 3484 est,
787 3415 1078 3472 immundae
1104 3415 1226 3469 vita:
1252 3411 1548 3484 primordia
1579 3411 1635 3466 in
1661 3409 1986 3467 innocentiae
2017 3412 2150 3467 sim-

546 3511 847 3586 plicitatem
873 3518 1148 3564 converte.
1192 3505 1331 3561 Hinc
1364 3520 1552 3560 rursus
1583 3504 1821 3561 dicitur:
1865 3505 1932 3560 Et
1971 3506 2148 3561 lumen

549 3606 665 3678 ejus
694 3619 851 3675 super
879 3602 1128 3658 terminos
1158 3609 1311 3655 terra:
1342 3598 1463 3666 (Job
1491 3613 1699 3663 xxxv",
1728 3597 1805 3668 ὅ),
1845 3597 1975 3668 quia
2000 3597 2148 3653 vide-

549 3699 683 3756 licet
708 3704 988 3770 peccator,
1027 3695 1120 3764 qui
1158 3693 1356 3748 merito
1385 3701 1532 3746 terra
1560 3690 1886 3763 appellatur,
1935 3690 1981 3745 si
2026 3698 2149 3761 post

550 3807 718 3867 prava
748 3805 913 3862 opera
943 3789 1011 3843 ad
1032 3786 1180 3857 justa
1207 3784 1571 3850 convertitur,
1612 3784 1682 3839 ab
1720 3783 1993 3838 actionum
2020 3797 2149 3839 sua-

550 3902 675 3943 rum
707 3883 949 3941 tenebris
974 3880 1158 3936 divino
1196 3878 1401 3934 lumine
1436 3884 1741 3947 separatur.
1793 3876 1934 3931 llinc
1962 3875 2147 3932 Domi-

549 3993 654 4035 nus
691 3978 758 4033 ad
796 3975 1051 4031 amictum
1079 3969 1216 4028 Job:
1256 3967 1513 4037 Nunquid
1548 3969 1622 4053 in.
1641 3967 1936 4021 novissimis
1971 3967 2145 4037 abyssi

550 4067 938 4125 deambulasti?
959 4064 1080 4138 (Job
1106 4077 1337 4126 xxxviii,
1369 4061 1482 4132 I6.)
1512 4058 1757 4132 Abyssus
1789 4066 1874 4113 est
1909 4057 2146 4114 humana

552 4176 707 4219 mens
732 4159 987 4216 ﬂuctibus
1016 4158 1271 4213 vitiorum
1303 4156 1612 4222 tenebrosa,
1642 4168 1764 4226 quae
1792 4154 1919 4209 dum
1947 4161 2147 4210 semet-

552 4253 728 4324 ipsam
757 4252 1223 4324 comprehendere
1253 4265 1360 4305 non
1391 4248 1555 4314 valet,
1585 4261 1708 4304 sese
1733 4246 1882 4303 velut
1911 4247 2144 4304 obscura

553 4348 783 4420 abyssus
812 4346 964 4401 latet.
1006 4344 1064 4399 In
1093 4343 1407 4399 novissimis
1433 4340 1617 4414 abyssi
1645 4340 2025 4408 deambulare,
2063 4348 2147 4396 est

551 4438 1008 4510 nequissimorum
1038 4436 1318 4493 hominum
1359 4442 1570 4489 mentes
1599 4432 1737 4488 mira
1768 4431 2142 4488 misericordia
2170 4463 2223 4526 Β

546 4528 703 4601 juxta
735 4529 1024 4587 terminum
1053 4535 1405 4591 convertere,
1444 4540 1662 4597 pressos
1692 4524 1988 4581 sceleribus
2013 4523 2145 4579 visi-

551 4633 672 4680 tare
691 4663 708 4689 ,
741 4621 856 4693 jam
886 4620 1204 4691 desperatos
1232 4626 1567 4690 permutare.
1624 4616 1706 4671 Ad
1735 4616 1878 4672 hanc
1906 4630 2145 4686 namque

551 4712 725 4769 David
769 4698 1353 4782 atque‘Peti-nsulapsi
1403 4706 1754 4771 referuntur,
1805 4714 1866 4760 ut
1910 4721 2142 4776 quorum

558 4803 719 4860 dictis
776 4816 1004 4873 peccare
1056 4801 1456 4872 prohibemur,
1520 4812 1710 4852 eorum
1770 4799 2036 4871 exemplis
2095 4799 2145 4855 si

555 4893 968 4965 peccaverimus
1022 4894 1088 4946 ait
1142 4907 1290 4961 spem
1345 4890 1517 4946 veniae
1579 4887 1929 4959 rcSpiremus.
2006 4888 2141 4946 Nam

510 5050 513 5053 _
556 4985 683 5055 quis
728 4987 794 5040 de
833 4984 993 5040 venia
1033 4984 1146 5053 jam
1195 4984 1238 5037 si
1284 4983 1548 5053 poeniteat
1589 4982 1881 5053 desperet,
1928 4982 2143 5052 quando

555 5073 751 5129 Petrus
777 5075 951 5145 ipsum
977 5072 1253 5128 Simonem
1275 5072 1490 5144 Magum
1517 5074 1584 5128 ad
1611 5072 1989 5145 paenitentiam
2014 5071 2143 5128 bor-

554 5163 747 5216 tatur?
1300 5158 1307 5165 ’

629 5252 869 5308 XXXIII.
907 5252 1039 5309 Illud
1082 5262 1343 5324 praeterea
1382 5253 1689 5311 nullatenus
1733 5257 1914 5311 animo
1955 5254 2141 5312 absce-

558 5342 691 5400 dat.
743 5342 885 5400 quod
918 5343 1031 5397 sive
1067 5343 1345 5400 patiantur
1370 5346 1595 5400 verbum
1640 5346 1847 5400 inimici
1893 5347 2043 5400 bacis
2088 5356 2143 5400 et

2254 471 2399 541 quod
2431 478 2644 541 poterat
2674 481 2933 541 praestare
2960 472 3251 538 nitebatur,
3288 490 3408 527 nam
3434 474 3757 547 lacrymabatur

2254 569 2309 617 et
2334 562 2600 616 orationis
2624 576 2781 631 opem
2822 561 3144 629 adhibebat,
3185 561 3422 629 Fratres,
3452 567 3680 637 inquit-ns,
3700 590 3760 626 ro-

2254 652 2433 709 luntas
2464 653 2636 708 cordis
2667 655 2789 718 mei,
2821 663 2869 709 et
2896 655 3185 709 obsecratio
3219 657 3288 710 ad
3319 656 3481 712 Deum
3508 658 3561 727 ﬁt
3590 678 3666 731 pro
3688 665 3760 720 illi:

2254 746 2326 800 ad
2351 744 2574 800 salutem
2605 744 2783 817 (Rom.
2814 761 2872 812 κ,
2901 745 2975 817 l).
3029 745 3145 802 Non
3190 747 3370 819 itaque
3398 764 3495 803 nos
3517 761 3759 820 pnetercat.

2253 837 2398 907 quod
2425 833 2675 894 inimicos
2700 837 2946 908 exemplo
2974 835 3092 907 ejus
3118 839 3343 912 diligere
3369 842 3651 909 debeamus,
3672 848 3761 902 etsi

2254 946 2364 987 non
2395 929 2573 988 simus.
2595 930 2751 996 tales,
2783 939 2844 986 ut
2866 930 3021 1003 jtixta
3051 931 3369 1003 Apostolum
3400 934 3625 1005 rapinam
3646 937 3761 993 bono-

2255 1036 2377 1076 rum
2405 1029 2713 1077 nostrorum
2744 1036 2867 1076 cum
2898 1021 3097 1092 gaudio
3122 1023 3499 1094 suscipiamus,
3538 1025 3613 1081 vel
3647 1027 3762 1086 simul

2256 1114 2388 1171 tales
2436 1114 2529 1186 qui
2577 1116 3034 1187 persequentibus
3077 1131 3178 1172 nos
3224 1118 3617 1175 benedieamus.
3659 1122 3762 1189 ριιοά

2254 1207 2472 1277 quidem
2518 1208 2713 1263 durum
2765 1207 3016 1280 superbis
3060 1209 3295 1265 videtur.
3360 1208 3603 1267 Christus
3641 1215 3764 1269 dicit:

2256 1297 2439 1362 Pater,
2468 1298 2674 1354 dimitte
2701 1298 2824 1362 illis,
2865 1299 2990 1371 quia
3025 1301 3264 1355 nesciunt
3298 1302 3427 1373 quid
3454 1301 3637 1371 faciunt
3661 1303 3763 1374 (Lac.

2253 1408 2412 1458 xxm,
2441 1391 2551 1464 54).
2591 1391 2901 1463 Stephanus
2938 1392 3111 1449 dicit:
3145 1392 3386 1460 Domine,
3419 1411 3483 1449 ne
3506 1404 3681 1450 statuas
3698 1397 3767 1451 illis

2253 1484 2351 1539 hoc
2395 1493 2665 1554 peccatum
2695 1481 2835 1555 (Act.
2861 1499 2972 1550 vti,
2998 1482 3113 1554 59).
3170 1483 3373 1540 Paulus
3426 1484 3542 1540 ait:
3577 1483 3768 1544 Oblatas

2252 1573 2537 1629 anathema
2573 1589 2686 1629 esse
2727 1589 2821 1645 ego
2866 1574 2975 1644 ipse
3006 1591 3040 1628 a
3067 1571 3277 1629 Christo
3306 1591 3405 1646 pro
3435 1575 3665 1646 fratribus
3686 1580 3770 1630 nisi:

2250 1666 2342 1737 qui
2371 1674 2491 1721 sunt
2518 1664 2727 1736 cognati
2755 1665 2856 1721 mei
2882 1666 3166 1720 secundum
3202 1682 3418 1721 carnem
3452 1665 3769 1738 (Rom.tt,3).

2251 1757 2466 1830 Moyses
2492 1757 2625 1813 dicit
2649 1774 2663 1811 :
2699 1757 2761 1813 Si
2787 1757 3007 1812 dimittis
3035 1757 3142 1813 illis
3165 1769 3466 1828 peccatum,
3493 1759 3667 1812 dimitte
3684 1773 3700 1810 :
3717 1760 3771 1814 sis

2252 1861 2452 1915 autem,
2498 1859 2548 1905 et
2594 1865 2675 1904 me
2719 1848 2834 1904 dele
2877 1849 2943 1904 de
2986 1848 3119 1904 libro
3162 1867 3315 1921 quem
3351 1851 3606 1920 scripsisti
3627 1850 3770 1922 (Exod.

2251 1958 2428 2005 xxx",
2456 1943 2546 2008 5|,
2574 1940 2688 2013 52).
2722 1942 2893 1998 David
2920 1942 3068 1997 enim
3099 1943 3174 1997 ait
3202 1961 3216 1997 :
3262 1941 3516 1999 Vertatur
3539 1961 3695 1998 manus
3712 1954 3771 1997 tu

2251 2051 2411 2105 super
2435 2050 2517 2089 me
2565 2043 2614 2089 et
2656 2050 2812 2105 super
2855 2034 3068 2089 domum
3096 2037 3263 2106 patris
3290 2038 3398 2092 mei
3430 2036 3519 2109 (11
3544 2036 3771 2107 Regna,

2252 2125 2365 2198 17).
2401 2124 2621 2181 Samuel
2641 2124 2756 2179 ait:
2787 2123 2919 2180 Mitti
2945 2126 3076 2180 absit
3099 2143 3313 2197 peccare
3337 2128 3698 2184 intermittenda
3713 2142 3774 2199 pro

2251 2217 2393 2274 vobis
2422 2217 2592 2272 Deum
2624 2234 2777 2273 orare
2806 2216 2857 2289 (1
2888 2217 3017 2289 Reg.
3043 2235 3138 2283 χιι,
3169 2218 3284 2291 25).
3341 2220 3524 2288 Quam
3562 2222 3698 2292 igitur
3716 2236 3776 2275 re-

2251 2310 2398 2364 niam
2442 2309 2639 2363 mereri
2688 2310 3010 2380 poterimus,
3060 2309 3107 2365 si
3153 2317 3439 2366 tantorum
3471 2310 3777 2367 servorumtle

2252 2400 2437 2458 Veteri
2466 2410 2630 2474 atque
2670 2402 2821 2459 Novo
2852 2404 3224 2469 Testamento,
3253 2412 3310 2459 et
3337 2406 3634 2476 praesertim
3660 2405 3776 2475 ipsius

2251 2495 2468 2551 Domini
2498 2511 2606 2551 non
2638 2496 2913 2552 imitamur
2942 2496 3271 2568 exemplum.
3304 2496 3379 2555 Ut
3413 2499 3557 2554 enim
3586 2499 3633 2554 in
3655 2499 3777 2567 prima

2250 2584 2484 2641 homelia
2514 2587 2580 2643 de
2609 2602 2771 2642 cruce
2796 2595 2852 2643 et
2877 2586 3088 2643 latrone
3106 2582 3346 2645 Joannes
3373 2590 3607 2653 asserit,
3640 2588 3777 2644 melius

2251 2693 2411 2733 orare
2440 2693 2540 2748 pro
2571 2679 2812 2735 inimicis
2842 2687 2948 2741 est.
2980 2696 3141 2750 quam
3169 2697 3271 2753 pro
3300 2682 3521 2738 amicis.
3562 2681 3691 2738 Unde
3711 2681 3781 2735 Do-

2253 2769 2433 2825 minus
2458 2787 2471 2824 :
2507 2768 2566 2825 Si
2587 2771 2824 2840 diligitis,
2852 2771 3045 2842 inquit,
3073 2788 3161 2828 eos
3184 2774 3275 2844 qui
3301 2789 3394 2828 vos
3420 2773 3652 2845 diligunt,
3673 2786 3779 2843 quas

2251 2863 2541 2917 ntercedem
2577 2863 2831 2918 habebitis
2856 2864 2881 2918 ?
2905 2880 3074 2919 nonne
3099 2874 3147 2920 et
3181 2865 3459 2935 publicani
3487 2868 3581 2920 hoc
3606 2862 3781 2944 facint!

2254 2954 2472 3027 (Matth.
2491 2972 2545 3021 v,
2567 2955 2681 3018 46).
2717 2954 2776 3011 Si
2824 2971 2954 3026 ergo
2982 2972 3078 3027 pro
3105 2954 3237 3012 solis
3262 2957 3466 3012 amicis
3493 2956 3780 3017 oraverinms.

2254 3047 2494 3103 nondum
2526 3046 2849 3117 publicanos
2878 3046 3168 3103 vincimus.
3219 3045 3460 3114 Quando
3487 3062 3583 3119 pro
3614 3045 3781 3101 inimicis

2252 3153 2498 3204 oramus,
2535 3138 2702 3193 Deum
2750 3140 2803 3193 in
2854 3149 3114 3208 quantum
3150 3138 3419 3208 possibile
3446 3150 3530 3195 est
3553 3138 3780 3193 imitamur.

2251 3226 2392 3285 llinc
2421 3230 2615 3285 beatus
2645 3229 2943 3302 Gregorius
2970 3230 3074 3294 ait,
3107 3231 3233 3301 quia
3264 3230 3475 3288 divinis
3503 3231 3702 3286 auribus
3722 3228 3782 3283 ills

2251 3320 2492 3375 maxime
2548 3321 2725 3376 oratio
2778 3320 3224 3386 commendatur,
3289 3336 3419 3390 quae
3469 3337 3569 3391 pro
3615 3318 3782 3376 inimicis

2251 3424 2466 3481 quoque
2489 3410 2829 3466 intercedere
2852 3410 3061 3467 nititur.
3094 3410 3209 3467 Hoc
3236 3419 3422 3468 tamen
3454 3413 3594 3483 quod
3614 3411 3779 3468 dicimus

2248 3500 2491 3571 prazlatis
2515 3502 2752 3557 maxime
2782 3503 3079 3573 gerendum
3108 3510 3223 3568 est,
3265 3503 3360 3573 qui
3402 3514 3462 3560 et
3498 3504 3661 3559 divina
3688 3517 3781 3572 pre-

2250 3602 2406 3664 cepta
2437 3591 2646 3661 plenius
2689 3601 2747 3647 ct
2785 3591 2977 3648 melius
3006 3592 3220 3657 sciunt,
3267 3601 3326 3648 et
3354 3602 3578 3651 teneras
3603 3593 3780 3650 scindo-

2249 3684 2382 3741 ciles
2427 3683 2768 3739 subditorum
2816 3690 3025 3739 mentes
3072 3691 3293 3753 portare
3323 3686 3491 3755 quasi
3521 3682 3780 3739 nutriciird

2247 3786 2433 3850 patres
2459 3775 2677 3831 debent.
2710 3773 2768 3828 In
2798 3773 2901 3829 hoc
2927 3774 3073 3829 enim
3097 3773 3242 3844 quod
3269 3790 3371 3843 pro
3401 3775 3597 3831 alienis
3620 3782 3782 3846 peccata

2248 3866 2638 3929 interveniunt,
2670 3865 2810 3920 sicut
2843 3866 2897 3920 in
2928 3864 3117 3920 ultima
3144 3865 3459 3922 Ezechielis
3484 3876 3630 3938 parte
3653 3869 3782 3920 home-

2247 3959 2317 4015 lia
2366 3973 2508 4014 nona
2555 3958 2895 4028 perhibetur,
2944 3971 3042 4013 sua
3091 3968 3219 4012 ante
3261 3957 3359 4013 Dei
3404 3960 3595 4014 oculos
3632 3957 3783 4030 plenius

2247 4052 2535 4124 detegunt,
2575 4050 2702 4119 quia
2731 4063 2795 4105 ea
2827 4049 2941 4121 ipsa
2979 4050 3243 4105 charitate
3268 4048 3583 4119 justilicant
3615 4064 3682 4115 se,
3709 4062 3781 4118 qua

2246 4145 2386 4200 mira
2430 4144 2634 4216 pietate
2682 4157 2785 4213 pro
2827 4142 3004 4197 aliena
3050 4143 3338 4213 iniquitate
3384 4159 3450 4199 se
3497 4144 3551 4199 in
3595 4138 3781 4196 lamentis

2246 4243 2507 4291 mactant.
2558 4232 2668 4289 Nec
2695 4233 3028 4290 laboriosum
3061 4234 3220 4290 debet
3244 4249 3365 4290 esse
3394 4236 3691 4292 doctoribus
3716 4243 3781 4302 pro

2247 4326 2526 4383 conversis
2553 4324 2929 4396 peccatoribus
2966 4324 3238 4397 lacrymas
3276 4324 3513 4383 fundere
3541 4325 3724 4396 quando
3747 4328 3781 4374 et

2246 4417 2363 4490 ipse
2387 4417 2480 4489 qui
2508 4416 2687 4472 omnia
2715 4415 2923 4472 creavit
2950 4416 3112 4472 homo
3140 4416 3340 4482 factus,
3369 4432 3478 4488 pro
3509 4415 3693 4475 nostris
3708 4411 3779 4468 iui-

2247 4507 2549 4582 quitatibus
2575 4507 2630 4562 in
2658 4522 2822 4563 cruce
2848 4508 3168 4579 sanguinem
3194 4507 3355 4565 ludit.

2318 4601 2557 4660 XXXIV.
2580 4601 2862 4670 Quotldam
2884 4618 3056 4673 nuper
3079 4611 3290 4675 gestum
3314 4604 3636 4662 miraculum
3654 4610 3781 4659 meat:

2246 4697 2554 4765 exciderat;
2592 4698 2735 4770 quod
2765 4699 2832 4753 ad
2856 4698 3139 4771 praedones
3163 4700 3576 4773 redarguendos
3600 4703 3780 4756 inserere

2244 4787 2441 4859 placet.
2495 4787 2592 4845 Est
2635 4788 2868 4845 ecclesia
2914 4789 2973 4845 S.
3005 4789 3256 4847 Aventini
3295 4793 3349 4847 in
3382 4792 3632 4850 Arverno
3667 4801 3781 4858 sunt!

2246 4878 2488 4948 ﬂuvium,
2520 4882 2611 4953 qui
2637 4891 2864 4939 vocatur
2884 4882 3118 4939 Alerius.
3150 4881 3287 4939 Cum
3313 4883 3478 4955 juxta
3510 4888 3643 4942 hanc
3666 4896 3781 4951 nego-

2246 4972 2472 5029 tiatores
2491 4989 2614 5030 cum
2640 4967 2819 5046 porcis
2844 4983 3188 5032 transeuntes
3209 4974 3481 5033 vidissent
3502 4978 3603 5033 sibi
3626 4975 3781 5045 equites

2248 5067 2568 5137 appropiare
2588 5066 2875 5137 quosdam,
2904 5068 3154 5123 timentes
3177 5083 3273 5124 eos
3298 5068 3352 5124 in
3376 5082 3574 5127 curam
3598 5063 3781 5126 ecclesia:

2246 5159 2602 5221 diverterunt,
2631 5174 2769 5214 unus
2794 5174 2861 5215 ex
2889 5160 3159 5230 equitibus
3184 5159 3324 5215 dixit
3345 5160 3414 5217 ad
3442 5177 3543 5218 eos
3568 5181 3582 5217 :
3610 5158 3781 5216 Educite

2245 5266 2462 5323 porcos.
2512 5250 2756 5322 Cumque
2783 5249 2857 5305 illi
2887 5251 3122 5315 nollent,
3154 5251 3332 5322 coegit
3358 5265 3491 5318 eos,
3516 5248 3781 5322 promittens

2246 5340 2479 5400 aliquem
2513 5355 2733 5400 porcum
2762 5353 2820 5394 se
2847 5340 3117 5395 daturum.
3171 5337 3327 5396 Tunc
3364 5340 3589 5394 cuidam
3616 5338 3713 5391 viro
3734 5343 3779 5385 εἰ
