3934 5400
113 380 216 433 on

1064 376 1554 434 COLLA'I‘IONL'M
1595 375 1771 431 LIBRI
1812 373 2011 430 TRES.
2049 405 2120 416 -—
2159 376 2284 432 LIB.
2327 376 2409 434 111.

3285 366 3389 433 eis

112 493 257 550 forte
302 495 616 565 conspexit,
665 501 782 565 post
827 508 990 564 quam
1026 494 1277 549 videlicet
1312 507 1451 562 equo
1477 489 1700 546 dimisso
1731 495 1774 551 Α
1805 495 2006 558 quanto
2034 487 2246 558 plenius
2273 489 2450 544 sciunt
2489 501 2628 560 quoa
2653 504 2839 545 eorum
2868 489 3092 546 dulcedo
3117 491 3170 547 ln
3198 490 3390 560 despev

109 604 340 644 currere
365 589 550 658 cmpit.
593 586 727 643 Cum
757 587 935 643 subito
965 587 1146 656 lapsus
1176 587 1251 640 ita
1279 589 1468 641 subtus
1498 599 1696 653 equum

108 677 404 748 depressus
419 689 525 743 est,
549 688 609 733 ut
635 678 721 733 illa
753 694 880 748 pars
901 677 1046 734 sella:
1064 693 1184 748 quae
1210 677 1510 748 proemiuet
1537 685 1700 746 caput

105 768 229 838 ejus
261 771 478 840 penitus
508 779 802 826 truncaret.
854 768 1246 840 Negotiatores,
1279 768 1371 838 qui
1401 766 1577 822 ﬂendo
1615 783 1699 821 se—

105 863 443 931 quebantur,
486 865 717 932 receptis
751 860 931 931 porcis
978 859 1250 931 fugerunt.
1303 858 1383 912 Illi
1430 873 1556 912 vero
1603 856 1696 926 qui

105 961 300 1022 raptor
321 954 623 1018 exstiterat,
649 968 755 1007 non
780 951 1028 1022 placebat
1053 948 1303 1004 vecordia
1326 963 1442 1002 sua.
1470 947 1580 1001 lloc
1599 961 1698 1015 ego

103 1043 178 1098 ab
205 1044 374 1114 ipsius
397 1043 724 1099 consobrino
745 1042 930 1097 didici.
962 1041 1085 1096 Haec
1107 1041 1172 1096 de
1197 1037 1546 1094 alnictoribus
1568 1052 1698 1106 pau-

103 1149 302 1203 perum
331 1137 473 1190 dicta
505 1142 648 1190 sunt.
687 1133 840 1188 Nunc
872 1133 924 1188 in
953 1133 1219 1188 existente
1250 1130 1341 1186 illo
1368 1139 1548 1185 vestro
1577 1143 1697 1198 qua:

101 1242 398 1298 possumus
439 1226 807 1298 proferemus,
857 1225 1016 1296 quasi
1058 1224 1310 1279 videlicet
1353 1222 1503 1278 obliti
1552 1221 1696 1292 quod

101 1315 408 1384 multa.jam
424 1317 672 1393 superius
687 1316 754 1376 ad
769 1331 957 1374 eorum
977 1315 1228 1374 solatium
1245 1314 1557 1370 dixerimus.
1575 1311 1697 1380 Qui-

98 1407 210 1463 bus
240 1408 343 1462 hoc
390 1407 640 1484 primitus
695 1406 1048 1466 intimandum
1111 1414 1194 1460 est
1241 1405 1384 1475 quod
1434 1419 1537 1457 non
1587 1400 1696 1454 for-

98 1500 269 1564 tuitu,
302 1501 394 1555 sed
423 1501 600 1555 divina
629 1499 981 1571 diSpositione
1018 1498 1102 1554 vel
1153 1513 1410 1569 prospera
1458 1495 1540 1550 vel
1598 1495 1693 1549 ad-

94 1606 284 1658 versa,
313 1602 367 1654 et
394 1593 603 1654 cunctis
634 1603 687 1647 et
707 1592 933 1664 singulis
971 1591 1352 1662 disponuntur.
1383 1588 1521 1647 llinc
1544 1587 1689 1642 enim

91 1686 370 1757 scriptum
402 1695 506 1751 est,
537 1693 598 1739 ut
626 1701 789 1756 supra
817 1684 1092 1743 diximus:
1123 1682 1266 1737 Nihil
1294 1682 1347 1736 in
1381 1679 1542 1736 terris
1577 1681 1693 1734 sine

91 1795 268 1832 causa
302 1778 398 1832 lit:
437 1778 563 1833 hinc
620 1793 716 1848 per
762 1778 928 1832 Amos
982 1776 1220 1830 dicitur:
1253 1773 1311 1828 Si
1357 1773 1453 1828 erit
1495 1771 1690 1825 malum

1803 589 1948 637 ctum
1979 595 2226 650 superna:
2260 582 2555 637 dulcedinis
2582 582 2911 649 blandiatur,
2937 593 2992 638 et
3020 583 3162 655 quod
3189 583 3268 637 sic
3289 597 3388 638 sua

1801 671 2006 730 soleant
2029 673 2384 744 occupatione
2411 684 2643 728 mentem
2671 677 2737 729 ad
2763 677 3036 732 exteriora
3060 677 3385 744 diminuere,

1802 769 1860 816 ut
1886 761 2158 830 quomodo
2200 771 2538 832 permutetur
2585 763 2852 835 ignorent.
2901 765 2972 820 At
3025 775 3216 820 contra
3259 773 3389 819 sunt

1800 851 2064 919 nonnulli,
2096 853 2186 923 qui
2214 854 2381 909 vitam
2408 870 2558 917 suam
2587 856 2860 927 negligunt
2885 899 2900 923 ,
2945 857 3253 914 transitoria
3291 873 3388 928 ap-

1799 952 2007 1014 petunt,
2038 954 2242 1001 aeterna
2271 961 2377 1000 non
2434 947 2760 1020 intelligunt,
2817 948 2904 1011 vel
2934 949 3204 1006 intellecta
3255 963 3388 1006 con-

1802 1044 2069 1105 temnunt"
2104 1051 2204 1090 nec
2248 1037 2485 1093 dolorem
2532 1055 2632 1109 pro
2681 1040 2800 1105 liis,
2855 1055 2975 1110 qua:
3027 1036 3386 1111 admiserunt,

1799 1124 2060 1190 sentiunt,
2092 1139 2193 1182 nec
2222 1125 2422 1182 habere
2448 1129 2732 1184 consilium
2758 1131 3112 1199 recuperandi
3167 1139 3383 1194 curant.

1799 1213 2040 1286 Cumque
2092 1233 2324 1288 superna
2378 1235 2483 1274 non
2530 1221 2894 1288 considerent,
2953 1237 3287 1293 nequaquam
3319 1223 3387 1277 ad

1798 1309 2042 1365 veritatis
2071 1309 2273 1377 lumen,
2311 1313 2397 1368 cui
2422 1314 2620 1368 conditi
2651 1313 2897 1379 fuerant,
2944 1317 3139 1371 mentis
3193 1317 3383 1378 oculos

1797 1399 2032 1470 erigunt,
2089 1417 2426 1473 nequaquam
2480 1405 2546 1458 ad
2601 1406 3110 1476 contemplationem
3163 1415 3384 1466 :eterntn

1797 1495 1985 1562 patria:
2012 1495 2258 1550 desiderii
2308 1497 2477 1551 aciem
2527 1499 2780 1564 tendunt,
2827 1499 2919 1554 sed
2967 1499 3287 1570 semetipsos
3331 1498 3384 1559 in

1797 1584 1901 1648 bis,
1936 1583 2002 1638 ad
2047 1600 2166 1654 quae
2195 1583 2416 1654 projecti
2444 1596 2600 1654 sunt,
2652 1588 2992 1650 deserentes.
3039 1589 3154 1644 vice
3195 1588 3387 1660 patrue

1796 1671 2027 1742 diligunt
2053 1674 2325 1740 exsilium,
2355 1675 2498 1745 quod
2540 1677 2834 1748 patiuntur.
2866 1678 2932 1732 Et
2959 1678 3081 1733 inde
3126 1687 3210 1733 est
3240 1678 3385 1747 quod

1800 1766 2052 1821 miseram
2118 1766 2278 1836 hujus
2329 1768 2452 1823 vitae
2508 1768 2820 1825 felicitatem
2903 1771 3169 1836 iutantum
3255 1769 3387 1829 επο-

89 1869 146 1922 in
173 1869 388 1922 civitate
411 1868 548 1936 quod
572 1867 822 1920 Dominus
840 1884 942 1921 non
976 1865 1096 1935 fecit
1115 1865 1294 1936 (Amos
1315 1863 1490 1932 tu,6).
1511 1862 1575 1916 Et
1597 1876 1693 1932 per
1726 1852 1766 1912 Β
1796 1866 1966 1921 ctent,
2023 1867 2083 1912 ut
2125 1875 2247 1913 cum
2304 1858 2546 1930 qualibet
2595 1859 2688 1915 Dei
2739 1859 3033 1917 offensione
3084 1861 3166 1916 vel
3200 1860 3386 1937 proxi-

93 1960 304 2014 lsaiam
335 1977 348 2013 :
380 1958 508 2024 Quis
546 1959 685 2012 dedit
713 1958 878 2011 Jacob
915 1958 968 2011 in
995 1956 1376 2026 direptionem?
1402 1953 1536 2023 (Isa.
1562 1968 1692 2016 xm,

87 2049 221 2120 24.)
260 2059 316 2104 et
350 2048 516 2104 lsrael
547 2047 880 2104 vastantibus
911 2066 925 2100 :
959 2044 1147 2100 Nonne
1171 2044 1426 2098 Dominus
1470 2043 1577 2112 ipse
1611 2045 1695 2096 cui

83 2140 469 2210 peccavimus?
498 2138 688 2210 (lbid.)
728 2137 862 2196 Nam
891 2138 956 2192 de
986 2137 1163 2202 bonis,
1194 2136 1392 2208 quibus
1445 2133 1696 2188 utilitatis

83 2247 269 2290 causa
326 2231 484 2286 datur
545 2231 847 2286 adversitas
879 2270 894 2296 ,
953 2230 1242 2300 praedictus
1291 2228 1458 2283 Amos
1522 2225 1692 2280 dicit:

90 2321 492 2376 Tantummodo
523 2337 612 2375 vos
653 2322 868 2389 cognovi
898 2335 964 2374 ea:
1008 2319 1246 2374 omnibus
1298 2316 1694 2388 cognationibus

82 2425 282 2473 terrm,
316 2413 513 2467 idcirco
539 2413 754 2467 visitabo
781 2428 938 2482 super
972 2427 1146 2465 omnes
1172 2410 1471 2481 iniquitates
1501 2417 1694 2463 vestras

81 2504 291 2572 (Amos
350 2518 432 2566 Ill,
484 2502 564 2572 2).
621 2503 697 2557 De
737 2502 917 2572 pravis
959 2510 1136 2556 autem
1184 2501 1378 2570 quibus
1426 2498 1695 2554 Jeremias

81 2595 334 2651 Calicem
383 2595 581 2650 furoris
632 2595 903 2665 propinat,
936 2593 1163 2649 dicens:
1199 2592 1327 2647 Haec
1358 2593 1481 2646 dicit
1504 2591 1689 2645 Domi-

83 2705 221 2752 nus,
257 2686 485 2740 bibentes
512 2686 721 2748 bibetis,
750 2687 872 2754 quin
897 2701 1011 2738 ecce
1050 2685 1104 2738 in
1127 2684 1350 2748 civitate,
1386 2685 1439 2736 in
1479 2700 1587 2754 qua
1613 2684 1694 2736 in-

79 2789 345 2833 vocatum
372 2786 446 2831 est
469 2794 660 2838 nomen
690 2793 881 2842 meum,
907 2793 1000 2847 ego
1037 2776 1283 2844 incipiam
1310 2775 1533 2844 affligere
1581 2790 1690 2839 vos,

73 2869 251 2942 quasi
287 2869 587 2924 innocentes
621 2869 875 2923 immunes
909 2868 1092 2922 eritis?
1120 2884 1224 2921 non
1261 2869 1405 2921 eritis
1436 2868 1692 2920 immunes

76 2961 230 3031 (Jer.
269 2975 400 3025 xxv,
424 2959 536 3027 28).
576 2959 699 3016 llmc
749 2959 912 3030 igitur
939 2960 1342 3015 considerantes
1387 2973 1693 3013 murmura-

77 3052 266 3106 tionis
303 3066 584 3106 excessum
616 3052 754 3106 inter
783 3051 1054 3120 quaslibet
1081 3049 1361 3121 angustias
1415 3057 1691 3118 tempera-

71 3146 312 3210 bimus,
363 3145 503 3200 sicut
551 3161 641 3200 rex
685 3145 849 3207 David
886 3161 1005 3198 cum
1043 3144 1288 3198 diceret:
1319 3141 1606 3206 Obmutui,
1643 3148 1692 3193 et

1800 1965 2009 2004 tuorum
2038 1950 2256 2008 laesione
2281 1948 2424 2006 hanc
2452 1950 2676 2020 adipisci
2723 1951 2930 2018 malint,
2983 1967 3147 2021 quam
3185 1948 3386 2020 abjecti

1796 2059 1916 2098 esse
1955 2045 2007 2098 in
2043 2045 2202 2100 domo
2254 2042 2371 2100 Dei.
2427 2043 2483 2098 Si
2527 2059 2656 2099 vero
2685 2053 2906 2116 propter
2956 2045 3126 2100 bonos
3171 2061 3239 2101 ne
3295 2045 3386 2100 hic

1796 2135 1849 2196 in
1898 2135 2154 2190 continua
2192 2137 2556 2206 prosperitate
2595 2135 2757 2206 positi
2787 2144 3222 2202 remunerentur,
3266 2135 3386 2192 sive

1796 2233 2016 2294 propter
2039 2224 2209 2286 malos
2237 2235 2295 2279 ut
2327 2225 2414 2280 hic
2431 2225 2814 2292 emendentur,
2867 2241 2963 2281 seu
3010 2235 3157 2281 certe
3204 2226 3384 2297 quali-

1795 2315 1887 2370 bet
1916 2314 2018 2369 alia
2059 2316 2250 2377 secreti
2303 2315 2494 2385 judicii
2543 2331 2707 2374 causa
2754 2315 2911 2370 nobis
2961 2316 3262 2371 adversitas
3288 2332 3385 2373 ve.-

1795 2410 1928 2472 niat,
1947 2425 2108 2464 unum
2131 2419 2394 2479 superest,
2412 2407 2804 2483 utjuxta-quod
2825 2406 3088 2472 Jacoburn
3111 2408 3384 2481 hortatur,

1794 2515 1952 2556 omne
1999 2502 2249 2572 gaudium
2284 2501 2676 2567 esistimemus,
2705 2516 2828 2556 cum
2868 2500 3052 2555 varias
3110 2501 3163 2556 in
3205 2508 3387 2561 tenta-

1799 2592 1969 2648 tiones
1999 2594 2365 2649 iuciderimus.
2399 2592 2507 2648 Sed
2547 2593 2716 2659 enim,
2741 2601 2800 2647 ut
2835 2591 3035 2648 Paulus
3060 2592 3224 2648 dicit:
3258 2591 3390 2647 0mg-

1793 2687 1874 2740 nis
1922 2685 2201 2756 disciplina
2256 2686 2309 2739 in
2351 2687 2598 2755 prasenti
2636 2685 2844 2756 quidem
2877 2701 2980 2739 non
3027 2683 3231 2738 videtur
3276 2699 3388 2739 esss

1792 2779 1974 2850 gaudii
2008 2776 2198 2849 (Hebr.
2228 2794 2331 2844 xu,
2381 2778 2494 2848 11),
2521 2777 2612 2833 sed
2643 2778 2912 2832 mmroris.
2942 2776 3010 2832 Et
3051 2776 3255 2831 idcirco
3279 2775 3388 2830 fre-

1794 2880 2024 2941 quenter
2051 2872 2125 2926 ita
2157 2887 2244 2928 res
2283 2871 2339 2926 in
2383 2872 2715 2933 contrarium
2745 2871 2998 2936 vertitur,
3043 2879 3103 2925 ut
3150 2870 3387 2940 imperiti

1793 2961 2017 3032 quilibet
2055 2977 2153 3031 pro
2193 2961 2500 3025 afﬂictione,
2547 2977 2653 3036 qua
2724 2961 2996 3024 meliorari
3068 2960 3383 3032 debuerant,

1793 3055 2005 3126 pejores
2036 3055 2186 3110 ﬁant.
2235 3055 2369 3110 Nam
2401 3064 2456 3110 et
2493 3055 2546 3110 in
2578 3055 3008 3126 desperationem
3035 3055 3254 3119 cadunt,
3279 3071 3382 3125 pu-

1798 3156 1974 3202 tantes
1999 3163 2056 3203 se
2082 3163 2111 3200 a
2143 3147 2252 3202 Deo
2279 3146 2586 3212 derelictos,
2611 3155 2706 3201 aut
2741 3147 3226 3204 murmurationem
3257 3146 3388 3210 dum

70 3255 191 3291 non
223 3237 419 3308 aperui
448 3254 504 3291 os
533 3254 725 3300 meum,
754 3235 848 3294 sed
888 3251 1057 3312 quare
1084 3235 1106 3288 ?
1131 3235 1382 3306 quoniam
1430 3243 1486 3288 tu
1519 3233 1688 3304 fecisti
1719 3213 1763 3274 (ἶ
1794 3253 1902 3294 non
1930 3239 2252 3310 recogitant,
2283 3237 2410 3312 quia
2440 3237 2585 3306 justo
2609 3238 2818 3310 judicio
2855 3236 3200 3292 tribulantur.

70 3327 270 3398 (Paul.
311 3342 539 3391 xxxvut,
575 3326 683 3397 10),

154 3417 394 3472 XXXV.
424 3417 648 3474 Occulto
684 3417 845 3487 igitur
894 3417 1099 3490 judicio
1148 3416 1248 3481 lit,
1296 3425 1356 3474 ut
1408 3423 1514 3469 tam
1548 3413 1689 3482 apud

65 3513 269 3568 bonos
306 3526 468 3580 quam
495 3510 634 3580 apud
664 3509 833 3566 malos
859 3519 913 3565 et
943 3525 1198 3580 prospera
1238 3518 1290 3564 et
1341 3509 1566 3562 adversa
1595 3521 1690 3560 va-

59 3605 161 3658 rie
190 3642 211 3669 ,
278 3604 426 3657 sicut
459 3619 620 3674 supra
671 3604 873 3658 dictum
907 3611 992 3658 est
1022 3643 1036 3667 ,
1092 3603 1382 3656 alternent.
1428 3599 1690 3655 Usitatius

61 3707 280 3754 tanien
326 3695 415 3752 hic
450 3706 503 3750 et
533 3696 690 3751 bonis
722 3695 860 3750 male
889 3703 973 3750 est
995 3736 1010 3761 ,
1040 3703 1094 3751 et
1134 3694 1289 3750 malis
1329 3694 1486 3749 bene.
1535 3691 1690 3758 Quod

58 3787 357 3842 videlicet
407 3787 611 3842 idcirco
662 3785 802 3842 forte
837 3785 1050 3842 occulto
1077 3784 1286 3855 judicio
1337 3785 1436 3850 lit,
1481 3785 1604 3854 quia
1635 3790 1692 3838 et

58 3877 219 3933 boni
251 3892 382 3946 qua:
407 3876 746 3947 deliquerunt
774 3876 860 3931 hic
911 3876 1218 3946 recipiunt,
1261 3883 1319 3929 ut
1371 3873 1438 3928 ab
1485 3881 1690 3930 aeterna

57 3967 452 4023 damnatione
481 3965 690 4038 plenius
717 3967 1038 4032 liberentur,
1083 3975 1140 4020 et
1188 3965 1313 4020 mali
1349 3966 1488 4021 bona
1515 4004 1529 4029 ,
1571 3979 1690 4034 qua:

55 4074 184 4129 pro
222 4057 339 4111 hac
371 4057 477 4112 vita
532 4055 760 4124 faciunt,
815 4057 905 4117 hic
959 4057 1263 4122 inveniunt,
1295 4065 1354 4110 ut
1395 4056 1461 4111 ad
1491 4055 1603 4112 sola
1637 4055 1691 4110 in

51 4161 384 4224 posterum
433 4158 700 4206 tormenta
743 4150 1147 4222 pertrahantur.
1181 4149 1334 4209 Unde
1378 4158 1435 4206 et
1477 4148 1689 4211 ardenti

53 4247 123 4300 in
163 4241 404 4300 inferno
430 4241 577 4297 diviti
605 4242 804 4298 dicitur
829 4261 841 4296 :
877 4241 1156 4307 Memento,
1185 4242 1283 4307 ﬁli,
1313 4242 1436 4311 quia
1460 4241 1692 4310 recepisti

48 4337 230 4390 bona
266 4335 328 4387 in
353 4334 454 4392 vita
483 4344 596 4400 tua,
619 4343 671 4392 et
702 4333 943 4389 Lazarus
968 4334 1210 4388 similiter
1230 4333 1372 4387 mala
1396 4331 1548 4403 (Luc.
1577 4348 1690 4399 xvr,

46 4426 200 4497 25).
241 4424 324 4479 At
350 4438 472 4478 cum
500 4424 656 4484 malis
690 4424 778 4487 hic
808 4423 945 4482 male
972 4431 1086 4487 est,
1124 4431 1178 4478 et
1214 4423 1373 4486 bonis
1420 4423 1574 4484 bene,
1611 4422 1695 4476 in-

48 4526 319 4572 certum
349 4515 498 4570 valde
529 4525 613 4570 est
637 4524 817 4568 utrum
850 4514 978 4571 boni
1009 4513 1212 4568 idcirco
1232 4514 1373 4570 bona
1401 4512 1690 4582 accipiant,

46 4619 126 4663 ut
165 4607 469 4678 provocati
498 4608 563 4660 ad
599 4606 806 4675 aliquid
851 4605 1042 4660 melius
1092 4614 1380 4661 crescant:
1432 4621 1500 4660 an
1546 4604 1692 4673 justo

43 4696 630 4766 latentiquejudicio
655 4697 746 4751 hic
777 4710 998 4750 suorum
1027 4710 1256 4766 operum
1291 4695 1691 4751 remuneratio-

44 4807 220 4849 nem
250 4790 579 4860 percipiant,
610 4799 724 4844 uta
749 4787 986 4858 prasmiis
1010 4788 1134 4843 vita:
1179 4789 1457 4859 sequentis
1503 4789 1692 4843 inane-

17 4889 280 4941 -scant.
328 4879 393 4933 Et
415 4889 590 4943 utrum
626 4879 797 4940 malos
838 4880 1042 4935 idcirco
1079 4880 1305 4935 adversa
1351 4879 1593 4944 feriant,
1634 4887 1695 4938 ut

19 4948 139 5032 ἰώ
175 4971 422 5028 aeternis
449 4973 725 5044 suppliciis
752 4970 1078 5041 corrigentia
1144 4969 1430 5026 defendant
1464 4989 1476 5025 :
1508 4987 1575 5035 an
1609 4971 1696 5025 hic

46 5078 293 5123 eorum
327 5075 486 5130 poena
517 5064 764 5141 incipiat,
810 5069 868 5114 ut
895 5059 1218 5130 quandoque
1243 5060 1560 5129 complenda
1595 5074 1690 5115 eos

43 5161 130 5216 ad
177 5155 394 5212 ultima
419 5156 672 5225 ggehennte
705 5164 972 5210 tormenta
1010 5155 1289 5223 perducat.
1349 5152 1531 5210 Sancti
1561 5167 1692 5224 ergo

1863 3328 2104 3385 XXXVI.
2135 3329 2213 3385 Ne
2236 3330 2400 3413 igitur
2426 3329 2480 3384 in
2528 3331 2644 3385 haec
2679 3330 2808 3396 duo,
2836 3331 3270 3400 desperationem
3300 3331 3383 3386 νὶφ

1791 3421 2006 3488 delicet,
2063 3431 2157 3475 aut
2214 3421 2701 3476 murmurationem
2759 3421 3071 3486 incurrant,
3119 3435 3150 3476 e
3195 3429 3390 3489 contra

1792 3513 1898 3570 duo
1923 3513 2160 3568 maxime
2217 3511 2430 3567 afﬂictis
2481 3511 2869 3566 consideranda
2923 3519 3069 3575 sunt,
3137 3511 3390 3576 videlicet

1790 3599 2164 3654 misericordia
2211 3607 2266 3653 et
2296 3597 2581 3668 judicium.
2634 3596 2786 3654 Unde
2817 3597 3104 3651 llsalmista
3136 3615 3148 3650 :
3177 3596 3388 3651 Miseri-

1791 3694 2025 3748 cordiam
2067 3702 2114 3746 et
2145 3690 2410 3760 judicium
2463 3691 2683 3745 cantabo
2718 3689 2835 3753 tibi,
2877 3689 3094 3743 Domine
3120 3686 3296 3761 (Psnl.
3328 3704 3382 3756 c,

1792 3789 1881 3858 ’1);
1916 3793 1971 3841 et
2003 3784 2175 3839 item:
2218 3779 2485 3837 Universce
2539 3783 2632 3835 via:
2677 3779 2890 3846 Domini
2930 3780 3290 3842 misericordia
3333 3789 3385 3833 et

1791 3879 1980 3933 veritas
2007 3875 2179 3949 (Psal.
2209 3891 2357 3938 XXIV,
2401 3874 2510 3946 lO).
2552 3872 2682 3941 Qua:
2703 3871 2808 3930 duo
2839 3869 3102 3929 Conditor
3139 3880 3192 3926 et
3211 3870 3383 3942 judex

1793 3977 1982 4026 noster
2025 3967 2165 4021 miro
2225 3965 2387 4024 modo
2437 3971 2545 4019 tam
2597 3978 2725 4034 erga
2775 3964 3036 4032 reprobos
3065 3978 3226 4032 quam
3253 3979 3384 4035 erga

1793 4062 1994 4119 electos
2031 4068 2270 4125 exercet.
2321 4058 2520 4113 Electis
2563 4070 2799 4126 namque
2851 4055 3276 4114 misericordiam
3327 4057 3382 4123 in

1792 4166 2065 4227 posterum
2097 4153 2336 4218 exhibet,
2390 4152 2478 4210 hic
2522 4160 2698 4204 tamen
2744 4163 2839 4203 eos
2869 4163 2966 4217 per
2989 4146 3253 4216 judicium
3285 4148 3385 4214 du-

1794 4251 1871 4304 ris
1903 4247 2282 4302 alllictionibus
2325 4243 2538 4315 premit.
2592 4241 2867 4312 Beprobos
2915 4250 3094 4295 autem
3148 4240 3236 4297 hic
3286 4257 3384 4312 per

1795 4337 2224 4394 misericordiam
2260 4335 2476 4398 tolerat,
2503 4342 2560 4389 et
2581 4332 2901 4403 plerumque
2929 4333 3086 4389 bonis
3114 4335 3386 4404 tempera-

1796 4428 1959 4494 libus,
1997 4435 2118 4497 qua:
2179 4426 2513 4491 desiderant,
2575 4423 2642 4479 ad
2692 4433 2877 4480 votum
2931 4425 3151 4495 quidem
3203 4421 3386 4488 fulciri

1796 4520 2098 4590 permittit:
2131 4518 2224 4576 sed
2253 4532 2347 4572 eos
2374 4516 2441 4572 ab
2469 4517 2688 4575 :eternis
2712 4517 2890 4582 bonis,
2931 4533 3053 4588 quae
3097 4518 3268 4575 libero
3297 4535 3386 4574 ar-

1801 4611 1962 4668 bitrio
2007 4618 2376 4673 contemnunt,
2416 4625 2512 4678 per
2552 4608 2814 4678 judicium
2846 4611 3103 4666 excludit.
3149 4610 3216 4664 Et
3263 4626 3391 4680 pro-

1802 4703 1976 4773 speris
2004 4703 2223 4774 quidem
2280 4711 2374 4757 aut
2411 4703 2656 4758 adversis
2681 4704 3069 4769 communiter,
3109 4711 3174 4758 ut
3224 4717 3391 4771 supra

1802 4793 2004 4848 dictum
2049 4800 2156 4858 est,
2186 4801 2295 4848 tam
2344 4791 2470 4847 mali
2501 4807 2662 4864 quam
2691 4792 2816 4847 boni
2847 4793 3162 4864 plerumque
3200 4789 3397 4846 fruun-

1804 4892 1910 4947 tur,
1937 4885 2031 4940 sed
2058 4884 2214 4939 aliter
2244 4884 2337 4948 illi,
2368 4884 2529 4941 aliter
2555 4885 2664 4941 isti.
2707 4883 2840 4938 Nam
2871 4885 2946 4939 illi
2989 4882 3264 4956 prosperis
3299 4899 3400 4936 ex-

1803 4974 2081 5040 tolluntur,
2114 4976 2357 5030 adversis
2386 4973 2732 5050 franguntur.
2763 4974 2856 5029 Isti
2884 4976 3158 5046 prosperis
3186 4983 3412 5030 susteus

1793 5073 1999 5130 tantur,
2051 5066 2294 5121 adversis
2339 5068 2689 5133 erudiuntur.
2733 5064 2888 5131 Quod
2927 5068 3147 5136 quidam
3173 5062 3408 5130 sapiens

1794 5156 2091 5212 ostendens
2119 5156 2230 5219 ait;
2258 5155 2582 5215 Necessaria
2612 5158 2732 5212 vita:
2754 5155 3021 5209 hominum
3047 5169 3208 5227 aqua,
3237 5149 3421 5221 ignis,
