3934 5400
572 328 674 425 ως

1565 349 1622 406 S.
1662 346 1910 404 ODONIS
1946 346 2236 402 ABBATIS
2284 345 2782 423 (ΣιυΝΙᾹΟΕδΞΙΒ
2823 347 2859 400 ll

3679 356 3754 408 (ἓν)

574 468 1500 541 riamdocet,quicumdejustornm
1521 464 2147 533 aﬂlictioneloqueretur,
2180 469 2222 527 Α
2255 462 2380 516 mihi
2404 463 2525 531 quia
2580 462 2870 516 humiliasti
2920 478 3000 516 me
3026 460 3198 533 (Paul.
3242 480 3429 530 cxvm,
3450 465 3554 535 7i).
3586 465 3693 522 Nam
3722 473 3755 527 si

572 566 865 637 subjunxit,
907 564 1093 617 dicens
1119 579 1130 615 :
1172 560 1232 615 Si
1256 560 1370 631 quis
1399 567 1619 612 vestrum
1644 556 1838 625 indiget
1866 555 2146 624 sapientia,

570 657 791 729 postulet
814 674 842 709 (ι
875 655 979 708 Deo
1007 653 1146 720 (Jac.
1180 668 1220 717 ι,
1250 651 1325 721 5).
1359 650 1498 719 Ergo
1526 664 1717 718 magna
1757 646 2018 717 sapientia
2067 653 2152 700 est

572 750 711 803 hanc
737 744 1191 814 dispensationem
1243 739 1557 808 intelligere,
1591 744 1642 791 et
1688 745 1905 791 econtra
1939 734 2151 804 pericu-

571 840 683 894 losa
716 836 943 893 stultitia
986 834 1217 888 nescire.
1248 830 1397 885 Unde
1425 837 1479 883 et
1504 843 1639 883 tt.\0r
1661 827 1802 882 beati
1827 826 1926 880 Job
1958 840 2075 894 quae
2099 825 2148 879 ei

571 920 853 982 excessum
912 921 1354 978 murmurationis
1404 920 1684 983 suadebat,
1733 917 1885 987 quasi
1928 930 2030 970 una
2085 917 2152 970 de

572 1018 751 1073 stultis
792 1014 1105 1071 mulieribus
1150 1013 1324 1067 locuta
1371 1026 1490 1065 esse
1540 1009 1898 1080 redarguitur,
1936 1014 1992 1061 et
2030 1005 2152 1060 filiis

570 1107 757 1171 Israel,
798 1107 887 1176 qui
925 1105 1025 1160 sub
1077 1100 1510 1157 tribulationibus
1548 1100 1601 1154 in
1640 1101 1854 1155 deserto
1898 1095 2149 1168 querela-

569 1203 788 1256 ltanlnr.
813 1197 1021 1269 Moyses
1038 1195 1165 1251 dicit
1194 1212 1207 1247 :
1239 1192 1439 1263 Popule
1457 1191 1613 1247 stulte
1633 1202 1678 1246 et
1706 1192 1952 1261 insipiens
1970 1189 2148 1260 (Deut.

572 1311 748 1357 χχχιι,
778 1294 851 1356 6).
881 1291 1176 1347 Consilium
1206 1288 1400 1359 quippe
1432 1287 1523 1342 Dei
1548 1295 1651 1349 est,
1679 1285 1881 1341 electos
1900 1299 2029 1339 suos
2057 1297 2153 1352 per

540 1368 545 1373 ’
573 1385 901 1455 temporales
931 1381 1244 1439 alllictiones
1274 1381 1341 1435 ad
1392 1388 1654 1434 :eternum
1699 1376 2041 1449 refrigerium
2071 1376 2153 1445 in:

572 1475 879 1530 traducere.
920 1474 996 1529 De
1039 1486 1145 1542 quo
1174 1469 1466 1542 Apostolus
1510 1466 1679 1522 dicit:
1713 1466 1836 1521 Non
1864 1466 2001 1521 enim
2025 1464 2150 1520 sub-

552 1566 767 1636 Jcrfttgt'
790 1566 914 1637 quin
944 1564 1329 1635 {annuntiat-cm
1380 1559 1653 1615 consilium
1692 1559 1789 1614 Dei
1832 1558 1972 1613 vobis
2012 1555 2149 1628 (Act.

571 1673 667 1720 xx,
695 1656 808 1729 ΞΤ).
855 1655 959 1709 Pro
993 1666 1122 1722 quo,
1178 1652 1431 1706 videlicet
1470 1651 1694 1706 consilio
1735 1647 2149 1710 manifestando,

573 1760 734 1820 caput
776 1760 1020 1805 nostrum
1073 1746 1310 1816 Oportuit
1351 1745 1480 1814 pati,
1508 1752 1563 1799 et
1601 1744 1671 1797 ita
1704 1742 1908 1795 intrare
1956 1740 2010 1795 in
2042 1738 2154 1810 glo-

2250 554 2477 622 tequitas
2518 551 2710 622 judicii
2743 554 3134 621 consideretur,
3170 558 3512 612 murmuratio
3559 561 3757 627 cessabit,

2249 644 2375 713 quia
2421 642 2579 696 valde
2636 643 2891 713 injusutm
2936 650 3039 708 est,
3068 652 3130 698 ut
3166 660 3288 700 reus
3320 644 3549 713 judicem
3582 646 3759 714 incusat,

2251 747 2372 785 cum
2396 733 2553 800 digna
2588 732 2742 788 factis
2769 748 2921 803 aeque
2954 737 3238 804 receperit.
3264 735 3370 790 Nos
3396 737 3553 803 enim,
3582 749 3631 791 ut
3646 740 3761 795 beato

2249 819 2350 876 Job
2406 821 2764 891 improbatur,
2797 823 3021 878 nmltum
3073 825 3298 880 minima
3351 828 3607 897 exigitnur
3642 845 3760 898 quam

2252 924 2491 968 meretur
2522 914 2780 984 iniquitas
2805 926 3012 969 nostra.
3044 916 3196 983 Quod
3223 927 3277 972 et
3300 918 3432 987 ipse,
3464 921 3683 988 quamvis
3697 937 3763 977 ore

2247 1003 2448 1073 jmlicis
2490 1006 2985 1076 incomparabiliter
3010 1008 3258 1064 laudatus
3289 1013 3388 1075 sit,
3418 1010 3487 1066 de
3517 1027 3570 1066 se
3602 1012 3766 1073 fatetur,

2252 1097 2465 1151 (licens:
2492 1095 2620 1151 Cum
2646 1097 2918 1168 explet'erit
2949 1101 3002 1154 in
3026 1117 3105 1155 me
3126 1102 3441 1157 voluntatem
3466 1121 3627 1170 suam,
3644 1106 3768 1159 adhuc

2252 1189 2417 1241 multa
2440 1188 2547 1243 alia
2575 1201 2765 1260 pra’sto
2786 1202 2903 1244 sunt
2926 1191 2972 1245 ei
2997 1189 3120 1263 (Job
3165 1208 3321 1259 uin,
3365 1193 3478 1264 14).
3506 1195 3581 1250 Ac
3604 1196 3642 1249 si
3664 1197 3768 1250 dice-

2254 1289 2331 1334 ret
2370 1296 2384 1333 :
2419 1279 2553 1335 Cum
2600 1282 2825 1337 sublatis
2864 1283 3114 1339 omnibus
3151 1292 3255 1339 tam
3298 1288 3465 1342 rebus
3499 1302 3645 1357 quam
3667 1289 3771 1353 ﬁliis,

2253 1384 2376 1424 cum
2402 1380 2454 1425 et
2476 1382 2793 1443 consumpta
2811 1374 3081 1430 vermibus
3101 1392 3280 1439 carne,
3300 1393 3386 1433 me
3416 1394 3582 1450 usque
3599 1381 3655 1435 ad
3675 1390 3773 1435 ster-

2253 1463 2536 1532 quiliuiutn
2575 1464 2961 1529 lmmiliaverit,
2994 1468 3171 1523 adhuc
3228 1469 3395 1524 multa
3448 1472 3502 1525 in
3550 1488 3629 1527 me
3651 1473 3775 1527 corri-

2254 1555 2424 1623 genda
2453 1556 2600 1610 visus
2625 1556 2742 1626 ejus
2766 1556 3138 1626 deprehendit,
3184 1575 3280 1628 pro
3302 1562 3505 1630 quibus
3533 1563 3573 1617 si
3609 1578 3777 1631 parcere

2254 1645 2437 1711 nollet,
2488 1644 2634 1713 juste
2701 1656 3047 1703 tormentum'
3087 1666 3421 1722 exaggerate
3481 1665 3667 1723 posset.
3706 1654 3776 1720 Qui

2255 1736 2419 1791 etiam
2446 1746 2732 1807 postquam
2759 1749 2905 1794 tanta
2930 1756 2994 1796 ac
3015 1742 3136 1796 talia
3164 1746 3434 1814 patienter
3456 1748 3679 1817 pertulit,
3694 1760 3780 1817 qua

572 1845 708 1899 riam
737 1858 908 1906 suam,
934 1849 992 1894 ut
1015 1840 1323 1896 ostenderet
1344 1835 1484 1906 quod
1511 1835 1690 1890 omnia
1728 1833 1969 1887 membra
2008 1831 2152 1900 ejus-
2183 1820 2228 1879 Β
2256 1828 2434 1881 omnia
2488 1829 2682 1884 Stecula
2728 1838 3062 1901 stupescuut.
3122 1850 3470 1905 nequaquam
3520 1838 3583 1892 de
3609 1838 3779 1892 victori?

575 1938 695 1989 dem
725 1934 915 2002 capitis
976 1938 1270 2000 oporteret,
1302 1937 1363 1982 ut
1410 1927 1670 1997 scriptum
1698 1933 1801 1989 est,
1838 1938 1932 1994 per
1959 1921 2155 1977 multas

558 2025 946 2079 «tribulationcs
969 2022 1173 2077 intrare
1226 2018 1278 2073 in
1311 2032 1557 2088 regnum.
1608 2015 1691 2069 Ad
1717 2013 1820 2067 hoc
1849 2010 2152 2074 consilium,

572 2098 627 2174 id
654 2128 759 2181 est,
791 2118 854 2171 ad
899 2116 1040 2170 hanc
1083 2110 1539 2183 dispensationem
1594 2105 1994 2168 insinuandam,
2049 2118 2152 2174 qua

573 2225 794 2266 necesse
820 2219 903 2263 est
940 2224 968 2261 a
1004 2218 1243 2276 tempore
1286 2201 1626 2273 baptismatis
1656 2213 1829 2268 usque
1880 2196 1945 2250 ad
1992 2195 2152 2249 ﬁnem

576 2304 630 2357 in
666 2299 928 2371 angustiis
947 2298 1214 2361 vivamus,
1251 2294 1343 2349 filii
1374 2291 1537 2347 Israel
1579 2291 1728 2346 dilati
1785 2297 2008 2352 sunt,ut
2046 2300 2152 2342 non

573 2396 755 2449 statim
802 2390 1029 2448 transito
1079 2389 1217 2445 mari
1277 2386 1460 2442 Rubro
1482 2392 1683 2440 terram
1722 2378 2156 2452 repromissionis

576 2483 860 2544 intrarent,
919 2479 1012 2535 sed
1065 2493 1163 2549 per
1210 2475 1563 2548 quadraginta
1626 2487 1797 2527 annos
1860 2472 1911 2525 in
1973 2482 2156 2524 eremo

574 2574 860 2635 demorati,
894 2569 1167 2626 nonnullis
1212 2575 1338 2622 sunt
1382 2563 1760 2621 alliictionibus
1799 2562 1998 2617 alllieli.
2054 2560 2152 2627 Qui

574 2677 752 2721 tamen
785 2680 948 2734 super
980 2678 1201 2725 manna,
1229 2661 1371 2730 quod
1400 2659 1467 2714 ad
1515 2673 1823 2713 mensuram
1847 2671 2037 2729 gomor
2059 2671 2155 2725 per

571 2756 791 2824 Moysen
810 2751 1200 2824 acciperejussi
1217 2759 1361 2818 sunt,
1380 2759 1703 2805 nauseantes
1720 2765 1806 2804 mu
1817 2749 2151 2813 rmurahant,

568 2858 629 2902 et
643 2849 708 2901 de
723 2848 823 2901 hac
841 2843 1382 2914 dispensationenihil
1398 2842 1757 2913 intel!igentes
1770 2849 1859 2895 aut
1874 2847 2153 2904 curantes,

574 2938 707 2992 ollas
733 2938 973 2991 carnium
990 2934 1386 2990 desiderabant.
1408 2933 1747 3002 Quapropter
1761 2942 1819 2985 ut
1840 2932 1905 2985 de
1922 2931 2000 2985 eis
2018 2930 2151 2983 dici-

571 3030 815 3091 tur,non
856 3024 1232 3080 intellexerunt
1264 3023 1529 3078 mirabilia
1573 3022 1795 3088 Dei,sed
1822 3019 2155 3090 citodefece-

580 3126 798 3179 runt,et
822 3132 925 3171 non
960 3116 1331 3172 sustinuerunt
1360 3114 1640 3170 consilium
1682 3112 1816 3182 ejus.
1854 3112 1991 3178 Quia
2023 3125 2151 3165 vero

571 3208 815 3276 jirzedicli
833 3206 1058 3277 exempli
1084 3219 1203 3260 sese
1227 3206 1441 3259 occasio
1460 3204 1707 3273 praabuit,
1726 3203 1864 3273 quod
1889 3203 1941 3256 in
1972 3203 2151 3255 animo

580 3299 749 3368 serpit.
772 3299 824 3351 in
848 3311 1028 3351 vocem
1053 3312 1237 3351 rursus
1256 3295 1507 3364 erumpit,
1522 3293 1773 3349 videlicet
1792 3293 1857 3348 de
1879 3292 2034 3347 nobis
2055 3292 2154 3345 mi-

578 3388 718 3443 seris
741 3387 1034 3452 monachis,
1057 3386 1137 3441 vel
1167 3387 1342 3457 potius
1367 3386 1687 3449 Sarabaitis,
1712 3386 1802 3455 qui
1827 3385 2060 3441 infrenos
2087 3384 2153 3439 ad

578 3472 736 3532 omne
765 3477 1024 3548 regularis
1049 3477 1342 3546 disciplina-
1363 3475 1552 3547 jngum
1580 3477 2004 3532 recalcitramus.
2024 3474 2149 3538 Nos,

574 3567 819 3635 inquam,
850 3567 914 3622 de
940 3566 1099 3636 hujus
1120 3566 1305 3621 mundi
1342 3566 1572 3637 Egypto
1609 3583 1703 3635 per
1727 3565 2023 3636 professam
2069 3578 2153 3618 re-

574 3655 831 3726 ligionem
873 3653 1074 3719 educti,
1105 3668 1203 3723 per
1241 3654 1474 3708 stadium
1504 3655 1786 3724 pra‘senlis
1829 3655 1953 3707 vita:
1997 3653 2151 3723 quasi

572 3760 675 3815 per
693 3759 933 3800 eremum
963 3745 1060 3798 sub
1104 3743 1514 3799 mortiﬁcatione
1559 3746 1738 3801 crucis
1778 3753 2149 3808 cxcurrentes,

578 3837 645 3888 ad
686 3849 931 3904 supernae
976 3834 1345 3903 promissionis
1382 3836 1621 3903 requiem
1671 3835 1929 3890 festinare
1961 3836 2152 3890 debui-

574 3939 717 3977 mus.
744 3924 870 3987 Sed,
898 3922 1030 3992 proh
1053 3920 1234 3976 dolor!
1280 3922 1562 3977 ridiculum
1592 3934 1648 3978 et
1672 3924 1874 3993 angelis
1896 3935 1948 3979 et
1975 3926 2150 3980 homi-

579 4012 739 4067 nibus
766 4011 1126 4083 spectaculum
1172 4012 1493 4082 przcbentes,
1543 4013 1596 4067 in
1645 4015 1840 4084 arrepti
1891 4015 2151 4085 propositi

580 4105 759 4159 Stadio
799 4104 1178 4169 lcntcscimus;
1209 4112 1264 4157 et
1300 4104 1438 4158 sicut
1473 4104 1547 4157 illi
1579 4104 1935 4174 despicientcs
1965 4120 2153 4174 gomor

578 4204 634 4248 et
661 4208 875 4258 manna,
921 4202 974 4247 et
1015 4193 1148 4247 ollas
1190 4194 1432 4247 carnium
1466 4194 1837 4249 desiderantes
1874 4198 2034 4250 corde
2065 4210 2154 4249 re-

575 4285 719 4337 versi
744 4293 868 4338 sunt
893 4285 959 4337 ad
988 4284 1298 4356 Aigyptum,
1328 4284 1404 4337 sic
1432 4293 1485 4338 et
1515 4300 1630 4347 nos,
1656 4294 1709 4338 et
1738 4299 2069 4350 mensuram,
2099 4294 2153 4340 et

575 4373 892 4443 qualitatem
952 4374 1126 4427 victus
1174 4389 1203 4426 a
1254 4374 1363 4428 Deo
1400 4389 1497 4444 per
1537 4375 1753 4429 beatum
1803 4374 2150 4431 Benedictum

576 4464 851 4533 praefixum
899 4462 1256 4528 fastidientes,
1311 4473 1365 4518 et
1413 4468 1735 4535 sanguineas
1786 4466 1951 4536 dapes
2005 4467 2150 4521 velut

577 4554 797 4608 barbari
826 4552 1216 4618 desiderantes,
1241 4553 1305 4608 ad
1328 4557 1650 4623 apostasiam
1675 4554 1833 4625 hujus
1856 4556 2036 4611 mundi
2071 4573 2153 4611 re-

578 4642 814 4697 labimur
842 4642 1122 4697 consilium
1155 4657 1261 4696 non
1284 4643 1631 4700 sustinentes.

589 4762 600 4786 ι
650 4734 912 4791 XXXVII.
940 4734 1010 4789 At
1032 4749 1159 4789 vero
1181 4749 1353 4803 neque
1371 4736 1712 4805 judiciorum,
1742 4754 1916 4808 neque
1936 4739 2149 4796 miseri-

577 4826 889 4881 cordiarum
910 4824 1246 4894 profunditas
1268 4826 1334 4878 ad
1369 4824 1625 4894 liquidmn
1654 4831 1921 4897 penetrari
1954 4839 2148 4897 potest.

577 4915 813 4978 Iudicia,
840 4913 1256 4984 inquit,Dontiui
1290 4915 1507 4984 ubyssus
1545 4916 1706 4969 multa
1744 4915 1914 4987 (l’sal.
1944 4935 2031 4981 xv,
2060 4920 2144 4988 7);

579 5014 627 5044 nl
658 5006 782 5044 ilnm
812 5021 824 5033 -
852 5002 981 5044 {ius}
1005 5003 1241 5044 ὅηΙρΙΙίηὶΙ
1288 5005 1673 5044 οιιὶςρνῐρηνήὸηε
1706 5006 1907 5044 "nmini
1926 5008 1949 5044 9
1977 5005 2129 5044 (Denl

2178 3173 2223 3236 C

2176 4514 2230 4575 D

2252 1917 2530 1987 gloriatur,
2558 1921 2650 1973 sed
2680 1921 2809 1975 dicit
2837 1937 2849 1973 :
2885 1925 3005 1992 Ipse
3036 1941 3115 1979 me
3162 1928 3508 1995 reprehendo,
3539 1939 3583 1981 et
3604 1945 3687 1998 ego
3712 1945 3782 1997 pe-

2255 2013 2525 2066 nitentiam
2558 2014 2678 2083 (Job
2707 2031 2840 2079 xui,
2873 2014 2948 2085 6).
2983 2017 3037 2071 Si
3066 2028 3243 2073 autem
3285 2021 3655 2075 misericordia
3690 2036 3782 2087 quo-

2254 2116 2359 2169 que
2384 2105 2768 2172 perpendatur,
2799 2121 2904 2174 qua
2948 2108 3205 2177 benignus
3229 2090 3398 2178 judext
3446 2127 3545 2180 per
3574 2120 3783 2178 tempora-

2254 2192 2334 2246 les
2355 2195 2630 2263 angustias
2658 2210 2776 2249 reos
2813 2211 2939 2251 suos
2966 2198 3034 2251 ab
3060 2206 3262 2252 :eterno
3283 2199 3516 2253 verbere
3538 2198 3781 2253 abscondit.

2254 2304 2359 2343 non
2390 2292 2698 2359 putabimus
2728 2308 2823 2347 nos
2862 2293 3170 2357 derelictos,
3201 2304 3259 2348 ut
3287 2296 3518 2364 quidam
3552 2294 3707 2351 facere
3728 2309 3785 2347 so-

2256 2381 2393 2445 lent,
2424 2382 2475 2435 in
2502 2384 2775 2452 prosperis
2800 2383 3014 2453 quidem
3051 2385 3213 2438 Deum
3260 2386 3656 2447 benedicentes,
3676 2383 3786 2451 juxta

2256 2472 2412 2527 illud:
2438 2472 2778 2541 Conﬁtebitur
2796 2474 2890 2527 tibi
2905 2491 3022 2528 cum
3042 2475 3348 2544 benefeceris
3375 2476 3430 2529 ei
3454 2473 3623 2546 (Psal.
3648 2489 3786 2535 xmu,

2257 2562 2378 2626 l9);
2415 2562 2507 2617 sed
2540 2563 2590 2617 in
2615 2564 2855 2618 adversis
2889 2563 3199 2619 deﬁcientes
3224 2563 3376 2633 juxta
3405 2565 3585 2620 illud:
3612 2564 3668 2619 In
3686 2566 3790 2618 misc-

2256 2654 2347 2707 riis
2394 2671 2495 2708 uon
2539 2657 2792 2709 sustinent
2850 2653 3022 2727 (Paul.
3059 2673 3283 2721 cxxxm,
3314 2655 3430 2729 il).
3483 2657 3588 2711 Et:
3628 2655 3703 2709 Va:
3733 2656 3789 2707 liis

2254 2748 2342 2816 qui
2378 2747 2714 2816 perdiderunt
2739 2750 3104 2803 sustinentium
3135 2749 3324 2819 (Eccli.
3358 2765 3425 2813 tl,
3453 2750 3565 2821 16).
3595 2748 3686 2804 Sed
3711 2764 3792 2800 ma-

2254 2838 2336 2905 gis
2359 2839 2659 2892 amabimus
2684 2838 2942 2908 judicem,
2982 2841 3069 2909 qui
3097 2840 3297 2896 idcirco
3326 2858 3457 2897 reos
3496 2858 3620 2897 suos
3656 2852 3788 2893 trans-

2256 2929 2412 2982 itoria
2444 2945 2601 2999 ptena
2640 2931 2795 3000 quasi
2823 2931 2986 3001 virgis
3022 2932 3274 3002 ﬂagellat,
3303 2944 3361 2987 ut
3401 2950 3505 2990 eos
3537 2950 3568 2988 a
3601 2935 3791 3005 geltenm

2254 3020 2336 3073 vel
2365 3037 2391 3074 a
2417 3022 2704 3091 suspendio
2749 3021 3021 3077 furearum
3075 3023 3334 3077 absolvat.
3372 3024 3449 3081 Ut
3476 3025 3618 3079 enim
3647 3038 3789 3093 supra-

2254 3111 2455 3175 dictum
2481 3121 2583 3177 est,
2616 3121 2766 3167 tanto
2806 3113 3099 3184 patientius
3124 3130 3262 3186 :cger
3286 3114 3677 3172 ferramentum
3710 3129 3792 3168 me-

2256 3200 2361 3255 dici
2408 3202 2621 3266 tolerat,
2650 3215 2852 3271 quanto
2900 3204 3171 3274 putridum
3216 3221 3337 3261 esse
3378 3208 3651 3279 conspicit
3684 3205 3791 3276 quod

2254 3301 2423 3353 serat,
2457 3300 2509 3346 et
2541 3302 2798 3362 quantum
2841 3309 2936 3364 per
2962 3295 3133 3364 ipsam
3165 3298 3470 3353 sectionem
3522 3299 3697 3354 salutis
3713 3311 3794 3351 tne-

2254 3382 2426 3436 delam
2453 3377 2651 3452 sperat.
2705 3384 2845 3439 Deus
2871 3386 3068 3454 quippe
3108 3388 3351 3443 internus
3381 3402 3469 3444 est
3504 3391 3796 3452 medicum!

2254 3482 2602 3542 peccatorum
2640 3490 2668 3528 a
2700 3475 2854 3530 nobis
2882 3478 3130 3546 contagia
3158 3489 3323 3542 secat,
3356 3495 3488 3549 quae
3540 3482 3793 3535 inesscme

2254 3564 2476 3620 dullitus
2500 3567 2771 3636 reprobat.
2805 3567 3048 3623 Abscidit
3073 3570 3219 3625 virus
3250 3573 3567 3640 putredinis
3586 3573 3713 3628 ferro
3732 3570 3795 3624 tri-

2253 3656 2569 3721 bulationis,
2599 3666 2786 3728 etquo
2815 3674 2977 3715 voces
3020 3662 3146 3730 πει-ἰ
3187 3663 3376 3717 audire
3421 3665 3731 3726 dissimulat,
3749 3677 3794 3714 ea

2253 3746 2586 3815 aegritudinis
2632 3748 2791 3801 linem
2836 3758 3109 3818 procurat.
3163 3749 3315 3817 Quod
3358 3762 3549 3808 autem
3598 3760 3795 3807 creatura

2255 3835 2809 3904 Creatorisjudicium
2844 3837 3116 3894 discutere
3135 3854 3236 3894 nec
3266 3841 3469 3896 debeat
3518 3857 3619 3898 nec
3648 3840 3796 3912 possit,

2252 3928 2545 3999 Apostolus
2571 3931 2828 3996 ostendit,
2857 3931 2946 4001 qui
2978 3947 3099 3985 cum
3128 3933 3194 3986 de
3219 3931 3606 4000 profunditate
3632 3933 3796 3989 divino-

2255 4037 2373 4077 rum
2394 4021 2716 4089 judieiorum
2740 4022 2944 4078 diceret
2967 4023 3044 4080 :0
3073 4023 3297 4077 altitudo
3315 4024 3799 4093 dicitiarumsapirn-

2255 4113 2342 4166 tite
2367 4121 2413 4165 et
2445 4113 2673 4167 scicntia:
2702 4114 2813 4175 Dei,
2833 4124 2960 4177 etc.,
2986 4115 3190 4169 addidit
3217 4133 3228 4169 :
3263 4115 3307 4169 0
3334 4118 3525 4182 homo,
3550 4129 3603 4171 tu
3626 4118 3726 4185 quis
3746 4131 3798 4169 rt.

2254 4202 2342 4271 qui
2374 4202 2682 4266 respondeas
2710 4202 2863 4256 Deo?
2888 4202 3059 4273 (Rom.
3092 4219 3168 4267 XI,
3195 4205 3307 4274 5'5.)
3338 4205 3521 4260 llumo
3560 4207 3735 4276 quippe
3754 4201 3801 4253 alt

2256 4292 2420 4347 humo
2449 4303 2691 4348 vocatur.
2735 4294 3077 4364 Respondere
3097 4311 3225 4366 ergo
3252 4298 3364 4351 Deo
3392 4314 3507 4353 non
3534 4312 3682 4367 posse
3702 4310 3798 4350 corr

2254 4382 2490 4436 vincitur
2519 4383 2607 4452 qui
2642 4383 2801 4438 homo
2824 4384 3153 4449 nominatur,
3180 4386 3302 4454 quia
3330 4401 3434 4455 per
3462 4387 3569 4442 hoc
3596 4385 3723 4458 quod
3753 4384 3800 4434 dc

2255 4474 2421 4528 lmmo
2447 4482 2691 4543 sumptus
2714 4483 2815 4538 est,
2844 4489 3073 4543 superna
3090 4475 3293 4543 judicia
3317 4477 3602 4533 discutere
3624 4478 3800 4533 idoneus

2255 4577 2361 4616 non
2387 4571 2491 4616 est.
2519 4561 2653 4629 Quia
2679 4562 2842 4633 igitur
2874 4563 2987 4619 haec
3024 4566 3355 4636 investigare
3379 4584 3490 4622 non
3522 4568 3798 4623 sufﬁcimus,

2253 4659 2420 4705 restat
2449 4659 2507 4704 ut
2535 4654 2636 4706 sub
2681 4649 2799 4721 ejus
2847 4652 3292 4723 dispositionibus
3336 4656 3627 4714 humiliter
3665 4666 3802 4712 tacea-

2252 4756 2397 4805 mus,
2426 4755 2495 4795 ne
2528 4740 2666 4796 forte
2696 4742 2740 4796 si
2771 4758 2936 4797 causa
2961 4745 3314 4800 districtionis
3340 4746 3462 4815 ejus
3495 4748 3800 4803 discutiatur.

2251 4830 2481 4900 amplius
2506 4831 2748 4886 discussa
2795 4841 3138 4902 provocetur.
3165 4834 3337 4888 Vitari
3379 4851 3627 4907 namque
3648 4836 3721 4890 vis
3743 4846 3804 4888 sa-

2252 4921 2402 4989 perni
2451 4919 2660 4975 consilii
2709 4936 3047 4992 nequaquam
3075 4932 3273 4994 potest,
3313 4927 3407 4981 sed
3455 4929 3582 4998 ejus
3605 4926 3802 4997 pondera

2256 5009 2355 5044 οἷῖιῖ
2383 5024 2571 5044 ηπηαιια
2604 5012 2802 5044 vin-In“:
2843 5010 3033 5044 Ῑηνῖησιι
3101 5015 3188 5044 ηιιῖ
3220 5029 3280 5044 on
3325 5016 3422 5044 οηῑι
3479 5018 3599 5044 ..ζ-υ.
3628 5014 3801 5044 ...αξιπηε

3880 1400 3886 1445 l
