3934 5400
48 434 143 488 Eii
178 466 187 470 ‹

980 418 1471 481 COLLATlONUM
1507 416 1696 472 LIBRI
1736 414 1937 472 TRES.
1970 446 2039 455 —
2076 415 2203 472 LIB.
2246 414 2334 473 lll.

3209 378 3315 475 θεὲ

44 552 265 612 biscunt,
287 562 383 601 cur
400 542 848 615 apprehenderunt
877 556 970 594 nos
1001 540 1178 593 omnia
1207 540 1339 599 Icare,
1372 534 1448 590 vel
1469 533 1623 605 judi—
1650 541 1697 599 Α
1728 540 1959 601 quenter
1982 530 2126 587 luctu
2149 518 2204 587 ei
2232 530 2458 601 penuria
2483 532 2680 602 premi,
2707 532 2889 588 sciunt
2917 534 3068 604 quia,
3120 542 3179 590 ut
3225 552 3318 590 su~

38 645 181 697 cium
200 642 315 710 ejus
338 656 438 692 non
457 653 566 692 esse
585 633 1039 705 justum?(1udic.
1055 630 1262 697 vn,13.)
1285 629 1468 699 Neque
1479 626 1623 682 enim

44 733 144 787 ista
174 729 461 785 mediocris
494 725 720 797 quaestio
762 732 865 787 est,
916 738 1019 781 cur.
1052 720 1208 776 malis
1250 719 1386 775 bene
1427 725 1532 781 est,
1570 724 1627 771 et

40 823 202 879 bonis
236 820 410 875 male:
441 819 657 889 quando
688 815 906 886 quidem
935 812 1105 868 sancti
1140 810 1417 880 praphetae
1443 807 1625 877 queri-

41 911 282 966 moniam
308 909 373 964 de
401 908 502 962 hoc
522 921 590 960 ex
614 918 844 976 persona
868 901 1206 956 infirmorum
1238 898 1417 953 facere
1440 897 1628 953 viden-

40 1014 149 1059 tur.
181 1004 321 1059 Dicit
341 999 607 1057 Jerentias
641 1016 654 1051 2
690 994 868 1061 Quare
912 996 995 1049 ria
1029 994 1311 1064 impiorum
1356 1006 1628 1062 prospera-

39 1094 167 1148 tur?
183 1108 345 1163 prope
374 1107 428 1145 es
452 1099 510 1143 tu
539 1089 619 1142 ori
654 1101 861 1150 eorum,
901 1096 950 1138 et
976 1082 1127 1154 longe
1151 1099 1186 1137 a
1216 1081 1422 1136 renibus
1445 1095 1625 1135 eorum

38 1185 178 1256 (Jer.
207 1199 306 1248 xtl,
336 1182 413 1253 1).
453 1181 519 1234 Et
541 1176 755 1234 David:
792 1175 901 1230 Mei
946 1186 1123 1229 autem
1165 1189 1292 1243 pene
1339 1173 1466 1228 moli
1505 1180 1624 1226 sunt

36 1276 219 1341 pedes,
248 1275 372 1345 quia
404 1271 567 1326 κειαυὶ
599 1270 655 1323 in
691 1267 1046 1338 peccato"bus
1072 1281 1253 1337 pacem
1297 1272 1626 1333 peccatorum

36 1365 226 1420 ridens
257 1364 432 1434 (Psal.
476 1375 649 1425 Lxxn,
680 1359 795 1427 25).
831 1357 900 1411 Et
932 1356 1222 1411 Malacltias
1264 1354 1462 1409 talibus
1489 1353 1626 1408 resi-

36 1468 198 1512 stens
217 1474 229 1509 :
246 1455 533 1517 Laborare,
562 1451 755 1521 inquit,
778 1449 974 1520 [ecistis
998 1447 1278 1502 Dominum
1298 1446 1352 1499 in
1379 1444 1629 1498 sermoni-

34 1547 138 1601 bus
183 1546 385 1600 vestris.
420 1542 485 1597 Et
510 1541 717 1596 dixistis
734 1556 754 1594 :
769 1537 836 1592 1η
859 1536 1003 1608 quo?
1028 1538 1081 1591 in
1104 1552 1166 1590 eo
1202 1550 1321 1589 cum
1346 1532 1584 1602 diceretis
1606 1544 1624 1581 :

30 1638 233 1693 Omnis
247 1638 338 1704 qui
361 1637 488 1705 facit
516 1633 714 1689 malum
739 1632 903 1686 bonus
923 1639 998 1684 est
1024 1630 1081 1684 in
1094 1636 1366 1707 conspectu
1392 1624 1625 1689 Domini,

28 1741 85 1784 et
118 1731 254 1783 tales
280 1729 327 1782 ei
350 1726 551 1797 placent
573 1723 792 1795 (Malae.
831 1737 896 1787 tt,
927 1719 1034 1792 l7).
1090 1720 1158 1773 Et
1186 1716 1325 1773 Job:
1356 1716 1463 1770 Cur
1484 1715 1627 1785 impii

32 1822 263 1877 rivum?
303 1821 423 1891 (Job
463 1817 578 1887 xxi)
631 1816 800 1872 multa
854 1830 972 1885 qua:
1011 1818 1311 1882 sequuntur
1351 1809 1628 1879 hujusmo-

1728 621 2031 690 pradietum
2058 629 2162 686 est,
2188 620 2319 675 nihil
2346 620 2400 675 in
2427 629 2568 675 terra
2600 623 2717 677 sine
2741 639 2904 679 causa
2930 624 3021 688 fit;
3053 625 3179 695 quia
3210 627 3313 681 etsi

1726 714 1870 769 Deus
1889 729 2085 770 causas
2128 712 2345 784 ﬂagelli,
2380 726 2489 782 quo
2526 713 2655 769 boni
2687 715 3084 784 opprimuntur,
3107 723 3157 770 et
3187 731 3314 787 pro-

1726 805 2036 876 speritates,
2065 804 2263 873 quibus
2295 803 2420 859 mali
2463 803 2778 872 fulciuntur,
2821 805 2961 861 Deus
2982 821 3088 861 non
3118 806 3315 876 aperit,

1724 912 1793 957 co
1817 906 1996 953 tamen
2020 896 2201 968 justas
2227 910 2350 953 esse
2377 897 2598 961 indicat,
2630 911 2738 967 quo
2763 910 2857 951 eas
2886 896 3021 965 ipse,
3051 896 3144 966 qui
3171 912 3321 952 sum-

1727 1002 1814 1042 me
1834 986 2015 1056 justus
2042 995 2143 1051 est,
2174 986 2293 1042 ﬁeri
2316 987 2492 1057 jubet.
2524 985 2669 1041 Nihil
2695 986 2841 1042 enim
2871 986 2981 1040 Deo
3009 985 3184 1056 placet
3216 986 3322 1042 nisi

1720 1077 1956 1147 justum;
1987 1078 2096 1148 pati
2113 1088 2294 1133 autem
2318 1078 2462 1132 nulla
2480 1078 2583 1133 nisi
2604 1092 2724 1149 qua:
2751 1077 2863 1132 Deo
2878 1076 3181 1147 placuerint
3198 1092 3324 1146 pos~

1727 1183 1935 1223 sumus.
1950 1166 2104 1223 Justa
2131 1167 2433 1237 suntigitur
2454 1176 2670 1233 cuncta,
2692 1182 2817 1237 quas
2827 1166 3086 1237 patimur,
3115 1167 3241 1236 quia
3257 1182 3325 1223 eo

1726 1264 2011 1319 ordinante
2027 1262 2181 1318 nobis
2201 1262 2477 1327 eveniunt,
2494 1261 2585 1333 qui
2611 1261 2809 1332 injuste
2823 1261 2961 1317 velle
2976 1261 3108 1316 nihil
3122 1272 3323 1333 potest.

1726 1352 1869 1422 Ergo
1899 1353 2082 1407 divina
2104 1350 2328 1421 judicia,
2347 1368 2442 1423 per
2468 1368 2589 1421 qua:
2604 1353 2763 1408 bonis
2798 1352 3098 1409 adversitas
3121 1353 3323 1421 evenit,

1724 1452 1781 1496 et
1804 1440 1959 1496 malis
1987 1442 2338 1511 prosperitas,
2363 1426 2466 1496 non
2494 1443 2688 1497 audaci
2705 1456 2956 1497 sermone
2989 1443 3328 1499 discutienda

1725 1542 1873 1597 sunt,
1899 1535 1994 1590 sed
2024 1532 2372 1590 formidolosa
2407 1534 2623 1590 silentio
2651 1536 2980 1592 veneranda.
3012 1535 3133 1592 Non
3162 1534 3327 1608 igitur

1726 1624 2003 1691 discutias,
2036 1640 2136 1680 cur
2163 1625 2238 1680 ita
2268 1625 2350 1681 vel
2387 1642 2491 1681 non
2513 1628 2585 1681 ita
2616 1627 2674 1681 lit
2704 1646 2719 1681 ς
2751 1627 2819 1683 ad
2847 1628 3010 1683 linem
3039 1628 3326 1698 utriusque

1727 1717 1954 1788 respice.
1994 1716 2163 1771 David
2191 1717 2335 1772 enim
2376 1717 2428 1772 in
2469 1718 2816 1787 disquirendo
2851 1718 3156 1786 laborabat,
3190 1735 3328 1790 quoa

1727 1825 1899 1881 usque
1928 1809 2190 1866 intellexit
2219 1811 2271 1865 in
2304 1812 2614 1867 novissimis
2658 1827 2870 1878 eorum,
2914 1821 2970 1867 et
2996 1813 3131 1867 vidit
3176 1811 3322 1882 quod

30 1915 116 1969 di.
148 1913 308 1981 Quod
348 1922 404 1965 et
442 1910 694 1966 Salomon
735 1908 1018 1963 insinuans
1050 1924 1063 1959 :
1099 1904 1214 1958 Hoc
1252 1913 1351 1968 est,
1390 1904 1484 1969 ait,
1522 1919 1634 1972 pes-
1664 1896 1706 1956 Β
1737 1901 1809 1955 illi
1846 1901 1938 1970 qui
1987 1902 2236 1971 superbia
2282 1911 2553 1968 tenentur,
2609 1902 2899 1971 ejiciuntnr
2943 1904 3071 1960 dum
3115 1902 3359 1959 elevant

27 2004 238 2055 simum
267 2003 402 2053 inter
436 1999 612 2053 omnia
651 2012 769 2068 qua:
803 1996 898 2050 sub
947 1994 1073 2049 cuzlo
1104 2003 1247 2061 sunt,
1296 1994 1421 2063 quia
1450 1993 1631 2046 eadem

24 2093 251 2146 cunctis
300 2090 534 2145 eveniunt
566 2088 713 2157 justo
757 2096 805 2142 et
859 2087 1016 2157 impio
1056 2084 1227 2157 (Eccl.
1276 2102 1355 2150 tx,
1399 2084 1477 2155 ὅ),
1524 2094 1629 2139 etc.

31 2181 208 2236 Unde
240 2187 302 2234 et
328 2179 491 2233 corda
519 2178 751 2232 liliorunt
794 2177 1073 2232 hominum
1118 2175 1391 2246 replentur
1429 2172 1634 2227 malitia

21 2282 89 2327 et
114 2279 462 2341 contemptu.
502 2268 618 2324 Scit
642 2269 787 2323 enim
825 2266 1072 2323 diabolus
1093 2266 1239 2321 hunc
1275 2266 1519 2320 ordinem
1550 2279 1637 2318 re-

30 2381 188 2429 rum,
223 2364 371 2432 quod
399 2360 649 2416 videlicet
697 2359 916 2429 quidam
951 2373 1049 2429 per
1089 2358 1407 2413 aﬂlictioues
1446 2369 1636 2425 perve-

24 2458 163 2512 nire
190 2456 426 2519 soleant,
453 2462 546 2507 aut
583 2455 653 2507 ad
699 2451 1206 2515 murmurationem,
1237 2458 1329 2504 aut
1353 2449 1420 2503 ad
1447 2447 1638 2517 despe-

24 2548 342 2603 rationem.
385 2544 453 2598 Et
498 2544 619 2598 ideo
650 2557 772 2596 cum
820 2542 1136 2612 praedictum
1174 2538 1275 2594 Job
1317 2540 1385 2592 ad
1425 2548 1639 2592 tentan-

16 2641 170 2694 dum
208 2636 528 2707 expetisset,
571 2649 787 2690 omnem
829 2632 1189 2688 substantiam
1221 2630 1336 2700 ejus
1391 2644 1637 2700 pessum~

20 2732 214 2796 dedit,
247 2731 345 2785 sed
378 2737 434 2784 et
479 2741 641 2783 omne
671 2741 868 2794 corpus
918 2724 1036 2794 ejus
1075 2723 1268 2777 afﬂixit
1298 2741 1310 2776 :
1342 2730 1461 2776 non’
1494 2719 1638 2792 quod

18 2839 166 2881 eum
202 2835 501 2893 pauperem
550 2826 645 2873 aut
683 2833 883 2889 aegrum
917 2817 1100 2870 facere
1137 2814 1496 2877 desideraret,
1544 2811 1639 2866 sed

14 2925 94 2973 ut
126 2930 237 2986 per
282 2912 563 2968 molestias
592 2909 840 2964 exterius
866 2907 1046 2962 illatas
1091 2905 1209 2974 ejus
1248 2902 1641 2960 conscientiam

16 3007 281 3076 fatigare
322 3010 524 3073 posset,
564 3000 839 3070 animique
894 3000 1095 3053 virtute
1132 2998 1335 3053 nudata
1388 3004 1448 3051 ut
1478 2995 1641 3065 impie

15 3096 254 3167 aliquid
287 3096 355 3149 de
380 3093 667 3149 divinitate
695 3092 939 3147 sentiret.
966 3087 1052 3143 Ad
1096 3090 1201 3145 hoc
1234 3088 1378 3144 enim
1412 3096 1466 3143 et
1504 3103 1640 3141 nun-

19 3193 149 3247 tios
175 3188 382 3244 callide
406 3186 626 3252 direxit,
651 3193 710 3241 ut
730 3200 870 3239 unus
901 3183 1052 3254 prius
1080 3182 1287 3237 diceret
1318 3199 1332 3236 :
1359 3180 1533 3236 Sabwi
1562 3179 1641 3249 {e-

1734 2002 1839 2057 tur,
1872 2001 1927 2048 et
1956 1993 2134 2049 subito
2163 1993 2218 2049 in
2256 1993 2588 2051 desolatione
2628 2004 2808 2050 erant.
2841 1995 2907 2049 lli
2945 2010 3077 2051 vero
3115 1994 3207 2065 qui
3236 1991 3331 2062 ju-

1732 2086 1974 2140 stiﬁcant
1996 2100 2095 2140 cor
2125 2100 2280 2140 suum
2315 2096 2371 2139 et
2402 2086 2759 2157 ﬂagellantur,
2780 2096 2889 2143 tota
2919 2088 3005 2143 die
3028 2086 3156 2142 facti
3178 2094 3328 2150 sunt,

1734 2191 1882 2231 nunc
1920 2175 2140 2246 quidem
2177 2186 2235 2231 ut
2256 2176 2586 2247 jumentum,
2625 2180 2719 2233 sed
2748 2187 2908 2233 erunt
2962 2193 3177 2248 semper
3206 2191 3359 2234 cum.

1732 2266 1978 2322 Domino.
2013 2268 2163 2323 Licet
2200 2268 2364 2338 igitur
2406 2268 2781 2339 multipliciter
2853 2269 3126 2333 alliciaris,
3221 2285 3332 2325 non

1733 2356 1986 2425 desperes
2014 2372 2180 2428 opera
2212 2357 2372 2423 bona,
2404 2358 2451 2413 si
2482 2373 2587 2428 qua
2631 2367 2776 2426 sunt,
2818 2360 2928 2415 Deo
2954 2359 3352 2429 displicuisse;'

1735 2447 2020 2516 quoniam,
2051 2456 2111 2502 ut
2148 2449 2408 2520 scriptum
2455 2459 2560 2512 est,
2590 2465 2711 2504 cum
2744 2458 2795 2505 te
2829 2457 3204 2519 consumptum
3233 2464 3333 2520 pu-

1739 2538 1957 2602 taveris,
1985 2538 2181 2595 orieris
2211 2548 2270 2594 ut
2293 2538 2529 2610 Lucifer,
2557 2549 2613 2596 et
2637 2540 2971 2596 meridianus
2999 2538 3177 2612 fulgor
3203 2554 3364 2596 con-.

1735 2638 1923 2699 surget
1952 2630 2047 2685 tibi
2075 2631 2131 2685 in
2159 2647 2469 2702 vesperum.
2722 2624 2733 2639 “

1808 2720 2053 2778 XXXIX.
2088 2722 2343 2780 Nonnulli
2380 2740 2467 2781 res
2496 2726 2761 2783 humanas
2791 2726 2958 2781 Deum
2986 2727 3182 2784 curare
3224 2741 3335 2783 non

1738 2813 2033 2881 aestimant,
2062 2816 2319 2885 quoniam
2351 2816 2594 2872 fortuitis
2627 2818 2844 2873 casibus
2895 2817 3013 2873 ﬁeri
3058 2802 3339 2882 videntur,-

1738 2904 1997 2960 auxilium
2019 2919 2151 2961 vero
2175 2906 2417 2963 divinum
2464 2908 2567 2963 sibi
2591 2908 2784 2965 adesse
2807 2907 3068 2971 dill‘ulunt,
3099 2909 3337 2963 maxime

1740 3009 1863 3051 cum
1893 3009 2084 3065 preces
2115 3011 2306 3052 eorum
2333 3013 2440 3054 non
2472 3000 2860 3054 exaudiuntur.
2889 2998 2995 3054 Sed
3039 3000 3092 3053 in
3121 2999 3224 3055 Job
3251 3002 3335 3057 di-

1741 3088 1883 3143 citur
1915 3107 1928 3142 :
1958 3087 2133 3158 Supra
2188 3106 2365 3145 omnes
2416 3091 2571 3146 caelos
2623 3094 2732 3162 ipse
2760 3092 3079 3157 considerat,
3102 3103 3149 3147 et
3178 3110 3336 3163 super

1742 3190 1940 3250 gentes,
1989 3191 2038 3235 et
2077 3198 2235 3251 super
2288 3199 2463 3237 omnes
2513 3183 2747 3237 homines
2802 3182 2926 3255 (Job
2997 3198 3218 3248 xxxvtt,
3256 3182 3360 3252 5).‘

10 3291 229 3335 rerum
251 3288 359 3332 tres
394 3287 616 3338 turmas,
662 3283 708 3329 et
739 3272 972 3328 tulerunt
1025 3272 1224 3337 omnia,
1253 3280 1301 3326 et
1341 3281 1463 3325 tunc
1505 3270 1640 3339 ignis
1668 3247 1714 3308 (ἶ
1746 3271 1883 3327 llinc
1904 3272 1957 3328 in
1987 3272 2270 3330 Moralium
2301 3273 2440 3329 libro
2470 3263 2599 3339 xxv,
2629 3288 2782 3343 aeque
2813 3247 2979 3328 ‘Deus
3026 3247 3212 3329 omnia
3252 3247 3342 3329 re-

8 3370 139 3424 Dei
190 3367 385 3422 cecidit
427 3365 492 3419 de
515 3363 663 3430 calo,
684 3373 732 3417 et
756 3371 923 3416 tactas
961 3378 1076 3417 oves
1094 3377 1382 3432 puerosque
1406 3376 1645 3414 causant-

2 3464 142 3534 ptis
174 3458 309 3532 (Job
332 3474 374 3525 ι,
397 3458 511 3530 15).
533 3455 696 3524 Quasi
722 3455 925 3511 diceret
951 3470 964 3506 :
994 3452 1164 3508 Pensa
1190 3453 1316 3523 quia
1341 3451 1541 3506 frustra
1572 3460 1649 3507 tot

5 3552 224 3606 Deum
258 3547 457 3603 hostiis
494 3546 710 3617 placare
752 3544 996 3608 voluisti,
1055 3541 1207 3611 cujus
1251 3541 1387 3596 iram
1427 3541 1646 3605 toleras,

3 3639 238 3713 quem'
270 3638 427 3694 tein
467 3636 720 3692 humanis
774 3634 1194 3690 adversitatibus
1243 3633 1649 3689 consolaturum

0 3733 324 3807 sperabas
351 3749 365 3785 :
399 3739 667 3802 quatenus
688 3728 816 3783 dum
844 3743 903 3784 se
928 3728 1062 3784 foris
1096 3728 1165 3783 ab
1186 3727 1495 3782 hominibus
1510 3725 1649 3791 laedi,

0 3834 77 3882 et
116 3824 290 3878 intus
312 3837 343 3874 a
364 3822 475 3876 Deo
508 3819 728 3875 destitui
749 3818 1143 3884 consideraret,
1182 3817 1238 3872 in
1267 3816 1652 3874 contumeliam

0 3926 208 3974 tanto
247 3914 536 3979 audacius,
601 3919 804 3982 quanto
856 3918 911 3965 et
948 3909 1303 3980 desperatius
1359 3908 1650 3977 erupisset.

0 4008 208 4063 Adeo
244 4016 487 4072 namque
518 4000 763 4056 diabolus
803 3999 856 4054 id
885 4013 1046 4070 posse
1099 3997 1216 4052 fieri
1267 3996 1649 4068 pnesumebat,

0 4109 81 4154 ut
123 4111 260 4152 non
292 4094 468 4150 soluat
494 4094 561 4149 de
587 4092 827 4163 quolibet
852 4091 1054 4162 aliquo,
1105 4090 1201 4146 sed
1245 4091 1410 4145 etiam
1445 4089 1511 4144 de
1537 4088 1654 4159 ipso

0 4192 173 4254 Job,
210 4186 374 4255 cujus
402 4184 595 4241 similis
644 4192 770 4239 tunc
799 4198 904 4238 non
943 4192 1081 4246 erat,
1105 4181 1171 4236 ad
1201 4181 1366 4236 Deum
1408 4178 1651 4235 diceret:

0 4281 245 4348 Tange
269 4285 459 4330 cuncta
490 4290 609 4345 qtae
634 4273 887 4344 possidet,
942 4281 989 4324 et
1019 4282 1142 4324 tunc
1182 4269 1375 4325 videbis
1420 4269 1561 4338 quod
1602 4268 1656 4322 in

0 4371 261 4442 faciem
312 4364 582 4420 benedicat
624 4363 717 4417 tibi
756 4361 878 4435 (Job
924 4377 964 4427 ι,
999 4361 1110 4432 ll).
1143 4358 1340 4414 Verum
1385 4359 1465 4413 sic
1487 4358 1656 4415 isdem

0 4462 138 4519 Iob
190 4464 395 4512 contra
438 4466 670 4526 utraque
717 4453 956 4508 munitus
996 4451 1249 4522 perstitit.
1287 4442 1422 4505 Nam
1467 4461 1657 4506 contra

0 4550 560 4612 murmurationem
611 4550 921 4617 a3quitatem
969 4546 1172 4615 judicis
1212 4546 1279 4599 ad
1337 4544 1656 4598 memoriam

0 4643 305 4707 reducit,
328 4642 514 4696 dicens
549 4657 562 4695 :
597 4638 721 4696 Scio
750 4640 873 4712 quia
920 4640 967 4692 si
1010 4638 1225 4693 voluerit
1264 4638 1417 4691 homo
1452 4648 1665 4690 conten-

0 4744 171 4794 dere
230 4749 354 4786 cum
400 4732 531 4798 Deo,
586 4748 690 4785 non
753 4730 941 4800 poterit
999 4730 1304 4800 respondere
1361 4746 1522 4783 unum
1567 4745 1662 4799 pro

0 4825 205 4885 mille
225 4821 354 4894 (Job
382 4837 460 4886 ιι,
480 4821 559 4893 5);
583 4833 639 4876 et
660 4821 788 4875 item
815 4834 829 4872 :
849 4817 972 4874 Non
993 4819 1307 4890 respondebo
1327 4819 1375 4872 si
1396 4820 1662 4891 quidpiam

0 4918 175 4987 iusti
209 4911 475 4977 habuero,
489 4912 579 4966 sed
600 4926 772 4966 meum
793 4908 1029 4980 judicem
1052 4909 1363 4980 deprecabor
1389 4909 1437 4981 (Ι
1446 4910 1555 4963 bid.
1583 4925 1661 4974 Ix,

0 5013 154 5085 [5).
189 5005 416 5061 Contra
439 5003 869 5073 desperationem
890 5014 1017 5055 vero
1045 5000 1482 5057 ltolocaustorum
1511 5015 1660 5055 com-

1692 4598 1738 4657 D

1747 3369 1929 3438 spicit,
1953 3384 2106 3439 teque
2147 3377 2342 3424 cuncta
2384 3368 2640 3438 disponit,
2711 3368 3196 3439 ubiqueprazsens
3240 3380 3343 3421 nec

1749 3458 1999 3513 localiter
2030 3466 2269 3522 tenetur,
2317 3472 2420 3512 nec
2467 3456 2621 3512 varia
2650 3458 2892 3513 curando
2922 3457 3188 3512 variatur.
3248 3453 3343 3509 Sic

1722 3598 1735 3603 -
1750 3567 1878 3622 ergo
1909 3551 2088 3606 divina
2112 3548 2315 3618 judicia
2343 3549 2697 3605 intenduntur
2717 3564 2879 3620 super
2897 3564 3057 3603 unam
3079 3548 3341 3611 animam,
3366 3586 3373 3592 .

1752 3643 1893 3697 sicut
1933 3655 2096 3710 super
2119 3655 2283 3695 unam
2310 3640 2500 3695 urbem
2529 3657 2543 3706 ;
2570 3647 2625 3695 et
2646 3640 2788 3695 sicut
2834 3654 2998 3709 super
3026 3654 3187 3692 unam
3212 3651 3344 3705 gen-

1755 3743 1882 3797 tem,
1910 3734 1988 3788 sic
2029 3748 2192 3802 super
2212 3734 2522 3787 universam
2548 3734 2761 3803 generis
2788 3732 3007 3787 humani
3037 3730 3372 3785 multitudi-.

1754 3841 1901 3891 seu,
1930 3826 2010 3880 sic
2034 3839 2245 3880 summa
2277 3825 2412 3894 regit
2439 3823 2676 3879 utetiam
2702 3835 2943 3878 extrema
2971 3837 3079 3878 non
3103 3822 3341 3888 deserat,

1753 3929 1856 3970 nec
1930 3914 2184 3969 universo
2228 3914 2379 3970 deest
2419 3928 2540 3968 eum
2588 3912 2825 3983 diSponit
2875 3927 3059 3977 unum,
3110 3925 3208 3967 nec
3251 3911 3363 3964 uni.

1756 4022 1879 4062 cum
1918 4006 2154 4076 disponit
2178 4007 2510 4062 universum.
2551 4004 2668 4061 Non
2717 4019 2847 4076 ergo
2885 4004 3105 4075 negligit
3153 4003 3363 4058 huma~

1755 4114 1857 4153 nos
1876 4108 2049 4164 actus;
2081 4098 2278 4168 quippe
2309 4111 2445 4166 quos
2471 4096 2556 4151 hic
2575 4095 2889 4163 frequenter
2926 4103 3019 4149 aut.
3046 4094 3218 4164 punit,
3249 4102 3371 4148 aut.

1757 4199 2108 4256 remunerat;
2140 4190 2254 4254 sed,
2296 4198 2357 4244 ut
2378 4190 2580 4245 dictum
2609 4197 2712 4253 est,
2752 4188 2865 4256 ipse
2884 4188 3192 4242 considerat
3212 4203 3370 4258 quam

1757 4281 1881 4338 liter
1907 4295 2000 4337 eos
2029 4280 2115 4336 vel
2145 4296 2305 4343 nunc,
2334 4279 2419 4334 vel
2454 4280 2507 4333 in
2550 4290 2828 4348 posterum
2853 4278 3202 4334 determinat.
3241 4278 3371 4346 Qui.

1758 4372 1803 4427 si
1836 4385 1979 4426 nunc
2002 4384 2163 4424 omne
2210 4378 2490 4439 peccatum
2537 4368 2822 4424 manifesta
2862 4382 3023 4438 poena
3066 4370 3347 4439 plecteret,

1760 4460 1896 4514 nihil
1945 4458 2134 4513 ultimo
2175 4455 2382 4526 judicio
2449 4472 2670 4514 servare
2752 4467 3035 4528 putaretur
3084 4476 3099 4513 :
3159 4475 3353 4514 rursus

1764 4551 1808 4606 si
1834 4549 2037 4605 nullum
2068 4562 2212 4603 nunc
2241 4556 2525 4619 peccatum
2568 4548 2806 4617 puniret,
2837 4548 2983 4603 nulla
3021 4563 3142 4605 esse
3168 4549 3370 4605 divina.

1765 4639 2103 4712 providentia
2123 4639 2453 4694 crederetur.
2500 4636 2700 4695 Μηίοιί
2734 4653 2865 4694 vero
2895 4640 3021 4695 dum
3042 4640 3284 4696 clamant
3307 4640 3357 4693 si

1768 4731 1974 4787 tardius
2000 4729 2385 4794 exaudiuntur,
2426 4729 2552 4784 dum
2592 4729 2798 4786 clamor
2833 4744 3023 4788 eorum
3046 4727 3203 4800 quasi
3254 4744 3355 4783 ne-

1766 4822 2011 4893 gligitur,
2062 4836 2186 4891 spes
2217 4819 2548 4887 infirmatur,
2588 4831 2642 4877 et
2687 4834 2982 4889 supernum
3027 4818 3370 4889 adiutorium

1766 4914 1953 4967 deesse
1990 4912 2254 4976 creditur,
2297 4911 2557 4980 quoniam
2609 4910 2812 4965 tardius
2846 4910 3189 4980 impetratur.
3243 4906 3369 4972 Quo.

1768 5011 1956 5058 contra
2019 5004 2279 5074 scriptum
2306 5008 2389 5056 est
2426 5016 2441 5055 :
2484 5003 2666 5074 Neque
2694 5001 2829 5054 enim
2862 5000 3066 5068 frustra
3120 4995 3368 5052 exaudiet

1770 5092 1911 5146 Deus
1939 5091 2066 5162 (Job
2093 5107 2258 5156 xxxv,
2290 5089 2402 5160 l5).
2441 5089 2564 5150 Non
2588 5091 2812 5149 frustra,
2852 5088 3060 5157 inquit,
3091 5084 3183 5141 sed
3222 5081 3375 5145 utili—

1770 5192 1872 5239 ter.
1901 5182 2159 5255 Plerique
2198 5181 2572 5248 cxaudiuntur
2627 5179 2695 5233 ad
2722 5186 2929 5242 votum,
2994 5179 3090 5235 sed
3151 5185 3258 5228 non
3310 5170 3385 5231 ad

1770 5274 2001 5302 nn‘nlinm
2059 5284 2114 5302 ..ι
2143 5274 2370 5302 enin-una
2413 5275 2639 5302 ηι-σιηᾹΑ
2704 5267 2920 5302 haollnn
2979 5270 3074 5302 In"
3133 5263 3388 5302 AYHPI“L.

0 5095 370 5177 passionis,
418 5096 723 5158 castitatis,
764 5088 1211 5159 ltumilitatisque,
1246 5088 1333 5145 vel
1370 5091 1664 5145 multorum

0 5194 273 5255 talium
308 5186 776 5247 reminiscebatur,
819 5182 889 5235 ita
930 5190 990 5237 ut
1034 5182 1281 5239 diceret:
1328 5180 1451 5236 Non
1478 5198 1666 5254 repre-

0 5299 5 5301 ,
171 5283 261 5302 ις.
314 5296 390 5302 μ--
428 5294 508 5302 --..
544 5296 584 5302 .--
603 5295 706 5302 μμ..
762 5277 817 5302 .‘n
854 5275 987 5302 nm“:
1022 5276 1125 5302 ..ἔπι-
1157 5293 1271 5302 ω-..
1304 5272 1355 5302 11
1395 5274 1521 5302 1--..
1577 5289 1636 5302 ..-

806 5290 817 5302 ι
854 5290 987 5302 nm...
1022 5288 1125 5302 ..ιιι-

314 5296 390 5302 μ--
428 5294 508 5302 Α-..
544 5296 584 5302 .--
603 5295 706 5302 -,,-μ
