3964 5360
609 360 715 416 615

1625 349 1685 407 Β.
1726 347 1978 408 ODONlS
2015 349 2305 408 ABBATIS
2339 350 2838 411 CLUNIACENSIS
2875 355 2915 411 Il
3717 362 3788 418 Gil

610 479 884 529 diceretur
919 487 932 524 :
979 466 1146 535 Quasi
1194 462 1403 522 deseris
1453 477 1541 519 me
1588 461 1717 518 dum
1771 459 2096 518 clamantem
2130 459 2198 516 ad
2226 465 2274 524 Α
2301 462 2430 533 quid
2464 463 2700 528 dicatur,
2734 478 2856 519 cum
2901 461 3088 520 afﬂicti
3129 460 3387 531 clamant,
3433 480 3498 521 ex
3542 481 3596 523 se
3632 471 3790 538 quidem

609 574 796 619 votum
825 576 932 617 non
981 559 1246 624 exaudis,
1279 558 1375 614 sed
1420 557 1549 613 dum
1593 555 1698 610 hoc
1746 553 1893 625 quod
1942 554 2199 625 insipien-

607 665 695 710 ter
725 652 943 725 postulo
971 649 1302 716 dissimulas,
1327 647 1522 703 melius
1550 660 1635 701 me
1659 645 1907 708 exaudis,
1939 643 2196 715 quoniam

609 745 996 819 opportuniora
1024 757 1307 814 procuras.
1356 739 1556 795 Contra
1609 739 1713 793 hoc
1756 746 1937 793 autem
1968 736 2109 807 quod
2131 751 2193 790 ea

607 856 731 911 qua:
750 839 989 910 patimur
1032 836 1175 891 Deus
1223 849 1330 890 non
1379 832 1730 888 considerare
1775 837 2016 900 putatur,
2071 843 2196 884 cum

609 929 900 1001 Scriptura
929 928 1140 985 diceret
1180 942 1197 981 :
1230 925 1412 997 Neque
1444 924 1584 979 enim
1610 922 1812 991 [rustra
1852 919 2000 974 audit
2030 918 2194 983 Deus,

608 1020 975 1092 subiungitur,
1010 1028 1057 1074 et
1090 1016 1433 1088 Omnipotens
1482 1014 1815 1084 singulorum
1869 1026 2060 1065 causas
2116 1010 2196 1063 in-

611 1124 789 1168 tuetur
827 1111 951 1184 (Job
993 1125 1155 1175 xxxv,
1189 1108 1298 1181 15).
1332 1106 1469 1174 Quia
1501 1104 1755 1160 videlicet
1791 1116 1983 1173 preces
2022 1100 2193 1166 audit,

596 1222 751 1277 quas
777 1205 967 1260 audire
995 1202 1324 1267 dissimulat,
1380 1208 1438 1255 et
1494 1197 1639 1268 quod
1689 1196 1921 1267 quisque
1990 1193 2196 1264 patitur

611 1312 719 1353 non
767 1295 998 1366 ignorat.
1050 1292 1151 1359 Qui
1203 1306 1332 1345 vero
1398 1289 1637 1359 pomlere
1696 1284 2061 1356 percussionis
2108 1282 2195 1338 vel

610 1399 958 1441 murmurare
982 1382 1064 1438 vel
1094 1382 1389 1451 desperare
1416 1379 1654 1449 cogitur,
1698 1385 1976 1431 auctorem
2025 1373 2191 1429 mise-

609 1478 862 1534 ricordiae
883 1484 939 1531 et
965 1484 1174 1530 naturze
1203 1488 1312 1529 suae
1336 1473 1503 1527 Deum
1520 1468 1852 1525 consideret.
1880 1466 2019 1521 Hinc
2040 1464 2193 1521 enim

609 1585 708 1627 rex
733 1567 901 1625 David
936 1564 1204 1638 angustiis
1235 1577 1460 1635 pressus
1480 1561 1547 1616 ad
1573 1574 1722 1631 spem
1752 1572 1876 1615 sese
1914 1556 2194 1628 recollige—-

608 1663 728 1728 bat,
750 1660 936 1715 dicens
961 1676 974 1712 :
1004 1656 1275 1721 Obmutui,
1302 1665 1349 1709 et
1378 1670 1483 1708 non
1508 1652 1693 1723 aperui
1740 1667 1798 1705 os
1826 1665 1997 1703 meum
2022 1664 2041 1711 ;
2063 1664 2196 1719 quo-

606 1754 751 1807 nium
788 1760 846 1804 tu
902 1747 1070 1820 fecisti
1119 1745 1290 1817 (Psal.
1353 1757 1585 1808 xxxvm,
1647 1740 1761 1811 10).
1817 1736 2193 1795 Consideravit

2299 567 2445 624 sa‘pe
2471 564 2750 609 merentur
2775 554 2972 619 audiri,
3004 554 3097 611 sed
3124 564 3303 613 tamen
3330 570 3513 611 eorum
3548 571 3704 626 preces
3745 565 3792 618 ob

2297 646 2549 700 meritmn
2571 644 2886 701 dill'eruntut
2915 647 3364 718 Opprintentiutn,
3387 657 3446 702 ut
3465 649 3690 720 scriptum
3711 667 3791 722 est:

2297 734 2610 790 Clamabunt
2635 745 2683 791 et
2714 753 2819 791 non
2840 738 3086 792 exaudiet
3130 748 3339 809 propter
3372 740 3647 807 superbiam
3678 745 3795 798 malo-

2298 844 2414 881 rum
2447 827 2571 899 (Job
2605 845 2770 895 xxxv,
2791 830 2882 900 9);
2911 846 2975 886 ac
2998 832 3040 885 si
3072 830 3313 886 diceret:
3349 832 3545 886 Beatus
3563 848 3795 902 persecuto-

2297 936 2415 975 rum
2442 921 2691 992 prohibet
2718 937 2788 977 ne
2812 922 2998 979 al‘llicti
3027 925 3413 979 exaudiantur.
3445 925 3624 982 Justus
3653 929 3797 999 quippe

2295 1021 2351 1066 et
2375 1013 2686 1070 misericors
2715 1014 2856 1070 Deus
2901 1024 2957 1070 et
3007 1031 3137 1071 suos
3188 1018 3459 1086 permittit
3510 1020 3793 1089 tempomlitu

2293 1106 2551 1175 opprimi,
2581 1115 2637 1161 et
2665 1106 3028 1163 violentorum
3073 1109 3371 1177 nequitiam
3428 1110 3706 1166 immaniter
3738 1127 3800 1166 au-

2295 1197 2433 1267 geri,
2466 1205 2525 1252 ttt
2580 1197 2708 1253 dum
2765 1199 3037 1270 justorum
3103 1201 3212 1255 vita
3268 1203 3586 1272 purgatione
3644 1205 3799 1268 teritur,

2294 1290 2508 1345 illorum
2573 1290 2816 1362 nequitia
2880 1291 3231 1363 compleatur.
3319 1291 3639 1363 Plerumque
3703 1300 3803 1349 enin

2295 1382 2482 1440 ﬁdeles
2512 1384 2564 1440 in
2625 1384 2977 1441 tribulatione
3039 1372 3362 1457 deprehensi
3425 1402 3694 1458 supernum
3743 1404 3802 1442 so-

2296 1473 2484 1529 latium
2522 1474 2687 1529 etiam
2748 1474 3121 1545 temporalitcr
3183 1476 3236 1529 in
3304 1476 3642 1531 tribulatione
3688 1478 3806 1546 perci-

2294 1566 2486 1636 piunt,
2521 1574 2579 1621 ut
2627 1566 2754 1622 dum
2798 1566 2919 1623 illos
2962 1567 3303 1638 onmipotens
3343 1567 3490 1622 Deus
3526 1566 3656 1622 facto
3679 1569 3808 1635 aliqua

2296 1655 2560 1711 miraculo
2599 1655 2815 1723 liberat,
2848 1657 3106 1712 virtutem
3144 1672 3301 1712 suam
3332 1659 3468 1728 ipsis
3499 1659 3650 1713 etiam
3681 1674 3810 1728 perse-

2296 1747 2574 1803 cutoribus
2604 1748 2915 1814 innotescit,
2944 1757 3000 1803 ut
3026 1749 3149 1805 inde
3169 1750 3516 1806 adversarios
3539 1751 3589 1805 in
3617 1762 3810 1805 aeternum

607 1841 777 1907 enim,
807 1839 952 1911 quod
982 1836 1075 1908 qui
1106 1835 1337 1906 benigne
1359 1848 1503 1897 eum,
1533 1829 1625 1901 qui
1657 1844 1762 1885 non
1812 1839 1954 1895 erat,
1998 1825 2190 1882 condi-

2302 1840 2527 1894 redimat
2570 1841 2711 1896 unde
2759 1855 2887 1896 suos
2918 1841 3286 1911 temporaliter
3329 1841 3528 1897 salvat.
3575 1840 3706 1899 Unde
3724 1841 3814 1896 Pto-

607 1932 708 1996 dit,
740 1930 884 1985 hunc
921 1927 1165 2000 profecto
1191 1924 1467 1981 conditum
1494 1936 1600 1976 non
1632 1920 1735 1975 nisi
1788 1919 1937 1991 juste
1965 1932 2192 1989 percus-

607 2021 700 2078 sit.
734 2021 871 2075 llinc
911 2017 1146 2089 Moyses,
1212 2030 1337 2070 eum
1393 2020 1797 2068 murmurantes
1855 2010 2192 2081 reprimeret,

607 2110 1093 2170 dixit:t'-'eneratio
1144 2124 1330 2180 prava,
1390 2104 1620 2160 Ita'ccine
1687 2103 1864 2158 reddis
1921 2101 2196 2157 Domino?

613 2205 985 2276 subjtmgens:
1020 2200 1275 2270 Nunquid
1306 2196 1540 2266 nonipse
1599 2204 1647 2248 et
1705 2203 1854 2265 pater
1896 2203 2039 2261 tuus,
2105 2192 2195 2263 qui

603 2295 802 2351 crearit
841 2294 935 2350 te?
964 2302 1072 2349 etc.
1106 2291 1288 2364 (Deut.
1319 2303 1488 2352 xxxii,
1522 2285 1578 2352 5,
1616 2283 1692 2357 6.)
1729 2285 1810 2340 Ac
1856 2284 1903 2340 si
1949 2284 2191 2339 diceret.-

596 2389 713 2457 Qui
751 2402 848 2443 vos
884 2386 1115 2457 benigne
1157 2382 1436 2445 condidit,
1473 2394 1575 2434 nec
1612 2378 1728 2433 sine
1762 2394 1925 2434 causa
1956 2375 2196 2433 cruciari

605 2494 712 2535 nec
730 2478 911 2550 perire
936 2477 1178 2549 neglecte
1210 2473 1494 2547 permittit.
1550 2470 1617 2524 Et
1660 2470 1789 2525 item
1829 2486 1963 2525 voce
2005 2470 2197 2538 despe-

606 2573 782 2628 rantis
805 2573 857 2627 in
885 2571 1008 2639 Job,
1040 2581 1087 2626 et
1115 2587 1220 2625 non
1242 2572 1374 2626 dicit
1401 2570 1540 2626 :Ubi
1562 2582 1633 2625 est
1655 2568 1744 2639 qui
1770 2565 1889 2637 [erit
1916 2580 1997 2618 me
2016 2563 2042 2617 ?
2073 2561 2194 2631 (Job

603 2680 775 2730 xxxv,
805 2662 916 2735 lO.)
947 2662 1105 2729 Nam,
1136 2671 1196 2717 ut
1232 2663 1282 2717 in
1312 2663 1470 2717 tertio
1503 2660 1784 2716 Moralium
1817 2655 2089 2711 volumine
2117 2653 2199 2708 di-

596 2757 775 2821 citur,
798 2765 993 2811 cuncta
1020 2770 1142 2825 quae
1167 2753 1476 2810 hominibus
1527 2753 1685 2818 ﬁunt,
1710 2748 1921 2807 occulto
1952 2746 2044 2802 Dei
2068 2761 2201 2801 coa-

607 2848 731 2903 silio
756 2848 998 2911 veniunt,
1027 2858 1082 2904 et
1114 2848 1231 2919 ipse
1252 2847 1492 2918 disponit
1531 2853 1791 2917 quantum
1840 2854 2198 2910 unumquem-

608 2953 718 3009 que
744 2947 841 2993 aut
864 2938 1205 3010 prosperitas
1243 2947 1337 2993 aut
1385 2936 1686 2992 adversitas
1747 2943 2042 3003 sequatur;
2098 2943 2197 2983 nec

597 3029 813 3085 electos
873 3038 970 3084 aut
1030 3030 1386 3085 immoderata
1447 3026 1782 3098 prosperitas
1845 3021 2057 3084 elevet,
2106 3025 2200 3072 aut

608 3120 779 3176 nimia
813 3120 1117 3176 adversitas
1165 3127 1373 3190 gravet.
1416 3116 1683 3187 Quisquis
1732 3114 1874 3168 inter
1913 3121 2198 3176 pressurus

2296 1930 2602 2001 pheta'ait:
2640 1930 2860 2002 Propter
2909 1932 3150 1987 inimicos
3196 1949 3337 1987 meos
3389 1935 3539 2005 eripe
3587 1952 3659 1989 me
3691 1931 3811 2005 (Poni.

2298 2038 2488 2087 Limn,
2522 2023 2631 2094 l9).
2661 2023 2824 2092 Quasi
2858 2025 3063 2080 diceret
3088 2044 3100 2079 :
3131 2024 3357 2095 Propter
3392 2041 3486 2081 me
3511 2027 3703 2097 quidem
3721 2026 3812 2094 eripi

2296 2112 2364 2168 de
2399 2114 2678 2184 temporali
2733 2114 3086 2170 tribulatione
3136 2132 3241 2171 non
3293 2126 3494 2187 appeto
3521 2158 3536 2180 ,
3566 2118 3653 2173 sed
3693 2127 3815 2170 tatam

2298 2202 2432 2273 eripi
2478 2212 2701 2274 propter
2745 2205 2994 2261 innnicos
3022 2206 3370 2276 concupisco,
3419 2216 3483 2260 ut
3513 2208 3634 2261 dum
3660 2223 3730 2261 me
3748 2205 3814 2260 sal-

2298 2294 2413 2348 vari
2445 2293 2769 2350 mirabiliter
2817 2296 3084 2362 viderint,
3135 2297 3252 2367 ipso
3282 2297 3535 2353 miraculi
3567 2299 3673 2353 visu
3711 2313 3733 2350 a
3755 2312 3817 2350 sna

2298 2384 2494 2439 duritia
2525 2392 2936 2439 convertantur.
2978 2384 3112 2440 Nam
3144 2385 3236 2456 qui
3265 2385 3621 2442 invisibilium
3647 2387 3728 2441 lide
3750 2400 3820 2439 non

2301 2484 2575 2540 tenentur,
2602 2475 2806 2531 moveri
2838 2490 3223 2546 nonnunquam
3275 2477 3586 2533 visibilibus
3616 2474 3824 2531 miraculis

2299 2570 2493 2626 solent.
2527 2571 2633 2626 Sed
2658 2572 2862 2626 idcirco
2891 2587 3056 2643 super
3091 2570 3322 2627 alllictos
3350 2572 3542 2627 divina
3585 2571 3732 2625 virtus
3751 2569 3824 2636 plc-

2300 2677 2529 2732 rumque
2561 2678 2664 2718 non
2694 2663 2892 2733 agitur,
2940 2664 3229 2733 quoniam,
3257 2672 3318 2719 ut
3346 2679 3521 2735 supra
3556 2663 3732 2718 dictum
3753 2669 3820 2717 est.

2299 2755 2591 2811 aillietores
2638 2771 2827 2813 eorum
2879 2756 3173 2812 illuminari
3210 2748 3338 2811 ‘nou
3392 2763 3687 2811 merentur.
3740 2753 3829 2807 Sive

2301 2843 2463 2913 igitur
2485 2854 2706 2914 propter
2733 2846 3078 2901 adversarios
3126 2857 3370 2908 nostros,
3405 2846 3531 2901 sive
3558 2854 3826 2916 propterpr-

2303 2935 2505 2989 tieutia:
2534 2945 2735 2990 nostra:
2766 2936 3140 3006 probationem
3192 2936 3479 2991 tribulatio
3524 2935 3827 3008 protendatur,

2301 3045 2330 3084 a
2369 3031 2636 3100 speranda
2683 3029 3067 3099 misericordia
3101 3044 3208 3084 non
3255 3029 3567 3094 lassemur,
3606 3028 3717 3098 quia
3743 3037 3827 3078 tunc

2301 3119 2619 3189 probabitur
2647 3120 2972 3176 desiderium
3009 3120 3272 3175 bonorum
3302 3135 3430 3175 cum
3480 3120 3660 3190 aliqua
3692 3118 3829 3171 adrer-

609 3207 988 3279 ἀθερθτειιίοηθ
1015 3207 1303 3280 [ι’πηείιιιτ,
1333 3221 1481 3272 eum,
1506 3220 1536 3260 ³
1564 3219 1674 3275 ιιιιο
1721 3202 1901 3257 “eius
1937 3209 2048 3264 es"
2091 3197 2194 3250 ιηί·
2226 3210 2273 3273 C
2303 3215 2462 3268 sitate
2510 3214 2589 3269 eis
2618 3214 2912 3269 resistitur.
2945 3212 3167 3268 Probati
3202 3228 3327 3269 vero
3361 3214 3568 3269 melius
3595 3210 3829 3268 exauiiua-

607 3299 760 3356 nime
778 3299 1194 3369 contemplatur.
1223 3297 1381 3365 Nam,
1405 3306 1465 3352 ut
1500 3296 1704 3351 dictum
1741 3301 1827 3348 est
1848 3331 1864 3359 ,
1893 3290 1990 3361 qui
2048 3288 2194 3358 quod

610 3406 724 3447 non
747 3398 868 3446 erat
888 3389 1037 3456 fecit,
1078 3388 1286 3444 factum
1311 3388 1429 3445 sine
1457 3384 1852 3459 gubernatione
1889 3379 2197 3436 nullatenus

612 3484 838 3540 deserit.
874 3481 1011 3537 llinc
1039 3481 1359 3538 Ambrosius
1384 3499 1397 3534 :
1431 3479 1487 3535 Si
1515 3479 1639 3549 quis
1661 3482 1917 3547 cperator
1963 3470 2199 3541 negligat

610 3576 794 3647 operis
814 3574 898 3632 sui
922 3588 1134 3640 curam,
1175 3581 1233 3628 et
1275 3572 1491 3628 deserat
1526 3586 1591 3625 ac
1630 3569 1911 3632 destituat,
1953 3573 2010 3619 et
2049 3559 2196 3631 quod

611 3667 734 3738 ipse
753 3666 1091 3722 condendum
1121 3663 1353 3737 putavit,
1409 3679 1520 3720 non
1583 3670 1736 3734 putet
1783 3658 1927 3730 quod
1978 3654 2197 3719 fecerit,

612 3774 832 3816 summa
863 3759 1209 3814 inclementia
1233 3765 1336 3813 est.
1369 3755 1478 3813 Sed
1515 3772 1639 3812 cum
1666 3755 1772 3810 ista
1801 3767 1900 3808 nos
1944 3751 2199 3819 despera-

616 3849 786 3905 tionis
814 3848 1055 3918 procella
1087 3848 1397 3914 conturbat,
1427 3861 1691 3903 concussa
1739 3858 1895 3900 meus
1932 3841 2102 3897 citius
2136 3838 2197 3893 in

615 3950 839 4012 portum
869 3941 983 4011 spei
1011 3955 1072 3996 se
1095 3944 1347 4007 collocat,
1375 3941 1420 3995 si
1452 3941 1592 3995 bona
1625 3938 1718 3994 Dei
1763 3936 1832 3991 ad
1879 3935 2200 3990 memoriam

620 4041 868 4098 revocat,
898 4033 944 4088 si
974 4031 1114 4087 mala
1146 4046 1267 4103 qua:
1291 4031 1449 4088 bouis
1485 4029 1603 4099 ejus
1627 4028 1859 4084 reddidit
1897 4041 2005 4081 non
2037 4039 2201 4080 excu-

616 4132 723 4190 set,
754 4124 800 4178 si
823 4122 1108 4195 perpendit
1142 4122 1272 4193 quid
1295 4122 1364 4178 ab
1386 4121 1619 4192 eojuste
1660 4121 1858 4177 meruit
1912 4120 2055 4190 quod
2109 4133 2203 4175 ac-

620 4215 785 4285 cepit.
812 4212 879 4269 Si
916 4213 1080 4284 igitur
1103 4214 1187 4269 vel
1217 4222 1436 4284 accepta
1469 4228 1499 4267 a
1526 4214 1635 4268 Deo
1663 4213 1824 4275 bona,
1865 4210 1952 4265 vel
2003 4209 2142 4265 mala
2169 4223 2201 4264 a

619 4322 685 4361 se
713 4315 863 4378 gesta
894 4305 1132 4361 amictus
1158 4307 1488 4373 consideret,
1520 4321 1621 4362 nec
1657 4320 1846 4376 ptenas
1888 4320 2025 4376 quas
2052 4304 2200 4375 pati-

623 4411 719 4456 tur
744 4401 1042 4464 accusabit,
1071 4416 1171 4456 nec
1205 4418 1235 4455 a
1264 4403 1530 4472 speranda
1580 4400 1950 4455 misericordia
2006 4398 2206 4455 lasses-

624 4499 740 4558 cet,
767 4506 887 4561 qua:
926 4493 1090 4545 etiam
1121 4491 1300 4546 fuerat
1323 4492 1367 4545 si
1395 4491 1540 4544 nulla
1583 4491 1845 4547 benelicia
1894 4489 2206 4560 praecessiso

2300 3313 2408 3371 tur,
2436 3320 2596 3376 quam
2628 3305 2877 3361 videlicet
2899 3305 3271 3376 probationem
3295 3314 3467 3375 atque
3494 3303 3829 3360 exaudilioneu

2298 3395 2443 3451 inter
2479 3396 2756 3466 angustias
2778 3394 2894 3450 ﬁeri
2926 3394 3211 3451 Psalmista
3238 3395 3419 3460 docet,
3452 3396 3677 3450 dicens:
3702 3389 3831 3444 Em-

2298 3485 2406 3540 diui
2433 3498 2483 3540 te
2510 3488 2564 3539 in
2606 3485 2911 3539 abscondito
2956 3487 3274 3555 tempestatis
3302 3484 3486 3557 (Psal.
3514 3500 3653 3540 Lxxx
3672 3524 3687 3549 ,
3708 3481 3769 3550 8),
3796 3478 3828 3529 id

2298 3591 2404 3643 est,
2427 3577 2569 3632 inter
2592 3576 2787 3633 fluetus
2815 3576 3162 3632 amictiomtm
3186 3578 3409 3648 probavi
3447 3587 3505 3633 te
3534 3578 3671 3648 apud
3692 3586 3830 3643 aquam

2299 3668 2763 3723 contradictionis.
2793 3664 3060 3722 Caeterum
3081 3706 3095 3731 ,
3126 3675 3186 3721 ut
3217 3668 3409 3721 beatus
3447 3666 3777 3736 Hieronymus
3797 3661 3830 3711 in
3894 3661 3895 3735 1

2299 3757 2526 3827 epistola
2551 3759 2618 3813 ad
2649 3758 2911 3827 Ephesios
2957 3758 3195 3813 secunda
3238 3755 3521 3828 perhibet,
3547 3758 3693 3828 juxta
3717 3752 3834 3807 imbe-

2299 3850 2580 3906 cillitatem
2630 3850 2880 3905 homines
2919 3849 3236 3920 postulant,
3271 3864 3394 3918 qua:
3422 3850 3509 3904 eis
3537 3841 3835 3904 conducibilia

2300 3942 2575 3996 videntur.
2620 3940 2692 3995 At
2722 3956 2853 3996 vero
2902 3950 3167 4011 quantum
3218 3940 3288 3994 ad
3331 3939 3414 3994 rei
3464 3940 3636 4010 ipsius
3662 3936 3836 4008 pertinet
3894 3932 3895 4011 ᾗ

2300 4032 2608 4098 veritatem,
2638 4031 2757 4103 plus
2790 4030 2955 4086 Deum
2988 4030 3228 4086 tribuere
3266 4039 3492 4085 constat
3543 4044 3697 4100 quant
3722 4038 3838 4094 νοεῖ·
3894 4030 3895 4103 Ῑ

2304 4132 2412 4190 tur,
2456 4132 2513 4179 et
2549 4100 2741 4195 preces
2775 4135 2988 4179 nostras
3017 4124 3158 4178 vinci
3189 4121 3504 4187 all'ectibus,
3538 4123 3663 4192 quia
3702 4130 3838 4173 sectm-

2306 4215 2431 4271 dum
2459 4215 2511 4269 id
2543 4190 2684 4284 quod
2708 4222 2922 4285 Oportet
2944 4228 3102 4267 orare
3134 4212 3431 4276 nescimus,
3459 4222 3521 4266 et
3549 4190 3687 4282 saepe
3706 4212 3840 4262 conm

2306 4320 2407 4362 nos
2444 4304 2679 4375 petimus
2706 4303 3041 4358 testimantes
3068 4317 3188 4357 esse
3218 4316 3317 4371 pro
3359 4302 3546 4356 nobis.

2379 4396 2512 4451 XLI.
2551 4392 2763 4450 Placuit
2807 4393 3005 4464 quippe
3049 4391 3245 4447 divina:
3282 4391 3654 4463 providentia:
3696 4397 3844 4459 ραι-[α’
3894 4390 3895 4464 )

2309 4503 2432 4544 rare
2461 4489 2514 4543 in
2554 4496 2829 4558 posterum
2866 4486 3006 4543 bona
3033 4484 3218 4555 jnstis,
3266 4484 3470 4554 quibus
3503 4499 3615 4538 non
3658 4480 3844 4534 (meum!
3894 4480 3895 4555 l

624 4591 767 4640 sent.
796 4582 1050 4653 Alioquin
1075 4583 1345 4652 quomodo
1374 4584 1542 4638 stabit
1569 4582 1927 4637 illud:.lu.rta
1975 4590 2049 4636 est
2102 4580 2207 4635 Do-
2235 4571 2528 4650 Dinjusti,
2575 4587 2633 4647 et
2688 4578 2828 4634 mala
2879 4579 3060 4647 impiis
3105 4578 3305 4651 quibus
3357 4591 3468 4631 non
3522 4573 3844 4631 excrucientur

627 4674 802 4727 minus
830 4673 916 4726 Itis
939 4672 1029 4741 qui
1049 4671 1299 4726 tribulato
1346 4685 1465 4726 sunt
1485 4672 1644 4727 corde
1682 4669 1856 4743 (I‘sal.
1884 4686 2080 4735 χχχιιι,
2104 4668 2211 4741 l9),

626 4774 691 4821 ut
718 4764 909 4820 beatus
938 4762 1204 4819 Martinus
1236 4763 1605 4819 indubitanter
1634 4762 1886 4829 allirntat,
1908 4763 1999 4832 qui
2024 4770 2215 4831 captus

632 4871 665 4913 a
688 4855 990 4913 latronibus
1024 4869 1151 4912 cum
1178 4854 1253 4909 nil
1281 4854 1421 4910 facie
1451 4862 1777 4918 mutaretur,
1809 4862 1868 4907 et
1920 4852 2216 4921 requisitus

631 4965 703 5003 an
739 4951 987 5016 timeret,
1029 4948 1308 5021 respondit
1362 4961 1637 5016 nunquam
1685 4960 1751 5001 se
1797 4956 1907 5000 tam
1964 4959 2215 5000 securum

638 5039 829 5108 fuisse,
872 5040 1000 5112 quia
1041 5039 1208 5096 sciret
1254 5034 1687 5094 misericordiam
1721 5034 1931 5089 Domini
1983 5034 2215 5089 maxime

2316 4673 2461 4728 boni.
2494 4671 2599 4726 lsta
2643 4685 2775 4725 vero
2820 4668 3137 4740 temporalia
3181 4669 3320 4724 bona
3372 4678 3422 4724 et
3484 4668 3635 4722 mala
3664 4662 3848 4728 utrisque
3894 4668 3895 4673 ‘

2318 4762 2487 4817 voluit
2511 4776 2634 4818 esse
2661 4762 2996 4824 communia,
3043 4768 3102 4813 ut
3129 4773 3228 4813 nec
3257 4759 3398 4813 bona
3449 4756 3705 4828 cupidius
3735 4759 3848 4818 apt"
3894 4748 3895 4828 l

2320 4860 2525 4917 tantur,
2573 4866 2694 4920 qua:
2730 4850 2856 4903 mali
2906 4863 3121 4920 quoque
3170 4848 3373 4902 habere
3425 4852 3751 4905 cernuntur,
3788 4845 3852 4891 nt!
3894 4868 3895 4873 η

2321 4946 2462 5000 mala
2492 4944 2722 5014 turpiter
2765 4943 3056 5005 evitentur,
3089 4941 3284 5010 quibus
3330 4948 3386 4994 et
3425 4939 3565 4993 boni
3600 4938 3851 5009 plentqu
3894 4956 3895 4973 ξ

2321 5037 2646 5093 alliciuntur.
2678 5035 2735 5090 ln
2764 5036 2848 5090 bis
2879 5046 3058 5089 autem
3094 5032 3252 5087 bouis
3280 5032 3571 5102 prosperis
3606 5029 3689 5084 vel
3720 5025 3855 5079 advrt-
