3964 5360
50 224 167 280 625

1019 231 1510 290 COLLATIONUM
1546 229 1726 286 LIBRI
1765 228 1965 286 TRES.
2001 261 2072 270 —
2105 229 2230 285 ΜΒ.
2271 231 2361 284 111.

3230 233 3345 288 626‘

52 337 229 395 malis
288 338 552 412 frangitur
585 361 597 396 :
633 343 805 399 malus
855 353 1032 400 autem
1081 345 1280 401 idcirco
1332 344 1656 400 adversitate
1683 345 1731 404 Α
1759 341 1876 396 tabo
1906 359 2062 412 super
2082 342 2222 410 ﬁlias
2255 352 2446 398 vestras
2472 359 2591 398 cum
2617 353 2811 413 ,uertnt
2842 343 3140 414 fornicum,
3162 354 3214 400 et
3237 363 3333 399 su-

52 429 324 498 punitur,
366 432 486 498 quia
542 430 794 488 felicitate
835 435 1222 503 corrumpitur.
1259 434 1656 504 Interestgergo

50 521 368 590 plurimum
395 525 565 591 qualis
592 526 664 580 sit
691 527 778 594 qui
830 526 1101 596 afﬂigitur.
1131 527 1285 582 Sicut
1314 527 1458 583 enim
1488 527 1536 580 si
1561 543 1660 580 utt-

53 619 340 680 guentum
390 622 443 665 et
487 627 699 668 cmuum
757 616 873 684 pari
928 615 1083 686 pulsu
1130 617 1511 686 exagitentur,
1557 615 1661 669 hoc

54 701 324 755 suaviter
356 701 584 773 fragrat,
619 705 748 758 illud
789 706 1013 761 fetidum
1060 708 1277 761 exhalat
1306 725 1319 773 ;
1377 709 1448 761 ita
1483 713 1662 760 manet

53 791 467 847 dissimilitudo
490 810 776 864 passorum
805 798 969 852 etiam
1007 800 1059 853 in
1097 800 1504 854 similitudinem
1534 813 1662 868 pas—

54 881 317 936 sionum.
344 883 409 937 Et
457 885 595 939 sicut
623 888 723 940 sub
767 889 887 956 igne
915 905 1104 943 aurum
1137 891 1361 954 rutilat,
1391 890 1542 960 palea
1576 888 1663 942 fu-

58 988 152 1024 ma
167 981 213 1037 t,
246 983 309 1027 et
332 973 431 1027 sub
447 975 632 1030 eadem
658 977 848 1031 tritura
871 978 1138 1035 frumenta
1164 991 1476 1050 purgantur,
1502 979 1666 1049 paleae

59 1063 558 1130 comminuuntur,
613 1066 686 1120 ita
732 1070 1032 1125 conununis
1088 1071 1340 1141 qtuelibet
1393 1071 1667 1126 tribulatio

61 1151 260 1208 bonos
317 1155 607 1224 purifieat,
647 1157 817 1212 malos
855 1162 1201 1216 exterminat.
1251 1163 1382 1217 Boni
1437 1175 1670 1232 namque

62 1245 253 1298 Deum
311 1245 573 1312 laudant,
615 1265 672 1304 se
703 1261 962 1306 accusant
1007 1254 1166 1319 mali,
1213 1249 1588 1329 murmurant,
1615 1264 1673 1310 et

63 1335 308 1392 turbato
345 1339 492 1405 regni
541 1349 682 1395 statu
718 1345 973 1412 quaslibet
1019 1344 1224 1417 flagitia
1271 1359 1474 1416 quanto
1505 1347 1672 1402 licens

62 1425 215 1488 tius,
244 1434 401 1482 tanto
423 1426 758 1498 frequentius
793 1432 1208 1503 ell‘renatiusque
1231 1444 1447 1506 patrare
1474 1435 1668 1490 solent.

64 1515 152 1570 De
187 1516 377 1582 bonis,
413 1520 502 1588 qui
543 1530 767 1589 peccata
815 1537 910 1577 sua
944 1522 1167 1594 ﬂagellis
1217 1534 1589 1596 cognoscunt,
1619 1534 1680 1581 et.

62 1607 430 1676 emundant,
482 1612 744 1682 scriptum
795 1623 919 1670 est:
955 1615 1015 1669 Si
1057 1615 1252 1684 fuerint
1297 1617 1364 1671 in.
1395 1618 1590 1671 catenis
1625 1625 1672 1670 et

1757 450 1850 502 per
1875 450 2092 503 sponsas
2135 443 2326 488 vestras
2353 451 2467 488 cum
2495 435 2895 490 adulteraverint
2924 436 3077 504 (Osee
3118 452 3191 501 tv,
3222 438 3334 506 M).

1761 521 1864 576 lsta
1890 523 2218 592 respondere
2259 525 2714 588 tribulationibus,
2738 537 2791 579 et
2812 525 3152 580 conclamare
3188 527 3336 596 cogi-

1765 620 1850 666 tur
1882 629 1894 664 :
1942 613 2227 684 Dereliguit
2255 631 2334 667 me
2371 614 2646 678 Dominus,
2665 624 2720 668 .et
2761 614 3014 670 Dominus
3046 615 3236 670 oblitus
3263 625 3344 670 est

1763 703 1863 756 mei
1901 701 2034 773 (lsa.
2071 720 2214 756 xux.
2251 703 2362 774 M).
2405 702 2512 758 Sed
2564 704 2704 758 Deus
2732 705 3046 760 consolatur
3087 720 3206 759 eam
3258 705 3340 758 dio

1763 808 1892 847 cens
1917 812 1930 846 :
1957 791 2212 863 Nunquid
2231 804 2394 864 potest
2421 794 2608 848 mulier
2627 795 2853 848 oblivisci
2882 797 3340 865 infantem‘suum,

1767 893 1821 936 ut
1869 900 1972 936 non
2011 885 2323 938 misereatur
2365 886 2475 953 ﬁlio
2513 886 2811 939 uteri'sui.’
2852 896 2900 939 et
2939 888 2984 940 si
3031 887 3124 940 illa
3175 887 3352 942 oblita

1769 975 1964 1044 fuerit,
2016 992 2108 1044 ego
2147 986 2321 1030 tamen
2367 993 2467 1030 non
2495 977 2770 1030 obliviscar
2791 979 2870 1031 tui
2894 977 3081 1048 (Ibitl.,
3105 979 3214 1047 15).
3248 979 3358 1035 Illa>

1769 1067 1899 1120 dicit
1929 1085 1940 1118 :
1971 1065 2137 1120 Sedeo
2173 1069 2349 1137 regina
2374 1109 2388 1130 ,
2416 1077 2464 1121 et
2498 1069 2654 1122 vidua
2687 1085 2790 1123 non
2817 1087 2935 1123 sum
2966 1070 3148 1140 (Apoc.
3184 1086 3358 1133 XVIII,’

1769 1157 1845 1225 7),
1874 1157 1964 1210 sed
1989 1157 2036 1210 ei
2066 1173 2167 1211 vox
2197 1157 2371 1211 divina
2395 1158 2559 1212 dicit:
2589 1158 2704 1224 Quo
2727 1159 2995 1230 pulchrior
3013 1178 3066 1214 es
3093 1162 3349 1215 descende

1772 1244 2198 1316 (Ezecluaxxn,
2232 1247 2336 1317 l9).
2366 1248 2434 1301 Et
2459 1247 2617 1302 item:
2651 1247 2782 1302 Sede
2809 1251 2863 1302 in
2886 1249 3114 1319 pulvere,
3145 1267 3248 1304 non
3273 1259 3361 1304 est-

1771 1335 1962 1390 solium
2002 1337 2128 1404 ﬁlia:
2172 1336 2541 1390 Chalda'orum
2595 1337 2729 1408 (lsa.
2769 1341 3065 1410 xn.vn,-‘l).
3105 1339 3244 1395 Sunt
3293 1349 3362 1395 et:

1773 1424 1878 1478 alia
1908 1425 2298 1495 quamplurima
2327 1425 2656 1494 huiusmodi,
2683 1427 2734 1481 in
2778 1429 2973 1497 quibus
3003 1430 3254 1485 omnibus
3286 1429 3360 1485 liv

1775 1517 1938 1586 quido
1990 1527 2176 1586 patet,
2221 1519 2362 1587 quod
2389 1518 2524 1584 haec,
2559 1520 2710 1573 sicut
2737 1519 2789 1572 in
2823 1519 2931 1573 vita
2961 1518 3366 1574 beatirMartin'r

1777 1605 2012 1676 legitur,
2037 1607 2238 1662 sanctis
2287 1608 2581 1671 omnibus,
2623 1618 2783 1678 atque
2824 1610 3072 1665 omnibus
3123 1609 3244 1665 aliis
3283 1611 3355 1666 ad

63 1697 394 1750 rinciantur
435 1699 648 1768 funibus
691 1705 1052 1772 paupertatis,
1087 1707 1350 1775 judicabit
1394 1709 1468 1761 eis
1517 1725 1673 1778 opera

1784 1699 2180 1769 percipiendum
2231 1699 2341 1754 sint
2392 1700 2728 1764 communia;
2781 1699 2874 1755 sed
2927 1701 3014 1757 bis
3064 1701 3357 1757 tolerandis

60 1801 292 1846 eorum,
329 1796 384 1839 ut
432 1800 757 1844 revertantur
799 1794 862 1846 ab
908 1795 1184 1861 iniquitate
1213 1796 1332 1867 (Job
1370 1813 1530 1852 xxxvi
1553 1840 1566 1861 ,
1598 1799 1674 1866 8).

65 1877 187 1944 Qui
242 1876 493 1948 j’ubentis
541 1881 632 1937 Dei
679 1885 841 1938 verba
897 1901 1002 1940 non
1060 1887 1315 1954 audiunt,
1365 1890 1680 1944 verberibus

61 1966 341 2025 ferientis
373 1972 752 2041 admoventur,
785 1987 842 2030 ut
869 1977 936 2031 ad
968 1979 1166 2034 bonam
1200 1981 1365 2034 vitam
1397 1983 1477 2034 vel
1508 1997 1678 2052 pmnzn

63 2061 318 2114 trahant
343 2077 478 2132 quos
507 2065 725 2133 praemia
752 2082 854 2120 non
879 2077 1089 2122 mutant
1118 2087 1131 2123 :
1165 2069 1228 2123 In
1259 2087 1410 2124 canto
1436 2080 1483 2124 et
1507 2072 1676 2140 freno,

59 2152 289 2220 inquit,
318 2152 564 2208 maxillas
593 2173 770 2210 eorum
795 2162 1086 2230 constringe
1117 2159 1287 2231 (Psal.
1321 2179 1470 2226 xxxi,
1502 2164 1576 2232 9).
1606 2164 1680 2217 De

68 2244 260 2298 malis
299 2260 428 2299 vero
458 2247 547 2315 qui
578 2263 680 2301 non
715 2251 1103 2316 emendantur,
1135 2251 1243 2305 illic
1293 2253 1537 2322 sequitur
1568 2269 1582 2306 :
1619 2255 1679 2308 Si

64 2351 191 2389 non
222 2337 520 2402 audierint,
553 2340 848 2392 transibunt
866 2357 960 2410 per
977 2340 1237 2411 gladium,
1275 2353 1322 2396 et
1359 2361 1462 2396 non
1491 2361 1682 2398 consu-

61 2435 306 2478 mentur
334 2425 560 2481 stultitia
607 2429 729 2499 (Job
762 2445 944 2495 XXXVI,
992 2431 1102 2501 12),
1138 2432 1188 2486 id
1219 2443 1322 2497 cst,
1353 2433 1682 2489 tribulautur

62 2517 338 2586 quidem,
371 2516 465 2571 sed
497 2519 622 2587 quia
650 2537 753 2575 non
792 2530 968 2575 mutat
996 2521 1248 2592 AEtbiops
1279 2525 1471 2594 pellem
1503 2542 1679 2592 suam,

66 2608 180 2662 fiet
221 2608 374 2677 quod
407 2609 654 2678 superius
681 2611 733 2664 in
765 2612 954 2665 eodem
986 2612 1087 2667 Job
1115 2615 1180 2668 de
1207 2615 1286 2668 eis
1319 2615 1538 2680 dicitur,
1571 2633 1682 2668 mo-

63 2699 320 2759 rientur,
343 2701 433 2753 sed
453 2702 622 2754 nonin
638 2703 895 2772 sapientia
912 2703 1032 2776 (Job
1056 2721 1126 2767 tv,
1143 2705 1177 2758 2
1190 2706 1202 2758 l
1217 2706 1256 2774 ).
1283 2706 1474 2760 Gravis
1489 2708 1684 2778 quippe

59 2791 330 2845 stultitia
364 2792 414 2845 in
442 2793 522 2847 eis
561 2803 660 2856 est,
691 2809 826 2864 quos
865 2796 1122 2866 iniquitas
1151 2797 1228 2851 sic
1257 2798 1479 2869 obligat,
1508 2809 1565 2854 ut
1591 2816 1684 2855 eos

61 2897 101 2936 δ
138 2883 318 2952 culpa
350 2898 448 2937 nec
479 2898 635 2954 poena
670 2895 980 2956 compescat
1007 2905 1020 2940 ε
1049 2888 1140 2957 qui
1169 2889 1297 2942 dum
1329 2891 1685 2959 correptionis

63 2971 310 3042 flagella
337 2983 711 3039 contemnunt,
757 2992 977 3032 necesse
1018 2987 1186 3032 estut
1217 2989 1364 3034 tanto
1411 2981 1519 3035 illic
1559 2998 1685 3052 gra-

65 3065 218 3117 vius
257 3062 610 3131 judicentur,
672 3076 875 3136 quanto
921 3067 1012 3123 hic
1065 3069 1284 3140 majoris
1335 3071 1686 3141 providentiae

64 3156 336 3227 gratiam
367 3157 600 3212 calcant.
1100 3167 1108 3175 ’

158 3243 338 3298 XLII.
378 3245 648 3301 Bonorum
677 3263 809 3303 sane
851 3248 936 3305 vel
965 3250 1234 3307 malorum
1282 3252 1570 3309 diversitas
1600 3270 1688 3310 sa-

64 3351 204 3390 cra:
255 3335 559 3406 Scriptura:
600 3340 781 3394 verbis
824 3350 1064 3406 notatur,
1111 3359 1234 3398 cum
1287 3345 1534 3415 utrisque
1587 3347 1687 3400 sub

68 3425 416 3480 nominibus
449 3437 679 3482 matrum
726 3445 968 3496 suarum,
1011 3431 1297 3503 Babylonis
1338 3434 1604 3495 videlicet.
1634 3443 1690 3489 et

66 3517 448 3573 Hierusalem
485 3519 705 3576 fatetur.
742 3522 815 3576 De
844 3523 961 3578 istis
999 3540 1233 3595 namque
1275 3526 1474 3580 dicitur
1504 3542 1518 3580 :
1550 3525 1691 3580 Eru-

63 3611 213 3662 dire
263 3607 640 3676 Hierusalem,
682 3629 744 3676 ne
783 3612 918 3682 forte
966 3615 1168 3669 recedat
1217 3617 1394 3669 anima
1430 3633 1543 3670 utea
1573 3634 1602 3669 a
1642 3626 1690 3670 te

66 3700 236 3772 (Jer.
256 3716 335 3766 Vl,
361 3701 437 3772 8).
456 3702 521 3756 Et
548 3711 734 3757 contra
761 3706 826 3759 de
859 3705 994 3760 illis:
1015 3703 1324 3760 Curavimus
1348 3704 1688 3775 Babylonem,

61 3802 130 3844 et
170 3807 290 3844 non
317 3801 389 3844 est
417 3803 605 3846 sanata
644 3792 777 3864 (Jer.
810 3811 883 3860 LI,
911 3795 984 3864 9).
1016 3795 1090 3848 De
1137 3795 1254 3850 istis
1283 3812 1295 3847 :
1329 3795 1606 3865 Castigabo
1645 3805 1693 3850 te

63 3883 141 3933 in
181 3879 404 3948 judicia
431 3922 446 3946 ,
488 3899 550 3936 ne
593 3883 686 3936 tibi
718 3885 942 3938 videaris
988 3885 1206 3938 innoxia
1237 3884 1372 3954 (Jer.
1404 3901 1546 3947 xu't,
1575 3885 1688 3955 28).

62 3973 168 4026 De
204 3970 360 4024 illis:
412 3971 584 4028 Multo
637 3973 814 4028 labore
868 3975 1115 4028 sudatum
1169 3984 1279 4038 est,
1319 3985 1366 4030 et
1402 3993 1504 4030 non
1540 3977 1694 4030 exivit

63 4063 294 4131 rubigo
324 4063 435 4132 ejus
457 4081 521 4117 ea:
549 4083 609 4119 ea
641 4066 857 4135 (Ezech.
888 4082 1036 4131 xxiv,
1073 4067 1181 4137 Η).
1215 4067 1291 4122 De
1321 4069 1438 4124 istis
1473 4086 1484 4121 :
1516 4066 1694 4121 Exco-

55 4167 265 4221 quam
296 4153 366 4204 ad
389 4171 580 4222 purum
613 4156 838 4209 scoriam
864 4166 1008 4209 tuam
1037 4155 1170 4223 (lsa.
1207 4171 1257 4221 ι,
1288 4157 1401 4229 25).
1450 4158 1524 4212 De
1555 4157 1692 4212 illis:

77 4243 269 4298 Versi
295 4254 415 4298 sunt
443 4247 571 4300 mihi
596 4249 650 4301 in
675 4249 921 4313 scoriam,
946 4257 994 4300 et
1019 4249 1073 4301 in
1095 4247 1365 4315 plumbum
1396 4247 1530 4310 (Jer.
1559 4264 1694 4313 xxtt,

63 4336 215 4405 18).
256 4335 334 4388 De
364 4336 510 4392 istis:
543 4336 712 4407 Super
735 4331 897 4392 nivem
926 4338 1306 4392 dealbabuntur
1327 4338 1499 4408 (Psal.
1536 4357 1586 4402 1.,
1615 4340 1692 4410 9).

1780 1789 2106 1858 praecipuam
2144 1805 2356 1860 semper-
2395 1788 2666 1858 iustorum
2698 1789 2864 1846 fuisse
2891 1791 3162 1846 virtutem.
3191 1792 3356 1847 Dixe-

1781 1893 1964 1932 ramus
1991 1878 2194 1947 aliquid
2225 1895 2322 1934 nos
2351 1881 2417 1934 ad
2444 1879 2762 1935 afﬂictorum
2809 1881 3234 1937 consolationem
3270 1899 3359 1938 re-

1779 1967 2003 2022 laturos.
2047 1967 2153 2023 Sed
2202 1968 2341 2025 forte
2375 1971 2494 2038 quis
2543 1971 2684 2026 dicet
2722 1990 2736 2026 :
2786 1971 2842 2026 ln
2883 1973 2967 2028 his
3011 1973 3190 2028 verbis
3235 1987 3366 2042 quas

1780 2057 2074 2114 consolatio
2113 2059 2238 2114 est?
2267 2058 2371 2114 Sed
2401 2061 2446 2116 si
2487 2076 2638 2116 more
2678 2071 2986 2116 sanctorum
3012 2103 3028 2128 ,
3059 2071 3114 2118 et
3144 2079 3249 2118 non
3278 2079 3364 2119 se-

1780 2149 2011 2202 cundum
2063 2147 2335 2204 forensem
2364 2157 2417 2204 et
2443 2149 2689 2205 hebetem
2718 2152 3020 2207 carnalium
3047 2155 3388 2223 opinionem.

1781 2239 2048 2294 consolari
2081 2239 2387 2308 quaerimus,
2419 2241 2556 2294 mira
2585 2242 2824 2310 quidem,
2853 2244 2948 2298 sed
2980 2244 3156 2298 veraci
3185 2260 3391 2301 asser»

1784 2330 1930 2384 tione
1958 2329 2215 2395 fatemur,
2246 2331 2372 2400 quia
2415 2347 2520 2386 non
2555 2332 2728 2387 solum
2775 2333 2889 2388 haec
2935 2334 3134 2400 verba,
3164 2335 3384 2404 quibus-

1782 2422 2068 2477 ostendere
2098 2423 2339 2488 nitimur,
2373 2433 2432 2477 ut
2462 2425 2634 2480 dulcis
2656 2433 2710 2480 et
2735 2435 2914 2482 rectus
2951 2428 3228 2494 Dominus,
3259 2429 3364 2484 mi-

1784 2512 2134 2568 sericorditer
2179 2522 2232 2568 et
2267 2515 2407 2582 iuste
2444 2531 2572 2569 suos
2603 2516 2816 2587 afﬂigit,
2855 2518 2947 2571 sed
2985 2518 3098 2588 ipsa
3143 2533 3364 2590 quoque

1784 2605 2066 2660 tribulatio
2111 2606 2302 2662 debeat
2334 2623 2432 2676 pro
2478 2609 2844 2665 conSolatione
2888 2609 3096 2665 haberi.
3139 2611 3221 2664 An
3252 2627 3362 2666 non

1785 2706 1868 2753 est
1901 2697 2201 2752 consolatio
2250 2713 2440 2764 nosse,
2468 2700 2610 2770 quod
2644 2700 2752 2754 Deo
2788 2700 3106 2770 disponente
3133 2702 3382 2771 pateris,

1788 2787 1879 2856 qui
1914 2803 2012 2841 nos
2060 2803 2166 2843 non
2199 2787 2300 2840 nisi
2325 2787 2470 2858 juste
2499 2789 2878 2859 percutit?An
2914 2807 3018 2845 non
3049 2799 3105 2845 et
3134 2791 3244 2860 ipsa
3268 2791 3367 2846 tri-

1788 2879 1992 2934 bulatio
2039 2879 2422 2934 consolabatur
2463 2879 2684 2934 Paulum
2710 2920 2726 2946 ,
2769 2895 2893 2935 cum
2932 2881 3139 2935 diceret
3178 2897 3192 2934 :
3240 2879 3369 2935 Non

1790 2971 1958 3026 solum
1992 2983 2188 3037 autent,
2227 2973 2317 3027 sed
2371 2983 2419 3028 et
2469 2971 2760 3043 gloriamur
2798 2973 2862 3027 in
2910 2972 3394 3028 tribulationibusP.

1791 3064 1962 3134 (Rom.
2003 3082 2069 3131 v,
2097 3065 2176 3138 5.)
2223 3067 2287 3120 Ει
2330 3067 2456 3120 item
2493 3066 2560 3120 de
2603 3081 2694 3131 se,
2723 3081 3216 3136 cumnequaquam
3268 3081 3408 3135 pro.-

1785 3154 1872 3209 illa
1904 3171 1998 3210 sua
2041 3155 2291 3211 inell‘abili
2330 3155 2672 3211 tribulatione
2703 3156 2872 3210 nollet
2913 3155 3183 3211 exsultare
3213 3173 3226 3210 :
3260 3155 3404 3210 Pro.

1784 3263 1866 3301 me
1883 3259 2053 3301 autem
2077 3250 2206 3303 nihil
2230 3249 2514 3320 gloriabor,
2533 3250 2632 3302 nisi
2657 3249 2709 3303 in
2727 3246 3218 3317 inﬁrmitatibus“!
3238 3246 3371 3302 Cor.
3389 3292 3407 3302 .

1787 3352 1884 3400 xu,
1915 3339 1990 3408 ὕ).
2020 3339 2084 3392 Ει
2125 3337 2225 3393 Job
2266 3340 2390 3394 hinc
2436 3339 2676 3409 apertius
2708 3353 2723 3392 :
2755 3337 2887 3392 Han:
2931 3339 3057 3391 mihi
3085 3340 3152 3392 sit
3186 3354 3398 3393 conto--

1788 3427 1980 3480 latione
2011 3428 2238 3497 afﬂigens
2268 3445 2347 3481 me
2386 3427 2564 3482 dolore
2595 3445 2695 3482 non
2723 3436 2905 3498 parcat
2953 3427 3074 3496 (Job
3107 3444 3158 3482 vt
3179 3467 3193 3492 ,
3242 3428 3357 3496 10).
3390 3474 3394 3478 ,

1789 3516 1905 3571 Mos
1929 3533 2158 3586 namque
2183 3517 2513 3572 medicinalis
2532 3528 2633 3581 est,
2660 3526 2718 3570 ut
2743 3532 2882 3586 sa'pe
2904 3515 3169 3573 fervorem
3191 3518 3368 3572 visce-

1791 3624 1911 3663 rum
1944 3611 1994 3662 in
2026 3610 2359 3680 pruriginem
2400 3609 2538 3663 cutis
2586 3609 2782 3672 trahat,
2815 3616 2870 3662 et
2897 3607 3212 3678 plterumque
3241 3608 3395 3662 inde-

1791 3708 1946 3755 curat
1975 3699 2199 3752 interius
2230 3699 2369 3753 unde
2394 3699 2632 3753 exterius
2681 3698 2914 3752 sauciat.
2976 3698 3055 3751 lta
3107 3713 3366 3752 nonnun-

1792 3800 1955 3859 quam
2003 3787 2198 3842 divinze
2248 3787 2663 3858 dispensationis
2733 3785 3088 3841 medicamine
3141 3785 3320 3854 agitur
3343 3822 3388 3848 ,,.

1796 3889 1851 3935 ut
1879 3880 2237 3935 exterioribus
2273 3881 2547 3935 doloribus
2576 3880 2842 3933 internum
2901 3876 3095 3930 vulnus
3150 3876 3364 3930 adima-

1797 3978 1903 4036 tur,
1935 3969 2358 4039 et;flagellorum
2405 3969 2735 4032 sectionibus
2775 3967 3066 4037 repellatur
3113 3980 3198 4030 ea,
3250 3980 3372 4034 quas

1799 4076 2066 4131 occupare
2092 4070 2324 4114 mentem
2353 4069 2599 4129 poterat,
2647 4058 2875 4112 interior
2926 4055 3154 4127 putredo
3197 4055 3373 4110 vicio-

1799 4163 1940 4202 rum.
1967 4149 2107 4204 Caro
2136 4148 2292 4202 'euim
2352 4157 2534 4202 nostra
2577 4147 2890 4217 priusquam
2952 4146 3374 4200 resurrectionis

1798 4241 2206 4308 incorruptione
2229 4239 2508 4301 solidetur,
2553 4239 2596 4292 si
2655 4236 2799 4291 nullo
2842 4251 3075 4291 mmrore
3117 4235 3373 4298 afﬁcitur,

1801 4334 1853 4386 in
1881 4332 2264 4386 tentationibus
2288 4329 2598 4384 elTrenalur.
2633 4329 2758 4383 Sive
2794 4329 2959 4400 igitur
3001 4343 3098 4397 pro
3134 4329 3405 4398 peccatis.

61 4428 174 4483 De
217 4425 371 4481 illis:
419 4427 542 4482 Non
584 4406 805 4482 mutabit
849 4428 1098 4498 /Etltiaps
1145 4406 1517 4496 pellem‘suam
1558 4406 1691 4500 (Jer.
1723 4406 1770 4466 Ῐ)
1795 4423 1908 4493 jam
1932 4425 2159 4494 patratis
2181 4423 2248 4478 ad
2279 4425 2382 4478 hoc
2409 4423 2460 4477 in
2485 4423 2732 4492 przesenti
2760 4421 3044 4491 plectimur
3083 4438 3150 4477 ne
3171 4422 3225 4475 in
3284 4420 3374 4474 fu-

66 4533 238 4581 xul,
267 4518 388 4586 25).
420 4517 494 4572 De
523 4519 643 4574 istis
673 4537 686 4572 :
725 4520 957 4589 Swpiam
982 4520 1118 4572 viam
1149 4529 1292 4573 tuam
1315 4521 1503 4590 spinis,
1525 4531 1699 4576 etnon.

57 4607 465 4679 appreltendes
497 4620 758 4662 amatores
783 4619 900 4662 tuos
940 4608 1096 4680 (Osee
1125 4625 1196 4673 tt,
1227 4609 1304 4677 6).
1340 4609 1410 4664 De
1443 4609 1545 4664 illis
1574 4629 1586 4664 :
1623 4609 1692 4664 Et

53 4697 286 4753 dimisi
324 4713 408 4750 eos
438 4699 722 4752 secundum
770 4697 1033 4752 desideria
1075 4698 1249 4750 cordis
1299 4715 1477 4753 eorum
1515 4697 1690 4770 (Psal.

53 4807 271 4854 Lxxx,
312 4790 420 4860 l5).
462 4791 535 4845 De
576 4791 736 4846 istis:
778 4789 1001 4844 Timebis
1028 4807 1140 4855 me,
1185 4800 1233 4844 et
1263 4791 1485 4860 accipies
1535 4792 1694 4846 disci-

51 4881 314 4953 plinam
343 4877 514 4949 (Psal.
548 4897 605 4945 ιι,
643 4882 730 4944 Η,
765 4879 876 4948 12).
906 4879 980 4934 De
1003 4880 1107 4934 llis
1138 4897 1152 4936 :
1179 4881 1357 4936 Aversi
1400 4883 1522 4936 estis
1545 4899 1696 4936 arer-

47 4974 250 5030 εἱοηε
287 4975 607 5028 contentiosa
635 4972 757 5046 (111
806 4971 928 5041 Reg.
965 4989 1041 5037 Ix,
1071 4970 1147 5043 6).
1181 4972 1256 5026 De
1293 4973 1410 5028 istis
1444 4975 1533 5044 qui
1578 4974 1706 5028 veri.

51 5065 279 5123 David
315 5063 411 5117 filii
449 5081 542 5134 per
569 5065 914 5137 adaptionem
959 5063 1086 5118 facti
1141 5074 1297 5131 sunt,
1352 5081 1450 5135 pro
1497 5080 1692 5137 magno

51 5173 340 5214 nauitere
392 5173 518 5215 voce
567 5160 740 5230 patris
786 5157 1167 5224 promittitur:
1213 5158 1274 5214 Si
1321 5159 1691 5229 dereliquerint

45 5248 202 5321 ﬁlii
241 5251 366 5317 ejus
392 5247 545 5319 legem
575 5266 768 5312 meam,
813 5256 860 5300 et
884 5247 936 5300 in
955 5248 1174 5316 judiciis
1208 5251 1336 5305 meis
1367 5269 1473 5307 non
1504 5252 1690 5306 ambu-

1803 4526 1924 4571 turo
1954 4517 2400 4586 p,uniamur;.sive
2426 4514 2491 4570 ad
2523 4517 2625 4571 hoc
2645 4512 2930 4584 aﬂligimur
2955 4529 3022 4569 ne
3051 4515 3103 4569 in
3129 4513 3400 4569 futurum-

1801 4607 2004 4663 scelera
2031 4607 2304 4676 suppliciis
2328 4607 2491 4676 digna
2543 4607 2596 4662 in
2653 4605 2919 4675 reliquum
2975 4613 3380 4676 perpetremus,

1800 4704 1936 4760 satis
1960 4713 2044 4759 est
2074 4704 2212 4760 unde
2267 4705 2417 4773 ipsas
2481 4701 2859 4758 tribulationes
2911 4701 3208 4770 gaudenter
3262 4710 3382 4749 am-

1800 4793 2120 4864 plectamur,
2150 4792 2416 4860 veljudici
2450 4804 2635 4848 nostro
2674 4798 2728 4843 et
2769 4789 2980 4844 medico
3023 4790 3076 4843 in
3127 4783 3417 4839 omnibus.

1799 4883 2004 4952 gratias
2022 4899 2264 4952 agamus.
2291 4883 2406 4936 Non
2439 4886 2583 4939 enim
2608 4879 2758 4950 parvi
2813 4878 3071 4933 momenti
3114 4880 3202 4929 est
3244 4872 3425 4937 ηιιοάι

1797 4973 2088 5041 Apostolus
2131 4989 2234 5026 non
2275 4972 2452 5026 solum
2500 4990 2598 5030 nos
2651 4971 2706 5024 in
2755 4968 3106 5022 tribulatione
3155 4959 3402 5029 gaudere

1794 5063 1966 5132 jubet,
2001 5067 2093 5119 sed
2120 5079 2279 5119 omne
2313 5066 2574 5133 gaudium
2597 5057 2940 5122 existimare,
2969 5073 3092 5112 cum
3118 5055 3173 5108 in
3209 5047 3398 5100 tribu-

1799 5156 2028 5209 lationes
2050 5157 2228 5210 varias
2255 5154 2631 5213 inciderimus.
2665 5147 2796 5215 Quis
2819 5157 3000 5201 sulem
3023 5142 3222 5202 neSCi‘i
3253 5138 3418 5203 (1ηοά

1800 5245 1968 5302 multo
2009 5246 2080 5300 sit
2124 5246 2315 5300 melius
2351 5244 2512 5303 duris
2553 5238 2779 5304 servitio
2827 5236 3144 5294 hominibus
3187 5224 3420 5356 subgiCi.

1811 5352 1956 5356 __-_,_-
1990 5337 2066 5356 ιι,
2136 5337 2384 5356 μηδι---
2446 5338 2460 5356 ι
2581 5343 2739 5356 ,Δηώ
2770 5327 3055 5356 ...-.:..:.:t...-
3093 5317 3256 5356 ΑΙ.ἶῖρὶ
3353 5329 3414 5356 pr

2156 5337 2384 5360 2-...21...η
2430 5338 2740 5360 -Ι.-.---.ι.ιι“
2770 5327 3055 5360 Ωηῖνῖιῖιιηρ
3353 5329 3414 5360 Pi

2523 5356 2564 5360 .__
2578 5343 2740 5360 Ann-In
2770 5327 2852 5360 ﬁn:
2864 5329 2925 5360 1ιῖ.
2938 5328 3055 5360 :‘hlun
