3964 5360
610 122 714 177 (327

1614 122 1666 181 S.
1706 126 1955 183 ODONIS
1990 126 2278 213 ABDATIS
2316 128 2808 186 CLUNIACENSIS
2842 130 2887 186 li
2990 124 3002 130 ’
3719 133 3791 190 SB

613 237 797 293 \‘itulis
822 240 1171 309 opprimeret,
1203 240 1434 298 fortasse
1460 257 1614 299 mens
1642 253 1829 300 nostra
1856 243 2040 299 multis
2085 242 2190 299 ini-
2216 246 2266 307 Α
2297 243 2651 319 Hieronymus
2674 247 2727 301 in
2754 246 2893 303 libro
2916 247 2982 303 de
3024 245 3254 302 Psalmis
3291 247 3524 317 disputat
3553 263 3566 299 :
3594 244 3645 300 Si
3671 262 3793 303 unum

613 329 911 399 quitatibus
939 330 1091 401 pejus
1118 332 1287 387 libera
1315 333 1661 390 desscrviret.
1698 333 1826 392 Haec
1872 334 2038 406 igitur
2074 348 2196 404 qua:

616 418 938 487 toleramus,
962 420 1082 475 ideo
1107 423 1294 493 gravia
1336 423 1635 490 credimus,
1669 425 1797 494 quia
1841 424 2199 480 considerare

615 509 939 581 negligimus
961 527 989 566 a
1018 523 1221 583 quanto
1248 514 1402 570 hoste
1424 530 1522 585 per
1560 515 1829 585 ﬂagellum
1880 516 2193 572 liberamur.

615 602 755 660 Hinc
783 604 926 662 Deus
953 605 1019 661 ad
1048 606 1264 662 beatum
1292 606 1393 662 Job
1419 625 1432 660 :
1466 606 1749 674 Memento,
1798 609 1992 680 inquit,
2052 608 2192 675 belli,

614 694 758 750 ultra
787 695 955 752 addas
985 695 1127 768 loqui
1166 698 1287 769 (Job
1319 713 1408 765 XL,
1431 697 1546 771 27).
1575 699 1655 754 Ac
1690 699 1736 754 si
1775 699 1921 755 hunc
1960 699 2040 755 rei
2065 714 2197 754 con-

612 786 943 843 sideratione
970 797 1206 856 moneat,
1248 797 1305 844 et
1339 805 1371 844 a
1415 790 1843 846 murmuratione
1889 797 2197 858 compescat

614 875 838 934 dicens:
869 877 926 934 Si
950 879 1186 950 gladium
1214 880 1511 937 adversarii
1553 882 1882 947 consideras,
1946 889 2096 936 tanto
2146 891 2198 935 te

613 970 681 1024 ad
711 968 1049 1040 disciplinam
1083 972 1277 1043 patris,
1303 974 1394 1043 qui
1423 981 1475 1030 te
1502 974 1744 1030 externis
1778 972 2106 1029 cruciatibus
2127 972 2197 1028 ab

613 1060 1110 1130 interna.passione
1147 1062 1362 1130 liberat,
1389 1062 1586 1121 exhibe
1614 1065 1839 1119 tacitum
1864 1105 1879 1130 ,
1909 1073 2116 1135 quanto
2145 1072 2198 1119 te

614 1150 683 1205 ad
723 1149 960 1219 ejusdem
985 1153 1157 1209 hostis
1183 1153 1324 1209 bella
1354 1154 1699 1226 prospexeris
1747 1152 2042 1209 infirmum.
2073 1153 2194 1208 Alta

613 1244 812 1316 quippe
853 1241 1190 1318 dispensatio
1237 1245 1567 1314 judiciorum
1618 1246 1717 1303 Dei
1768 1247 1908 1302 mira
1955 1246 2195 1317 potentia

609 1339 893 1407 praevidet,
921 1340 1176 1410 quoniam
1206 1339 1248 1393 si
1279 1338 1447 1409 quieti
1465 1354 1529 1394 ac
1547 1338 1700 1394 liberi
1727 1337 1909 1393 famuli
1931 1338 2047 1407 ejus
2069 1353 2195 1409 per-

611 1432 894 1499 sisterent,
919 1433 1244 1489 tentationcs
1270 1432 1568 1487 adversarii
1599 1432 1742 1487 ferre
1774 1448 1879 1488 non
1931 1431 2190 1499 valentes,

612 1524 811 1580 mentis
831 1524 1145 1581 vulneribus
1166 1522 1424 1594 prostrati
1440 1521 1712 1593 jacerent.
1744 1522 1825 1579 οι)
1854 1522 1907 1578 id
1933 1522 2095 1594 igitur
2120 1521 2188 1577 li-

2297 350 2495 409 corpus
2543 346 2630 394 est
2680 336 2930 394 Christus
2960 347 3015 393 et
3037 338 3311 405 Ecclesia,
3338 344 3392 392 et
3417 337 3461 392 si
3495 336 3597 391 sint
3638 336 3723 393 duo
3757 338 3797 393 in

2296 440 2464 482 carne
2488 442 2619 493 una,
2650 442 2876 483 necesse
2904 436 2989 482 est
3017 435 3076 482 ut
3098 427 3258 483 modo
3302 426 3505 499 pariter
3532 424 3582 479 in
3608 424 3800 494 passione

2297 530 2428 583 una,
2450 525 2649 597 etcum
2677 518 3013 582 transierint,
3044 518 3151 573 sint
3178 519 3229 572 in
3270 518 3457 589 requie
3490 531 3608 570 una.
3636 514 3743 570 Nam
3764 516 3796 573 si

2297 609 2580 678 passiones
2631 610 2684 664 in
2717 609 2831 665 solo
2866 611 3061 680 capite,
3117 608 3258 680 quod
3300 620 3356 665 et
3405 608 3658 674 Christus,
3679 622 3801 677 quare

2300 698 2600 754 membrum
2629 700 2748 770 ejus
2772 699 2972 756 Paulus
3000 701 3132 756 dicit
3164 719 3178 755 :
3203 698 3429 771 Suppleo
3456 717 3517 754 ea
3541 716 3646 769 quo:
3667 699 3802 754 desunt

2296 788 2597 857 passionum
2640 788 2834 844 Christi
2879 791 2933 845 in
2987 808 3144 846 carne
3192 807 3307 846 mea
3358 789 3445 862 (II
3474 788 3596 844 Cor.
3636 805 3698 854 tr,
3724 788 3799 860 Ε).

2301 876 2577 935 Universre
2616 882 2760 936 enim
2795 883 3079 953 passiones
3106 881 3334 950 Christi,
3364 883 3457 954 qui
3486 897 3661 953 passes
3687 883 3802 938 estin

2297 970 2494 1039 capite,
2526 971 2580 1026 id
2611 981 2697 1026 est
2724 972 2777 1027 in
2809 987 2888 1037 se,
2911 983 2967 1028 et
3000 974 3203 1043 patitur
3227 974 3280 1029 in
3313 974 3589 1037 membris,
3616 972 3660 1027 id
3691 973 3802 1027 estin

2298 1059 2476 1125 nobis,
2501 1061 2569 1116 ab
2599 1077 2925 1133 unoquoque
2952 1073 3195 1119 nostrum
3234 1064 3475 1119 ferendas
3516 1070 3649 1127 sunt,
3672 1071 3714 1117 et
3733 1063 3803 1117 hoc

2296 1152 2438 1220 quod
2470 1153 2706 1223 patimur
2731 1155 2886 1224 quasi
2928 1153 2993 1209 ad
3026 1170 3368 1211 communem
3408 1155 3697 1225 reipublicze
3722 1153 3804 1209 fun-

2297 1241 2528 1297 ctionetn
2561 1257 2659 1314 pro
2710 1245 3069 1315 possibilitate
3123 1246 3319 1300 virium
3366 1254 3663 1300 nostrarum
3698 1243 3803 1313 quasi

2297 1346 2556 1390 canonem
2590 1335 2904 1404 passionum
2944 1335 3235 1391 inferentes
3260 1336 3591 1392 exsolvimus
3614 1335 3729 1404 quod
3745 1333 3806 1387 de-

2297 1423 2509 1479 bemus.
2554 1424 2808 1496 Alioquin
2859 1427 2906 1482 si
2960 1437 3114 1482 extra
3176 1427 3521 1498 disciplinam
3591 1425 3805 1485 fuerimus,

2297 1516 2475 1587 cujus,
2506 1526 2567 1572 ut
2587 1518 2665 1573 ait
2692 1519 3005 1589 Apostolus,
3034 1519 3329 1590 participes
3357 1517 3604 1574 erimus?
3629 1514 3807 1571 Adulteri

611 1624 700 1673 cet
721 1616 859 1671 bene
880 1624 1151 1672 merentes
1176 1630 1319 1685 serpe
1347 1614 1431 1670 vel
1481 1614 1641 1670 minis
1687 1614 1917 1685 impetit,
1964 1614 2050 1669 vel
2093 1613 2191 1669 ﬂa-
2223 1594 2269 1654 Β
2296 1622 2442 1680 ergo,
2490 1616 2547 1664 et
2574 1624 2680 1665 non
2720 1609 2853 1665 ﬁlii:
2881 1618 2934 1666 et
2962 1611 3007 1666 si
3045 1610 3328 1681 disciplina
3369 1623 3640 1672 caremus,
3670 1622 3807 1662 conse-

611 1706 768 1778 gellis
820 1708 1055 1778 premit,
1118 1707 1204 1763 vel
1254 1706 1576 1777 quibusdam
1631 1705 1898 1777 impositis
1939 1706 2195 1764 oneribus

612 1812 830 1869 gravas,
855 1798 939 1851 vel
961 1797 1245 1853 laboriosis
1274 1795 1719 1866 occupationibus
1756 1794 2013 1867 implicat.

688 1888 866 1944 XLlll.
897 1888 993 1945 llis
1025 1889 1207 1960 itaque
1236 1889 1418 1945 verbis
1445 1888 1498 1944 id
1526 1903 1749 1945 suasum
1776 1888 1848 1943 sit
1887 1888 2032 1961 quod
2079 1902 2195 1943 mo-

608 1982 799 2038 lestias
845 1981 1113 2054 quaslibet
1168 1981 1374 2037 ideirco
1428 1981 1608 2037 divina
1654 1980 2057 2051 dispensatione
2099 1994 2195 2051 pa-

610 2074 812 2141 timur,
861 2082 1127 2143 quatenus
1170 2082 1265 2127 aut
1306 2072 1581 2144 praeterita
1644 2081 1871 2144 peccata
1932 2072 1987 2125 in
2037 2070 2193 2126 nobis

609 2164 927 2233 puniantur,
956 2175 1049 2217 aut
1070 2161 1248 2218 futura
1269 2162 1675 2233 prohibeantur.
1712 2162 1809 2218 His
1844 2170 2026 2218 autem
2053 2161 2191 2217 duo-

612 2259 716 2314 bus
736 2257 1119 2323 eonsider‘atis,
1149 2272 1258 2312 non
1305 2257 1786 2325 murmuravimus,
1831 2254 2194 2326 iutelligenles

609 2350 752 2419 quod
777 2350 1042 2421 benignus
1069 2349 1239 2405 Judcx
1273 2352 1341 2406 ab
1366 2359 1569 2406 mterna
1597 2364 1780 2420 penna,
1806 2364 1968 2419 quam
2014 2364 2191 2403 mere-

609 2441 825 2510 bantur,
864 2456 962 2496 nos
986 2456 1083 2512 per
1108 2451 1542 2498 momentaneam
1583 2455 1849 2497 excusare
1891 2440 2045 2505 velit,
2091 2456 2192 2496 nec

605 2533 718 2589 ullo
748 2533 907 2589 modo
940 2548 1036 2589 vos
1060 2533 1347 2589 derelictos
1368 2533 1678 2604 putabimus
1696 2573 1711 2600 ,
1728 2530 1926 2603 quippe
1951 2548 2074 2587 cum
2124 2548 2193 2589 ex

604 2625 723 2695 ipsa
750 2624 944 2695 ﬂagelli
972 2626 1304 2695 experientia
1332 2625 1426 2681 Dei
1452 2626 1854 2696 providentiam
1902 2628 1978 2682 ita
2036 2626 2191 2682 nobis

603 2719 844 2790 impendi
906 2719 1359 2791 cognoverimus,
1411 2728 1471 2773 ut
1520 2734 1618 2790 per
1672 2720 1775 2776 hoc
1836 2720 2012 2791 ipsum
2068 2734 2191 2790 spes

605 2808 1006 2879 inesse'possit,
1029 2809 1173 2881 quod
1204 2809 1394 2881 diligat
1419 2811 1614 2883 quibus
1647 2825 1837 2866 curam
1875 2796 2192 2880 né’peecent

604 2900 868 2955 adhibere
890 2899 1337 2972 dignatur,juxta
1362 2901 1524 2957 illud:
1558 2900 1671 2972 Ego
1731 2917 1862 2973 quos
1911 2917 2055 2968 amo,
2104 2916 2193 2954 ar-

610 3004 713 3057 guo
738 2998 786 3042 et
810 2990 1011 3060 castigo
1035 2991 1219 3061 (Apoc.
1251 3006 1335 3056 ιιι,
1363 2990 1453 3062 19)
1479 3008 1492 3057 ;
1520 2989 1786 3060 siquidem
1832 3004 2021 3051 omnes
2064 2988 2191 3044 dum

608 3078 1160 3147 quibuslibetmentis
1183 3090 1237 3135 et
1292 3082 1536 3152 corporis
1584 3080 1847 3137 molestiis
1906 3080 2192 3147 atlicimur,

611 3171 923 3225 earumdem
957 3172 1323 3227 molestiarum
1352 3187 1548 3228 causas
1573 3187 1734 3231 nosse
1759 3180 2032 3244 optamus,
2057 3187 2194 3243 qua-

608 3270 770 3316 tenus
797 3263 851 3317 in
881 3278 946 3317 eo
969 3267 1113 3333 quod
1143 3264 1411 3331 dolemus,
1435 3280 1503 3321 ex
1550 3265 1666 3335 ipsa
1708 3280 1892 3321 rerum
1912 3247 2196 3321 ‘acciden-

607 3352 745 3407 tium
775 3354 965 3409 notitia
987 3356 1259 3425 quoddam
1282 3357 1668 3413 consolationis
1684 3372 1855 3429 genus
1876 3358 2191 3413 habeamus.

608 3440 717 3498 Sed
747 3458 859 3499 non
882 3454 965 3500 est
988 3460 1211 3501 necesse
1248 3445 1358 3516 jam
1410 3455 1470 3501 ut
1532 3448 1778 3519 singulis,
1830 3448 1886 3503 in
1929 3462 1996 3504 eo
2052 3448 2197 3518 quod

608 3535 844 3605 quisque
901 3534 1143 3602 tolerat,
1200 3537 1344 3593 Deus
1400 3538 1754 3607 respondeat,
1806 3538 1933 3610 quia
1983 3552 2196 3593 sacram

608 3627 953 3698 Scripturam
985 3617 1245 3695 cobdidit,
1309 3629 1363 3684 in
1415 3645 1522 3699 qua
1569 3630 1962 3701 unusquisque,
2004 3630 2051 3685 si
2104 3643 2197 3684 re-

580 3716 814 3788 ‘quirat,
841 3734 1063 3774 causam
1094 3735 1249 3775 suam
1276 3721 1533 3776 inveniet.
1565 3719 1635 3775 Ut
1659 3721 1806 3776 enim
1829 3734 1994 3776 unum
2018 3733 2049 3774 e
2078 3718 2198 3790 plu-

604 3810 757 3865 ribus
783 3809 1143 3881 proferamus,
1175 3810 1375 3866 Paulus
1427 3810 1745 3870 inﬂrmitate
1789 3811 1971 3867 carnis
2019 3818 2196 3866 tenta-

607 3910 697 3956 tus
725 3902 932 3957 audivit
958 3920 972 3957 :
1000 3901 1215 3973 Sufﬁcit
1245 3901 1339 3957 tibi
1370 3896 1545 3971 gratit'z
1572 3919 1712 3969 mea,
1745 3918 1865 3956 nant
1929 3901 2094 3955 virtus
2140 3901 2196 3955 in

609 3992 917 4062 inﬁmitate
948 3994 1219 4064 perﬁcitur
1253 3992 1337 4062 (11
1379 3992 1505 4048 Cor.
1548 4010 1656 4060 xu,
1707 3992 1786 4065 9).
1825 3992 1881 4046 ln
1913 3990 2197 4063 Scriptura

610 4101 744 4156 ergo
770 4087 1151 4142 sacraidcirco
1206 4083 1464 4158 afﬂigitur
1528 4086 1728 4141 Paulus
1775 4083 2074 4165 sigillatim,
2129 4100 2197 4139 ne

610 4175 808 4247 singuli
845 4185 1177 4243 nostrorum,
1216 4178 1308 4249 qui
1346 4192 1453 4232 non
1492 4175 1718 4231 audiunt
1753 4175 1898 4230 hanc
1948 4173 2200 4229 consola-

2294 1715 2464 1771 queus
2498 1711 2584 1757 est
2608 1712 2666 1757 ut
2689 1702 3006 1759 haereditate
3046 1718 3348 1759 careamus.
3388 1702 3450 1756 In
3476 1698 3810 1767 nobismetipsis

2293 1811 2528 1868 namque
2577 1798 2837 1854 debemus
2882 1784 3273 1855 transformare
3320 1799 3470 1870 quod
3520 1798 3733 1871 legimus,
3773 1804 3810 1848 με

2293 1902 2418 1943 cum
2452 1902 2552 1958 per
2580 1887 2821 1943 auditum
2871 1903 2930 1945 se
2957 1890 3172 1946 animus
3199 1892 3426 1958 excitat,
3460 1890 3527 1945 ad
3554 1887 3809 1960 operandam

2293 1979 2437 2050 quod
2469 1980 2702 2037 audierit
2723 1982 2832 2036 vita
2862 1992 3153 2038 concurrat

2360 2070 2543 2127 XLIV.
2569 2072 2827 2141 Quamvis
2862 2074 3045 2145 itaque
3073 2074 3375 2130 nesciamus
3418 2090 3525 2146 pro
3578 2088 3670 2144 qua
3700 2071 3807 2139 culpa

2291 2163 2571 2231 feriamur,
2610 2175 2665 2220 et
2713 2167 2962 2236 quamvis
3011 2167 3087 2223 nil
3117 2168 3242 2223 mali
3281 2169 3326 2225 si
3366 2168 3492 2223 fieri
3523 2177 3686 2240 posset
3705 2166 3813 2221 nobis

2292 2256 2494 2311 conscii
2560 2255 2823 2312 fuerimus
2855 2269 2897 2323 ,'
2932 2265 3112 2313 tamen
3178 2260 3580 2329 correptionem
3636 2266 3811 2313 nostram

2291 2363 2393 2403 nec
2421 2346 2674 2417 injustam
2721 2363 2822 2404 nec
2852 2348 3176 2420 superfluam
3223 2350 3450 2405 credere
3481 2348 3565 2406 fas
3616 2356 3703 2412 est,
3746 2360 3814 2401 nec

2291 2438 2511 2494 omnino
2561 2438 2884 2494 trislandum
2940 2438 3064 2509 quia
3121 2438 3189 2495 de
3246 2440 3404 2496 beato
3444 2440 3635 2510 legitur
3677 2435 3813 2498 Tobia,

2292 2530 2436 2599 quod
2460 2544 2566 2585 non
2594 2529 2665 2585 sit
2713 2528 3066 2585 contristatus
3096 2544 3194 2600 pro
3220 2530 3490 2585 caecitatis
3516 2530 3677 2600 plaga,
3700 2527 3811 2580 etiam

2292 2634 2415 2674 cum
2441 2618 2509 2674 ab
2546 2618 2773 2673 infantia
2807 2618 2977 2673 Deum
3003 2618 3263 2674 timuerit.
3300 2619 3449 2690 Ergo
3480 2620 3551 2675 sit
3588 2616 3746 2687 aliquis
3766 2615 3812 2667 ita

2285 2709 2486 2781 justus,
2528 2720 2587 2766 ut
2633 2725 2731 2781 pro
2764 2710 2979 2767 caeteris
3035 2710 3206 2781 culpis
3259 2726 3605 2782 nequaquam
3642 2709 3814 2779 indigeat

2292 2800 2575 2873 ﬂagellari.
2610 2803 2716 2858 Sed
2742 2803 2869 2858 huic
2895 2817 3110 2873 quoque
3136 2803 3265 2858 illud
3292 2800 3811 2861 considerandumcsl.

2295 2894 2437 2962 quod
2472 2893 2588 2963 ipso
2612 2894 2862 2949 humanm
2881 2894 3008 2950 vitae
3034 2909 3132 2949 usu
3145 2894 3381 2964 quotidie
3399 2893 3765 2951 veterascimus.
3779 2893 3815 2940 tt

2295 2984 2580 3040 exterioris
2606 2984 2841 3040 hominis
2869 2985 3099 3055 impulsu
3127 2986 3193 3040 ab
3216 2985 3575 3039 interioribus
3597 2998 3681 3054 per
3699 2976 3813 3033 lubri-

2295 3091 2412 3131 cam
2442 3076 2832 3147 cogitationem
2860 3077 3093 3132 eximus.
3119 3074 3255 3131 Nam
3286 3076 3429 3131 sicut
3458 3092 3529 3132 ex
3569 3073 3714 3130 nihilo
3732 3085 3816 3125 conc

2295 3168 2391 3223 diti
2420 3182 2630 3234 sumus,
2659 3181 2755 3237 per
2785 3181 2885 3223 nos
2911 3167 3077 3239 ipsos,
3110 3168 3214 3222 nisi
3247 3182 3411 3221 manu
3462 3165 3678 3222 artiﬁcis
3698 3158 3814 3217 nostri

2296 3271 2600 3329 teneamur,
2650 3276 2865 3331 semper
2891 3261 2958 3315 ad
2987 3260 3213 3315 nihilum
3247 3260 3547 3317 tendimus.
3589 3258 3813 3314 Tenetur-

2296 3363 2406 3410 tem
2451 3367 2551 3409 nos
2601 3353 2691 3407 illa
2731 3353 2970 3408 creatrix
3018 3367 3232 3418 manus,
3264 3367 3388 3406 cum
3422 3351 3511 3406 vel
3542 3349 3607 3404 ad
3641 3356 3812 3401 amerca

2296 3446 2705 3519 compungenth
2742 3446 3002 3508 vivificat,
3034 3446 3120 3501 vel
3150 3446 3217 3501 ad
3261 3444 3521 3499 timorem
3570 3434 3817 3511 ﬂagellando

2297 3548 2587 3595 restaurat.
2640 3537 2796 3605 Quod
2824 3538 2927 3592 nisi
2972 3537 3163 3592 fecerit
3191 3537 3481 3605 repentino
3513 3534 3673 3604 lapsu,
3713 3537 3814 3583 mens

2299 3638 2411 3684 tota
2437 3627 2731 3684 veteraseit
2779 3628 2941 3682 etiam
2984 3642 3102 3696 qua:
3131 3625 3289 3697 longo
3318 3624 3545 3678 virtutis
3584 3637 3673 3676 usu
3707 3618 3814 3671 iuno-

2298 3731 2423 3776 vata
2453 3721 2761 3776 videbatur.
2812 3717 3001 3774 Nonne
3049 3717 3322 3790 scriptum.
3353 3725 3437 3771 est
3469 3734 3483 3769 :
3527 3711 3734 3767 Visitatio
3755 3715 3815 3759 tu

2299 3812 2573 3868 custodiuit
2614 3812 2854 3883 spiritum
2889 3810 3099 3865 meum?
3136 3810 3257 3881 (Job
3283 3826 3339 3875 x,
3368 3809 3486 3878 12.)
3509 3798 3815 3864 Visitalio,in-

2299 3905 2420 3976 quit
2465 3920 2481 3959 :
2527 3904 2691 3959 citius
2715 3904 2858 3959 enim
2889 3902 3112 3972 spiritus
3140 3901 3342 3955 virtute
3372 3900 3627 3962 nudatur,
3650 3892 3731 3949 nisi
3754 3894 3814 3976 aut

2301 3975 2399 4069 per
2436 3995 2673 4067 ﬂagella,
2710 4003 2806 4050 aut
2831 4008 2929 4064 per
2957 3990 3386 4063 contpunctionis
3428 3975 3816 4072 visitatioan

2300 4088 2469 4161 ipsius
2497 4086 2717 4142 virtutis
2747 4084 3005 4155 largitore
3054 4081 3415 4137 custodiatur.
3462 4077 3572 4133 Nec
3613 4074 3817 4129 mirumst

2302 4178 2529 4248 spiritus
2563 4175 2949 4238 amaritudine,
2974 4187 3093 4243 qum
3118 4171 3266 4226 carni
3290 4169 3569 4227 contraria
3594 4175 3667 4220 est
3686 4168 3812 4248 custo—

610 4246 839 4331 tionem,
897 4265 1087 4321 audire
1138 4246 1259 4321 eam
1305 4266 1559 4336 privatim
1607 4277 2000 4335 quaereremus.
2053 4261 2191 4316 Hinc
2224 4291 2277 4350 Ι)
2306 4246 2508 4334 (tiatur,
2535 4265 2754 4338 quando
2773 4263 2992 4335 quidem
3019 4262 3119 4318 sibi
3155 4262 3384 4317 invicem
3419 4260 3753 4315 adversantur.
3771 4246 3816 4346 (ξι

610 4355 667 4409 in
718 4352 821 4409 Job
863 4368 878 4407 :
932 4354 1104 4409 Semel
1145 4355 1399 4426 loquitur,
1444 4364 1491 4409 et
1535 4354 1767 4409 secundo
1815 4354 2043 4425 idipsum
2091 4368 2195 4407 non

610 4445 797 4515 repetit
854 4444 976 4515 (Job
1022 4460 1228 4512 χχχιιι,
1258 4444 1379 4517 Li);
1418 4460 1519 4502 nec
1562 4446 1630 4501 ad
1671 4447 1857 4502 omnia
1904 4447 2196 4516 responde-

608 4534 714 4590 bit.
766 4533 933 4601 Quasi
978 4534 1189 4592 dieeret
1217 4554 1231 4590 :
1260 4535 1403 4591 Deus
1428 4534 1760 4607 singulorum
1808 4536 2063 4593 cordibus
2087 4536 2199 4606 pri»

611 4626 779 4681 vatim
804 4642 911 4682 non
950 4627 1260 4698 respondet,
1284 4642 1407 4682 cum
1449 4627 1683 4683 fortasse
1712 4642 1904 4683 causas
1936 4627 2196 4699 anguStiae

614 4734 728 4775 suae
758 4718 954 4791 singuli
999 4720 1143 4775 scire
1179 4725 1443 4790 quierunt,
1484 4717 1580 4772 sed
1610 4717 1717 4772 tale
1746 4718 2021 4788 eloquium
2068 4733 2197 4772 con-

616 4811 802 4875 struit,
826 4826 923 4880 per
949 4812 1093 4882 quod
1122 4819 1440 4867 cunctorum
1466 4809 1854 4880 quzestionibus
1874 4808 2190 4864 satisfaciat.

615 4899 735 4957 Non
764 4902 945 4971 itaque
985 4903 1099 4973 jam
1144 4902 1345 4957 nostris
1372 4900 1796 4973 cogitationibus
1825 4911 1919 4955 aut
1950 4900 2195 4956 aﬂlictio-

617 4994 780 5048 nibus
808 5010 904 5064 per
931 5010 1095 5052 voces
1136 4995 1548 5067 prophetarum,
1604 5004 1700 5050 aut
1741 5010 1838 5066 per
1886 4994 2198 5068 angelorum

620 5083 791 5141 ollicia
817 5086 959 5141 Deus
989 5087 1295 5158 respondet,
1325 5087 1581 5155 quoniam
1620 5088 1705 5142 vis
1729 5088 2023 5158 Scriptura:
2046 5088 2203 5158 quid-

622 5176 751 5244 quid
796 5177 1025 5248 singulis
1074 5187 1250 5248 potest
1286 5179 1527 5243 evenire,
1586 5179 2019 5249 comprehcndit.
2080 5177 2197 5231 Non

621 5268 768 5337 enim
795 5270 925 5324 dicit
972 5271 1288 5340 ﬁgmentum
1322 5269 1484 5341 ﬁgulo
1530 5287 1543 5322 :
1589 5270 1702 5324 (iur
1749 5285 1834 5326 me
1864 5269 2040 5325 fecisti
2086 5270 2203 5326 sic?

2305 4360 2451 4416 enim
2483 4358 2571 4413 illa
2601 4354 2749 4411 molli
2796 4353 3153 4409 delectatione
3175 4352 3437 4423 pascitur,
3462 4352 3544 4405 sic
3568 4350 3660 4403 iste
3676 4337 3817 4399 amari-

2306 4452 2491 4513 tudine
2527 4455 2926 4520 vegetaturzet
2973 4445 3111 4501 sicut
3140 4444 3284 4499 illam
3330 4443 3465 4497 dura
3513 4429 3812 4496 saucianhSiﬁ

2304 4543 2467 4601 istum
2496 4539 2678 4594 mollia
2703 4543 2921 4592 necant.
2953 4535 3021 4590 Et
3074 4534 3197 4589 inde
3226 4534 3280 4588 in
3312 4541 3629 4603 perpetuum
3655 4522 3812 4596 spiritus

2305 4634 2510 4700 interit,
2534 4634 2674 4688 unde
2699 4629 3016 4686 suaviterad
3038 4636 3248 4698 tempus
3268 4626 3564 4681 earo'vivit.
3585 4621 3726 4687 Cujus
3747 4626 3810 4666 cu-

2303 4743 2418 4784 ram
2445 4740 2614 4781 nexus
2640 4721 3039 4794 praeponderat,
3065 4719 3110 4773 si
3134 4718 3222 4773 hic
3246 4718 3314 4773 ab
3343 4723 3567 4771 auclore
3588 4704 3814 4776 disciplin?

2303 4821 2638 4876 destituitur.
2685 4821 2805 4875 Jam
2840 4835 2969 4876 vero
2998 4818 3307 4875 carnalibus
3355 4814 3570 4880 intenti,
3619 4821 3704 4864 nec
3739 4802 3812 4870 3P“

2302 4922 2490 4967 nostra
2564 4911 2911 4967 destitutione
2990 4910 3260 4967 ullatenus
3328 4908 3521 4964 damna
3599 4898 3812 4957 sentimtm

2305 5001 2423 5070 Quo
2486 5002 2628 5057 enim
2682 5001 2839 5070 longe
2893 5017 2992 5056 nos
3039 4999 3296 5057 Conditor
3350 4995 3570 5059 deserit,
3616 5004 3677 5045 eo
3710 4995 3814 5038 tu?!“

2304 5102 2488 5148 nostra
2548 5092 2602 5145 in
2651 5090 2996 5146 sensibilibus
3059 5088 3388 5153 obdurescit,
3448 5084 3610 5152 fitque
3651 5075 3815 5167 misefi‘

2304 5186 2396 5243 b‘li
2437 5184 2597 5240 modo
2620 5192 2769 5238 tanto
2798 5183 3061 5250 securior,
3091 5189 3293 5252 quanto
3338 5177 3504 5251 pejor.
3537 5171 3687 5227 Valde
3716 5169 3812 5252 εωείξ

2303 5278 2519 5335 ditlieile
2558 5287 2642 5333 est
2689 5284 2750 5330 ut
2800 5275 2994 5346 aliquis
3022 5242 3255 5346 vel-quae
3296 5271 3409 5342 jam
3454 5242 3811 5360 commisit...
