3964 5360
151 141 252 197 6Ξ9

1134 139 1625 199 COLLATIONL’M
1664 139 1842 195 LIBRI
1881 140 2077 197 TRES.
2120 172 2190 182 —
2227 140 2351 197 LIB.
2390 122 2474 198 ut.

3318 144 3424 201 650

153 256 311 322 lilios,
362 269 496 324 quos
542 254 607 308 ad
650 253 796 323 regni
844 254 1082 311 cmlcstis
1125 256 1497 311 hmreditatem
1539 265 1731 320 vocat,
1766 259 1811 318 Α
1841 254 1991 309 ducis
2042 254 2254 309 inhiare
2282 297 2295 320 ,
2346 264 2594 311 secutura
2636 254 2896 326 supplicia
2952 265 3045 311 aut
3092 271 3285 328 parum
3333 273 3446 334 aut;

153 344 456 415 periculosa
505 345 827 414 negligentia
870 346 1170 415 subrepat,
1217 363 1323 403 non
1375 349 1547 404 solum
1587 350 1741 403 donis

154 433 347 501 reiicit,
374 435 468 490 sed
494 435 658 491 etiam
681 434 907 507 ﬂagellis
941 439 1137 493 erudit.
1174 439 1230 493 Si
1265 440 1383 510 quis
1407 455 1534 510 ergo
1558 439 1741 509 justus

155 525 387 590 videtur,
417 536 747 582 memorctur
776 528 918 585 illius
940 532 1221 586 sentcntiae
1241 530 1354 600 jam
1376 534 1698 603 supradicta:
1722 548 1737 588 :

152 617 337 673 Iustus
364 619 414 673 si
440 618 608 689 fuero,
635 636 739 676 non
761 620 937 677 levabo
967 634 1143 695 caput,
1171 635 1439 697 saturatas
1466 629 1740 699 afﬂictione

148 728 195 765 ei
227 712 443 767 miseria
481 712 602 785 (Job
632 729 688 780 ι,
721 713 833 785 15).
868 714 966 770 Est
995 724 1174 772 autem
1211 727 1264 773 et
1298 718 1399 773 alia
1438 720 1575 774 ratio
1598 760 1613 783 ,
1644 736 1743 789 pro

149 818 257 872 qua
299 802 653 873 perfectiores
676 845 697 870 ,
729 814 785 860 ut
824 806 874 860 in
912 807 1085 878 primo
1114 809 1252 865 libro
1281 810 1347 865 de
1375 811 1605 868 Civitatc
1647 814 1739 870 Dei

151 892 486 960 disputatur,
510 894 633 963 jure
677 910 800 948 cum
832 895 1218 954 infirmioribus
1250 901 1330 954 vel
1369 903 1530 956 etiam
1563 904 1743 974 pravis

153 983 527 1053 lemporalitcr
547 982 905 1054 ﬂagellantnr,
934 988 1060 1057 quia
1089 989 1337 1045 videlicet
1365 1008 1468 1047 non
1494 1009 1586 1047 eos
1616 1009 1740 1049 cor-

154 1074 358 1143 ripiunt
382 1114 396 1138 ,
432 1085 735 1131 metuentes
773 1094 841 1132 ne
882 1095 1068 1133 eorum
1102 1090 1332 1151 gratam
1363 1081 1617 1147 ollendat,
1650 1095 1746 1139 aut.

149 1178 223 1217 ne
260 1180 413 1219 uena:
444 1164 601 1220 famae
634 1166 971 1237 dispendium
1003 1186 1100 1241 per
1132 1170 1343 1225 illorum
1368 1173 1745 1245 derogationes

150 1253 457 1310 incurrant.
503 1256 651 1313 lianc
693 1274 824 1327 ergo
854 1260 1020 1315 vitam
1057 1278 1179 1317 cum
1220 1263 1300 1318 eis
1329 1281 1571 1319 amaram
1620 1283 1747 1322 srn-

151 1343 295 1397 tiunt
325 1345 526 1415 ,cujus
581 1349 813 1403 amando
866 1350 1203 1406 dulcedinem
1254 1347 1745 1425 tr:nisgrcssoribus

151 1439 325 1494 amari
357 1455 482 1496 esse
526 1442 819 1514 negligant.
846 1442 977 1510 Qua:
1004 1444 1160 1515 culpa
1214 1446 1447 1502 maxime
1494 1447 1745 1517 pnelatos

152 1530 241 1585 vel
268 1532 593 1588 reverendus
635 1535 905 1605 quoslibet
945 1537 1090 1592 viros
1121 1537 1363 1603 involvit,
1408 1540 1497 1609 qui
1544 1541 1609 1593 ad
1643 1540 1743 1597 huc

1842 345 1975 399 nihil
2008 344 2337 411 formidare,
2374 361 2510 416 quos
2561 348 2797 417 gratuita
2860 348 3099 404 bonitate
3154 351 3428 420 respicere

1841 437 2094 509 dignatur
2117 478 2132 502 ,
2169 454 2263 493 ens
2293 439 2477 509 utique
2521 437 2729 507 "agello
2757 439 3152 495 interveniente
3181 442 3425 512 corripit,

1840 537 1896 582 et
1920 527 2217 599 respiciens
2241 536 2439 583 terram
2471 529 2599 584 facit
2622 545 2741 584 eam
2773 538 3025 586 tremere.
3058 531 3264 588 Dehinc
3291 548 3426 591 vero

1841 628 2120 676 crescente
2182 619 2391 691 ﬂagello
2428 616 2871 676 amaritudinem
2930 630 2985 677 et
3030 623 3427 679 districtionem

1840 710 2029 766 aeterni
2059 712 2325 767 examinis
2352 713 2594 783 cogimur
2641 712 3005 779 considerare,
3035 722 3091 769 et
3123 715 3189 769 ad
3218 730 3315 771 cor
3340 728 3429 770 re-

1843 800 1986 857 ducti
2029 807 2094 858 de
2143 802 2514 860 satisfactione
2562 805 2823 876 cogitare.
2877 804 3014 860 Tum
3065 821 3195 862 vero
3245 804 3429 879 lingua

1844 901 2051 947 reatum
2087 891 2344 963 loquitur,
2391 902 2446 947 et
2494 909 2596 948 nox
2633 894 2773 966 q'tod
2808 895 3021 951 animus
3072 896 3432 967 parvipende-

1842 982 1936 1036 bat
1965 1022 1980 1046 ,
2011 993 2201 1052 sponte
2230 982 2540 1042 confitetur.
2580 995 2639 1038 ut
2670 984 2744 1038 illi
2794 983 2992 1039 fratres
3034 984 3259 1056 Joseph,
3291 1000 3463 1055 quos-

1841 1070 1916 1125 illi
1949 1087 2056 1126 non
2100 1071 2367 1137 ludendo,
2400 1073 2492 1127 sed
2537 1074 2966 1144 argumentando
3000 1075 3080 1129 sic
3125 1076 3260 1131 adeo
3296 1090 3431 1130 con-
3520 1080 3529 1085 ‘

1843 1163 2161 1235 stringebat,
2193 1171 2251 1219 ut
2273 1165 2441 1220 attriti
2477 1167 2897 1222 conﬁterentur:
2931 1167 3122 1224 Merito
3153 1169 3266 1223 haec
3294 1168 3435 1239 patio

1847 1270 1967 1309 mur
1993 1255 2113 1324 quia
2139 1255 2484 1325 peccavimus
2509 1257 2560 1310 in
2594 1256 2820 1311 fratrem
2855 1266 3121 1312 nostrum.
3150 1257 3288 1312 llinc
3311 1260 3440 1313 bea-

1846 1355 1933 1400 tus
1966 1347 2065 1402 Job
2113 1346 2387 1419 :Loquar,
2427 1350 2541 1417 ait,
2590 1351 2646 1404 in
2694 1350 3031 1406 tribulatione
3089 1352 3301 1421 spiritus
3333 1352 3437 1405 mei

1847 1437 1967 1510 (Job
1996 1454 2067 1491 vit
2093 1479 2107 1500 ,
2138 1439 2246 1509 ll).
2299 1439 2568 1509 Quidquid
2597 1440 2816 1511 spiritus
2868 1439 3107 1511 loquitur
3147 1442 3201 1497 in
3238 1440 3437 1497 divinis

1846 1529 2106 1593 auribus,
2139 1528 2338 1584 locutio
2381 1538 2466 1585 est
2520 1548 2533 1583 :
2575 1546 2734 1600 quam
2787 1530 3110 1587 locutionem
3158 1530 3438 1586 tribulatio

153 1623 211 1677 iu
248 1624 491 1679 Ecclesia
534 1626 791 1682 divinitus
841 1629 1259 1694 constituuntur,
1311 1639 1364 1683 et
1400 1632 1547 1700 gravi
1592 1641 1741 1686 reatu

1849 1631 2176 1687 commonet,
2219 1630 2277 1675 ut
2325 1636 2426 1675 vox
2459 1623 2524 1675 ad
2556 1621 2950 1677 confessionem
2988 1629 3253 1692 erumpat.
3295 1620 3439 1675 Con-

154 1726 429 1770 tenentur.
463 1716 573 1772 Nec
600 1718 719 1772 ideo
759 1729 935 1774 tamen
968 1721 1035 1775 ab
1077 1719 1382 1789 lmjusmodi
1413 1720 1567 1790 culpa
1596 1723 1749 1793 peni-

156 1816 247 1861 tus
291 1806 503 1862 alienus
530 1818 632 1874 est,
668 1810 760 1879 qui
815 1810 943 1865 licet
980 1812 1299 1882 prcepositus
1349 1827 1454 1867 non
1492 1814 1583 1877 sit,
1614 1815 1657 1867 si
1693 1813 1745 1869 in

150 1898 236 1952 eis
287 1906 466 1953 tamen
496 1939 512 1965 ,
562 1899 758 1969 quibus
804 1901 927 1955 vita:
986 1903 1308 1957 necessitate
1354 1903 1698 1973 conjungitur
1728 1944 1747 1969 ,

152 1987 323 2041 multa
351 1990 615 2043 mouenda
663 1992 743 2045 vel
788 1991 1059 2063 arguenda
1083 1994 1254 2054 novit,
1284 2003 1337 2048 et
1367 1993 1608 2065 negligit,
1650 1996 1746 2049 de-

149 2075 335 2130 vitans
366 2092 554 2133 eorum
594 2077 940 2148 offensiones,
971 2090 1194 2152 propter
1217 2082 1309 2137 illa
1337 2085 1533 2154 quibus
1564 2084 1614 2138 in
1645 2085 1748 2139 hac

151 2167 269 2221 \ita
304 2185 410 2223 non
444 2168 700 2226 indebitis
726 2173 900 2227 utitur
921 2215 937 2240 ,
964 2175 1058 2229 sed
1086 2175 1207 2245 plus
1238 2190 1398 2245 quam
1429 2176 1617 2232 debuit
1650 2175 1746 2232 de-

146 2256 403 2313 lectatur.
439 2260 801 2333 Flagellantur
850 2280 980 2338 ergo
1034 2266 1197 2322 simul
1241 2284 1347 2323 non
1401 2270 1526 2337 quia
1582 2280 1748 2341 agunt

146 2353 353 2407 malam
388 2355 593 2419 vitam,
643 2358 738 2412 sed
787 2359 910 2428 quia
954 2360 1113 2415 simul
1165 2371 1348 2416 amant
1398 2365 1747 2432 temporalem

144 2445 322 2499 vitam
356 2462 519 2516 quam
549 2458 895 2506 contemnere
936 2436 1212 2516 deberent,
1248 2463 1306 2509 ut
1335 2453 1431 2520 illi,
1463 2455 1507 2509 si
1547 2454 1748 2525 corrigi

143 2537 380 2604 vellent,
411 2550 879 2610 consequerentur
906 2557 1028 2598 cum
1060 2544 1139 2599 eis
1173 2556 1450 2602 arternam.
1485 2546 1626 2602 Sane
1653 2547 1746 2618 qui

145 2637 444 2699 prepterea
476 2646 583 2685 non
628 2630 896 2705 obiurgat,
927 2635 1052 2703 quia
1086 2636 1164 2691 vel
1193 2638 1370 2707 aptius
1417 2648 1625 2708 tempus
1653 2656 1748 2694 ex-

141 2728 402 2787 spectat,
433 2720 516 2774 vel
544 2723 734 2776 metuit
771 2740 837 2779 nc
871 2725 1133 2796 increpati
1169 2728 1465 2784 deteriores
1493 2730 1623 2783 ﬂant
1648 2771 1664 2796 ,
1692 2738 1747 2785 et

145 2807 424 2864 invalidos
463 2808 617 2879 pejus
652 2821 903 2879 noceant,
934 2815 1036 2869 hoc
1061 2831 1168 2871 non
1197 2826 1280 2872 est
1312 2818 1635 2891 negligentia
1663 2821 1745 2875 vel

140 2899 471 2969 cupiditatis
501 2903 736 2969 occasio,
766 2906 859 2959 sed
882 2907 1168 2963 consilium
1193 2910 1493 2966 charitatis.
1527 2910 1658 2965 Nam
1688 2922 1745 2967 ut

1852 1710 2139 1767 fessionem
2188 1728 2319 1769 vero
2372 1712 2705 1785 indulgentia
2746 1715 3011 1783 sequitur,
3051 1713 3206 1782 juxta
3258 1713 3432 1768 illud:

1848 1802 1992 1869 Dixi,
2025 1805 2331 1874 conﬁtebor,
2372 1817 2418 1861 et
2461 1817 2517 1860 tu
2553 1808 2797 1862 remisisti
2836 1807 3006 1879 (Paul.
3056 1824 3181 1861 xxx:
3216 1849 3229 1872 ,
3260 1808 3336 1878 5).
3371 1808 3439 1862 L't

1849 1912 1971 1953 cum
2004 1898 2055 1951 in
2087 1899 2306 1968 proprio
2340 1909 2488 1954 reatu
2524 1899 2688 1953 David
2711 1900 2937 1964 diceret,
2958 1900 3163 1971 peccari
3187 1897 3357 1971 (Paul.
3382 1917 3469 1962 i.,.

1849 1987 1934 2058 6);
1967 1997 2020 2042 et
2050 1987 2259 2042 Nathan
2316 1989 2458 2044 illico
2500 1990 2778 2059 respondit
2811 2004 2826 2043 :
2861 1988 3118 2044 Dominus
3169 1989 3441 2042 transtulit

1848 2088 2118 2147 peccatum
2138 2087 2307 2143 tuum,
2348 2094 2451 2132 non
2476 2081 2713 2133 morieris
2738 2079 2823 2148 (Il
2850 2078 2977 2151 Reg.
3011 2096 3110 2144 xu,
3152 2080 3263 2149 l5),
3294 2080 3436 2135 sicut

1850 2168 1904 2223 in
1941 2167 2224 2221 Moralium
2270 2167 2410 2222 libro
2458 2183 2608 2223 xxxn
2635 2168 2969 2238 perhibetur.
3010 2169 3113 2237 Qui
3161 2183 3221 2223 se
3249 2182 3441 2238 pecca-

1851 2266 2019 2314 torezn
2063 2258 2332 2330 intelligit,
2357 2258 2467 2331 jam
2501 2275 2567 2314 ex
2603 2260 2782 2329 aliqua
2815 2267 2969 2331 parte
2997 2257 3177 2328 justus
3210 2274 3329 2314 esse
3357 2260 3442 2313 in-

1851 2352 2031 2414 clzoat,
2067 2360 2230 2431 atque
2261 2352 2312 2406 id
2345 2354 2486 2421 quod
2517 2368 2622 2407 non
2648 2351 2739 2420 jus
2764 2367 2828 2407 us
2872 2350 3078 2407 fecerat
3102 2366 3169 2405 ex
3200 2367 3266 2408 eo
3295 2351 3440 2420 quod

1849 2453 1935 2500 est
1958 2445 2140 2515 justus
2170 2452 2409 2499 accusat.
2438 2443 2568 2499 Nam
2602 2445 2727 2501 licet
2755 2460 2820 2501 ex
2856 2445 3052 2501 merito
3079 2445 3285 2516 peccati
3316 2459 3473 2514 per»

1849 2534 2105 2598 cutiatur,
2152 2540 2330 2588 tamen
2370 2534 2414 2589 si
2445 2534 2549 2589 hoc
2582 2533 2756 2603 ipsum
2785 2533 3047 2602 judicium
3073 2535 3214 2603 quod
3245 2541 3437 2588 contra

1849 2637 1908 2678 se
1939 2620 2338 2693 agiturjnstum
2370 2622 2579 2687 credit,
2607 2633 2663 2676 et
2707 2638 2811 2677 non
2845 2630 3164 2687 nmrmurat,
3198 2621 3289 2677 sed
3321 2636 3439 2675 ant-

1848 2712 2106 2783 plectiyir
2134 2712 2303 2777 illud,
2332 2712 2530 2768 divinae
2560 2713 2819 2768 voluntati
2859 2714 2914 2767 in
2957 2728 3052 2768 sua
3090 2712 3475 2783 percussioncﬁ

1851 2804 2193 2876 conjungitur
2225 2823 2239 2859 :
2272 2813 2327 2860 et
2377 2805 2580 2860 idcirco
2627 2805 2695 2860 ab
2747 2804 3011 2874 injustitia
3064 2819 3161 2859 sua
3208 2803 3321 2875 jam
3372 2816 3467 2858 eo~

1851 2905 2132 2966 correptus
2176 2904 2297 2960 est,
2328 2911 2435 2966 quo
2466 2912 2523 2952 se
2564 2896 2647 2950 vel
2673 2896 2819 2967 justo
2850 2910 3165 2966 percussum
3196 2894 3393 2966 gaudet
3419 2930 3437 2959 ,

140 2989 205 3045 in
238 2990 527 3047 Moralium
557 2993 695 3049 libro
727 3011 795 3049 xx
830 2997 1044 3062 dicitur,
1078 3000 1250 3055 sancti
1280 3001 1378 3055 viri
1414 3018 1536 3057 cum
1562 3003 1743 3058 vident

1849 2984 1931 3040 vel
1946 2985 2209 3039 voluntati
2219 2982 2418 3053 iudicis
2432 2984 2723 3041 concordat
2747 2986 2797 3039 in
2814 3000 2996 3055 pinna,
3010 2985 3096 3041 cui
3110 2984 3441 3055 discrepavit

135 3082 418 3152 quosdam
469 3099 566 3138 sua
612 3086 779 3141 verba
810 3086 1090 3157 despicere
1120 3131 1135 3155 ,
1167 3088 1294 3145 dum
1342 3106 1439 3147 eos
1487 3093 1745 3150 divinitus

139 3172 467 3244 intelligunt
495 3174 669 3230 deseri
701 3218 716 3242 ,
741 3186 1019 3248 gementes
1051 3182 1440 3237 conticescunt.
1482 3183 1636 3239 Unde
1664 3193 1748 3240 est

137 3264 287 3319 illud
317 3282 332 3319 :
364 3265 639 3332 Quomodo
660 3269 986 3324 cantabimus
1010 3272 1270 3326 canticum
1301 3273 1507 3335 Domini
1531 3276 1583 3328 in
1606 3286 1746 3329 terra

137 3357 376 3411 aliena?
398 3357 571 3429 (Paul.
590 3374 808 3424 cxxxvt,
831 3360 911 3430 4.)
936 3359 1209 3431 Scriptum
1237 3372 1319 3417 cst
1345 3377 1359 3417 :
1383 3362 1509 3417 Noli
1529 3382 1747 3436 arguere

138 3450 442 3505 derisorem
470 3492 486 3518 ,
517 3468 582 3507 ne
631 3451 798 3506 oderit
835 3463 884 3508 te
914 3453 1096 3525 (Prov.
1146 3471 1198 3510 lx
1226 3496 1239 3521 ,
1273 3456 1351 3524 8).
1386 3455 1590 3512 Tacent
1617 3474 1748 3528 ergo

138 3540 258 3596 viri
313 3545 527 3607 sancti,
560 3560 665 3599 non
698 3555 757 3599 ut
786 3561 970 3601 eorum
1002 3548 1185 3603 odium
1237 3548 1510 3615 timeatur,
1543 3552 1638 3606 sed
1680 3566 1750 3606 ne

134 3632 225 3689 illi
255 3633 490 3691 odiendo
516 3634 727 3705 pejores
752 3637 900 3692 ﬂant.

220 3721 392 3778 XLV.
428 3724 497 3780 Ut
523 3734 703 3780 autem
734 3727 800 3780 de
832 3725 1314 3798 negligentioribus
1348 3729 1615 3797 dicamus,
1648 3745 1750 3787 nos

135 3822 312 3867 tanto
370 3815 542 3884 magis
593 3808 850 3888 ﬂagellari
882 3818 1185 3891 indigemus
1210 3860 1224 3884 ,
1254 3828 1458 3890 quanto
1495 3828 1550 3876 et
1583 3822 1748 3877 multa

136 3906 204 3959 in
267 3905 426 3961 nobis
471 3916 596 3961 sunt
643 3908 866 3963 aeternis
909 3909 1121 3981 ignibus
1149 3909 1330 3981 digna,
1363 3920 1419 3967 et
1451 3921 1652 3981 quanto
1680 3913 1749 3968 ad

134 3996 264 4052 alia
299 3998 685 4055 committenda
727 4001 1079 4069 procliviores
1118 4018 1326 4057 smnus.
1358 4002 1567 4074 Quippe
1606 4005 1752 4060 inter

134 4089 305 4161 ipsas
334 4091 612 4161 angustias
636 4093 1008 4165 multipliciter
1032 4096 1313 4165 superbire
1344 4097 1599 4151 solemus.
1625 4098 1782 4153 υπς’

134 4190 343 4236 autem
369 4182 584 4255 gemina
621 4191 821 4240 nostra:
852 4183 1159 4240 aﬂlictionis
1205 4187 1414 4241 utilitas
1467 4188 1518 4241 in
1573 4189 1751 4258 primo

135 4274 381 4329 homine
412 4275 815 4330 demonstratur
841 4317 856 4342 ,
888 4277 980 4347 qui
1009 4278 1134 4341 dum
1165 4278 1307 4332 inter
1352 4279 1586 4348 paradisi
1621 4280 1750 4333 deli-

1848 3075 1902 3148 in
1918 3077 2287 3150 culpaJtIagna
2304 3077 2779 3148 igituralﬂictionis
2794 3078 3015 3142 utilitas,
3033 3092 3300 3148 perquam
3319 3091 3443 3131 con-

1847 3169 2009 3226 fessio
2041 3177 2224 3225 reatus
2252 3170 2485 3236 elicitur,
2518 3186 2638 3241 qua:
2664 3169 3051 3241 indulgentiam
3072 3176 3437 3238 promeretur.

1919 3259 2103 3314 XLVI.
2133 3260 2332 3316 Contra
2362 3259 2674 3330 frequenter
2706 3268 2834 3314 sunt
2861 3259 2955 3313 lilii
2995 3259 3158 3313 Israel
3188 3272 3286 3328 pro
3313 3273 3451 3328 pec-

1848 3351 1985 3405 catis
2020 3350 2233 3415 alﬂicti,
2263 3358 2315 3404 et
2344 3351 2411 3405 ad
2444 3352 2615 3405 Deum
2659 3348 2834 3404 redire
2870 3347 3153 3418 compulsi.
3198 3345 3333 3401 Nam
3378 3354 3439 3399 ut

1847 3441 1914 3497 de
1963 3442 2174 3496 exteris
2222 3440 2428 3496 vicibus
2478 3448 2722 3495 taceatur
2744 3483 2760 3508 ,
2793 3438 3084 3509 aliquando
3113 3453 3235 3493 cum
3266 3438 3438 3490 Deum

1849 3534 2252 3603 relinquerent,
2286 3541 2343 3586 et
2393 3532 2554 3586 idolis
2611 3531 2927 3593 servirent”
2954 3530 3126 3601 Syria:
3154 3569 3167 3593 ,
3195 3527 3440 3587 Sidonis,

1848 3628 2024 3694 Moab,
2062 3636 2113 3681 et
2168 3626 2458 3690 Philistio,
2509 3625 2692 3679 traditi
2744 3633 2872 3678 sunt
2910 3624 2962 3677 in
3004 3637 3196 3676 manus
3226 3619 3441 3674 illarum

1847 3721 2090 3793 gentium
2137 3734 2201 3774 ac
2253 3733 2351 3789 per
2389 3717 2576 3773 decem
2607 3721 2663 3770 et
2693 3724 2817 3770 octo
2869 3728 3043 3769 annos
3087 3711 3439 3767 vehementer

1849 3809 2051 3867 aﬂlicti.
2093 3808 2196 3876 Qui
2241 3807 2455 3864 tandem
2495 3807 2794 3863 clamantes
2836 3806 2903 3860 ad
2933 3804 3101 3860 Deum
3132 3804 3384 3857 dixerunt
3421 3818 3435 3852 :

1849 3904 2202 3960 Peccavimus
2234 3904 2349 3958 tibi.
2384 3902 2591 3969 Quibus
2634 3902 2780 3956 inter
2821 3899 2927 3955 alia
2960 3895 3235 3965 respondit
3263 3895 3443 3948 Darni-

1848 4010 1952 4051 nus
1980 4013 1994 4049 :
2028 3994 2149 4049 Non
2174 3994 2369 4047 addant
2402 4002 2456 4046 ut
2493 3992 2631 4046 ultra
2659 4008 2747 4045 vos
2775 3991 3019 4052 liberem,
3046 3988 3113 4041 ite
3140 3996 3187 4040 et
3207 3985 3451 4040 invocat-3-

1844 4084 1997 4151 deos,
2030 4102 2159 4156 quos
2188 4083 2355 4137 colitis
2385 4125 2399 4148 ,
2428 4093 2475 4136 et
2497 4082 2598 4152 ipsi
2639 4097 2727 4136 vos
2768 4079 2983 4133 liberent
3016 4076 3221 4148 (Judic.
3252 4094 3305 4140 χ,
3349 4076 3451 4136 ίδν

1852 4178 1964 4250 M).
2003 4176 2074 4232 At
2123 4178 2197 4232 illi
2226 4195 2240 4231 :
2271 4174 2611 4231 Peccavimus
2634 4214 2655 4239 ,
2699 4174 2949 4243 inquiunt
2975 4215 2991 4238 ,
3024 4172 3180 4225 redde
3208 4182 3264 4224 tu
3295 4171 3455 4223 nobis

1850 4272 2104 4344 quidquid
2121 4272 2213 4324 tibi
2233 4270 2432 4342 placet:
2452 4280 2657 4324 tantum
2676 4287 2812 4323 nunc
2829 4269 2990 4323 libera
3010 4285 3101 4323 nos
3121 4268 3307 4339 (lbid.,
3330 4267 3440 4336 15).

132 4366 270 4421 eius
294 4364 562 4434 justitiam
609 4382 829 4423 servare
864 4368 1195 4439 negligeret,
1227 4368 1368 4424 Deus
1416 4369 1561 4424 hunc
1606 4370 1750 4426 foras
1778 4353 1829 4412 Ῐ)
1855 4363 1976 4419 Mox
2021 4362 2095 4419 ibi
2149 4361 2438 4432 sequitur:
2473 4360 2656 4415 Doluit
2707 4360 2965 4415 Dominus
3014 4377 3169 4430 super
3204 4359 3459 4413 miserius.

131 4456 450 4525 expulsum
501 4474 597 4529 per
649 4458 926 4515 molestias
963 4460 1293 4527 emendavit,
1341 4468 1398 4516 et
1445 4459 1750 4532 conjugem,

127 4562 277 4618 qua:
307 4547 515 4617 pariter
543 4549 598 4603 in
628 4562 884 4621 percepto
912 4550 1117 4606 honore
1147 4551 1376 4622 gloriata
1409 4562 1572 4622 atque
1604 4553 1752 4607 dete-

129 4640 365 4694 riorata
412 4639 610 4707 fuerat,
647 4640 764 4694 utili
796 4640 1058 4696 servitute
1102 4642 1379 4697 meliorem
1428 4643 1625 4698 cile-cit.
1661 4642 1754 4697 Sic

125 4741 195 4787 et
230 4746 343 4785 nos
390 4731 637 4788 libertate
683 4734 964 4803 superbos,
1018 4734 1225 4790 deliciis
1272 4736 1667 4806 impinguatos,
1700 4743 1755 4790 et

123 4840 280 4896 erga
319 4824 552 4880 divinam
584 4827 946 4881 reverentiam
970 4824 1301 4893 fastidiosos,
1329 4828 1539 4899 injuriis
1567 4828 1747 4892 tradit,

124 4913 427 4971 molestiis
452 4916 744 4987 opprimit,
773 4925 830 4968 ut
855 4917 1033 4971 anima
1058 4918 1266 4973 crebris
1287 4928 1404 4973 acta
1442 4917 1746 4993 suppliciis,

122 5015 421 5056 cacumen
448 5003 713 5074 superbia:
741 5001 1102 5073 derelinquat,
1132 5005 1512 5076 laboribusque
1543 5020 1608 5059 ac
1637 5017 1749 5056 mo-

121 5094 330 5149 lestiis
363 5094 588 5153 innitens
617 5137 635 5162 ,
681 5092 751 5147 ad
792 5094 893 5150 hoc
927 5098 1069 5165 quod
1101 5098 1365 5154 delectata
1394 5095 1630 5167 perdidit
1658 5107 1746 5148 re-

118 5194 397 5257 paretur.
425 5184 500 5241 0b
546 5191 657 5245 hoc
708 5184 851 5239 enim
879 5226 893 5250 ,
936 5184 1094 5254 juxta
1133 5188 1522 5262 Augustinum,
1553 5191 1746 5243 contra

117 5277 293 5330 Eilen
330 5276 530 5344 positus
560 5288 675 5344 est,
704 5275 951 5332 videlicet
980 5289 1166 5337 contra
1194 5279 1374 5336 sedem
1401 5281 1744 5342 deliciarum,

1848 4472 2052 4520 eorum,
2080 4463 2127 4509 et
2168 4454 2399 4509 liberavit
2443 4471 2552 4518 eos,
2581 4453 2703 4529 quia
2743 4455 2854 4508 Ita’c
2887 4454 2939 4508 in
2978 4453 3149 4524 ﬁgura
3181 4451 3446 4519 continge-

1852 4546 1978 4602 bant
2019 4545 2128 4601 illis
2169 4545 2358 4617 (lbid.,
2390 4546 2501 4611 i6).
2536 4545 2791 4600 Dicamus
2831 4556 2886 4599 ct
2936 4561 3035 4599 nos
3064 4552 3284 4597 econtra
3340 4542 3445 4594 Do-

1853 4637 2022 4703 mino,
2050 4650 2173 4692 Cum
2205 4636 2382 4703 aliqua
2414 4635 2762 4691 tribulatione
2802 4635 3073 4702 cingimur
3108 4650 3120 4684 :
3152 4629 3260 4683 Fac
3290 4629 3463 4681 nobis.

1854 4728 1907 4783 in
1939 4728 2191 4801 praesenti
2225 4726 2491 4797 quidquid
2538 4728 2628 4782 tibi
2673 4726 2978 4795 placuerit,
3018 4730 3226 4779 tantum
3268 4718 3322 4771 in
3365 4716 3453 4771 fu-

1856 4829 1977 4876 turo
2005 4820 2206 4874 liberes
2235 4833 2354 4870 nos.
2394 4820 2531 4887 Quia
2575 4831 2702 4871 vero
2732 4816 2968 4871 ﬁliorum
3011 4810 3173 4870 Israel
3203 4807 3454 4863 utemini—

1855 4926 2000 4976 mus,
2026 4909 2200 4964 adhuc
2230 4906 2442 4976 aliquid
2470 4904 2906 4978 magnificentius
2934 4910 2999 4962 ad
3028 4898 3459 4961 misericordiam

1860 5002 1953 5058 Det
1985 4999 2480 5057 commendandam
2518 5015 2580 5054 ac
2623 4996 2994 5053 tribulationis
3033 4992 3321 5049 utilitatem
3371 4988 3459 5041 in-

1860 5094 2177 5153 Silluandam
2213 5132 2225 5155 ι
2272 5090 2340 5144 de
2399 5096 2480 5151 cis
2508 5088 2796 5148 audiamus
2825 5089 2957 5157 quid
3002 5102 3099 5158 per
3124 5078 3469 5159 Ezechiclem

1840 5188 2123 5246 Dominus
2151 5183 2283 5238 dicit
2311 5197 2327 5235 :
2367 5185 2725 5243 Irritaverunt
2768 5194 2852 5231 me
2880 5181 3063 5234 domus
3092 5171 3258 5228 Israel
3289 5170 3343 5222 in
3373 5173 3471 5225 de-

1862 5293 2020 5347 δανιον
2054 5290 2100 5334 εἰ
2125 5275 2237 5332 dimi
2265 5284 2317 5328 αι
2355 5278 2688 5350 effunderem
2722 5269 2962 5337 furorem
2986 5284 3154 5327 meum
3185 5278 3339 5360 super
3360 5280 3474 5360 eos,
