3964 5360
549 307 646 363 651

1551 295 1609 357 s.
1653 297 1904 357 oooms
1940 293 2230 350 ABBATIS
2261 293 2762 356 CLCNIACENSIS
2802 291 2844 356 tt
3684 307 3768 363 εδ,

549 425 714 481 modo
743 419 1035 494 perfecerit
1077 419 1158 500 eis
1197 431 1427 490 quorum
1462 415 1726 472 cadavera
1757 415 1808 468 in
1841 411 2134 469 solitudine
2161 410 2209 470 A
2239 413 2654 484 cogitationibus
2704 417 3006 473 sublevata‘
3030 418 3307 473 dilatatur.
3367 419 3537 491 Plaga:
3573 437 3688 479 vero
3729 429 3772 482 in

546 522 891 578 corruerunt,
923 521 978 568 et
1001 519 1230 581 excepto
1257 507 1385 564 Jesu
1414 506 1561 562 Nave
1595 515 1650 561 et
1674 505 1900 574 Caleph,
1932 513 2133 558 terram

546 602 987 677 repromissionis
1017 599 1194 654 nullus
1224 599 1499 669 ingressus
1527 605 1632 652 est.
1661 585 1739 649 Ex
1780 609 1888 664 quo
1929 591 2132 648 intelli-

543 712 736 770 gemus
760 697 942 750 vivere
969 709 1064 749 eos
1083 734 1099 758 ,
1130 707 1230 746 nec
1253 691 1471 746 :eternis
1502 679 1780 760 suppliciis
1808 695 2130 748 reservatos,

541 805 645 845 nec
672 788 739 844 de
790 787 926 842 libro
967 784 1264 839 viventium
1295 797 1416 838 esse
1465 781 1707 846 deletos,
1753 795 1854 835 nec
1895 786 2024 832 ante
2050 777 2132 831 fa-

541 883 680 938 ciem
741 877 952 934 Domini
988 884 1359 946 consumptos.
1390 873 1447 929 Si
1486 874 1629 928 enim
1681 887 1749 928 ex
1797 885 1863 926 eo
1897 871 2039 941 quod
2079 861 2132 923 in

541 980 749 1027 terram
804 967 1242 1040 repromissionis
1303 965 1592 1021 introducti
1634 980 1739 1019 non
1793 971 1956 1026 sunt,
2014 977 2134 1030 per-

539 1061 668 1116 iisse
702 1061 997 1116 creduntur
1020 1099 1035 1124 ,
1077 1073 1206 1128 ergo
1245 1065 1302 1112 et
1332 1055 1542 1127 Moyses
1586 1055 1787 1125 periit,
1814 1053 1904 1122 qui
1936 1052 1991 1108 in
2026 1061 2132 1106 ter-

539 1166 660 1204 ram
712 1149 854 1204 illam
907 1150 1248 1204 introductus
1307 1162 1412 1200 non
1471 1154 1573 1200 est.
1621 1142 1874 1213 Alioquin
1942 1155 2134 1212 preces

547 1242 790 1312 ejusdem
823 1243 992 1315 Moysi
1034 1241 1305 1312 quomodo
1343 1247 1529 1295 essent
1566 1237 1855 1302 exauditae,
1887 1235 1978 1305 qui
2007 1249 2130 1290 cum

547 1345 732 1391 oraret
758 1347 817 1390 ut
838 1335 1133 1389 dimitteret
1153 1334 1230 1388 eis
1259 1332 1401 1388 Deus
1416 1339 1701 1402 peccatum
1730 1344 1912 1394 suum,
1940 1327 2132 1382 audire

540 1426 744 1482 meruit
771 1444 783 1480 :
812 1425 1035 1480 Faciam
1065 1425 1346 1479 secundum
1377 1424 1585 1477 verbum
1609 1432 1757 1475 tuum
1781 1420 1977 1491 (Ea-od.
2007 1435 2127 1485 vlli,

542 1520 657 1597 10).
692 1519 941 1576 Sciamus
968 1519 1131 1589 igitur
1156 1517 1249 1573 Dei
1280 1517 1562 1572 scientiam
1595 1515 1649 1570 in
1681 1515 1821 1571 filios
1848 1513 1932 1569 vel
1953 1512 2130 1568 famu-

541 1609 627 1668 los
677 1627 782 1666 non
825 1609 1182 1681 perditionem
1215 1623 1358 1674 esse,
1397 1607 1492 1664 sed
1517 1605 1971 1662 emendationem.
2019 1602 2130 1657 Hu-

544 1720 750 1774 cusque
780 1703 1160 1772 Hieronymus.
1199 1700 1337 1756 llinc
1373 1715 1472 1770 per
1514 1698 1765 1754 eumdem
1806 1696 2125 1768 prophetam

2235 505 2621 562 secretioribus
2659 509 2868 562 ventris
2899 510 3160 580 angustiae
3196 520 3342 574 sunt,
3384 528 3499 580 qua:
3544 515 3606 567 de
3651 527 3774 570 cxte-

2237 594 2365 648 riori
2386 594 2673 651 aIllictione
2693 607 3038 667 generantur.
3062 598 3454 670 Abstergentur
3472 604 3626 674 igitur
3640 607 3774 672 mala,

2234 687 2290 740 et
2316 686 2451 741 livor
2480 686 2717 744 vulneris
2768 699 2822 745 et
2853 689 3026 760 plagae
3064 691 3116 744 in
3157 692 3545 747 secretioribus
3584 699 3773 760 ventris,

2234 777 2360 849 quia
2393 779 2678 851 disciplina
2722 785 2964 838 exterior
3015 785 3202 856 culpas
3229 785 3408 852 diluit,
3439 796 3494 841 et
3537 797 3776 845 ostensam

2233 870 2417 939 pravis
2464 872 2886 942 cogitationibus
2915 885 3146 932 mentem
3179 879 3523 948 corspunctio
3545 881 3623 933 vel
3659 898 3777 934 ama-

2234 961 2413 1015 ritudo
2441 969 2658 1018 aeternae
2684 966 3048 1033 percussionis
3077 967 3370 1038 transfigit.
3428 968 3655 1024 Sanctus
3682 969 3781 1026 Ilie-

2233 1067 2492 1122 ronymus
2525 1051 2577 1107 in
2606 1053 2832 1124 epistola
2885 1057 2952 1112 ad
2984 1048 3284 1123 Rusticum,
3312 1057 3483 1114 refert
3531 1062 3778 1129 quemdam

2232 1141 2627 1196 adolescentem
2679 1143 2732 1198 in
2783 1147 3031 1201 cmuobio
3082 1145 3270 1211 fuisse,
3323 1149 3414 1217 qui
3468 1149 3612 1203 nulla
3648 1152 3782 1204 absti-

2231 1233 2427 1288 nentiae
2499 1234 2583 1288 vel
2641 1235 2822 1306 operis
2894 1239 3261 1310 magnitudine
3329 1239 3604 1294 flammam
3662 1252 3781 1310 pote-

2232 1334 2318 1379 rat
2377 1326 2559 1382 caruis
2614 1328 3000 1399 exstinguere,
3077 1345 3238 1399 quem
3291 1339 3448 1400 pater
3506 1333 3782 1385 monasterii

2230 1417 2469 1471 servavit
2518 1417 2620 1472 hac
2683 1425 2821 1472 arte.
2878 1417 3105 1473 Cuidam
3164 1419 3231 1474 de
3287 1419 3595 1474 senioribus
3645 1420 3782 1490 impe-

2231 1507 2389 1574 ravit,
2420 1516 2480 1562 ut
2529 1508 2671 1564 hunc
2701 1523 2763 1564 ex
2807 1509 3068 1565 industria
3113 1511 3322 1566 crebris
3377 1510 3597 1579 injuriis
3631 1511 3786 1581 fatiga-

2229 1609 2334 1667 ret,
2381 1616 2543 1671 quem
2595 1602 2865 1673 annojam
2921 1604 3106 1658 taliter
3159 1604 3374 1675 expleto
3424 1605 3595 1659 Pater
3634 1605 3784 1674 pristi-

2229 1704 2328 1744 nas
2385 1693 2743 1763 cogitationes
2797 1694 3118 1766 interrogat.
3163 1696 3234 1750 At
3281 1695 3370 1749 ille
3410 1713 3424 1748 :
3473 1693 3683 1760 Vivere,
3724 1695 3786 1748 in-

539 1763 787 1851 dicitur:
823 1793 949 1849 Vivo
979 1812 1095 1864 ego,
1136 1795 1264 1848 dicit
1293 1793 1570 1856 Dominus,
1617 1808 1722 1846 non
1750 1790 1840 1860 [iet
1879 1763 2127 1860 cogitatio
2157 1763 2206 1822 Β
2233 1784 2373 1852 quit,
2449 1784 2580 1839 mihi
2638 1801 2744 1840 non
2795 1781 2942 1850 licet,
2996 1763 3051 1839 et
3119 1782 3378 1841 fornicari
3437 1783 3656 1840 liberet.
3711 1783 3786 1839 Ilic

541 1887 731 1940 mentis
762 1897 944 1940 vestra:
969 1885 1254 1940 dicentium
1285 1897 1304 1936 :
1333 1881 1582 1938 Colamus
1629 1881 1791 1954 ligna,
1823 1891 1871 1936 et
1903 1881 2125 1952 lapides,

541 1977 668 2046 quia
695 1977 750 2029 in
773 1992 931 2029 manu
955 1974 1082 2044 forti
1105 1983 1152 2028 et
1184 1973 1396 2027 brachio
1425 1982 1657 2037 extento,
1681 1980 1728 2027 et
1755 1973 1808 2026 in
1831 1971 2010 2041 furore
2042 1987 2126 2024 re-

539 2065 710 2135 gnabo
746 2081 904 2135 super
923 2081 1031 2130 vos,
1063 2073 1110 2118 et
1161 2063 1437 2134 subjiciam
1463 2079 1549 2117 vos
1577 2073 1776 2132 sceptro
1802 2079 1936 2126 meo,
1976 2071 2022 2115 et
2053 2061 2130 2115 ina

539 2157 732 2210 ducam
774 2172 863 2210 vos
909 2155 966 2210 in
1003 2154 1224 2210 vinculis
1261 2154 1502 2208 secundis
1528 2153 1744 2226 (Ezech.
1775 2169 1867 2218 xx,
1911 2151 2004 2217 52,
2033 2150 2123 2217 55,

539 2246 655 2318 57).
690 2246 822 2314 Quae
853 2261 983 2318 ergo
1012 2246 1185 2316 major
1205 2246 1430 2310 utilitas,
1473 2261 1638 2316 quam
1681 2253 1739 2299 ut
1767 2259 1862 2314 per
1886 2243 2126 2298 infusum

542 2338 785 2393 furorem
840 2337 1230 2407 prohibeantur
1265 2337 1444 2393 colere
1492 2335 1718 2406 lapides,
1771 2344 1825 2390 et
1876 2335 2040 2403 ligna,
2071 2341 2127 2388 et

538 2429 869 2485 inducantur
899 2431 953 2484 in
984 2429 1216 2485 vinculis
1247 2428 1500 2486 secundis
1529 2427 1854 2484 etamicitim
1884 2425 2018 2481 Dei?

519 2543 525 2578 ι
609 2521 816 2577 XLVII.
854 2522 1047 2577 Mirum
1083 2523 1354 2592 quomodo
1385 2538 1484 2593 pro
1512 2521 1882 2577 conservanda
1911 2533 2124 2574 morum

535 2616 810 2686 probitate
850 2615 1214 2670 necessariam
1246 2629 1367 2670 esse
1409 2615 1738 2668 exteriorem
1781 2609 2123 2680 disciplinam

535 2707 747 2776 Scipio,
776 2706 903 2761 licet
924 2721 1187 2776 paganus,
1219 2705 1581 2769 intellexerat,
1621 2703 1712 2772 qui
1740 2701 2122 2770 Carthaginem

536 2793 803 2851 Romanis
842 2796 1097 2850 infestam
1144 2795 1214 2851 ob
1240 2795 1343 2850 hoc
1374 2795 1593 2850 nolebat
1620 2794 1781 2858 dirui,
1811 2808 1919 2863 quo
1941 2799 2127 2862 posset

535 2889 609 2944 ab
655 2889 857 2945 eisdem
899 2887 1160 2944 Romanis
1204 2889 1399 2944 teneri.
1450 2887 1670 2943 Sciebat
1695 2887 1841 2943 enim
1894 2885 2126 2970 infirmis

534 2981 736 3036 animis
779 2981 1144 3052 periculosam
1194 2995 1316 3037 esse
1345 2980 1718 3044 securitatem,
1751 2986 1806 3033 et
1859 2985 2123 3032 terrorem

537 3075 800 3141 tanquam
832 3070 1050 3140 pupillis
1107 3071 1472 3126 necessarium
1517 3084 1638 3125 esse
1669 3076 1921 3124 tutorem.
1970 3066 2123 3134 Quod

540 3161 724 3232 reipsa
786 3162 1074 3231 probatum
1151 3171 1254 3216 est.
1305 3161 1491 3216 Deleta
1539 3159 1738 3230 quippe
1791 3157 2119 3228 Carthagine

531 3259 686 3310 tanta
733 3271 860 3311 mox
901 3257 968 3311 de
1016 3257 1379 3325 prosperitate
1414 3255 1554 3310 mala
1580 3265 1769 3310 exorta
1807 3263 1954 3319 sunt,
1983 3261 2120 3308 utet

533 3345 856 3411 seditiones,
902 3354 958 3400 et
1006 3347 1188 3402 civilia
1239 3347 1379 3402 bella
1407 3354 1462 3401 et
1497 3345 1776 3416 sanguinis
1806 3345 2114 3408 eIIusiones,

536 3444 595 3492 et
617 3435 821 3507 rapina:
846 3445 956 3490 tam
987 3437 1276 3492 crudeliter
1305 3438 1516 3503 ﬁerent,
1544 3444 1616 3491 'ut
1642 3436 1919 3492 Romanus
1957 3450 2120 3506 p0pu-

534 3524 622 3582 Ius
656 3527 812 3598 pejus
840 3544 872 3583 a
910 3528 1022 3585 suis
1051 3529 1281 3596 civibus,
1335 3546 1498 3601 quam
1532 3545 1563 3585 a
1602 3528 2120 3600 Carthaginensibus

539 3619 788 3674 hostibus
812 3628 1144 3682 vastaretur.
1169 3621 1320 3676 Hanc
1347 3622 1650 3676 animorum
1676 3619 1872 3682 labem,
1903 3633 2024 3689 quae
2053 3618 2120 3673 de

539 3713 794 3768 secundis
838 3713 1002 3769 rebus
1052 3714 1316 3780 nascitur,
1367 3715 1508 3768 hanc
1534 3712 1914 3784 prosperitatis
1942 3710 2122 3766 etho-

536 3803 771 3858 nestatis
797 3805 1135 3860 eversionem
1159 3805 1329 3860 isdem
1361 3803 1542 3875 Scipio
1563 3795 1782 3859 evenire
1810 3803 2114 3857 metuebat:

537 3893 758 3963 quando
797 3894 1035 3950 instabat
1077 3910 1145 3950 ne
1176 3895 1444 3950 theatrum
1474 3895 1659 3950 Romae
1685 3902 2114 3949 construeretur.

536 3981 763 4039 Sciebat
813 3985 958 4040 enim
1003 3985 1151 4040 cives
1188 3984 1347 4040 facile
1373 4001 1468 4056 per
1505 3987 1778 4041 civitatem
1809 4000 1968 4055 posse
1995 3999 2118 4039 cor-

520 4068 716 4144 rumpi
749 4112 764 4139 ,
827 4081 884 4127 et
957 4074 1159 4130 idcirco
1222 4074 1440 4131 ludendi
1496 4076 1836 4130 occasionem
1904 4073 2117 4128 volebat

539 4163 800 4218 inhiberi.
863 4163 1006 4236 Ergo
1067 4167 1112 4221 si
1182 4166 1270 4222 ille
1340 4167 1457 4233 sic,
1528 4166 1684 4222 nobis
1755 4165 1884 4236 quid
1956 4180 2116 4236 agen—

540 4253 671 4307 dum
727 4262 856 4318 est,
922 4256 1014 4324 qui
1076 4257 1311 4312 revelata
1363 4258 1476 4328 jam
1536 4257 1711 4328 gratia
1775 4255 2117 4327 speculamur

537 4359 661 4415 qua:
715 4356 919 4422 teterna
969 4358 1140 4416 sunt,
1193 4352 1284 4421 qui
1340 4351 1522 4406 vivere
1567 4350 1821 4421 jubemur
1871 4367 1938 4406 ex
1988 4351 2115 4414 fide,

2233 1876 2420 1946 itaque
2479 1875 2702 1932 lascivia
2765 1876 2934 1949 mergi
2993 1884 3242 1947 poterat,
3293 1877 3337 1932 si
3405 1877 3534 1933 loco
3599 1877 3786 1932 tribula-

2237 1968 2400 2024 tionis
2436 1983 2540 2022 non
2574 1967 2857 2038 ligaretur.

2301 2058 2532 2115 XLVIII.
2557 2058 2623 2114 Et
2644 2060 2773 2130 quid
2803 2059 2996 2131 plura?
3015 2059 3158 2132 quod
3189 2073 3586 2130 nonnunquam
3613 2061 3786 2130 pericu-

2229 2148 2343 2209 losa
2384 2149 2717 2224 prosperitas
2754 2149 2856 2219 sit,
2903 2168 3058 2208 saera
3104 2151 3384 2223 Scriptura
3439 2162 3502 2208 et
3546 2153 3712 2207 verbis
3746 2159 3787 2206 et

2228 2247 2491 2316 exemplis
2534 2247 2844 2316 frequenter
2885 2244 3148 2312 inculcat,
3183 2254 3242 2300 ut
3283 2245 3453 2300 illud:
3489 2243 3785 2314 Prasperita

2227 2340 2504 2395 stultorum
2527 2340 2705 2409 perdet
2736 2338 2853 2393 illos
2878 2332 3058 2410 (Prov.
3100 2355 3138 2401 ι,
3166 2337 3279 2408 52).
3310 2334 3376 2392 Et
3405 2338 3544 2391 item
3574 2354 3586 2391 :
3615 2336 3788 2389 Intras-

2227 2441 2374 2488 satus
2409 2442 2482 2486 est
2513 2431 2752 2496 dilectus,
2793 2441 2839 2486 et
2888 2431 3230 2485 recalcitravit
3260 2423 3440 2502 (Deut.
3505 2443 3675 2491 nm,
3701 2426 3784 2495 l5).

2228 2524 2485 2594 Exempla
2517 2539 2649 2578 vero
2688 2520 2855 2576 multa
2881 2531 3029 2588 sunt,
3059 2522 3151 2576 sed
3180 2528 3238 2574 ut
3265 2521 3330 2576 de
3361 2516 3616 2589 reprobis
3643 2527 3788 2571 tacea-

2229 2631 2372 2680 mus,
2401 2623 2662 2684 qnantum
2687 2613 2815 2682 ipsis
2841 2613 3052 2678 eleotis,
3076 2611 3272 2683 quibus
3297 2611 3486 2666 omnia
3520 2625 3785 2680 c00peran-

2230 2717 2317 2763 tur
2345 2708 2396 2763 in
2425 2707 2647 2772 bonum,
2682 2719 2878 2760 nocere
2912 2704 3102 2770 soleat,
3137 2703 3252 2759 Rex
3284 2703 3455 2757 David
3483 2703 3555 2756 ad
3585 2700 3784 2756 medium

2229 2800 2490 2856 deductus
2516 2797 2785 2852 ostendat.
2838 2796 2937 2851 IIic
2965 2810 3216 2864 namque,
3268 2794 3412 2849 sicut
3449 2793 3510 2846 in
3557 2787 3785 2845 Pastor-ali

2229 2892 2428 2947 dicitur
2447 2931 2462 2957 ,
2490 2889 2797 2945 Conditoris
2820 2886 3024 2956 judicio
3055 2901 3193 2956 pene
3220 2885 3431 2940 cunctis
3461 2884 3677 2939 actibus
3700 2880 3788 2952 pla-

2229 2998 2380 3047 cens,
2426 2998 2548 3036 mox
2581 2989 2636 3035 ut
2670 2994 2934 3049 pressurae
2955 2978 3193 3048 pondere
3225 2976 3423 3041 caruit,
3462 2975 3522 3029 in
3556 2985 3785 3029 tumorem

2233 3075 2471 3130 vulneris
2491 3073 2689 3144 erupit,
2718 3071 3001 3142 factusque
3023 3079 3104 3126 est
3127 3069 3178 3124 in
3201 3077 3375 3123 morte
3398 3068 3505 3121 viri
3531 3064 3787 3121 crudeliter

2227 3167 2455 3241 rigidus,
2471 3166 2598 3235 quia
2621 3166 2673 3218 in
2696 3163 2934 3234 appetitu
2963 3161 3176 3216 femina:
3197 3159 3470 3215 enervitcr
3497 3159 3600 3212 fuit
3623 3156 3785 3218 ﬂuxus,

2226 3269 2282 3316 et
2311 3261 2402 3330 qui
2436 3258 2596 3314 malis
2622 3269 2749 3312 ante
2796 3265 3022 3312 noverat
3055 3257 3141 3326 pie
3170 3269 3417 3326 parcere,
3459 3255 3520 3308 in
3552 3255 3785 3308 bonorum

2224 3365 2439 3420 quoque
2477 3363 2608 3403 nece
2639 3356 2762 3418 post
2790 3345 2979 3401 didicit
3008 3346 3124 3400 sine
3150 3344 3430 3400 obstaculo
3471 3341 3785 3398 retractatio-

2224 3445 2310 3499 nis
2331 3442 2608 3497 anhelare.
2642 3440 2800 3496 Prius
2828 3439 3024 3510 quippc
3054 3438 3218 3494 ferire
3246 3437 3655 3508 deprehensum
3679 3449 3785 3504 pre-

2223 3543 2553 3603 sumptorem
2588 3531 2798 3597 noluit,
2834 3538 3037 3599 etpost
3077 3545 3198 3584 cum
3249 3529 3450 3583 damno
3505 3524 3785 3582 desudantis

2221 3623 2495 3678 exercitus
2536 3622 2697 3677 etiam
2742 3622 2993 3677 devotum
3023 3620 3250 3675 militem
3297 3619 3570 3674 exstinxit
3614 3630 3784 3686 :quem

2221 3713 2464 3786 profecto
2499 3711 2567 3768 ab
2606 3711 2900 3766 clcctormn
2933 3723 3159 3764 numero
3195 3708 3351 3778 culpa
3385 3707 3608 3778 longius
3639 3705 3786 3760 traiic-

2221 3812 2323 3868 ret,
2359 3803 2460 3857 nisi
2491 3802 2635 3856 hunc
2663 3800 2730 3856 ad
2761 3799 2972 3854 veniam
3003 3797 3208 3868 ﬂagella
3236 3807 3615 3852 revocasscnt.
3646 3794 3786 3848 Novc~

2222 3905 2346 3951 rant
2373 3894 2546 3949 sancti
2573 3893 2673 3946 viri
2701 3907 2859 3962 quam
2893 3889 3198 3961 periculosa
3234 3889 3580 3958 prosperitas
3607 3886 3693 3949 sit,
3713 3881 3786 3952 qui

2223 3986 2624 4048 adversitatem,
2678 3999 2800 4038 cum
2853 3983 2992 4038 forte
3043 3983 3246 4046 deerat,
3274 3979 3536 4050 precibus
3566 3977 3786 4048 implora-

2219 4075 2372 4139 bant,
2408 4082 2468 4128 ιιι
2501 4073 2790 4143 praedictus
2821 4071 2988 4127 David
3027 4086 3150 4126 cum
3191 4071 3438 4125 diceret:
3492 4065 3668 4123 Proba
3705 4083 3784 4128 me,

2220 4168 2465 4234 Domine,
2495 4177 2543 4222 et
2573 4176 2712 4222 tenta
2742 4183 2822 4220 me
2859 4164 3034 4236 (Psal.
3065 4179 3201 4229 xxv,
3227 4160 3305 4232 2).
3340 4163 3476 4217 ltcm
3506 4163 3678 4216 alius:
3715 4156 3786 4211 ln-

2219 4261 2490 4332 grediatur
2532 4258 2752 4330 putredo
2781 4275 2834 4312 ιη
2877 4256 3078 4311 ossibus
3122 4257 3252 4309 meis
3301 4253 3539 4326 (Habac.
3589 4270 3668 4317 ιιι,
3697 4249 3780 4317 I6).

2220 4352 2288 4406 Et
2313 4352 2452 4406 alius
2477 4368 2490 4403 :
2531 4349 2600 4403 In
2648 4348 2857 4418 ﬂagello
2886 4349 3106 4418 positus,
3138 4347 3227 4418 qui
3252 4346 3401 4416 carpit
3444 4346 3558 4416 ipse
3585 4361 3662 4398 me
3687 4358 3786 4397 coa-

532 4438 627 4508 qui
671 4437 1018 4510 diligentibus
1057 4441 1224 4497 Deum
1282 4444 1460 4498 omnia
1513 4443 1762 4499 novimus
1809 4443 1864 4498 in
1914 4443 2113 4498 bonum
2145 4469 2198 4529 Ι)
2225 4452 2357 4497 terat
2399 4440 2522 4510 (Job
2561 4456 2638 4504 vt,
2665 4440 2742 4510 9).
2787 4439 2916 4493 Item
2968 4437 3138 4492 alius:
3189 4438 3364 4508 Argue
3414 4454 3519 4501 me,
3570 4435 3783 4492 Domine,

531 4529 836 4597 cooperari,
862 4529 953 4598 qui
987 4530 1190 4586 scimus
1229 4531 1305 4586 nil
1349 4533 1588 4587 fortuitis
1614 4533 1830 4588 casibus
1857 4533 1994 4604 geri,
2023 4533 2120 4588 sed

529 4627 728 4674 cuncta
768 4619 1029 4676 divinitus
1074 4623 1338 4678 ordinari.
1389 4623 1446 4678 Si
1491 4625 1756 4680 horrescit
1805 4640 1932 4678 caro
1960 4624 2121 4680 disci-

527 4708 762 4779 plinam,
813 4712 1140 4782 persuadeat
1211 4716 1593 4771 constantiam.
1653 4715 1745 4772 Sic
1797 4716 1940 4770 enim
1995 4730 2118 4770 cum

534 4800 758 4855 morbos
802 4801 1007 4870 pellere
1059 4803 1326 4874 cupimus,
1376 4806 1560 4862 tristes
1607 4807 1823 4875 quidem
1872 4821 2116 4860 amarum

527 4889 782 4957 poculum
835 4893 1125 4958 sumimus,
1178 4895 1274 4950 sed
1293 4896 1428 4950 certi
1459 4896 1527 4949 de
1552 4895 1900 4964 subsequenti
1945 4894 2118 4950 salute

531 4983 852 5047 gaudemus.
895 4984 1031 5052 Quia
1063 4986 1208 5040 enim
1241 4987 1308 5042 ad
1340 4987 1571 5043 salutem
1611 4986 1897 5056 pervenire
1921 5001 2117 5056 corpus

533 5074 690 5130 aliter
739 5092 846 5131 non
893 5077 1053 5140 valet,
1107 5081 1160 5134 in
1205 5088 1330 5150 potu
1382 5080 1519 5135 bibit
1570 5081 1734 5135 etiam
1763 5080 1907 5150 quod
1932 5081 2112 5136 taedet.

534 5163 778 5204 Ctlrnnnn
809 5169 1152 5206 Amorilrulini
1180 5171 1356 5206 iuncea
1383 5173 1549 5208 vitam
1582 5171 1796 5208 nnirnnc
1825 5172 2090 5210 nnncninil

2223 4535 2312 4589 sed
2354 4549 2457 4587 non
2500 4533 2555 4586 in
2603 4531 2783 4601 furore
2817 4541 2906 4584 tuo
2967 4527 3138 4601 (Psal.
3197 4545 3275 4594 vr,
3323 4529 3402 4599 Ξ).
3451 4529 3589 4583 Item
3635 4526 3780 4581 alius:

2225 4627 2471 4690 Domine,
2503 4624 2698 4693 inquit,
2737 4634 2791 4676 tu
2823 4623 3078 4692 prapitius
3116 4622 3263 4692 fuisti
3299 4622 3374 4676 eis
3416 4621 3596 4692 (I’sal.
3624 4631 3781 4678 sentt,

2224 4717 2300 4786 8).
2331 4715 2483 4771 Unde
2513 4715 2593 4770 eis
2623 4714 2888 4784 propitius
2933 4712 3093 4766 fuerit
3133 4711 3446 4766 manifestat
3484 4727 3610 4766 cum
3642 4709 3779 4764 dicit:

2227 4805 2490 4861 Ulciscens
2530 4806 2584 4860 in
2635 4820 2810 4858 omnes
2845 4801 3232 4856 adinveutiones
3279 4817 3458 4854 eorum
3511 4794 3780 4873 (Ibid.),i-l

2223 4907 2325 4961 est,
2355 4897 2587 4968 puniens
2610 4896 2661 4950 in
2688 4894 2941 4964 prmsenti
2969 4893 3231 4962 quidquid
3257 4908 3356 4962 per
3375 4894 3670 4947 humanam
3693 4887 3780 4941 fra-

2223 4988 2485 5059 gilitatem
2547 4993 2934 5056 peccaverunt.
2991 4982 3100 5038 Nos
3159 4999 3290 5052 ergo
3352 4984 3584 5056 flagellis
3643 4976 3779 5037 cincti

2222 5077 2470 5146 quamvis
2497 5091 2562 5129 ex
2586 5085 2740 5144 parte
2763 5071 2944 5129 carnis
2965 5074 3375 5138 contristentur,
3404 5083 3585 5128 tamen
3615 5071 3779 5141 spiritu

2221 5163 2484 5210 lmtmmtr-
2515 5160 2819 5210 afﬂictionis
2856 5162 3142 5210 titilitntém
3178 5161 3628 5210 rnnlemnlantes.
3659 5160 3780 5210 Alio-
