3964 5360
176 252 266 308 633
1116 247 1604 308 COLLATIONUM
1641 250 1819 305 LIBRI
1858 251 2055 308 TRICS.
2097 288 2166 297 —
2196 257 2322 314 LIB.
2362 260 2445 316 111.

3304 258 3409 316 651

173 381 256 438 ρει·
272 360 525 419 somnium
550 374 717 425 mors,
738 368 795 416 et
819 376 915 432 per
937 363 1102 417 risum
1127 364 1311 419 ketitia
1339 366 1474 421 solet
1497 368 1719 439 signari;
1751 376 1799 436 Α
1829 379 1983 441 prata
2025 372 2076 426 in
2108 373 2301 429 itinere
2332 374 2474 431 forte
2510 376 2870 447 conspiciunt,
2903 390 3087 432 moras
3110 376 3407 443 innectere,

172 458 284 510 dum
317 448 490 506 infans
534 449 845 519 ingrediens
892 452 1151 506 mundum
1190 454 1401 524 plorat,
1454 458 1727 514 dormiens

169 550 328 597 autem
388 538 543 605 ridet,
582 539 684 594 hoc
726 555 825 610 per
846 540 1014 611 ipsam
1056 552 1263 599 natura:
1304 544 1475 616 legem
1506 548 1731 602 demon-

168 643 372 695 stratur,
414 632 554 701 quod
599 640 660 686 ut
699 632 960 703 scriptum
991 644 1074 690 est
1106 652 1119 688 :
1173 635 1346 693 Homo
1385 642 1620 695 nascitur
1657 642 1726 695 ad

166 727 370 780 laborem
401 723 521 794 (Job
558 739 612 790 v,
665 725 742 795 7),
794 734 900 781 etc.
949 725 1080 780 Cum
1114 728 1314 783 dederit
1359 731 1562 786 dilectis
1615 736 1725 789 suis

165 831 402 881 somnum,
444 831 560 868 ecce
606 814 886 870 Itwreditas
937 816 1154 872 Domini
1203 817 1377 891 (Psal.
1415 838 1595 889 cxxvt,
1642 824 1722 896 2).

163 907 221 959 Et
261 904 419 959 item:
471 902 695 958 Timeuti
745 904 1027 961 Dominum
1076 909 1200 963 bene
1244 912 1340 966 erit
1392 913 1447 966 in
1481 916 1726 971 extremis

163 995 330 1067 (Eccli.
359 1012 393 1059 ι,
420 996 531 1068 13).
559 995 821 1054 Peccator
840 1000 1071 1070 quilibet
1114 1003 1167 1057 in
1192 1007 1443 1074 praesenti
1468 1007 1726 1065 felicitate

161 1089 431 1153 extollitur,
464 1089 558 1145 sed
586 1099 644 1145 ut
669 1093 931 1161 scriptum
964 1102 1085 1148 est:
1125 1094 1192 1149 In
1239 1098 1516 1153 novissimo
1551 1112 1727 1154 arctm

161 1182 333 1233 buntur
356 1195 563 1250 gressus
599 1180 715 1250 ejus
747 1181 868 1251 (Job
901 1198 1069 1249 xvm,
1101 1184 1176 1256 7).
1218 1185 1325 1241 Sed
1371 1189 1577 1244 timenti
1616 1192 1725 1246 Do-

159 1272 341 1327 minum
370 1271 423 1325 in
473 1272 783 1329 novissimis
827 1276 968 1330 bene
994 1277 1118 1343 erit,
1169 1280 1447 1349 quoniam,
1496 1292 1556 1337 ut
1596 1285 1724 1340 item

157 1361 366 1417 dicitur:
397 1362 473 1418 0s
502 1364 772 1433 justorum
808 1366 1107 1437 implebitur
1134 1370 1246 1424 risu
1292 1370 1415 1442 (Job
1445 1389 1540 1430 vm
1561 1416 1575 1440 ,
1606 1375 1721 1445 21),

155 1460 195 1506 et
219 1451 460 1521 gaudium
491 1451 706 1508 illorum
756 1472 906 1510 nemo
951 1456 1094 1513 tollet
1142 1461 1207 1514 ab
1256 1463 1332 1516 eis
1386 1463 1569 1533 (Joan.
1609 1482 1720 1535 xvr,

154 1539 252 1604 22).
279 1540 426 1606 Quod
456 1542 513 1595 iu
543 1545 791 1612 prwseuti
816 1554 916 1611 est,
956 1546 1459 1619 inquitApostolus,
1487 1570 1722 1610 momen-

154 1639 341 1682 taneam
366 1639 413 1683 et
452 1629 563 1686 leve
592 1632 945 1691 tribulationis
970 1648 1199 1705 nostrae,
1235 1658 1395 1712 supra
1430 1646 1639 1700 modum
1667 1647 1721 1702 iu

152 1720 449 1776 sublimitate
477 1733 729 1778 ateruum
770 1724 954 1796 gloria:
976 1729 1181 1797 pondus
1206 1743 1451 1802 operatur
1476 1734 1531 1788 in
1575 1737 1722 1791 uobis

154 1808 224 1879 (ll
254 1807 371 1865 Co'r.
421 1826 497 1874 tv,
546 1811 659 1883 17).
720 1813 880 1870 Solus
924 1816 1246 1875 Zoroastres
1285 1832 1411 1877 ante
1452 1822 1721 1893 ploratum

151 1899 316 1956 risisse
341 1900 536 1969 fertur,
566 1904 806 1972 pessimo
828 1906 1095 1976 siquidem
1132 1910 1400 1981 prodigio.
1443 1912 1720 1983 Siquidem

150 1991 251 2058 ipse
293 1989 388 2046 fuit
434 1992 662 2062 magicae
708 1995 842 2051 artis
887 1996 1159 2053 inventor.
1206 1998 1501 2068 Craterum,
1551 2013 1610 2058 ιιι
1642 2006 1721 2060 ait

149 2081 319 2139 beatus
356 2086 744 2157 Hieronymus,
783 2088 938 2158 juxta
976 2091 1228 2149 miserias
1253 2092 1413 2163 hujus
1440 2098 1718 2168 temporis,

143 2168 278 2244 juxta
307 2178 595 2235 saivientes
635 2181 838 2252 ubique
867 2182 1098 2254 gladios,
1137 2187 1273 2243 satis
1299 2189 1451 2245 dives
1499 2199 1583 2247 est
1624 2193 1718 2264 qui

146 2281 269 2335 pane
297 2282 399 2322 nou
429 2268 654 2342 indiget,
684 2269 1021 2344 nimiumque
1047 2283 1239 2346 potens
1259 2276 1369 2344 ille,
1399 2279 1489 2349 qui
1512 2283 1719 2339 servire

146 2374 236 2414 non
262 2363 495 2433 cogitur.

203 2450 381 2507 XLIX.
417 2453 680 2524 Quisquis
716 2464 1037 2526 praesentem
1081 2458 1311 2530 gloriam
1350 2462 1549 2533 diligit,
1577 2464 1718 2521 sicut

141 2538 244 2610 ejus
262 2544 622 2613 praeceptione
646 2544 906 2612 reficitur,
929 2548 1009 2605 sic
1030 2550 1323 2606 amissione
1344 2554 1532 2623 procul
1553 2556 1716 2611 dubio

146 2633 422 2686 sauciatur.
441 2634 513 2688 At
529 2643 738 2700 contra,
766 2637 1014 2708 quisquis
1034 2641 1281 2712 degustat
1299 2646 1552 2713 gaudium
1571 2647 1716 2716 quod

143 2718 272 2776 intus
294 2731 600 2792 permanet,
650 2724 769 2780 leve
814 2728 1063 2797 protinus
1107 2734 1344 2789 :estimat
1389 2750 1549 2791 omne
1572 2738 1716 2806 quod

140 2810 259 2867 foris
297 2812 460 2870 dolet.
530 2813 670 2872 Hinc
710 2818 972 2887 scriptum
1030 2830 1158 2876 est:
1210 2821 1335 2878 Non
1385 2827 1713 2883 contristabit

130 2905 341 2974 justum,
382 2908 644 2979 quidquid
697 2911 745 2965 ei
784 2912 1036 2967 acciderit
1093 2914 1277 2985 (Prov.
1312 2932 1410 2984 an,
1453 2918 1566 2990 21).
1610 2919 1713 2987 Qui

135 2994 286 3067 igitur
321 2999 597 3054 exteriora
640 3003 868 3071 appetit,
914 3019 1037 3059 cum
1080 3006 1196 3062 hazc
1219 3009 1360 3079 apud
1391 3025 1513 3066 eum
1539 3012 1712 3083 quali-

1799 475 1884 522 ‘et
1931 466 2333 538 pulchritudine
2371 468 2621 525 delectati
2662 471 2730 527 ad
2771 471 2925 526 devia
2966 470 3260 526 declinare.
3287 469 3409 527 Vita

1827 573 2012 617 nostra
2040 578 2282 633 praesens
2304 564 2391 619 via
2420 574 2523 629 est,
2549 564 2745 640 qua.ad
2771 563 3083 635 paradisum
3114 563 3404 619 tendimus.

1827 652 1941 708 Hac
1969 668 2100 724 ergo
2141 655 2393 724 prresenti
2439 656 2629 725 requie
2671 655 2820 712 velut
2853 655 3067 711 itineris
3094 654 3411 710 ammnitate

1826 745 1990 815 pasti,
2022 745 2147 815 quia
2175 747 2347 818 magis
2383 747 2473 802 diu
2499 762 2726 817 pergere
2754 762 2915 818 quam
2944 747 3106 803 citius
3126 746 3412 817 pervenire

1827 835 2078 903 delectat,
2106 846 2316 892 secreto
2339 838 2430 891 Dei
2458 837 2685 893 consilio
2707 837 2975 906 frequenti
2998 837 3409 909 perturbatione

1825 928 2131 992 atterirnur,
2189 944 2255 983 ne
2299 929 2442 983 viam
2473 946 2572 1001 pro
2600 930 2773 1000 patria
2804 930 3089 1001 diligentes
3115 929 3408 985 oblivisca:

1827 1034 1951 1072 mur
1977 1033 2085 1088 quo
2112 1020 2332 1074 tendere
2358 1016 2649 1085 debemus;
2677 1027 2733 1073 et
2762 1020 2832 1075 ob
2860 1019 2985 1085 hoc,
3017 1019 3157 1074 sicut
3184 1018 3237 1073 in
3266 1018 3411 1071 vice-

1825 1109 1964 1187 simo
2006 1109 2166 1163 tertio
2212 1108 2497 1164 Moralium
2541 1109 2682 1164 libro
2724 1109 2946 1175 dicitur,
3007 1107 3062 1163 in
3120 1106 3408 1178 cujuslibet

1825 1199 2031 1255 ordinis
2056 1198 2172 1253 loco
2195 1198 2277 1253 vel
2309 1199 2361 1253 in
2393 1198 2682 1269 cujuslibet
2712 1198 2907 1255 secreti
2937 1212 3157 1254 recessu
3187 1210 3408 1252 manea-

1827 1304 1968 1344 mus.
1998 1287 2193 1343 Vivere
2218 1288 2339 1343 sine
2377 1288 2772 1344 tentationibus
2801 1287 2911 1342 ullo
2938 1296 3099 1358 pacto
3122 1301 3229 1342 non
3260 1284 3408 1340 vale-

1825 1396 1964 1437 mus.
2002 1379 2116 1434 Non
2148 1396 2280 1451 ergo
2316 1381 2699 1452 negligentiam
2739 1390 2899 1451 putes
2926 1379 3068 1450 quod
3099 1376 3405 1449 afﬂigimur.

1825 1473 1977 1540 Quod
2020 1488 2149 1528 vero
2184 1489 2283 1528 nos
2317 1472 2702 1529 consolationis
2749 1473 2978 1543 gratiam
3025 1470 3410 1542 longanimiter

1824 1564 2176 1629 sustinemus,
2224 1563 2351 1618 mali
2402 1563 2457 1618 in
2503 1561 2655 1633 pejus
2709 1563 3026 1633 proficiunt,
3081 1575 3256 1631 neque
3302 1560 3408 1615 hoc

1824 1655 2057 1711 otiosum
2094 1655 2305 1711 credas.
2344 1655 2421 1711 llli
2452 1655 2595 1710 enim
2626 1654 2754 1710 dum
2783 1654 2850 1709 ad
2880 1653 3201 1723 semetipsos
3222 1650 3404 1707 consi-

1755 1722 1797 1781 Β
1825 1747 2096 1803 derandos
2127 1763 2234 1802 non
2264 1747 2514 1813 redeunt,
2563 1746 2689 1802 dum
2738 1744 2917 1801 nullus
2961 1722 3257 1814 disciplima
3285 1757 3406 1796 mu-

1823 1855 1918 1895 rus
1947 1839 2148 1904 obviat,
2180 1837 2321 1892 nulla
2351 1837 2592 1908 judicum
2642 1845 2880 1907 potestas
2924 1834 3099 1899 adest,
3148 1848 3267 1904 qua:
3310 1846 3401 1886 re-

1822 1932 2082 2001 stringat,
2128 1930 2273 1984 nulla
2301 1928 2465 1983 futuri
2491 1927 2682 1997 judicii
2714 1941 2872 1997 ptena
2896 1924 3238 1996 prospicitur,
3280 1936 3402 1992 quae

1823 2030 2047 2079 terreat.
2096 2020 2235 2075 Mala
2274 2018 2589 2090 temporalia
2620 2018 2837 2088 quidem
2882 2015 3065 2071 clauso
3093 2012 3252 2069 oculo
3285 2027 3406 2066 cor-

1819 2114 1905 2169 dis
1944 2112 2122 2169 securi
2166 2119 2506 2182 perpetrant,
2552 2110 2723 2164 bonos
2769 2116 2950 2162 autem
3000 2106 3162 2161 rebus
3209 2117 3405 2174 exspo-

1817 2204 1972 2268 liant,
2002 2211 2095 2258 aut
2120 2202 2281 2257 etiam
2329 2201 2620 2271 perimunt.
2656 2198 2762 2255 Sed
2800 2197 3047 2253 districto
3077 2204 3224 2251 certe
3255 2193 3402 2264 judi-

1817 2296 1902 2351 cio
1927 2311 2050 2350 cum
2077 2294 2157 2350 eis
2188 2292 2387 2365 agitur,
2436 2300 2497 2345 ut
2543 2299 2693 2346 tanto
2730 2288 2910 2344 acrius
2941 2296 3146 2343 (eterna
3173 2287 3403 2340 damna-

1820 2387 1964 2441 tione
2012 2384 2299 2448 feriantur,
2336 2390 2542 2451 quanto
2586 2395 2732 2435 nunc
2768 2378 2909 2448 quod
2955 2376 3097 2432 male
3141 2374 3401 2445 concupi-

1817 2485 1977 2534 scunt
1997 2474 2313 2531 effrenatius
2353 2488 2515 2545 agere
2564 2471 2974 2541 permittuntur.
3022 2468 3155 2524 Cum
3187 2464 3400 2521 alllietis

1816 2583 1945 2624 vero
1976 2565 2399 2622 misericorditer
2448 2564 2528 2629 fit,
2568 2571 2626 2617 ut
2675 2562 2763 2618 hic
2814 2575 3003 2616 eorum
3042 2558 3211 2628 culpa:
3270 2570 3402 2626 pur.

1814 2669 2050 2734 gentur,
2099 2674 2235 2730 quos
2280 2657 2634 2727 reproborum
2696 2652 2937 2725 nequitia
3000 2651 3207 2705 triturae
3244 2662 3399 2704 more

1814 2752 1967 2823 quasi
2015 2765 2181 2822 grana
2211 2765 2241 2802 a
2281 2748 2451 2819 paleis
2490 2744 2713 2802 terendo
2750 2750 2991 2814 separat,
3031 2742 3157 2796 dum
3194 2755 3294 2811 per
3332 2754 3400 2796 ea

1813 2859 1934 2915 quae
1959 2842 2226 2897 violenter
2250 2838 2470 2911 ingerit,
2501 2837 2759 2893 festinare
2782 2849 2876 2891 eos
2898 2834 2967 2889 ad
2992 2847 3224 2903 superna
3251 2845 3401 2887 com-

1811 2933 1965 3006 pellit
3390 2922 3395 2927 δ

1885 3025 1949 3081 L.
1988 3024 2125 3092 Quia
2169 3039 2297 3080 vero
2344 3036 2637 3093 granorum
2688 3027 2851 3090 atque
2898 3018 3105 3074 triturae
3149 3013 3400 3072 memini-

134 3088 219 3182 bct
267 3090 557 3182 occasione
615 3094 923 3162 turbantur,
975 3106 1070 3155 aut
1120 3114 1244 3154 cum
1292 3102 1496 3158 nolenti
1543 3079 1707 3161 etiam
1736 3079 1781 3142 (ἶ
1814 3079 1956 3182 mus,
1997 3079 2295 3171 :iderurrut
2324 3079 2392 3170 (ᾗ
2417 3129 2520 3168 usu
2551 3079 2777 3182 quoque.
2811 3108 3008 3181 segetis
3046 3108 3224 3162 adhuc
3254 3104 3400 3174 quod

132 3179 540 3247 subtrahuntur,
568 3196 714 3237 cmca
740 3185 998 3256 cogitatio
1022 3187 1288 3259 subrepit,
1318 3200 1375 3246 et
1401 3192 1708 3264 calamitas,

132 3286 242 3341 quae
280 3288 718 3334 momentaneam
762 3280 1033 3365 laetitiam,
1075 3284 1201 3341 licet
1229 3303 1352 3343 mox
1388 3292 1705 3360 transitura,

129 3366 377 3432 concutit,
426 3369 585 3438 quasi
625 3370 835 3443 infinita
873 3372 1118 3428 defletur.
1154 3374 1257 3442 Qui
1296 3394 1428 3451 ergo
1458 3396 1564 3451 non
1594 3382 1709 3439 vult

128 3459 354 3515 externis
402 3461 683 3519 doloribus
726 3464 887 3533 allici,
923 3469 1140 3527 studeat
1167 3487 1263 3541 spe
1302 3446 1606 3530 caelestium
1637 3478 1708 3534 ab

126 3545 316 3605 inlimis
360 3551 589 3609 elevari.
628 3554 736 3612 Sed
774 3557 899 3628 quia
940 3559 1075 3616 tales
1103 3576 1204 3616 nos
1226 3578 1332 3617 non
1363 3580 1575 3631 sumus,
1613 3569 1705 3637 qui

126 3638 202 3693 vel
247 3645 713 3716 contemplatione
763 3648 1069 3705 caelestium
1121 3661 1336 3709 terrena
1391 3665 1706 3712 contemna-

124 3742 258 3797 mus,
280 3734 365 3789 vel
392 3736 592 3805 gaudio
624 3739 1050 3811 manipulorum,
1082 3744 1173 3812 qui
1200 3744 1267 3800 de
1297 3746 1504 3802 semine
1533 3748 1706 3803 tribu-

120 3813 331 3878 lationis
369 3833 677 3892 metuntur,
718 3830 1045 3900 temporales
1084 3834 1361 3903 angustias
1393 3835 1572 3890 saltim
1603 3852 1702 3892 ex-

120 3910 279 3979 periri
301 3913 567 3981 velimus;
597 3916 799 3973 idcirco
825 3935 924 3975 nos
946 3920 1112 3984 Deus,
1134 3922 1301 3977 veluti
1330 3925 1547 3994 quidam
1575 3941 1702 3997 pro-

118 3999 267 4057 vidus
294 4014 475 4072 pater,
513 4021 740 4075 puerum
773 4019 828 4065 et
865 4009 1239 4067 laseiwentem
1272 4013 1442 4070 lilium
1473 4031 1570 4084 per
1595 4017 1699 4072 mi-

118 4104 210 4146 nas
252 4093 565 4152 alllictiouis
603 4098 672 4153 ad
714 4100 940 4155 meliora
976 4110 1032 4156 et
1061 4102 1222 4158 saluti
1260 4106 1523 4162 viciniora
1553 4122 1704 4162 com-

114 4183 277 4250 pellit.
326 4186 487 4253 Quod
514 4188 652 4245 bene
683 4189 983 4247 Israelitico
1013 4193 1210 4263 populo
1236 4194 1419 4268 Moyse
1447 4207 1698 4265 vocante,

114 4284 167 4330 et
187 4276 479 4337 Pharaone
501 4298 627 4354 rege
654 4286 914 4341 saeviente
941 4287 1213 4358 signatum
1244 4297 1349 4344 est.
1376 4290 1527 4346 Tune
1547 4307 1699 4347 nam-

112 4381 214 4435 que
234 4368 456 4443 Moyses
485 4374 552 4428 ad
582 4376 884 4430 vocandum
915 4377 1113 4432 missus
1136 4387 1242 4444 est,
1281 4394 1405 4434 cum
1421 4378 1535 4449 jam
1559 4381 1702 4436 Pha-

114 4471 206 4513 rao
250 4461 406 4516 duris
450 4464 704 4531 operibus
731 4466 799 4520 ad
827 4468 1240 4538 opprimendum
1272 4468 1451 4526 fuerat
1490 4472 1699 4528 exeita-

112 4556 212 4613 tus,
246 4559 307 4605 ut
332 4551 704 4609 Israelitarum
751 4566 961 4612 mentes
997 4556 1235 4630 Egypto
1263 4559 1582 4617 deformiter
1608 4561 1698 4617 in-

110 4638 379 4699 haerentes
430 4643 569 4701 alius
611 4647 741 4702 dum
780 4658 1003 4705 vocaret
1042 4652 1196 4721 quasi
1253 4652 1521 4717 traheret,
1558 4654 1698 4710 alius

110 4736 260 4802 quasi
309 4752 442 4793 cum
481 4739 696 4796 szeviret
729 4740 1048 4811 impelleret,
1078 4743 1230 4814 plebs
1257 4744 1311 4799 in
1335 4746 1559 4802 servitio
1584 4756 1697 4801 tur-

109 4828 248 4895 piter
274 4838 574 4899 provocata
602 4832 762 4889 bonis
784 4833 866 4888 vel
898 4833 1052 4890 malis
1098 4836 1326 4901 impulsa
1365 4846 1693 4894 moveretur.

111 4915 222 4974 lloc
243 4921 495 4990 quotidie
522 4925 700 4995 agitur
726 4925 854 4981 dum
883 4926 1191 4996 praedicatis
1219 4929 1533 4988 cmlestibus
1557 4946 1696 5003 pm-

108 5011 230 5066 miis
257 5014 459 5068 saevire
482 5016 534 5070 in
558 5017 750 5074 electis
785 5020 999 5088 reprobi
1032 5022 1438 5091 permittuntur,
1465 5034 1527 5080 ut
1552 5024 1597 5080 si
1626 5022 1695 5079 ad

415 5107 546 5138 inn:n
591 5122 795 5138 laus-AM
844 5113 991 5138 ΛυξαιΑ
1042 5114 1363 5138 ..-μιξηε-..-α
1427 5116 1665 5138 __.-----_:

108 5107 546 5138 Μηνηνηῖοβῖηηξη
591 5122 603 5138 ι
615 5128 672 5138 Α...

1813 3208 2063 3264 ducimus
2087 3206 2438 3263 astruendum
2464 3202 2664 3277 aliquid
2689 3215 3060 3257 assumamus:
3081 3197 3197 3263 Dei,
3223 3195 3399 3266 inquit

1810 3297 2124 3368 Apostolus,
2160 3294 2487 3366 agricultura
2527 3292 2661 3363 estis,
2688 3290 2739 3361 (1
2767 3289 2889 3346 Cor.
2920 3305 3006 3355 tu,
3031 3288 3110 3359 9).
3158 3286 3310 3352 Quod
3348 3284 3397 3340 si

1811 3388 1886 3443 ita
1934 3397 2040 3454 est,
2078 3401 2208 3456 ergo
2238 3385 2304 3441 de
2333 3385 2437 3438 hac
2466 3380 2770 3452 exemplum
2802 3391 3100 3434 sumamus.
3135 3375 3397 3430 Frumen-

1810 3488 1923 3534 tum
1965 3479 2164 3549 quippe
2209 3476 2262 3531 in
2307 3483 2490 3545 segete
2534 3471 2645 3527 sola
2699 3470 2960 3540 tangitur,
3009 3466 3136 3521 illud
3183 3464 3395 3536 pluvias

1808 3570 2056 3642 percipit,
2084 3569 2200 3623 haec
2228 3565 2480 3621 veritatis
2503 3563 2718 3632 eloquio
2744 3560 3067 3632 pinguescit.
3103 3558 3234 3613 Illud
3260 3573 3394 3613 ven-

1808 3662 1877 3715 tis
1920 3656 2246 3721 concutitur,
2292 3653 2406 3708 haac
2453 3650 2849 3706 tentationibus
2896 3656 3204 3704 exercetur.
3252 3645 3390 3700 Illud

1805 3748 1987 3806 smculi
2033 3751 2340 3801 crescentes
2376 3742 2560 3813 paleas
2582 3748 2783 3810 portat,
2814 3740 2931 3795 haec
2960 3751 3192 3808 nequam
3219 3735 3390 3790 vitam

1804 3841 2189 3898 sceleratorum
2235 3843 2436 3907 portat.
2491 3832 2623 3889 Illud
2671 3832 2861 3886 tritura
2906 3828 3190 3902 premitur,
3220 3825 3389 3897 paleis

1803 3932 2040 3997 exuitur,
2082 3930 2199 3985 haec
2243 3925 2451 3984 caelesti
2495 3924 2778 3995 disciplina
2803 3919 3124 3991 flagellatur,
3153 3926 3266 3974 uta
3294 3933 3388 3974 εο-
3434 3990 3443 3998 ι

1804 4025 1999 4081 cietate
2028 4021 2328 4078 carnalium
2366 4019 2526 4075 corde
2557 4025 2861 4089 separetur.
2894 4014 3027 4070 Illud
3061 4012 3265 4069 relictis
3288 4028 3386 4082 pa-

1802 4115 1903 4170 leis
1929 4114 1997 4169 ad
2033 4114 2287 4169 horreum
2333 4110 2589 4175 refertur,
2638 4110 2755 4164 haec
2800 4106 2936 4162 foris
2983 4103 3388 4160 rcmanentibus

1803 4209 2046 4279 reprobis
2077 4207 2130 4261 in
2164 4204 2374 4261 Domini
2399 4203 2481 4258 sui
2512 4202 2767 4270 gaudium
2795 4194 3196 4254 intromittitur.
3234 4196 3390 4254 Unde

1803 4298 1976 4353 electo
1998 4289 2195 4367 populo
2220 4294 2275 4349 in
2298 4286 2400 4348 Job
2430 4290 2627 4347 dicitur
2650 4308 2664 4345 :
2686 4286 3008 4360 Ingrediar-is
3036 4285 3091 4342 in
3111 4285 3363 4341 abundo»

1804 4391 1879 4445 tia
1907 4387 2206 4459 sepulcrum
2242 4385 2375 4440 sicut
2417 4398 2631 4437 acervus
2678 4381 2734 4434 in
2771 4389 3001 4450 tempore
3039 4395 3135 4433 suo
3179 4376 3302 4447 (Job
3333 4393 3371 4444 ἐι

1799 4480 1912 4551 26).
1963 4479 2200 4548 Tempus
2230 4475 2585 4547 reproborum
2615 4473 2668 4527 in
2694 4472 2799 4528 hac
2823 4471 2934 4525 vita
2964 4478 3067 4536 est,
3091 4469 3380 4525 electorum

1800 4573 1855 4627 in
1886 4569 2157 4642 sequenti,
2188 4569 2331 4624 sicut
2356 4581 2543 4623 eorum
2566 4563 2739 4635 Caput
2763 4563 2893 4619 dicit
2918 4580 2931 4617 :
2966 4559 3187 4631 Tempus
3215 4576 3385 4613 meum

1800 4666 2033 4722 nondum
2058 4663 2263 4719 advenit
2290 4661 2473 4734 (Joan.
2494 4677 2595 4727 vn,
2619 4661 2697 4732 6).
2731 4660 2807 4714 De
2836 4658 2943 4713 illis
2966 4673 3096 4713 vero
3123 4674 3137 4710 :
3168 4655 3389 4722 Tempus

1799 4766 1976 4811 autem
1998 4766 2224 4812 vestrum
2250 4769 2454 4824 semper
2473 4761 2547 4808 est
2569 4759 2813 4823 paratum
2833 4748 3046 4821 (Ibid.).
3071 4745 3390 4817 Sepulcrum

1798 4862 1927 4917 ergo
1954 4849 2008 4903 in
2035 4856 2279 4916 tempore
2322 4858 2444 4908 suo,
2475 4843 2617 4898 sicut
2640 4839 2905 4895 frumenti
2932 4852 3188 4899 acervus,
3209 4831 3391 4901 justus

1798 4936 2027 5010 quilibet
2061 4938 2113 4993 in
2157 4944 2396 5006 tempore
2425 4948 2526 4989 suo
2564 4929 2813 4996 infertur,
2845 4930 3101 4999 quoniam
3133 4922 3225 4982 ille
3249 4922 3394 4976 futu-

1800 5045 1919 5085 ram
1970 5029 2213 5102 requiem
2254 5024 2507 5097 percipit,
2551 5023 2643 5093 qui
2675 5022 2829 5091 prius
2858 5021 2951 5078 hic
2973 5023 3122 5077 velut
3170 5018 3224 5070 in
3260 5023 3398 5069 tem-

1844 5134 1921 5138 -d-
1966 5121 2053 5138 ,II,
2115 5134 2129 5138 -
2164 5130 2449 5138 .._---.-..--
2489 5111 2779 5138 J2--!nllnm
2813 5112 3168 5138 ΑΑ--ξακκδιιεη
3211 5106 3370 5138 οηηΙῖΙ

2813 5112 3060 5138 ΑΑ--ξακκ
3073 5113 3168 5138 Ᾰ.-η
