3964 5360
412 195 424 215 ⁸
503 252 605 310 635

1520 247 1579 303 S.
1623 243 1871 304 ODONiS
1910 244 2197 299 ABBA'i'iS
2235 245 2732 305 CLUNIACENSIS
2770 249 2813 305 ιι

3651 252 3741 306 656

501 371 748 438 tangunt,
795 361 922 437 quia
949 361 1003 419 in
1031 359 1383 432 oppressione
1411 358 1676 414 bonorum
1710 357 1810 413 sibi
1854 370 2081 411 concor-
2114 363 2155 420 Α
2185 357 2458 426 perpendo
2498 357 2639 426 quod
2692 356 2781 412 ille
2826 356 3120 428 prephetim
3150 356 3338 427 spiritu
3381 356 3523 410 intra
3570 358 3746 411 matris

502 457 652 512 dant.
704 453 940 524 Hispidae
987 461 1133 519 sunt,
1181 460 1237 508 et
1278 450 1495 521 fragiles
1530 449 1654 520 quia
1686 449 1753 503 ad
1788 447 2082 519 corripien-

500 558 609 602 tem
652 546 810 618 quasi
863 552 1171 615 tangentem
1216 540 1590 596 intractabiles
1626 539 1887 605 existunt,
1926 539 2081 593 viciis

499 650 629 693 vero
655 654 781 693 mox
813 637 1033 693 cedant.
1079 634 1213 690 Mira
1258 640 1436 687 autem
1494 632 1896 702 dispensatione
1932 631 1991 685 fit
2022 639 2082 686 ut

501 726 624 782 dum
656 727 744 781 hic
778 741 878 781 nos
916 733 1040 796 post
1068 722 1466 795 perceptionem
1497 721 1733 776 cmlestis
1770 720 1957 791 gratia:
1982 735 2083 790 pro

495 818 736 889 peccatis
763 817 963 874 nostris
992 814 1255 886 afﬂigunt,
1284 814 1441 884 quasi
1468 807 1696 869 messem
1721 821 1843 883 post
1870 812 2079 883 pluvias

496 907 550 963 in
579 908 762 964 herbis
804 907 946 963 male
984 905 1361 977 pullulantem,
1415 914 1474 958 ut
1506 904 1559 958 in
1590 917 1756 975 grano
1799 901 2079 957 fecundior

494 995 778 1062 exuberet,
809 995 929 1067 gelu
959 994 1259 1065 restringit,
1293 1001 1403 1047 uta
1430 990 1576 1046 fluxu
1605 992 1899 1061 voluptatis
1928 1008 2080 1047 coer-

492 1096 678 1152 ceant,
725 1093 782 1142 et
823 1088 877 1141 in
925 1085 1104 1141 fructu
1161 1086 1426 1140 mercedis
1471 1094 1687 1139 aeternae
1734 1083 2078 1153 fecundiores

490 1178 742 1233 reddant.
783 1177 923 1232 Eant
968 1191 1099 1247 ergo
1129 1191 1274 1231 nunc
1321 1175 1586 1230 satellites
1635 1174 1860 1240 diaboli,
1917 1184 1973 1230 et
2020 1177 2073 1231 in

491 1268 641 1338 spica
686 1268 978 1325 Dominica:
1006 1269 1195 1324 messis
1221 1267 1468 1323 altiorem
1498 1268 1676 1323 locum
1707 1268 1858 1338 quasi
1891 1269 2075 1325 aristat

491 1368 730 1418 teneant.
767 1362 928 1418 Certe
955 1361 1082 1431 quia
1111 1361 1164 1416 in
1196 1360 1393 1415 horrea
1437 1375 1536 1416 nec
1572 1359 1823 1415 ultimum
1871 1360 2075 1415 retine-

487 1449 644 1515 bunt,
678 1452 788 1507 sint
823 1460 877 1508 et
919 1467 1065 1508 nunc
1104 1452 1326 1522 hispidi,
1353 1459 1407 1506 et
1432 1450 1804 1507 excusationis
1833 1451 2076 1521 spinulas

488 1550 679 1596 contra
719 1542 921 1597 malum
965 1542 1342 1615 redarguentis
1388 1551 1681 1614 opponant.
1724 1540 1916 1597 Veniet
1941 1556 2070 1613 pro-

487 1630 632 1687 {ceto
654 1632 821 1702 judex
853 1633 945 1704 qui
974 1649 1262 1704 personam
1308 1646 1416 1689 non
1455 1633 1654 1703 accipit
1689 1648 1849 1703 quem
1868 1632 2073 1705 jngilcr

486 1724 542 1778 in
566 1724 678 1781 suis
702 1725 908 1794 pusillis
929 1726 1191 1799 allliguut.
1213 1727 1403 1783 Veniet
1426 1726 1571 1797 virga
1595 1725 1794 1791 ferrea,
1813 1742 1915 1797 qua
1940 1742 2067 1796 gen--
2100 1760 2145 1821 Β

487 1820 569 1870 tes
594 1816 753 1887 regit,
780 1833 884 1887 qua
913 1818 1113 1872 aristas
1134 1818 1487 1884 comminuet,
1514 1827 1571 1872 et
1596 1816 1768 1888 paleis
1797 1818 1864 1873 ad
1887 1818 2067 1889 ignem

485 1906 701 1962 traditis
724 1924 892 1979 grana
921 1910 1021 1965 sibi
1044 1911 1325 1966 recondet.

554 1998 642 2054 LI.
684 1999 848 2056 Multa
872 2000 987 2070 jam
1024 2013 1215 2058 contra
1236 1988 1739 2060 murmurationem
1765 2004 1849 2062 vel
1880 2004 2071 2077 despe-

485 2088 751 2145 rationem
782 2092 987 2162 prolata
1019 2102 1166 2154 sunt.
1191 2101 1246 2149 et
1269 2094 1471 2150 idcirco
1500 2097 1626 2151 dum
1651 2108 1777 2151 nota
1812 2098 2071 2168 replican-

484 2191 568 2237 tes
592 2193 772 2239 vestra
812 2186 966 2241 vobis
993 2185 1307 2257 ingerimus,
1356 2188 1608 2245 timemus
1657 2205 1722 2245 ne
1768 2190 1821 2244 in
1872 2190 2067 2245 Πιιιιιριι

486 2268 688 2328 frustra
705 2272 913 2342 jactare
936 2276 1135 2331 stillam
1164 2292 1474 2348 argnamur,
1502 2279 1712 2333 coneite
1736 2279 1877 2349 quod
1903 2290 2069 2334 restat

482 2361 837 2431 explicemus.
870 2364 1055 2435 Itaque
1086 2365 1366 2421 sciendum
1399 2368 1540 2437 quod
1579 2384 1682 2422 non
1722 2369 1894 2423 solum
1925 2385 2066 2440 prae-

482 2462 660 2523 cepto,
691 2455 785 2510 sed
810 2464 864 2511 et
890 2458 1133 2526 pluribus
1171 2458 1433 2529 exemplis
1468 2459 1534 2514 ad
1569 2460 1908 2515 tolerantiam
1934 2461 2069 2515 mul-

484 2545 741 2615 tipliciter
796 2549 1173 2605 iuformamnr.
1228 2552 1565 2608 Universitas
1615 2554 1813 2624 quippe
1866 2554 2065 2609 electo-

479 2650 622 2703 rum,
653 2652 836 2707 quam,
864 2651 925 2695 ut
947 2639 1115 2696 Isaias
1148 2642 1493 2708 vaticinatur,
1525 2658 1661 2713 puer
1694 2644 1974 2713 parvulus,
2012 2644 2066 2700 id

479 2737 566 2784 est
595 2730 810 2811 humilis
846 2732 1024 2801 Jesus,
1071 2735 1136 2790 ad
1187 2752 1435 2807 supernae
1474 2737 1727 2793 stationis
1764 2736 1949 2792 caulas
1972 2736 2069 2791 lla-

479 2821 754 2892 gellando,
807 2828 963 2897 quasi
1013 2829 1178 2885 minis
1225 2832 1457 2902 agendo,
1505 2847 1604 2903 per
1665 2842 1874 2887 arctam
1921 2835 2065 2888 viam

478 2915 647 2983 ducit,
679 2917 805 2972 dum
848 2919 940 2976 hic
977 2920 1112 2975 vivit
1155 2922 1379 2977 adversa
1410 2923 1730 2993 perpetitur.
1762 2924 1908 2991 Quos
1938 2939 2068 2996 ergo

476 3009 791 3076 specialiter
814 3011 1171 3082 proferemus,
1202 3030 1325 3069 cum
1353 3016 1531 3072 omnis
1554 3016 1850 3072 electorum
1881 3018 2064 3073 multi-

479 3100 610 3153 tudo
643 3102 947 3171 exemplum
980 3104 1086 3157 sit?
1140 3104 1212 3159 De
1258 3106 1455 3174 quibus
1505 3106 1819 3177 Apostolus,
1863 3106 2057 3177 utjam

477 3185 791 3244 dixeramus
822 3207 835 3243 :
868 3190 1156 3259 Habentes,
1185 3194 1384 3264 inquit,
1413 3205 1613 3249 tantam
1634 3198 1931 3268 impositam
1960 3215 2064 3252 nu-

477 3280 593 3335 bent
635 3284 843 3338 testium
868 3301 961 3356 per
978 3287 1285 3353 patientiam
1329 3304 1605 3343 curramus
1642 3290 1830 3361 (fleor.
1862 3308 1960 3357 xu,
1988 3292 2060 3364 l).

478 3370 558 3428 De
583 3389 689 3445 qua
717 3376 861 3431 nube
885 3374 1116 3433 Iacobus
1143 3392 1158 3432 :
1191 3376 1524 3448 Exemplum,
1553 3381 1650 3445 ait,
1676 3382 1915 3452 excipite,
1953 3383 2065 3453 [ra-

477 3473 607 3529 tres,
645 3466 816 3519 exitus
852 3465 981 3520 mali
1008 3477 1055 3521 et
1085 3467 1523 3538 longanimitatis,
1564 3468 1759 3523 laboris
1787 3480 1834 3524 et
1864 3473 2065 3541 patien-

479 3555 586 3621 tia‘,
616 3572 734 3627 qua:
757 3556 920 3611 locuti
939 3569 1061 3613 sunt
1082 3560 1344 3629 propheta:
1367 3560 1421 3615 in
1449 3561 1658 3616 nomine
1686 3562 1897 3617 Domini
1917 3563 2060 3634 (Jac.

475 3664 531 3713 ν,
569 3649 680 3721 10).
718 3650 800 3705 Ac
855 3652 899 3707 si
950 3652 1154 3707 diceret
1192 3669 1205 3705 :
1248 3660 1307 3706 ut
1361 3667 1422 3709 ea
1474 3667 1594 3722 qua:
1645 3652 1796 3708 vobis
1853 3656 2063 3709 contin-

476 3750 610 3808 gunt
669 3743 968 3813 patientins
1031 3744 1274 3800 tolcrctis
1330 3762 1343 3798 :
1406 3742 1595 3800 Videte
1655 3745 1798 3815 quod
1847 3742 1920 3800 illi
1970 3748 2062 3816 qui

477 3843 587 3889 tam
645 3837 819 3891 sancti
875 3846 1066 3901 erant,
1127 3846 1186 3891 ut
1238 3850 1334 3909 per
1380 3852 1474 3891 eos
1522 3837 1663 3891 Deus
1720 3838 2063 3907 loqueretur,

477 3927 673 3983 durum
728 3930 955 3984 exitium
1012 3929 1333 3984 habuerunt.
1401 3929 1721 3998 Quicunque
1769 3930 1912 3984 enim
1953 3930 2065 3985 Deo

477 4018 760 4095 cbariores
818 4021 1182 4085 exstiterunt,
1243 4035 1459 4090 semper
1495 4020 1714 4075 duriora
1754 4032 2062 4077 senserunt.

476 4106 634 4167 Libet
666 4098 874 4167 'tamen
934 4112 1104 4177 duos,
1141 4127 1308 4166 unum
1347 4110 1414 4166 de
1459 4111 1636 4167 Veteri
1678 4110 2059 4183 Testamento,

376 4242 382 4261 ,.
478 4197 644 4254 alium
704 4201 771 4256 de
822 4200 973 4259 Novo
1023 4202 1090 4258 ad
1132 4202 1366 4258 medium
1408 4202 1623 4258 deferre
1672 4203 1825 4259 :Iob
1861 4205 2065 4262 scilicet

475 4287 863 4354 ctJoannem,
917 4306 1054 4361 quos
1115 4292 1333 4363 quidem
1383 4307 1506 4348 cum
1568 4293 2066 4365 incomparabiliter

2182 456 2391 502 uterum
2433 448 2687 518 repletus,
2730 459 2893 519 atque
2913 491 2926 514 ,
2957 459 3013 502 ut
3051 450 3122 503 ita
3153 451 3185 504 d
3213 449 3415 513 xerim,
3445 448 3745 519 priusquam

2182 546 2500 592 nasceretur
2528 548 2769 604 renatus,
2800 539 2887 594 ille
2917 540 3125 594 amicus
3146 540 3351 610 sponsi,
3380 539 3469 594 ille
3494 554 3602 609 quo
3621 540 3751 594 inter

2180 638 2337 685 natos
2366 631 2653 686 mulierum
2687 631 2860 703 major
2899 648 3059 686 nemo
3100 634 3367 698 surrexit,
3399 631 3491 687 ille
3537 631 3615 686 sic
3637 647 3749 701 pro-

2180 719 2362 788 pheta,
2395 730 2455 775 ut
2477 721 2596 791 plus
2629 722 2791 776 etiam
2822 722 2893 777 sit
2926 737 3089 792 quam
3118 724 3417 793 propheta,
3470 723 3540 777 ab
3568 723 3751 792 iniquis

2178 810 2235 865 in
2263 823 2482 867 carcere
2521 810 2775 875 mittitur,
2807 823 2863 866 et
2893 812 2976 865 vir
3002 822 3166 866 tanta:
3194 813 3505 867 severitatis
3534 827 3631 882 pro
3652 813 3748 866 risu

2181 901 2414 970 turpium
2442 902 2690 956 moritur.
2724 901 2863 970 Quid
2900 911 2982 957 est
3007 917 3157 972 ergo,
3189 903 3331 973 quod
3357 900 3461 957 Job
3486 901 3582 957 Dei
3612 903 3748 956 testi-

2178 994 2361 1050 monio
2396 993 2699 1064 prmfcrtur,
2725 1004 2777 1050 et
2806 1003 2983 1049 tamen
3010 995 3182 1067 plagis
3222 1010 3394 1066 usque
3420 996 3489 1050 ad
3535 997 3746 1064 sterqniv

2178 1082 2365 1138 lininm
2394 1086 2690 1140 sternitur?
2727 1085 2863 1151 Quid
2901 1094 2983 1142 est
3004 1126 3019 1150 ,
3040 1085 3197 1156 'qnod
3237 1086 3476 1141 Joannes
3504 1086 3602 1140 Dei
3634 1101 3753 1139 voce

2178 1172 2447 1240 laudatur,
2496 1184 2551 1229 et
2588 1182 2768 1228 tamen
2817 1190 2915 1244 pro
2948 1174 3258 1229 temulentis
3298 1173 3481 1229 verbis
3512 1173 3567 1227 in
3603 1172 3751 1228 salta-

2179 1264 2340 1320 tionis
2371 1265 2651 1336 prtemium
2682 1265 2952 1320 moritur?
2975 1265 3113 1333 Quid
3140 1273 3224 1320 est
3245 1265 3390 1335 quod
3420 1265 3752 1334 omnipotens

2176 1356 2320 1411 Deus
2349 1358 2425 1413 sic
2474 1358 2821 1412 vehementer
2851 1359 2901 1411 in
2935 1358 3038 1413 hoc
3081 1358 3279 1411 mundo
3327 1355 3580 1426 deSpicit,
3629 1369 3751 1424 quos

2176 1448 2256 1504 sic
2281 1448 2585 1504 sublimiter
2608 1457 2733 1503 ante
2755 1448 2948 1504 saecula
2978 1449 3185 1520 elegit?
3213 1448 3313 1503 nisi
3340 1448 3449 1501 hoe
3481 1446 3626 1516 quod
3651 1446 3755 1516 pie-

2175 1542 2273 1597 tati
2307 1540 2539 1597 ﬁdelium
2585 1551 2751 1611 patet,
2785 1543 3041 1611 quoniam
3091 1540 3291 1596 idcirco
3318 1542 3399 1595 sic
3431 1554 3528 1594 eos
3562 1538 3751 1609 premit

2173 1632 2228 1687 in
2261 1632 2483 1699 inlimis,
2526 1633 2651 1704 quia
2691 1634 2837 1688 videt
2882 1632 3153 1703 quomodo
3194 1647 3287 1688 eos
3342 1638 3659 1687 remaneret
3698 1630 3747 1683 in

2173 1726 2430 1792 sinumis;
2483 1734 2538 1779 et
2591 1725 2737 1780 foras
2763 1739 2932 1794 usque
2977 1724 3044 1779 ad
3084 1724 3338 1794 despecta
3398 1721 3608 1793 dejieit,
3637 1720 3753 1790 quia

2174 1817 2320 1872 intus
2372 1831 2541 1886 usque
2586 1817 2654 1871 ad
2697 1814 3260 1886 incomprehensibilia
3300 1812 3595 1885 perducit?
3630 1812 3754 1866 Ilinc

2170 1923 2301 1978 ergo
2323 1908 2688 1978 unusquisque
2712 1907 2926 1979 colligat
2954 1908 3081 1978 quid
3110 1906 3218 1962 illic
3244 1906 3351 1961 sint
3383 1905 3603 1977 passuri
3633 1920 3757 1976 quos

2172 1998 2445 2069 reprobat,
2511 1999 2558 2054 si
2619 1999 2709 2053 hic
2767 1999 3047 2069 patiuntur
3104 1998 3185 2053 sic
3242 2011 3380 2066 quos
3436 2005 3636 2062 amat;
3674 2005 3757 2049 aut

2168 2088 2438 2157 quomodo
2477 2087 2743 2144 ferientur
2769 2130 2782 2155 ,
2822 2090 2912 2158 qui
2954 2088 3006 2143 in
3037 2086 3246 2156 judicio
3300 2088 3568 2158 arguendi
3609 2095 3757 2149 sunt,

2170 2180 2215 2235 si
2244 2180 2325 2236 sic
2353 2195 2541 2235 eorum
2570 2181 2678 2236 vita
2705 2181 2996 2252 premitur,
3022 2181 3115 2251 qui
3138 2177 3460 2252 ipsojudice
3488 2185 3626 2233 teste
3652 2177 3755 2230 lan-

2170 2277 2391 2332 dantur.

2241 2368 2343 2423 ιιι.
2385 2367 2531 2424 Inter
2559 2369 2742 2425 ontnia
2772 2383 2898 2424 vero
2932 2376 3133 2427 nostra:
3168 2363 3566 2423 consolationis
3604 2377 3756 2435 gene-

2169 2477 2252 2527 ra,
2283 2460 2632 2532 singulariter
2660 2460 2789 2515 illud
2817 2459 3093 2531 prsecedit,
3125 2460 3266 2530 quod
3296 2459 3595 2529 benignum
3622 2457 3755 2511 Con-

2169 2552 2398 2606 ditorem
2431 2561 2673 2607 nostrum
2702 2553 2861 2606 nobis
2899 2552 2971 2606 ita
3009 2550 3449 2607 condescendere
3485 2565 3583 2604 sua
3613 2548 3760 2602 beni-

2167 2643 2406 2711 gnitate,
2458 2654 2518 2699 ut
2556 2646 2629 2699 ita
2669 2646 2866 2713 dicam,
2922 2643 3226 2716 benignitas
3278 2642 3481 2714 adegit,
3529 2651 3591 2696 ut
3640 2656 3756 2695 cuiu

2167 2735 2348 2788 omnia
2381 2750 2501 2805 quae
2523 2736 2795 2805 peccatori
2852 2734 3055 2791 homini
3097 2734 3357 2790 salutaria
3394 2740 3545 2798 sunt,
3587 2731 3760 2787 indul—

2168 2834 2354 2897 geret,
2386 2836 2582 2882 cuucta
2628 2828 2830 2899 pariter
2873 2843 2993 2898 qum
3039 2826 3215 2882 eidem
3256 2825 3467 2882 homini
3507 2839 3609 2894 pro
3638 2839 3757 2893 βω

2169 2929 2290 2971 cato
2313 2917 2616 2986 debentur,
2648 2934 2712 2974 ex
2748 2918 2860 2974 sola
2893 2912 3270 2989 compassione
3294 2918 3611 2973 sustineret.
3646 2914 3757 2971 Non

2167 3005 2313 3059 enim
2342 3008 2620 3078 indigebat
2648 3008 2811 3064 homo
2846 3007 3183 3064 solummodo
3214 3007 3439 3073 redimi,
3471 3006 3569 3063 sed
3597 3009 3758 3062 etiam

2167 3099 2401 3168 qualiter
2423 3109 2544 3171 post
2588 3102 3013 3171 redemptionem
3035 3102 3084 3155 ei
3111 3101 3398 3155 vivendum
3434 3100 3505 3154 sit
3524 3098 3757 3154 edoceri.

2168 3192 2330 3246 Venit
2366 3191 2528 3263 igitur
2552 3193 2618 3247 ad
2650 3191 2934 3262 fugitivum
2974 3208 3154 3258 suum,
3188 3202 3245 3247 ut
3277 3193 3539 3247 retineret
3564 3193 3760 3247 nostris

2166 3283 2370 3339 visibus
2400 3299 2521 3339 sese
2560 3284 2823 3355 ingessit,
2856 3284 2949 3355 qui
2982 3284 3027 3341 si
3065 3284 3197 3339 nihil
3249 3283 3486 3355 amplius
3524 3282 3753 3350 fecisset,

2165 3383 2219 3430 et
2264 3375 2315 3428 in
2342 3375 2463 3437 .hoe
2494 3385 2699 3441 tamen,
2732 3376 2877 3446 quod
2909 3376 2962 3430 in
3014 3375 3175 3431 terris
3202 3376 3352 3430 visus
3396 3385 3501 3439 est,
3536 3376 3753 3430 multum

2166 3480 2224 3520 se
2252 3464 2579 3522 humiliarct.
2628 3465 2762 3520 Nam
2796 3467 2925 3536 quia
2957 3481 3166 3533 omnes,
3196 3468 3285 3537 qui
3315 3467 3384 3521 de
3431 3466 3568 3521 Adzn
3598 3468 3755 3536 stirpe

2163 3556 2433 3627 progeniti
2486 3557 2778 3613 studebant
2814 3572 3072 3628 prospera
3103 3559 3227 3613 vita:
3268 3558 3561 3629 prmsentis
3586 3573 3754 3629 appe-

2169 3658 2304 3713 tere,
2352 3648 2579 3704 adversa
2615 3651 2878 3717 devitarc,
2928 3651 3216 3722 opprobria
3264 3653 3489 3722 fugere,
3537 3653 3753 3724 gloriam

2167 3740 2318 3809 sequi
2355 3757 2368 3794 :
2414 3740 2505 3795 ille
2536 3750 2722 3795 contra
2770 3757 2942 3797 novus
2968 3743 3130 3798 homo
3160 3744 3404 3809 veniens,
3456 3759 3755 3815 novamque

2165 3831 2333 3886 vitam
2370 3840 2581 3897 tenens,
2628 3832 2764 3902 fugit
2790 3833 2935 3904 quod
2965 3849 3155 3889 omnes
3189 3844 3475 3906 appetunt,
3502 3847 3558 3893 et
3604 3851 3751 3907 appe-

2169 3922 2254 3977 tiit
2284 3922 2426 3992 quod
2475 3937 2665 3979 attines
2719 3924 2946 3996 fugiunt.
2998 3925 3135 3994 Quia
3167 3942 3297 3983 vero
3322 3929 3444 3984 dua:
3471 3930 3597 3986 vitae
3619 3936 3749 3991 sunt.

2166 4030 2409 4084 pI‘ﬂESBHS
2439 4025 2491 4071 Cl
2520 4016 2725 4082 [ιιιιιι·;ι,
2758 4033 2986 4088 quarum
3018 4036 3179 4075 unam
3207 4036 3539 4078 noveramus
3561 4064 3578 4088 ,
3623 4022 3745 4077 alte-

2168 4122 2283 4161 ram
2317 4107 2727 4177 nesciebamus;
2761 4119 2815 4165 et
2852 4110 2939 4167 bic
2972 4114 3268 4167 humanum
3307 4129 3485 4183 genus
3514 4114 3639 4170 huic
3662 4110 3749 4169 soli

2166 4212 2328 4267 quam
2357 4208 2581 4253 noverat
2611 4200 2941 4268 intendebat,
2969 4203 3108 4258 hanc
3142 4204 3299 4259 nobis
3330 4206 3606 4275 cognitam
3642 4207 3750 4262 ideo

2167 4287 2425 4359 suscepit,
2454 4296 2512 4343 ut
2539 4288 2704 4354 illam,
2737 4305 2856 4360 qua:
2888 4300 3010 4347 erat
3036 4294 3308 4364 incognita
3335 4294 3743 4351 demonstraret.

475 4376 743 4446 laudatos,
771 4388 826 4435 et
856 4388 1034 4436 tamen
1067 4390 1174 4437 tam
1206 4383 1444 4438 crudelia
1473 4399 1657 4455 passos
1690 4384 1857 4441 fuisse
1891 4386 2066 4441 revol-
2097 4391 2144 4450 ο
2174 4377 2242 4434 Ut
2262 4388 2442 4433 autem
2467 4378 2607 4434 hanc
2633 4381 3090 4451 contemptibilem
3126 4398 3268 4450 esse,
3300 4392 3355 4439 et
3388 4386 3538 4440 illam
3562 4388 3746 4458 appeti-

475 4467 737 4533 verimus,
788 4468 915 4538 quid
963 4468 1029 4524 de
1068 4468 1289 4539 reliquis
1326 4471 1705 4528 mstimandum
1765 4475 1835 4530 sit
1879 4484 2066 4546 aptum

477 4556 832 4613 advertimus.
865 4556 967 4613 Job
990 4558 1196 4628 itaque,
1223 4560 1290 4613 de
1328 4575 1436 4629 quo
1459 4562 1661 4617 dictum
1693 4572 1808 4618 est:
1841 4562 1967 4619 Non
1993 4575 2068 4620 est

477 4649 666 4706 similis
704 4651 753 4705 ei
798 4649 854 4704 in
891 4660 1031 4705 terra
1080 4649 1269 4723 (10b1,
1292 4651 1373 4723 8),
1407 4669 1527 4708 cum
1561 4662 1638 4709 tot
1666 4670 1842 4710 rerum
1871 4656 2067 4712 damna

477 4743 794 4809 sustineret,
841 4758 963 4799 cum
1010 4751 1088 4799 tot
1130 4744 1412 4799 funeribus
1447 4746 1731 4817 pignorum
1757 4762 2067 4816 percussus

478 4835 718 4902 doleret,
779 4851 903 4891 cum
946 4844 1026 4891 tot
1060 4834 1283 4891 vulnera
1338 4836 1609 4903 toleraret,
1671 4853 1775 4892 non
1819 4838 1871 4892 in
1924 4848 2066 4895 terra

479 4927 704 4993 munda,
728 4927 822 4981 sed
853 4927 904 4980 in
934 4924 1279 4995 sterquilinio
1303 4928 1509 4982 sedisse
1539 4927 1884 4982 describitur.
1914 4928 2066 4996 Quod

478 5017 683 5073 idcirco
730 5017 808 5081 fit,
860 5026 918 5072 nt
962 5034 1024 5072 ex
1070 5017 1242 5073 fetore
1286 5018 1390 5074 loci
1446 5025 1884 5073 commoneretur
1939 5020 2066 5089 quia

481 5105 674 5161 festive
718 5123 916 5178 corpus
964 5109 1081 5179 ejus
1123 5108 1190 5163 ‘ad
1233 5106 1460 5163 fetorem
1493 5107 1715 5162 rediret.
1759 5109 1841 5163 Ad
1878 5110 2073 5164 raden-

482 5196 606 5234 niam
637 5213 851 5234 nnnnnn
899 5202 1103 5234 αηοιῖιηιι
1147 5218 1250 5234 nnn
1298 5202 1490 5234 ιιῖηἶοιὶιο
1540 5217 1645 5234 nnn
1680 5210 1880 5234 rncinm
1916 5203 2036 5234 ηιΙΙιῖ

1147 5218 1250 5234 nnn
1298 5202 1490 5234 ιιῖηἶοσιο
1540 5217 1645 5234 nnn

2171 4471 2334 4526 bilem
2352 4472 2684 4536 ostenderet,
2711 4471 2763 4527 iu
2796 4473 2896 4528 ista
2924 4489 3098 4545 neque
3128 4479 3443 4547 prosperari
3470 4494 3646 4549 neque
3665 4479 3743 4532 diu

2173 4573 2320 4618 stare
2346 4563 2537 4629 voluit,
2566 4564 2660 4619 sed
2685 4565 2751 4619 ad
2776 4563 2920 4619 illam
2947 4567 3199 4636 patiendo
3225 4569 3506 4638 migravit,
3534 4582 3591 4626 et
3608 4571 3741 4625 dicit:

2173 4652 2232 4709 Si
2257 4654 2373 4725 quis
2414 4654 2541 4708 mihi
2570 4654 2858 4719 ministrat,
2893 4671 2972 4709 me
3001 4668 3249 4727 sequatur
3275 4657 3467 4729 (Joan.
3516 4677 3614 4724 xu,
3642 4659 3738 4728 26}.

2175 4745 2437 4816 Exemplo
2498 4762 2597 4804 suo
2659 4763 2759 4804 nos
2826 4750 3024 4804 docens
3058 4750 3198 4820 quod
3238 4750 3358 4807 haec
3424 4753 3537 4807 vita
3577 4762 3739 4807 nostra

2174 4853 2279 4893 non
2308 4849 2529 4909 propter
2559 4854 2617 4895 se
2646 4839 2876 4894 amanda
2908 4840 2997 4905 sit,
3038 4839 3129 4896 sed
3172 4851 3395 4911 prepter
3420 4842 3645 4898 alteram
3673 4853 3739 4895 to-

2173 4930 2416 4985 leranda.
2460 4930 2646 5001 Itaque
2692 4934 2914 5002 propter
2945 4930 3074 4986 illud
3120 4932 3397 5002 singulare
3425 4935 3737 5003 praesidium,

2173 5020 2317 5091 quod
2346 5036 2442 5075 nos
2470 5021 2588 5076 fuso
2619 5022 2879 5091 sanguine
2904 5021 3149 5088 redemit,
3202 5021 3333 5076 illud
3364 5021 3739 5092 praestantissi-

2171 5128 2319 5167 mum
2342 5112 2637 5184 judicctur,
2670 5116 2812 5183 quod
2834 5128 2935 5169 nos
2967 5122 3243 5184 tantopere
3282 5114 3353 5169 ad
3380 5114 3739 5186 ptenitentiam

2528 5208 2552 5234 Ᾱ
2571 5207 2598 5234 ,³
2662 5204 2799 5234 "uului.
2852 5207 3093 5234 ωειιηιῖηιιο

2171 5207 2441 5234 -Αδ-ιΛυιοιιοξΙ
2528 5208 2552 5234 Ᾱ
2571 5207 2598 5234 ,³
2662 5206 2799 5234 ηιιΙιᾸ
2852 5207 3093 5234 ωειιιιηηιιο
3147 5206 3534 5234 ζπηειιηλκλιασκ
3602 5217 3645 5234 Α.
3680 5219 3734 5234 Axs
