3964 5360
485 360 552 417 59
1489 358 1549 416 S.
1591 359 1840 417 ODONIS
1876 360 2167 415 ABBATIS
2202 359 2698 418 CLUNIACENSIS
2735 359 2780 416 11

462 559 2229 595 W

1370 736 2036 852 SANGTI
2124 738 2780 855 0130le

1554 975 1898 1037 ABBATIS
1944 972 2510 1037 CLUNIACENSIS
2552 971 2634 1049 II,
3276 1002 3281 1009 ν

460 1176 750 1315 DE
960 1177 1500 1323 VITA
1715 1175 2504 1320 SANCTI
2732 1176 3708 1320 GERALDI

1197 1460 2286 1579 AURILIACENSIS
2368 1460 2957 1579 COMITIS

1649 1696 1925 1777 LIBRI
2002 1698 2282 1793 QUAT
2296 1696 2521 1777 UOR.

1303 1885 1401 1950 (Ex
1424 1885 1729 1937 Bibliotheca
1746 1883 2075 1944 Cluniacensi,
2097 1884 2277 1935 edente
2302 1881 2364 1935 D.
2389 1883 2613 1947 Marrier,
2640 1897 2752 1950 pag.
2776 1886 2882 1951 63.)

1173 2159 1645 2224 AUCTORIS
1715 2160 2164 2225 EPISTOLA
2247 2163 2996 2229 NUNCUPATORIA.

529 2516 736 2574 Aﬂ'ectu
784 2514 1073 2573 recolendo
1120 2530 1220 2587 pro
1271 2514 1389 2572 suis
1428 2514 1638 2571 meritis
1679 2514 1791 2585 (79.)
1842 2514 2044 2569 domno
2077 2522 2116 2578 Α
2151 2523 2262 2571 tate
2291 2516 2491 2573 Christi
2523 2514 2782 2584 conﬁsus,
2808 2517 3154 2590 aggrediens,
3185 2526 3236 2575 te
3261 2535 3471 2590 quaeso,
3500 2529 3563 2576 ut
3591 2520 3735 2591 ejuso

459 2611 666 2666 Aruom
708 2608 908 2673 abbati,
958 2621 1258 2663 conservus
1287 2606 1516 2662 fratmm
1556 2605 1672 2663 Ono
1713 2614 2036 2676 perpetuam

457 2702 687 2756 salutem
719 2700 770 2754 in
798 2698 1033 2755 Christo.
1827 2752 1842 2767 ρ

532 2790 822 2856 Libellum,
851 2788 1180 2845 venerabilis
1216 2798 1395 2859 pater,
1428 2804 1589 2860 quem
1638 2788 1705 2844 de
1750 2803 2043 2843 conversa-

364 2874 371 2879 “
459 2884 607 2938 tione
631 2890 684 2937 et
716 2882 996 2938 miraculis
1031 2881 1175 2937 beati
1214 2882 1450 2936 hominis
1488 2879 1728 2946 Geraldi,
1759 2896 1867 2946 me,
1906 2896 2044 2950 qua-

460 2972 807 3043 litercunque
840 2971 1073 3043 possim,
1125 2971 1333 3028 dictare
1374 2980 1481 3027 tam
1531 2972 1822 3042 imperiose
1870 2986 2045 3042 nuper

460 3076 730 3125 suaseras,
762 3063 895 3131 1am,
940 3061 1067 3118 licet
1099 3071 1360 3128 tremens,
1390 3064 1692 3134 aggredior.
1732 3060 1899 3127 Nam,
1940 3062 2042 3117 etsi

463 3155 714 3210 faciendo
740 3156 1236 3226 praesumptionem,
1265 3158 1420 3227 quasi
1468 3157 1604 3212 meis
1634 3158 1840 3212 viribus
1880 3171 2043 3212 exce-

463 3247 621 3311 dens,
649 3246 841 3311 timeo;
886 3254 940 3301 et
982 3262 1089 3301 non
1137 3246 1405 3313 faciendo,
1436 3248 1855 3313 contumaciam,
1886 3249 2042 3319 quasi

463 3335 803 3403 inobedieus,
826 3336 1175 3408 pertimesco.
1199 3338 1275 3394 De
1297 3338 1604 3397 obedientia
1632 3354 1761 3395 vero
1785 3348 1839 3395 et
1888 3339 2045 3395 boni-

2143 2611 2266 2665 dem
2317 2610 2519 2665 Christi
2568 2609 2911 2665 clementiam
2972 2606 3265 2682 implores,
3316 2622 3590 2681 quatenus
3639 2629 3737 2682 pro

2145 2716 2331 2755 amore
2376 2701 2543 2771 ipsius
2593 2700 2779 2755 iamudi
2828 2701 2909 2758 sui
2980 2696 3231 2767 Geraldi,
3281 2701 3607 2757 relationem
3659 2704 3733 2757 sic

2146 2792 2460 2849 modiﬁcare
2517 2793 2790 2864 dignetur,
2819 2802 2879 2848 ut
2927 2791 3159 2859 homini,
3212 2808 3374 2863 quem
3427 2792 3734 2862 gloriﬁcare

2146 2881 2436 2954 disposuit,
2468 2899 2574 2938 non
2605 2886 2677 2939 sit
2714 2899 2781 2940 ex
2821 2892 2932 2939 toto
2968 2885 3209 2956 indigna,
3239 2899 3342 2940 nec
3388 2884 3524 2939 mihi
3562 2894 3733 2939 trans-

2151 2976 2448 3046 gressionis
2490 2991 2677 3032 causa.
2710 2976 2791 3031 Ad
2841 2992 3002 3047 quam
3048 2976 3299 3032 videlicet
3346 2975 3736 3047 transgressio-

2152 3082 2275 3123 nem
2315 3068 2666 3133 evadendam,
2696 3068 2978 3132 nonnulla,
3002 3069 3070 3124 de
3110 3069 3308 3139 quibus
3342 3079 3396 3124 tu
3442 3069 3590 3124 forte
3615 3084 3736 3124 cau-

2153 3157 2381 3226 saberis,
2409 3167 2706 3228 praetereo;
2737 3157 2851 3213 sola
2879 3158 2967 3213 illa
2995 3174 3116 3228 quae
3155 3159 3290 3214 mihi
3334 3171 3464 3215 sunt
3499 3160 3732 3231 vulgata,

2151 3265 2273 3306 cum
2320 3257 2375 3305 et
2420 3258 2474 3304 tu
2518 3264 2701 3305 coram
2740 3252 2959 3307 adesses
3041 3251 3207 3308 certis
3252 3255 3576 3311 auctoribus
3609 3269 3734 3312 con-

2152 3349 2361 3398 texens.
2390 3338 2542 3396 Vale.

1823 3637 2395 3717 PBJEFATIO.

1965 3812 2253 3831 ..ι’-1

538 3938 785 4010 Plerique
840 3940 1112 3998 dubitare'
1137 3944 1336 4013 solent,
1367 3953 1551 4001 utrum
1596 3959 1727 3999 vera
1774 3944 1882 3999 sint
1930 3958 2049 4013 quae
2080 3957 2124 4017 Β
2153 3959 2273 3998 mus
2303 3943 2757 4014 respondendum.
2782 3941 2918 3999 Nam
2942 3949 2997 4000 et
3023 3943 3144 4015 nos}
3162 3943 3366 3999 dudum
3414 3942 3601 3999 audita
3637 3942 3739 3998 mi-

468 4027 537 4085 de
574 4031 732 4086 beato
773 4029 1006 4087 Geraldo
1046 4033 1378 4090 referuntur.
1432 4035 1576 4091 Inter
1616 4050 1752 4106 quos
1801 4035 2043 4089 nonnulli

466 4122 684 4190 penitus
721 4138 829 4178 non
857 4138 1045 4179 verum
1072 4166 1086 4189 ,
1116 4125 1209 4180 sed
1232 4126 1633 4196 phantasticum
1680 4132 1890 4196 putant.
1941 4124 2047 4178 Alii

468 4225 685 4282 quoque
734 4212 882 4269 velut
912 4215 1292 4272 excusationes
1331 4216 1385 4270 in
1440 4216 1677 4287 peccatis
1721 4224 2047 4286 quaerentes,

469 4303 763 4360 indiscrete
810 4308 956 4363 hunc
999 4309 1287 4373 extollunt,
1317 4310 1560 4366 dicentes
1615 4309 1867 4365 videlicet
1920 4312 2048 4381 quia

476 4394 744 4452 Geraldus
769 4408 962 4468 potens
991 4409 1046 4454 et
1072 4402 1221 4457 dives
1252 4401 1376 4465 iuit,
1415 4410 1469 4456 et
1495 4418 1617 4457 cum
1659 4400 1870 4457 deliciis
1890 4402 2048 4468 vixit,

470 4497 527 4543 et
549 4488 735 4558 utique
761 4498 980 4547 sanctus
1019 4501 1121 4546 est.
1160 4492 1262 4559 Qui
1294 4495 1549 4548 nimirum
1580 4509 1732 4549 suam
1766 4493 2048 4565 voluptuo-

471 4593 588 4633 sam
645 4578 811 4634 vitam
858 4580 974 4650 ejus
1022 4582 1269 4637 nituntur
1314 4585 1561 4656 exemplo
1606 4601 1890 4641 excusare.
1952 4584 2049 4641 llis

470 4684 603 4742 ergo
638 4672 795 4728 nobis
832 4673 1009 4728 visum
1055 4683 1141 4729 est
1189 4675 1609 4748 aliquantulum,
1660 4686 1820 4748 prout
1855 4692 2049 4747 possu-

2151 4034 2460 4090 raculorum
2492 4034 2653 4100 fama,
2682 4035 3032 4090 nihilominus
3071 4035 3140 4090 de
3194 4036 3281 4090 bis
3320 4035 3741 4090 dubitabamus:

2151 4128 2221 4184 ob
2269 4128 2372 4183 hoc
2412 4128 2647 4183 maxime
2670 4127 2812 4197 quod
2841 4128 2892 4182 in
2923 4127 3241 4197 quibusdam
3271 4127 3408 4184 locis
3435 4130 3619 4184 nescio
3647 4143 3740 4198 per

2151 4234 2292 4289 quos
2346 4233 2592 4273 rumores
2648 4217 2826 4272 solent
2871 4218 3119 4289 vulgares
3176 4228 3478 4274 conventus
3532 4220 3740 4273 noviter

2152 4311 2289 4376 ﬁeri,
2337 4310 2701 4380 paulatimque
2740 4310 2887 4366 velut
2911 4325 2998 4366 res
3028 4324 3162 4365 vana
3189 4311 3414 4365 cessari.
3465 4308 3576 4366 Sed
3620 4325 3738 4365 cum

2152 4415 2316 4456 causa
2341 4401 2615 4457 insisteret
2637 4401 2774 4474 (75),
2803 4410 2862 4456 ut
2887 4401 3190 4457 Tutelensis
3215 4400 3451 4456 cocnobii
3484 4400 3736 4456 fratemi'o

2150 4501 2316 4549 latent
2363 4493 2752 4561 inviseremus,
2793 4493 2859 4547 ad
2901 4493 3203 4565 sepulcrum
3248 4492 3419 4563 ipsius
3463 4492 3739 4547 intendere

2149 4571 2526 4638 libuit.'Tunc
2572 4597 2702 4638 vero
2741 4583 2932 4638 accitis
2968 4592 3201 4654 quatuor
3228 4598 3298 4637 ex
3328 4582 3437 4646 his,
3468 4596 3605 4651 quos
3631 4581 3741 4650 ipse

2149 4677 2441 4743 nutrierat,
2469 4675 2689 4747 Hugone
2718 4675 2966 4731 videlicet
2993 4674 3279 4740 monacho,
3317 4672 3632 4729 Hildeberto
3658 4687 3738 4727 sa-

545 4824 657 4907 (7_2)
688 4824 890 4907 Damno
920 4827 1144 4907 Aymoui
1170 4829 1364 4885 abbati.
1412 4829 1609 4907 Sancti
1638 4828 1908 4907 Martialis
1956 4828 2059 4907 Le-
2165 4828 2381 4907 geraldi
2407 4829 2724 4907 composuit,
2755 4837 2811 4883 et
2835 4827 3031 4907 librum
3045 4824 3132 4907 Pe
3153 4823 3464 4907 Contempla
3487 4825 3691 4907 ηικηέὶ.
3712 4841 3733 4874 ι

475 4897 821 4957 movicensis,
849 4912 956 4966 quo
987 4900 1250 4956 suadente
1300 4910 1519 4955 sanctus
1571 4899 1688 4953 0do
1739 4900 1934 4954 librum
1987 4900 2056 4954 de

474 4967 885 5022 converSatione
927 4976 981 5022 et
1026 4968 1303 5025 miraculis
1359 4969 1500 5023 beati
1557 4968 1794 5032 Geraldi,
1842 4971 2056 5024 comitis

474 5034 864 5109 Auriliacensis
894 5038 1136 5109 scribere
1157 5054 1443 5109 aggressus
1464 5049 1568 5093 est.
1609 5036 1700 5109 Sic
1727 5040 1869 5093 enim
1898 5040 2055 5095 chro-

477 5106 690 5175 nologia
722 5105 1487 5163 Lemovicensium'abbatum
1530 5126 1544 5162 :
1581 5128 1599 5158 ς
1630 5108 1866 5164 Octavus
1886 5111 2054 5165 abbas

478 5176 651 5245 Aymo
686 5177 904 5245 praal'uit
929 5179 1087 5233 anuis
1113 5193 1188 5241 vr,
1211 5178 1345 5231 obiit
1376 5178 1512 5245 Non.
1545 5177 1690 5232 Maii.
1743 5178 1841 5235 llic
1867 5180 2054 5235 amici-

481 5242 609 5313 tiam
640 5242 831 5301 habuit
855 5263 977 5302 eum
1007 5257 1193 5301 sancto
1221 5246 1408 5302 Odcne
1454 5242 1794 5302 Cluniacensi
1837 5250 2053 5313 abbate,

479 5314 566 5360 cui
593 5312 750 5360 iussit
777 5318 938 5360 ριιριιρ
962 5318 1133 5360 Vilnm
1165 5317 1334 5360 sanmi
1360 5317 1594 5360 (Im-aldi-
1647 5337 1664 5360 ι
1712 5318 1914 5360 'l‘nrnin
1944 5312 2057 5360 civi:

2164 4898 2324 4965 Nam,
2366 4909 2423 4954 ut
2450 4893 2624 4971 inquit
2654 4901 2767 4971 ipse.
2794 4906 3015 4971 sanctus
3041 4896 3176 4960 Odo,
3209 4914 3228 4946 ‹
3264 4905 3319 4949 et
3345 4897 3577 4971 domnus
3606 4893 3739 4971 :I'ur-

2162 4973 2252 5040 pio
2280 4965 3071 5041 episcOpu's,‘et‘dilectissimus
3095 4980 3158 5020 ac
3193 4965 3525 5041 venerabilis
3573 4965 3737 5018 abbas

2159 5034 2675 5112 Aymomummaliis
2726 5036 3131 5112 quampluribus
3187 5034 3354 5088 multa
3407 5035 3461 5088 vi
3518 5047 3736 5105 precum

2161 5107 2643 5180 coegeruutjllum
2680 5116 2740 5180 ut
2769 5107 2882 5159 luec
2913 5108 3315 5180 aggrederetur.
3356 5122 3376 5155 ι

2237 5172 2349 5253 (75)
2377 5177 2441 5233 Ut
2471 5176 2757 5253 Tutglensis
2779 5172 3421 5253 cmuobiifraiernitalem:
3438 5172 3736 5253 Mpnuimns

2157 5243 2270 5321 jam
2296 5243 2536 5307 sanctum
2563 5247 2799 5321 Odonem
2818 5244 3064 5321 abbatige
3090 5243 3389 5321 Tutelensis
3409 5246 3463 5298 in
3486 5245 3735 5321 [.emori-

2168 5313 2292 5360 'nhm
2323 5334 2506 5360 nnmm
2534 5317 2779 5360 σρςςίςςρ,
2818 5315 2987 5360 Daca-1
3017 5313 3453 5360 Martvmlnnium
3494 5313 3720 5360 Lemovi-
