3964 5360
204 306 288 363 Ml
935 303 1022 359 DE
1062 301 1222 359 VlTA
1262 300 1321 357 S.
1363 301 1661 359 GEllALDl
1696 300 1970 358 COMITIS
2009 301 2351 361 AURILIAC.
2387 336 2457 348 —
2488 307 2618 368 LIB.
2657 308 2696 364 1.

3345 307 3449 365 643

198 421 409 485 c‘erdote,
439 418 678 476 Witardo
713 431 948 489 quoque,
989 425 1046 472 et
1076 416 1182 472 alio
1209 394 1522 471 llildeberto
1562 413 1757 471 nobili-
1785 419 1830 475 Α
1862 402 2066 471 mulum
2114 433 2295 486 suum,
2327 434 2486 490 quem
2516 420 2568 474 in
2596 421 2749 476 caelis
2795 388 3127 486 remunerat,
3170 422 3332 479 etiam
3394 421 3446 475 in

195 517 284 571 bus
310 513 470 576 laicis,
499 513 589 567 sed
614 522 667 566 et
688 511 808 580 aliis
834 494 1262 580 quampluribus,
1304 510 1372 563 de
1408 507 1650 563 moribus
1699 515 1753 561 et

194 603 431 675 qualitate
476 603 597 657 vitae
643 600 759 670 ejus
809 602 1070 656 hactenus
1125 599 1571 669 disquisivimus:
1611 611 1755 652 nunc

193 694 352 758 simul,
383 710 518 748 nunc
543 695 812 760 semotim,
851 694 978 764 quid
1031 692 1223 763 singuli
1268 692 1530 756 dicerent,
1576 690 1662 747 vel
1705 689 1753 746 si

193 789 240 842 in
275 785 490 840 dicendo
530 786 629 840 sibi
663 786 1075 847 concortlarent,
1112 783 1358 839 certatim
1399 783 1749 852 inspeximus,

192 877 332 931 tacite
353 878 732 946 expendentes,
763 878 810 932 si
855 876 977 932 talis
1004 876 1114 930 vita
1137 874 1256 943 ejus
1281 884 1444 940 esset,
1482 873 1569 930 cui
1612 872 1752 929 forte

191 967 424 1021 miracula
464 969 864 1023 convenissent.
928 967 1217 1037 Comperto
1243 976 1422 1022 autem
1459 982 1620 1037 quam
1667 980 1753 1020 re-

188 1058 355 1127 ligiose
394 1058 607 1123 vixerit,
667 1066 721 1111 et
766 1058 909 1128 quod
950 1058 1091 1111 hunc
1143 1056 1281 1111 Deus
1329 1057 1384 1110 in
1432 1070 1529 1110 sua
1578 1056 1752 1124 gratia

186 1150 405 1218 pluribus
430 1149 646 1204 iudiciis
674 1164 796 1205 esse
830 1149 1235 1215 monstraverit,
1255 1148 1365 1218 jam
1388 1147 1455 1201 de
1479 1147 1595 1217 ejus
1621 1162 1749 1202 sau-

187 1240 350 1294 ctitate
385 1238 630 1293 dubitare
672 1239 1028 1309 nequivimus.
1085 1237 1251 1308 Magis
1294 1236 1576 1301 miramur,
1607 1235 1750 1305 quod

186 1328 234 1382 iu
263 1329 354 1382 hac
381 1336 559 1382 nostra
581 1337 763 1394 aetate,
789 1344 911 1383 cum
931 1328 1043 1397 jam
1075 1328 1314 1382 charitas
1354 1342 1491 1397 pene
1528 1334 1639 1381 tota
1669 1342 1750 1382 re-

188 1417 421 1487 frigescit,
470 1418 708 1473 instante
757 1417 1064 1472 antichristi
1117 1425 1396 1485 tempore,
1437 1424 1748 1471 sanctorum

184 1509 418 1566 miracula
448 1523 663 1564 cessare
686 1507 898 1564 debeat:
962 1507 1067 1562 Sed
1096 1507 1350 1562 nimirum
1379 1522 1490 1562 sua:
1518 1508 1750 1577 promis—

183 1604 332 1658 siouis
350 1611 429 1657 est
452 1616 679 1666 memor,
712 1600 837 1670 quia
869 1614 965 1670 per
996 1597 1284 1653 Jeremiam
1312 1598 1443 1654 dicit
1472 1617 1485 1653 :
1513 1598 1636 1653 Non
1658 1600 1750 1654 de-

182 1697 331 1749 sinam
352 1693 647 1763 benefacere
666 1691 856 1763 papula
877 1708 989 1746 meo
1013 1690 1146 1763 (Jer.
1177 1707 1348 1758 xxxii,
1379 1692 1491 1761 40).
1546 1694 1619 1749 De
1647 1693 1748 1748 hoc

1858 506 2036 571 terris,
2087 522 2269 563 coram
2302 508 2427 565 “suis
2463 512 2925 580 contemptoribus
2967 513 3170 569 exultat
3204 531 3217 566 :
3254 520 3313 567 ut
3349 528 3448 583 per

1855 596 1958 651 hoc
1994 599 2137 667 quod
2181 598 2314 654 foris
2354 600 2551 669 agitur,
2580 601 2804 657 interius
2826 601 2921 658 Dei
2948 612 3350 673 contemptores
3374 602 3448 657 vi-

1854 688 2038 754 deant,
2066 690 2192 759 quia
2226 705 2396 746 vanus
2423 706 2526 747 non
2569 702 2652 748 est
2681 696 2771 764 qui
2803 696 2971 750 servit
3007 695 3143 760 Deo,
3185 696 3278 751 sed
3307 696 3448 751 sicut

1854 780 1969 850 ipse
1998 791 2246 848 testatur,
2275 784 2367 851 qui
2395 785 2695 855 gloriﬁcant
2717 803 2861 853 eum,
2890 789 3211 857 gloriﬁcabit
3239 805 3349 847 eos.
3392 797 3449 845 et

1851 872 1942 939 qui
1975 882 2324 928 contemnunt
2352 889 2496 939 eum,
2527 876 2669 929 eruit
2698 876 2977 947 ignobiles.
3027 879 3293 946 Quoniam
3317 895 3449 934 vero

1854 962 1996 1017 hunc
2040 962 2133 1017 Dei
2184 965 2455 1020 hominem
2505 966 2558 1020 in
2614 968 2862 1037 exemplo
2897 971 3208 1039 potentibus
3261 972 3446 1026 datum

1852 1052 2143 1116 credimus,
2177 1054 2406 1109 viderint
2446 1056 2542 1125 ipsi
2567 1057 2799 1126 qualiter
2821 1074 2966 1124 eum,
2991 1061 3130 1115 sicut
3173 1076 3204 1115 e
3245 1061 3443 1125 vicino,

1851 1152 1908 1196 et
1943 1143 2149 1199 dersuo
2177 1146 2367 1200 ordine
2400 1147 2499 1201 sibi
2539 1148 2816 1217 praelatum
2849 1149 3128 1205 imitentur
3165 1168 3179 1205 :
3212 1167 3278 1205 ne
3307 1149 3445 1239 fqrte

1850 1233 1990 1288 sicut
2018 1234 2205 1305 regina
2234 1235 2419 1290 Austri
2444 1236 2681 1303 Judteos,
2714 1239 2793 1293 sie
2820 1240 2922 1295 iste
2973 1241 3025 1294 iu
3062 1240 3269 1309 judicio
3314 1233 3446 1295 con-

1850 1323 2066 1381 demnct
2105 1340 2219 1381 eos.
2269 1325 2378 1382 Nos
2416 1337 2596 1382 autem
2631 1330 2698 1384 de
2723 1330 2841 1400 ejus
2867 1331 3075 1386 actibus
3103 1331 3443 1387 occasionem

1851 1422 2150 1480 sumentes,
2173 1415 2374 1486 aliquid
2399 1418 2462 1471 ad
2485 1419 2702 1473 eosdem
2727 1428 2977 1489 potentes
2996 1424 3441 1490 commonendos,

1850 1505 1940 1559 ubi
1973 1519 2032 1561 se
2060 1508 2437 1576 Opportunitas
2471 1510 2759 1580 praebuerit
2778 1553 2792 1574 ,
2820 1512 2961 1568 sicut
2988 1514 3241 1585 rogastis,
3271 1528 3443 1569 anue-

1850 1596 2065 1652 ctimus.
2119 1598 2394 1667 Siquidem
2445 1609 2499 1654 et
2545 1602 2775 1657 domnus
2820 1603 3024 1673 Turpio
3050 1606 3358 1675 episcopus,
3388 1615 3445 1661 et

1852 1686 2234 1744 dilectissimus
2278 1690 2408 1745 mihi
2452 1708 2515 1747 ac
2541 1694 2863 1750 venerabilis
2895 1696 3064 1751 abbas
3097 1696 3288 1767 Aymo,
3320 1713 3443 1752 cum

183 1796 341 1841 autem
377 1784 489 1853 ejus
517 1784 800 1839 benefacto
830 1792 1055 1839 testatur
1077 1783 1388 1852 Apostolus,
1411 1784 1595 1839 dicens
1623 1785 1750 1855 quia
1781 1764 1826 1824 Β
1853 1775 1975 1831 aliis
2017 1779 2425 1850 quampluribus
2464 1782 2629 1837 mlllla
2663 1785 2709 1838 Vi
2747 1801 2965 1854 PIT-cum
3006 1800 3092 1841 Ille
3125 1764 3440 1859 coegerunt.

182 1876 306 1932 Deus
342 1877 392 1931 iu
432 1877 578 1933 nullo
623 1877 822 1933 saeculo
875 1876 993 1933 sine
1043 1877 1351 1932 testimonio
1398 1878 1747 1947 semetipsum

181 1968 488 2038 relinquens,
531 1968 877 2025 bcnefaciens
914 1966 1077 2022 corda
1110 1968 1386 2022 hominum
1426 1967 1612 2022 laetitia
1644 1969 1746 2023 im-

181 2058 291 2128 plet.
342 2059 395 2113 Si
417 2075 545 2131 ergo
572 2061 768 2116 divina:
796 2060 1111 2127 benignitati
1150 2058 1268 2130 ejus
1307 2060 1503 2129 placet,
1553 2069 1612 2115 ut
1654 2064 1747 2130 qui

180 2149 290 2204 fecit
316 2165 431 2205 cum
463 2152 708 2221 patribus
745 2152 1040 2217 mirabilia,
1076 2153 1275 2207 nostris
1303 2167 1519 2221 quoque
1545 2152 1748 2223 gloriﬁ-

179 2248 313 2293 cetur
345 2241 696 2310 temporibus,
729 2241 984 2297 increduli
1035 2257 1377 2312 nequaquam
1416 2257 1538 2296 esse
1579 2243 1745 2299 debe-

178 2346 303 2385 mus.
347 2331 495 2399 Quod
555 2343 737 2387 autcm
778 2342 832 2388 et
866 2334 919 2388 iu
970 2334 1073 2388 isto
1105 2343 1363 2403 tempore,
1403 2345 1457 2389 et
1486 2349 1582 2403 per
1628 2349 1744 2389 mo-

177 2419 385 2476 deruum
432 2422 706 2479 ltomiuem
731 2425 845 2479 haec
872 2424 1048 2479 divina
1094 2424 1609 2495 dispensatiogerit,
1644 2423 1747 2480 hoc

178 2513 408 2567 nimirum
437 2529 558 2570 esse
585 2515 815 2581 videtur,
866 2515 991 2584 quia
1036 2513 1151 2582 jam
1190 2522 1381 2570 cuncta
1431 2522 1744 2570 sanctorqu

176 2615 305 2661 retro
323 2607 457 2663 facta
485 2607 574 2663 vel
602 2607 767 2674 dicta,
796 2606 948 2678 quasi
975 2615 1219 2661 mortuus
1249 2622 1278 2660 a
1306 2607 1470 2661 corde
1497 2621 1743 2662 recesse-

176 2704 301 2751 runt.
353 2698 418 2752 Et
456 2714 583 2753 cum
623 2698 705 2751 vir
733 2697 836 2751 iste
862 2697 1094 2762 Domini,
1131 2696 1273 2750 sicut
1316 2696 1368 2750 in
1412 2696 1603 2750 diebus
1632 2695 1743 2751 Noe

172 2797 393 2856 repertus
441 2794 572 2855 est,
623 2789 714 2859 qui
771 2789 1064 2843 secundum
1111 2788 1279 2860 legem
1327 2788 1542 2853 vixerit,
1599 2790 1743 2844 hunc

170 2875 327 2946 ipsum
368 2879 511 2935 Deus
556 2881 620 2935 ad
666 2879 1030 2935 testimonium
1067 2880 1400 2935 intuentibus
1432 2879 1645 2951 ingerit,
1682 2889 1740 2934 ut

169 2971 393 3029 videntes
425 2974 571 3045 quod
600 2972 746 3042 juste
790 2984 844 3029 et
891 2975 977 3045 pie
1003 2974 1220 3039 vixerit,
1247 2975 1312 3028 ad
1341 2975 1457 3046 ejus
1484 2973 1743 3029 imitatio«

169 3076 299 3129 nem,
326 3073 579 3136 tanquam
612 3067 677 3121 de
709 3065 953 3136 proximo
992 3066 1421 3136 reSplendentem
1450 3066 1596 3121 acies
1620 3081 1740 3121 cor-

1852 1876 1909 1924 ut
1936 1869 2054 1925 haec
2076 1872 2418 1942 aggrederer.
2462 1873 2593 1928 Cum
2620 1875 2835 1945 quidem
2860 1892 3042 1932 veram
3074 1878 3281 1933 inertia:
3305 1894 3443 1949 pra)-

1852 1963 2144 2017 teudissem
2174 1965 2602 2030 excusationem,
2637 1965 2776 2021 male
2816 1981 2876 2021 se
2914 1968 3187 2034 dixerunt,
3228 1984 3287 2024 ιιι
3326 1971 3444 2025 haec

1850 2056 2089 2125 aggressi
2118 2057 2297 2126 potius
2323 2058 2461 2128 stylo
2490 2058 2863 2127 proderentur.
2895 2059 2966 2114 At
2988 2074 3088 2131 ego
3106 2069 3444 2132 perpendens

1847 2147 1991 2216 quod
2038 2147 2224 2202 humili
2266 2164 2481 2219 quoque
2512 2148 2714 2203 homini
2757 2165 3013 2221 pomposa
3044 2152 3235 2208 relatio
3266 2153 3445 2208 minus

1847 2248 2130 2308 congruat,
2176 2238 2331 2293 lidetu
2364 2254 2494 2294 vero
2523 2240 2682 2295 dictis
2714 2242 2929 2296 testium
2958 2242 3197 2298 adhibui.
3241 2242 3344 2313 Qui
3371 2244 3445 2298 si-

1846 2341 1949 2398 gna
1981 2328 2199 2398 quidem
2228 2344 2348 2401 qua:
2384 2330 2573 2403 vulgus
2618 2332 2798 2402 magni
2846 2334 3063 2403 pendet,
3115 2350 3221 2389 non
3273 2335 3440 2391 multa

1847 2419 2180 2484 retulerunt,
2227 2421 2321 2475 sed
2376 2420 2775 2491 discipliuatum
2822 2422 3033 2478 vivendi
3083 2425 3334 2491 mudutu,
3384 2432 3444 2480 ct

1842 2524 2006 2581 Opera
2054 2511 2438 2566 misericordia:
2483 2528 2604 2582 quae
2657 2512 2768 2568 Deo
2831 2514 3002 2585 magis
3054 2515 3290 2584 placent,
3333 2532 3441 2572 nou

1845 2616 2036 2670 pauca.
2101 2602 2234 2656 Nam
2266 2602 2379 2658 [lex
2426 2603 2480 2659 in
2514 2604 2720 2674 judicio
2757 2607 2943 2661 multis
2967 2607 3057 2676 qui
3089 2609 3444 2678 prophetam.

1846 2702 1990 2758 runt,
2035 2703 2087 2746 et
2132 2694 2318 2748 multis
2364 2695 2455 2765 qui
2506 2688 2667 2765 digna
2706 2694 2967 2760 fecerunt,
2995 2696 3163 2756 dicet
3195 2715 3208 2751 :
3244 2682 3441 2752 Nesrio

1843 2799 1933 2837 vos
1958 2783 2174 2852 (Matth.
2204 2800 2328 2850 xxv,
2368 2785 2478 2855 12).
2525 2785 2627 2857 Qui
2670 2786 3081 2856 verojustitiam
3122 2798 3439 2859 operantur,

1845 2874 1897 2937 in
1934 2890 2040 2945 qua
2079 2875 2345 2932 Geraldus
2383 2892 2545 2947 quam
2592 2879 2828 2933 maxime
2876 2879 3144 2946 excrevit,
3205 2880 3441 2937 audituri

1841 2975 1967 3021 sunt
1996 2982 2011 3021 :
2050 2966 2249 3034 Venite,
2283 2968 2537 3024 benedicti
2576 2971 2755 3026 Patris
2784 2973 2885 3026 mei
2921 2972 3131 3040 (Matth.
3166 2990 3291 3039 xxv,
3323 2973 3437 3044 54).

1842 3057 1911 3112 Et
1956 3074 2149 3143 revera
2181 3059 2361 3131 qualia
2397 3068 2527 3115 sunt
2551 3072 2699 3138 gesta
2731 3079 2827 3133 per
2855 3079 2975 3138 quae
3002 3063 3124 3131 Joh,
3152 3064 3344 3132 David,
3386 3076 3442 3120 et

169 3155 242 3211 dis
264 3156 486 3227 evigilct.
548 3156 656 3213 Nec
680 3157 1022 3213 observantia
1047 3157 1420 3213 mandatorum
1444 3158 1536 3212 Dei
1561 3158 1741 3227 gravis
1768 3117 1810 3175 Ε
1845 3148 2062 3216 Τοϋίαε,
2104 3158 2158 3205 οι
2203 3151 2295 3206 alii
2338 3117 2685 3222 quanipl‘t’tres
2722 3153 3137 3221 heatilicantur,
3185 3171 3290 3211 non
3340 3157 3443 3211 ista

170 3256 251 3300 aut
272 3248 608 3318 impossibilis
634 3249 953 3313 wStimetur,
999 3249 1254 3321 quoniam
1294 3248 1509 3319 quidem
1552 3248 1669 3303 haec
1710 3262 1740 3302 a

167 3335 289 3395 laico
311 3349 363 3394 et
384 3351 604 3410 potente
627 3340 843 3395 homine
866 3341 1149 3396 observata
1179 3341 1409 3395 videtur.
1465 3339 1608 3395 Nihil
1637 3355 1736 3393 au-

169 3434 263 3481 tem
310 3431 508 3486 mentis
551 3430 820 3501 ignaviam
866 3430 1104 3485 deterius
1160 3431 1367 3495 nutrit,
1424 3445 1585 3500 quam
1635 3431 1741 3485 hoc

144 3519 294 3587 quod
321 3520 444 3575 boui
481 3521 567 3576 vel
599 3522 725 3576 mali
753 3522 930 3597 operis
959 3521 1265 3586 retributio,
1293 3536 1413 3591 qua:
1446 3532 1570 3590 post
1599 3519 1738 3574 hanc

166 3609 317 3664 vitam
338 3621 529 3678 restat,
553 3613 605 3666 in
632 3611 883 3682 praesenti
911 3627 1015 3667 non
1042 3613 1388 3682 recogitatur.
1426 3610 1563 3684 Quo
1602 3623 1736 3663 con-

166 3708 237 3754 tra
267 3713 441 3759 monet
478 3720 577 3761 nos
600 3704 906 3777 Scriptura,
936 3713 996 3760 ut
1020 3705 1073 3759 in
1094 3705 1343 3759 omnibus
1363 3705 1616 3774 operibus
1638 3717 1738 3757 no-

163 3793 282 3848 stris
317 3810 678 3853 memoremus
715 3797 1009 3853 novissima
1039 3805 1243 3853 nostra.
1302 3797 1443 3851 Deus
1473 3795 1634 3867 igitur
1658 3797 1739 3855 fa-

1843 3256 1963 3312 qure
1987 3240 2249 3296 Geraldus
2287 3241 2462 3315 egisse
2491 3242 2891 3311 comprobatur.
2926 3244 3021 3299 llis
3050 3261 3181 3317 ergo
3208 3247 3280 3301 ita
3308 3261 3411 3301 con

1841 3333 2115 3397 sideralis,
2146 3332 2368 3388 credere
2392 3333 2519 3387 tuihi
2547 3348 2862 3403 persuasum
2886 3345 2989 3402 est,
3012 3339 3154 3406 quod
3176 3336 3442 3398 Geraldus

1841 3434 2154 3479 Sanctorum
2181 3425 2455 3480 consortio
2480 3425 2675 3496 dignus
2700 3426 2788 3490 sit,
2824 3440 2919 3496 per
2942 3441 3101 3497 quem
3128 3428 3293 3482 etiam
3325 3442 3440 3482 ρων

1839 3514 1992 3570 leStis
2024 3524 2397 3593 rempuerator
2438 3515 2698 3569 miracula
2746 3517 2997 3586 dignetur
3040 3517 3273 3588 operari.
3332 3516 3440 3572 Sed

1847 3608 1984 3661 hanc
2012 3605 2401 3677 apologeticam
2429 3606 2796 3676 pratfationem
2827 3616 3093 3672 texentes,
3119 3608 3207 3662 diu
3235 3606 3436 3672 locuti;

1838 3702 1952 3773 jam
2008 3701 2074 3754 ad
2139 3700 2354 3754 initium
2410 3699 2663 3770 loquendi
2723 3699 2776 3754 itt
2842 3697 3042 3754 Christi
3089 3697 3309 3753 nomine
3348 3712 3440 3754 vc.

1846 3795 2078 3851 uiamus.

788 3946 3422 3971 Μ

1426 4057 1731 4138 LIBER
1790 4060 2205 4140 PRIMUS.

225 4323 263 4378 l.
290 4323 387 4380 Vir
416 4325 580 4397 igitur
606 4321 818 4379 Domini
853 4322 1115 4379 Geraldus
1143 4338 1204 4377 ea
1246 4331 1399 4394 parte
1423 4320 1738 4389 Galliarum,
1771 4325 1820 4386 D
1848 4331 1956 4379 tam
1981 4325 2165 4388 rebus,
2204 4337 2367 4395 quam
2402 4323 2669 4396 probitate
2693 4340 2927 4392 morum,
2949 4326 3265 4399 generosior
3283 4327 3437 4385 vide-

161 4431 271 4486 qua:
295 4419 360 4473 ab
384 4418 622 4489 antiquis
652 4415 853 4473 Celtica
882 4425 1122 4479 vocatur,
1151 4416 1411 4471 oriundus
1442 4414 1573 4481 fuit;
1625 4423 1735 4469 ter-

160 4510 341 4566 vitorio
368 4510 634 4577 videlicet,
677 4508 821 4579 quod
858 4518 943 4564 est
980 4508 1307 4564 Arveruensi
1353 4516 1514 4577 atque
1545 4506 1736 4562 Catur-

160 4601 317 4667 censi,
350 4616 452 4657 nec
477 4616 582 4656 non
603 4601 764 4656 etiam
788 4599 1029 4655 Albiensi
1053 4599 1447 4655 conterminum
1472 4598 1608 4669 (74),
1639 4612 1739 4669 op-

159 4687 276 4755 pido
304 4689 387 4746 vel
418 4690 539 4745 villa
572 4688 879 4753 Aureliaco.
924 4695 1077 4758 patre
1112 4687 1362 4753 Geraldo,
1409 4696 1581 4743 matre
1607 4702 1737 4744 vero

160 4778 444 4835 Adaltrude
461 4779 789 4851 progenitus.
820 4778 1013 4834 Carnis
1039 4778 1319 4833 nobilitate
1338 4784 1446 4831 tam
1472 4776 1736 4832 excellen-

159 4874 238 4922 ter
256 4869 499 4936 illustris,
517 4880 574 4924 ut
591 4871 731 4925 inter
750 4869 1054 4925 Gallicanas
1076 4868 1309 4923 familias
1330 4866 1448 4938 ejus
1467 4867 1739 4941 prosapia,

229 4979 339 5051 (74)
378 4978 580 5051 Oppido
604 4980 680 5036 vel
718 4982 842 5037 villa
877 4981 1178 5038 Aureliam.
1212 4964 1745 5040 Castrrranurelia-

166 5051 476 5124 censedixit
499 5052 641 5124 infra
667 5067 786 5122 cap.
811 5051 1233 5124 59__hujus_libri,
1251 5062 1318 5124 Aet
1346 5070 1465 5124 cap.
1493 5056 1548 5119 4,
1568 5053 1659 5106 lib.
1678 5069 1742 5121 tt,

162 5119 486 5194 dureliacum
517 5119 1331 5194 insigne'prwdium._gceraldus
1373 5119 1498 5194 ipse
1556 5119 1744 5194 comes

161 5185 519 5266 elui-etiamm,
558 5185 856 5249 Gérbertus
900 5190 1231 5249 Aurilacum.
1286 5185 1456 5266 Vulgo
1493 5208 1596 5250 nos
1629 5192 1742 5246 Au-

1842 4425 2011 4471 retur.
2060 4414 2252 4470 Fertur
2288 4415 2433 4471 enim
2468 4416 2608 4486 quod
2634 4426 2886 4487 parentes
2933 4418 3075 4474 illius
3116 4419 3437 4475 modestiam

1842 4514 2005 4575 atque
2038 4504 2354 4576 religionem
2377 4504 2541 4560 veluti
2563 4507 2798 4575 quadam
2819 4506 3164 4563 hereditaria
3187 4508 3314 4562 dote
3334 4508 3439 4563 sibi

1843 4594 2131 4651 wnuerint.
2153 4593 2319 4667 Cujus
2337 4593 2415 4650 rei
2443 4595 2551 4651 duo
2576 4605 2741 4651 testes
2763 4612 2825 4650 ex
2858 4597 3046 4651 eadem
3071 4596 3241 4666 stirpe
3257 4610 3437 4651 emer-

1843 4693 2030 4757 gentes
2050 4683 2309 4750 existunt,
2341 4685 2408 4739 ad
2435 4684 2539 4743 hoc
2573 4687 2919 4742 astruendum
2939 4686 3261 4742 satisidonei
3282 4704 3294 4740 :
3313 4700 3442 4742 san-

1846 4782 1967 4830 ctus
1980 4773 2229 4831 videlicet
2246 4774 2360 4848 (75)
2373 4773 2644 4832 Caesarius
2664 4775 2999 4832 Arelatensis
3019 4776 3300 4846 episcopus
3324 4773 3440 4844 (76)

1846 4877 1903 4924 et
1935 4869 2126 4926 beatus
2153 4868 2384 4923 Aredius
2412 4869 2603 4925 abbas.
2651 4866 2719 4921 Et
2747 4866 2873 4935 quia
2902 4867 3160 4922 Dominus
3201 4864 3254 4923 in
3284 4878 3444 4934 gene.

1844 4981 2143 5040 Lerinense
2208 4986 2603 5039 monasterium
2666 4981 2989 5050 ingressus,
3045 4994 3111 5050 ex
3154 4980 3449 5050 monacho

1846 5054 2191 5122 postmodum
2233 5053 2306 5108 ibi
2355 5052 2535 5111 factus
2579 5059 2667 5106 est
2716 5046 3033 5122 abhaspet
3078 5046 3201 5102 inde
3228 5049 3451 5122 ttuidem

1841 5116 1965 5194 post
2001 5125 2061 5180 S.
2089 5123 2319 5194 Eouiyni
2351 5125 2421 5180 ad
2446 5120 2791 5180 Arelatensis
2831 5116 3086 5194 Ecclesiae
3111 5116 3452 5194 pontiﬁcium

1844 5185 2178 5263 assumptus.
2203 5191 2408 5265 Habuit
2455 5205 2512 5251 et
2558 5203 2808 5266 sorgrem
2840 5189 3074 5266 nomine
3123 5185 3450 5266 Caesariano,
