3964 5360
472 447 623 521 ωδ,

1437 442 1495 499 S.
1536 442 1788 500 ODONIS
1824 441 2116 498 ABBATIS
2166 440 2663 500 CLUNIACENSIS
2707 439 2754 498 Il

3644 447 3737 502 6H

472 564 683 622 ratione
700 563 867 635 justa,
905 560 1180 634 generatio
1206 575 1334 616 vero
1361 558 1580 615 Geraldi
1605 561 1962 630 qtuerentium
1980 570 2066 614 est
2092 559 2142 619 Α
2167 574 2356 613 vocem
2378 574 2539 628 quam
2564 560 2724 614 ambo
2750 558 3055 615 audierunt.
3073 557 3316 630 Cumque
3337 559 3574 625 attoniti,
3604 564 3740 630 quid-

472 654 756 709 Dominum
787 666 1160 723 :couseqnens
1205 660 1290 706 est
1331 658 1389 704 ut
1443 651 1723 721 generatio
1783 659 2056 705 rectorum

470 743 843 799 benedicatur.
879 744 1021 799 Sane
1044 752 1304 813 quantum
1332 742 1625 812 locupletes
1648 742 1807 798 iidem
1835 742 2057 806 fuerint,

470 832 556 886 vel
578 832 776 902 praedia
806 834 1090 903 mancipiis
1118 831 1313 886 referta
1362 840 1647 895 testantur,
1674 846 1795 900 qua:
1824 832 2060 886 circnm-

471 939 684 993 quaque
700 922 890 980 dill‘nsa
915 925 1090 979 eidem
1120 924 1352 980 Geraldo
1362 922 1486 992 jure
1509 924 1868 979 successionis
1896 923 2060 978 obve-

474 1023 692 1069 nerunt.
734 1015 838 1068 Sed
870 1014 1035 1070 decus
1080 1015 1277 1069 mentis
1307 1015 1447 1084 quod
1478 1029 1539 1068 ex
1592 1014 1904 1083 parentibus
1927 1014 2063 1067 hau-

473 1115 640 1169 serat,
676 1106 728 1160 in
752 1107 868 1175 ipso
907 1105 1277 1177 multipliciter
1324 1113 1538 1159 anetum
1564 1103 1789 1157 refulsit.
1817 1102 2060 1170 Quadam

472 1198 617 1261 enim
647 1201 818 1270 gratia
850 1199 1123 1268 genitores
1175 1195 1293 1265 ejus
1345 1195 1600 1249 clariores
1633 1202 1776 1260 sunt,
1821 1194 1909 1263 qui
1937 1209 2063 1264 pro-

472 1289 579 1346 lem
610 1300 717 1345 tam
746 1289 954 1345 felicem
980 1290 1199 1359 gignere
1230 1295 1560 1342 meruerunt.

546 1379 610 1435 ll.
652 1379 816 1435 Pater
850 1379 1049 1449 quippe
1097 1378 1264 1448 ipsius
1295 1378 1485 1449 in‘ipst
1527 1375 1776 1445 conjugio
1807 1390 1926 1430 sese
1948 1391 2064 1430 cas-

476 1469 673 1524 tificari
723 1442 1004 1539 tanto-pere,
1042 1442 1325 1530 studebat,
1350 1442 1656 1520 thesemoto
1690 1442 2004 1533 frequenter
2034 1479 2064 1517 τι

477 1558 704 1631 conjuge
756 1569 898 1623 toro,
937 1558 1082 1613 solus
1128 1557 1483 1621 acenbitaret,
1536 1556 1685 1610 velut
1714 1555 1780 1609 ad
1832 1563 2062 1623 tempus,

472 1650 627 1721 juxta
686 1651 1023 1722 Apostolum,
1076 1650 1314 1705 orationi
1361 1663 1583 1704 vacans.
1651 1647 1893 1714 Quadam
1940 1659 2068 1699 vero

478 1750 639 1797 nocte
669 1741 906 1796 monitus
939 1740 993 1795 in
1023 1740 1229 1796 somnis
1269 1740 1606 1810 perhibetur,
1645 1746 1912 1807 quatenus
1937 1750 2069 1790 nvo-

478 1847 593 1887 rem
642 1838 1014 1902 cognosceret,
1072 1829 1200 1899 quia
1257 1828 1428 1882 filium
1492 1836 1847 1899 generaturus
1903 1833 2065 1880 esset.

478 1924 646 1978 Aiunt
670 1924 810 1977 enim
836 1922 978 1991 quod
1007 1921 1057 1975 ei
1090 1921 1312 1975 missum
1335 1920 1425 1985 sit,
1453 1930 1511 1974 ut
1556 1919 1703 1973 illum
1733 1918 1949 1971 nomine
1969 1931 2068 1971 suo
2100 1909 2143 1969 B

480 2014 769 2069 Geraltium
801 2020 1041 2068 voearet.
1074 2012 1283 2065 Dictum
1317 2024 1534 2080 quoque
1564 2008 1819 2078 quoniam
1853 2006 2067 2061 futurus

481 2105 661 2176 magni
691 2105 870 2159 meriti
905 2102 1059 2157 foret.
1112 2101 1334 2156 Excitus
1381 2111 1561 2154 autem
1592 2098 2068 2169 eongratnlabalnr

481 2195 700 2251 visioni.
754 2194 956 2249 Dehinc
992 2194 1185 2247 iterum
1228 2199 1513 2260 soporatos
1564 2190 1848 2244 videbatur
1882 2189 1975 2252 illi,
2008 2198 2069 2242 ut

489 2286 556 2338 de
579 2283 773 2354 pollice
804 2283 953 2353 pedis
973 2280 1086 2351 ejus
1110 2281 1282 2335 dextri
1313 2280 1555 2349 qumdam
1584 2278 1790 2350 virgula
1817 2293 2068 2333 nascere-

487 2383 600 2440 tur,
622 2390 741 2445 quae
768 2373 1024 2443 paulatim
1083 2372 1134 2425 in
1173 2383 1420 2442 magnam
1455 2372 1705 2425 arborem
1760 2385 2069 2425 succresce-

483 2464 596 2529 bat,
648 2479 713 2519 ac
754 2464 982 2520 subinde
1028 2461 1305 2517 frondibus
1344 2461 1550 2516 diffusis
1589 2461 1880 2517 univcrsim
1923 2461 2068 2534 [sen-

484 2555 609 2628 sim]
641 2555 998 2626 spatiabatur.
1050 2554 1187 2608 Tmu
1220 2553 1304 2607 ille
1334 2554 1483 2624 quasi
1512 2555 1790 2624 operarios
1842 2571 2066 2622 voeans,

477 2643 702 2716 j‘nbcbat
743 2645 1016 2699 furearum
1065 2643 1149 2697 vel
1198 2642 1524 2712 perticarum
1581 2644 1907 2699 adminicula
1945 2660 2069 2716 sup-

484 2709 631 2805 poni.
659 2735 725 2789 Et
769 2750 891 2790 cum
917 2734 1003 2788 illa
1032 2734 1381 2788 vehementer
1418 2735 1817 2805 grandesceret,
1861 2736 2069 2792 nullum

487 2837 665 2881 tamen
683 2826 890 2896 pondus
908 2826 959 2879 in
976 2825 1166 2895 pollice
1189 2826 1472 2879 sentiebat.
1499 2825 1611 2897 (77)
1631 2824 1906 2896 Siquidem
1929 2844 2071 2881 som-

485 2918 698 2973 niorum
725 2918 959 2972 visiones
989 2932 1091 2971 non
1110 2931 1323 2985 semper
1338 2925 1463 2971 sunt
1492 2917 1696 2972 inanes.
1717 2916 1845 2989 Etjsi
1882 2934 2070 2973 somno

488 3012 623 3067 fides
674 3011 977 3066 adhibenda
1030 3019 1133 3075 est,
1174 3011 1387 3064 videtur
1413 3012 1527 3065 hate
1568 3011 1706 3065 visio
1736 3027 1917 3065 rerum
1938 3009 2069 3067 etl'e-

487 3103 597 3158 elui
640 3101 932 3156 convenire
964 3100 1287 3154 futurarum.
1322 3100 1582 3169 Cognovit
1616 3101 1797 3170 itaque
1826 3117 2069 3167 uxorem,

487 3209 608 3258 qure
632 3193 789 3263 juxta
826 3193 1134 3248 condictum
1164 3191 1388 3245 visionis
1416 3206 1637 3260 puerum
1668 3193 1937 3262 concepit.
1964 3192 2071 3247 Sed

2162 666 2289 704 nam
2320 660 2467 706 esset
2493 652 2959 722 obstupescerent,
2993 665 3168 721 neque
3198 653 3453 724 ignorare
3480 660 3737 720 poterant,

2161 742 2303 810 quod
2351 740 2439 797 illa
2487 757 2589 797 vox
2623 742 2677 796 in
2706 741 2829 797 alvo
2858 750 3049 797 matris
3095 745 3359 808 senuerit,
3412 753 3574 799 vocat
3604 756 3743 814 pater

2161 831 2575 895 cubicularium,
2626 839 2682 887 et
2727 846 2961 901 quonam
3006 832 3095 888 ille
3141 834 3355 903 vagitus
3400 835 3742 905 increpuerit,

2163 921 2405 976 adhibito
2427 921 2629 975 lumine
2650 921 2807 992 jubet
2844 921 3096 993 disquiri.
3124 923 3258 978 Cum
3290 924 3376 979 illa
3409 925 3618 980 nullum
3647 941 3744 979 ont-

2162 1010 2292 1065 nino
2322 1009 2586 1067 infantem
2633 1012 2846 1077 adesse,
2891 1013 2983 1081 qui
3010 1029 3197 1068 vocem
3229 1014 3373 1069 illam
3422 1016 3658 1070 ediderit
3686 1017 3747 1070 si-

2164 1098 2367 1153 militer
2386 1100 2619 1155 attonita
2648 1108 3065 1169 protestaretur,
3096 1101 3488 1158 infansiterum
3519 1105 3747 1159 sec-nmio

2164 1190 2362 1245 sonuit.
2393 1190 2460 1245 Et
2493 1200 2612 1260 post
2642 1191 2914 1246 modicum
2957 1191 3319 1257 intervallum,
3351 1195 3539 1252 sonuit
3588 1197 3743 1250 etiam

2167 1278 2347 1344 tertio,
2372 1279 2621 1334 videlicet
2656 1280 2798 1335 sicut
2822 1294 3011 1335 recens
3042 1292 3201 1337 natus
3234 1283 3422 1352 vagire
3460 1284 3621 1339 solet.
3654 1283 3749 1339 Ter

2168 1369 2331 1440 igitur
2383 1370 2436 1424 in
2481 1378 2673 1425 ventre
2716 1370 2911 1425 matris
2956 1371 3172 1426 auditus
3196 1381 3302 1434 est,
3332 1374 3479 1442 quod
3513 1372 3749 1443 profecto

2167 1468 2278 1514 tatu
2301 1460 2494 1514 mirum
2521 1469 2627 1525 est,
2653 1476 2814 1529 quam
2841 1470 2894 1515 et
2922 1470 3114 1516 contra
3144 1472 3354 1517 natura:
3381 1466 3607 1518 modum
3630 1480 3750 1518 Cou-

2168 1562 2279 1608 stat
2304 1553 2589 1609 accidisse.
2633 1554 2697 1608 Et
2722 1555 2849 1623 quia
2880 1569 2984 1609 non
3019 1570 3175 1619 casu,
3210 1556 3304 1610 sed
3333 1557 3657 1626 disponente
3678 1571 3753 1609 re-

2171 1660 2291 1699 rum
2315 1644 2628 1699 ordinatore
2659 1644 2769 1699 Deo
2818 1643 3021 1698 factum
3063 1653 3169 1709 est,
3205 1644 3346 1700 forte
3389 1661 3501 1701 vos.
3534 1647 3621 1699 illa
3647 1646 3751 1713 jam

2169 1740 2505 1812 prmsagabat
2532 1737 2957 1812 [praesagiebat],
2990 1740 3135 1808 quod
3165 1740 3216 1794 in
3249 1738 3411 1809 hujus
3462 1741 3753 1795 mortalita-

2173 1834 2246 1889 tis
2275 1833 2526 1889 clausura
2555 1831 2746 1888 vitales
2775 1843 2930 1887 actus
2962 1840 3081 1886 erat
3111 1831 3415 1886 habiturus.
3450 1829 3590 1885 Nam
3623 1832 3755 1886 sicut

2172 1935 2357 1995 partus
2387 1926 2439 1979 in
2468 1924 2590 1979 alvo
2616 1923 2807 1978 matris
2828 1922 3054 1994 degens,
3080 1922 3211 1977 vivit
3238 1923 3481 1992 quidem,
3508 1923 3605 1977 sed
3638 1921 3750 1975 nul-

2173 2015 2281 2069 lum
2308 2029 2527 2069 sensum
2558 2012 2742 2076 habet,
2772 2012 2852 2067 sic
2871 2026 3031 2066 onme
3058 2027 3229 2082 genus
3255 2012 3557 2066 humanum
3581 2011 3635 2064 in
3661 2011 3755 2065 hac

2170 2107 2281 2161 vita
2307 2115 2431 2175 post
2455 2114 2662 2159 reatum
2685 2104 2844 2172 primi
2873 2103 3127 2167 hominis,
3144 2103 3291 2156 velut
3312 2105 3459 2156 inter
3486 2103 3758 2172 angustias

2171 2197 2313 2252 uteri
2370 2195 2613 2250 clausum
2642 2202 2881 2259 tenetur,
2936 2193 3028 2247 ubi
3078 2192 3204 2246 licet
3245 2208 3342 2261 per
3387 2191 3554 2244 fidem
3595 2191 3758 2258 inspe

2170 2287 2353 2359 gloriae
2377 2285 2606 2340 filiorum
2634 2285 2727 2339 Dei
2746 2284 2911 2348 vivat,
2943 2292 3122 2339 tamen
3151 2283 3285 2336 nihil
3307 2282 3595 2352 spirituale
3616 2279 3755 2353 [seu-

2170 2375 2342 2447 suale]
2384 2375 2524 2431 sicut
2560 2384 2646 2429 est
2689 2374 2894 2439 videre,
2932 2389 3105 2444 neque
3158 2372 3456 2428 ellicaciam
3507 2388 3759 2428 sensuum

2171 2468 2384 2539 qualem
2446 2468 2658 2537 primus
2709 2465 2872 2520 homo
2919 2474 3045 2520 ante
3096 2478 3380 2535 peccatum
3428 2465 3644 2530 habuit,
3680 2463 3757 2518 ve’

2173 2559 2347 2615 sancti
2398 2566 2523 2627 post
2572 2557 2712 2611 hanc
2736 2556 2901 2610 vitam
2953 2555 3249 2625 accipiunt,
3296 2554 3614 2610 nullatenus
3659 2554 3759 2609 nisi

2173 2651 2445 2722 languide,
2474 2658 2528 2705 et
2551 2664 2693 2719 aegre
2726 2655 2960 2702 exercet.
2993 2646 3255 2701 Geraldus
3287 2646 3454 2716 igitur
3485 2647 3540 2699 in
3575 2646 3758 2699 matris

2171 2753 2328 2797 utero
2364 2741 2503 2795 bene
2550 2738 2754 2803 sonuit,
2781 2736 3035 2807 quoniam
3074 2734 3213 2788 ultra
3247 2749 3596 2789 communem
3635 2734 3758 2787 alio-

2171 2852 2291 2891 rum
2318 2835 2554 2905 vigorem
2595 2832 2649 2887 in
2682 2831 2785 2886 fide
2820 2838 3019 2884 sanctae
3053 2826 3334 2881 Trinitatis
3370 2839 3657 2888 exercens,
3694 2824 3760 2878 fc-

2172 2928 2328 2981 licem
2382 2925 2604 2987 fatuam,
2665 2938 2770 2993 qua
2816 2930 2936 2975 erat
2983 2921 3168 2973 orbem
3262 2916 3594 2986 repleturus,
3668 2929 3761 2983 per

2174 3017 2319 3072 illam
2357 3014 2601 3070 voeulam
2640 3011 2986 3085 significavit.

2242 3107 2329 3162 Ν.
2360 3106 2471 3179 (78)
2502 3105 2672 3160 Natus
2707 3119 2853 3169 vero,
2890 3111 2945 3158 et
2977 3101 3301 3167 ablactatus,
3329 3115 3453 3155 eum
3509 3100 3579 3154 ad
3619 3098 3757 3153 illam

2178 3199 2450 3255 aetatulam
2486 3197 2819 3267 pervenisset
2868 3196 2920 3250 in
2946 3210 3052 3265 qua
3079 3194 3213 3249 solet
3260 3194 3314 3248 in
3368 3192 3624 3262 parvulos
3651 3206 3759 3245 mo-

490 3285 722 3339 fortassc
775 3286 841 3339 de
888 3284 988 3337 hoc
1033 3283 1187 3353 quasi
1239 3284 1304 3337 de
1334 3283 1543 3337 somnio
1586 3283 1820 3338 dubitari
1870 3292 2068 3353 potest.
2100 3280 2144 3342 C
2178 3305 2296 3343 rum
2321 3286 2550 3358 qualitas
2587 3286 2880 3358 explorari,
2905 3285 3150 3355 quaedam
3196 3278 3426 3353 placens
3465 3282 3670 3337 indoles
3712 3282 3759 3335 in

488 3377 648 3432 Aliud
673 3387 784 3430 tum
812 3376 1032 3431 virtutis
1086 3376 1341 3430 indicium
1376 3375 1654 3431 evidenter
1682 3386 1926 3431 secutum
1963 3388 2063 3433 est.

562 3467 648 3522 ιιι.
689 3468 932 3522 Genitrix
961 3468 1078 3537 ejus
1128 3483 1250 3522 cum
1293 3476 1437 3522 esset
1474 3468 1650 3522 vicina
1683 3469 1880 3538 partui,
1928 3485 2071 3526 nono

492 3560 745 3615 videlicet
772 3560 859 3614 die
887 3560 1199 3630 priusquam
1247 3568 1582 3624 nasceretur,
1611 3559 1835 3630 contigit
1865 3568 1922 3614 ut
1945 3576 2069 3617 cum

496 3668 595 3707 suo
626 3652 743 3707 viro
766 3652 1006 3723 vigilanti
1051 3651 1280 3720 vigilans
1312 3651 1421 3719 ipsa
1450 3649 1681 3718 jaceret.
1715 3651 1781 3705 lit
1809 3654 1933 3707 dum
1980 3668 2072 3707 ne-

495 3744 608 3799 scio
642 3742 771 3812 quid
822 3742 1063 3797 vicissim
1119 3741 1635 3808 sermocinarcntur,
1668 3741 1849 3799 infans
1895 3745 2079 3800 emisit

496 3879 692 3935 Franc.
723 3891 842 3947 cap.
868 3891 993 3930 χιιι
1013 3916 1026 3940 ,
1061 3894 1079 3926 ι
1112 3891 1232 3947 non
1264 3875 1637 3947 mediocribus
1685 3876 1919 3945 regionis
1967 3893 2078 3937 sua:

495 3958 649 4005 ortus
677 3945 1007 4018 parentibus,
1032 3946 1125 4000 sed
1155 3945 1306 4018 valde
1336 3946 1601 4018 ingenuis.
1639 3963 1658 3997 ι
1695 3946 1874 3999 Abbas
1895 3958 2075 4003 autem

498 4015 688 4074 Attaui
716 4016 983 4089 Connubii,
1031 4017 1177 4089 quod
1227 4016 1339 4089 ipse
1374 4015 1645 4089 fundavit,
1674 4023 1759 4089 __et_
1804 4032 1869 4069 ex
1894 4019 2077 4089 ycujus

496 4089 716 4143 nomine
743 4088 896 4156 vulgo
923 4103 1066 4141 mtne
1094 4085 1271 4140 adhuc
1295 4084 1874 4139 Saint-Yriexdieitnr.
1894 4084 2079 4145 Karis-

498 4160 651 4212 sima:
717 4158 913 4212 nobilis
978 4166 1237 4209 matronae
1305 4166 1638 4225 prmceptnm
1705 4168 1771 4208 ex
1813 4156 2077 4213 tabulario

498 4229 559 4282 S.
578 4228 786 4281 Martini
802 4226 1132 4281 Turonensis
1143 4226 1532 4295 depromptum,
1549 4225 1666 4293 ejus
1678 4229 2079 4293 generationem

496 4314 531 4351 a
560 4297 901 4352 Childeberto
918 4312 1051 4367 grege
1074 4296 1402 4367 Francorum
1432 4309 1601 4367 usque
1621 4295 1686 4367 ad
1700 4304 1951 4367 _tempora
1981 4313 2077 4353 sua

497 4368 577 4422 sic
597 4376 834 4420 enarrat.
867 4385 885 4417 ς
915 4366 970 4419 1η
993 4364 1220 4421 nomine
1256 4365 1461 4418 Domini
1491 4365 1658 4419 nostri
1693 4364 2073 4422 Jesu'Christi.

500 4437 749 4491 Narratio
777 4436 1140 4506 generationis
1163 4436 1344 4489 Aredii
1396 4434 1580 4506 eximii
1610 4435 1841 4506 abbatis
1889 4437 2079 4506 incipit

499 4508 596 4562 ita.
632 4503 857 4560 Snldéea
889 4506 1083 4559 nobilis
1111 4506 1312 4558 femina
1354 4505 1494 4573 regis
1524 4503 1852 4560 Chiltleberti
1887 4517 1941 4561 et
1965 4503 2076 4562 Ma-

499 4576 688 4633 thildis
715 4574 1062 4648 [Nanthildis]
1094 4575 1292 4645 regina:
1319 4574 1427 4648 fili_a
1451 4574 1636 4648 genuit
1655 4574 1922 4648 Astidium
1972 4578 2074 4633 Le-

498 4644 863 4703 movicensem
891 4644 1222 4715 episcopum,
1253 4644 1342 4712 qni
1370 4644 1620 4699 Treveris
1650 4654 1831 4709 ortus,
1862 4646 2077 4703 favente

499 4719 633 4777 Deo.
661 4717 716 4770 in
756 4714 1040 4770 Lemovica
1068 4714 1199 4769 urbe
1229 4715 1512 4784 episc0pus
1542 4726 1725 4781 postea
1757 4717 2074 4773 sublimatus

498 4796 602 4842 est.
628 4788 744 4856 lpse
766 4785 996 4856 denique
1011 4785 1249 4839 Astidius
1274 4785 1456 4838 habuit
1476 4784 1755 4854 eonjngem
1784 4786 2072 4856 benignam

498 4855 718 4912 nomine
746 4855 1129 4931 Te__elam_ante
1159 4870 1315 4931 suum
1345 4856 1709 4931 episcopatum
1731 4894 1745 4916 ,
1777 4855 1934 4931 cujus
1951 4857 2075 4931 “fuit

497 4942 758 4996 germana
790 4926 942 4981 dives
969 4925 1493 4996 Frontonia,_cujus
1540 4925 1757 4996 fuerunt
1810 4925 2072 4981 Nataliaci

520 4993 718 5050 inedia.
750 4996 989 5050 Astidius
1020 4996 1183 5066 igitur
1206 5004 1261 5066 et
1282 4994 1444 5066 Tecla
1472 5008 1607 5066 uxor
1628 4993 1744 5060 ejus
1772 5006 2074 5064 genuerunt

547 5067 798 5129 iverium,
826 5064 1112 5130 Adtecuin,
1143 5064 1455 5127 Dulcitium,
1483 5064 1738 5118 Adtecam
1780 5075 1834 5118 et
1890 5066 2074 5120 Austi-

502 5136 719 5189 lianam.
748 5135 993 5189 Liverius
1023 5149 1151 5188 vero
1178 5134 1362 5200 genuit
1400 5133 1649 5202 Sperium
1684 5143 1740 5188 et
1786 5135 2070 5190 Pientiam.

508 5205 731 5240 Alllnnnc
763 5205 938 5240 annui!
971 5203 1317 5240 Frtclnnhiunv
1375 5203 1648 5240 “Ila-inium
1694 5213 1742 5240 nl
1783 5204 2051 5240 Dnlnllionn

2176 3395 2272 3436 eos
2309 3378 2690 3443 subrutilabat,
2731 3393 2829 3448 per
2856 3393 3027 3457 quam
3062 3376 3346 3447 diligenter
3391 3375 3759 3444 inspieieotes,

2174 3473 2352 3528 virum
2395 3471 2540 3526 hunc
2561 3471 2777 3526 virtutis
2809 3470 3048 3527 futurum
3096 3485 3217 3526 esse
3239 3470 3592 3541 conjiciebat.
3633 3468 3760 3523 Nam

2178 3566 2232 3621 in
2260 3566 2433 3636 prima
2455 3573 2634 3631 aetate,
2661 3571 2721 3619 nt
2768 3579 2907 3633 saepe
2938 3564 3199 3628 videmus,
3245 3563 3619 3618 incitamentis
3648 3577 3760 3617 eor-

2178 3664 2350 3726 ruptaa
2379 3663 2603 3717 naturze,
2655 3654 2832 3710 solent
2872 3653 3076 3723 parvuli
3119 3653 3304 3717 irasci,
3337 3660 3392 3706 et
3421 3654 3686 3718 invidere,
3709 3661 3761 3706 et

2178 3746 2318 3802 velle
2354 3746 2566 3811 ulcisci,
2616 3744 2702 3799 vel
2745 3744 2850 3799 alia
2903 3743 3207 3815 hujnsmodi
3248 3752 3544 3800 attentare.
3589 3743 3661 3798 At
3707 3744 3758 3798 in

2178 3880 2324 3935 niam
2390 3876 2680 3933 Godefredi
2729 3875 3076 3931 Flandrensis
3134 3890 3384 3940 uxorem,
3426 3883 3485 3930 et
3533 3875 3755 3933 Ocilium

2180 3948 2626 4004 Snessionensem
2651 3947 3050 4016 nobilissimum
3074 3946 3618 4016 prmsulemaPeladia
3640 3963 3757 4002 vero

2213 4020 2366 4074 enuit
2421 4016 2781 4079 Cartheriam,
2844 4026 2899 4071 et
2946 4015 3231 4081 Eulaliam,
3280 4025 3336 4069 et
3383 4015 3750 4071 Mummnlnm.

2213 4037 2366 4074 οηιηι
2421 4037 2781 4079 harlllcl'lalll,
2844 4037 2899 4071 ει
2946 4037 3231 4081 ΙἊΙΙὶΙΙΙῖΙΠΙ,
3280 4037 3336 4069 ει
3383 4037 3750 4071 ιιιιηιωιιιιιηι.

2176 4037 2456 4145 Eartheria
2478 4096 2665 4157 autem
2692 4087 2877 4157 genuit
2912 4085 3668 4157 Pelagiaut_sauctissimam,
3706 4094 3755 4141 et

2179 4160 2434 4228 Savinam
2460 4154 2878 4228 Arediiabbatis
2915 4154 3158 4228 amitam,
3195 4154 3410 4228 Pelagia
3445 4172 3584 4228 ergo
3614 4156 3750 4228 regis

2179 4227 2539 4285 Theodeberti
2572 4226 2771 4296 neptis,
2800 4236 2855 4281 et
2880 4226 2965 4279 vir
2985 4225 3101 4293 ejus
3123 4221 3398 4296 Jocundns
3443 4221 3751 4281 Lemovice-

2179 4313 2297 4353 rum
2327 4297 2575 4366 princeps
2597 4295 2965 4367 nobilissimus
2985 4295 3750 4367 genueruntArediumivirutu

2176 4364 2470 4436 eruditum;
2498 4366 2644 4436 regis
2688 4364 3011 4436 supradicti
3037 4364 3445 4436 cancellarinm,
3473 4374 3533 4420 ct
3579 4366 3752 4436 Eusta-

2175 4439 2358 4493 chium
2406 4434 2633 4490 fratrém
2675 4434 2811 4503 ejus,
2866 4435 3231 4496 Germanam,
3287 4441 3342 4487 et
3389 4434 3746 4490 Consortiam.

2175 4507 2458 4576 Consortia
2488 4516 2666 4560 autem
2698 4505 2883 4576 genuit
2906 4503 3520 4576 Astidium,_Pientiam,
3560 4513 3615 4558 et
3657 4504 3748 4576 [la-

2176 4579 2376 4646 siliam.
2415 4575 2623 4631 Pientia
2685 4573 2871 4646 genuit
2920 4574 3180 4646 Ocilurn._
3207 4573 3404 4646 Basilia
3459 4588 3602 4646 uxor

2178 4649 2331 4703 donis
2358 4645 2615 4701 Biturica:
2648 4643 2906 4716 principis
2926 4645 3110 4715 genuit
3153 4643 3375 4714 Pugiam
3420 4652 3477 4699 et
3527 4643 3748 4699 Rarissi-

2176 4733 2317 4772 mam
2327 4757 2340 4771 .
2379 4736 2397 4768 ι

2244 4788 2350 4843 Sed
2382 4801 2480 4840 nec
2509 4786 2631 4840 inde
2658 4786 2779 4855 quis
2807 4793 2981 4854 potest
3011 4784 3221 4840 discere
3272 4793 3525 4840 sanctum
3570 4783 3745 4839 Geral-

2174 4858 2301 4912 dntn
2351 4856 2604 4911 comitem
2652 4856 3089 4911 Aureliaeensem
3141 4856 3240 4909 isto
3290 4863 3746 4923 supramemorato

2173 4927 2372 4982 Aredio
2426 4925 2761 4995 nobilissimo
2820 4934 3163 4995 procreatum
3220 4923 3427 4989 fuisse,
3482 4926 3625 4979 sicut
3670 4926 3747 4978 hic

2173 5005 2395 5051 sanctus
2417 4993 2532 5050 Odo
2554 5005 2740 5049 noster
2761 4993 2972 5049 asserit.

2245 5067 2356 5137 (77)
2386 5065 2677 5137 Siquidem
2732 5066 3050 5137 somniorum
3108 5063 3558 5137 risiones._Cit:_t_t
3617 5064 3743 5137 hunc

2179 5132 2354 5191 locum
2382 5132 2576 5190 Petrus
2603 5133 2965 5198 Venerabilis,
3004 5134 3140 5188 libro
3186 5134 3425 5187 secundo
3472 5132 3742 5188 Miraculo-

2180 5221 2299 5238 οηιῆ
2355 5206 2526 5238 tuaan
2555 5204 2624 5238 ωκ
2678 5204 2780 5236 lano
2810 5205 2965 5236 ηιηιΙΛ
2996 5222 3009 5235 ο
3045 5222 3063 5236 ε
3098 5203 3230 5236 Nam
3262 5212 3314 5236 ul
3345 5213 3570 5234 eunt-Ino
3603 5203 3742 5234 θείαν
