3964 5360
105 275 206 329 ﬁlii

882 276 968 330 DE
1012 274 1167 331 VITA
1206 272 1507 329 GERALDI
1543 271 1819 328 COMlTlS
1858 271 2200 327 AClllLlAC.
2241 303 2309 311 -
2345 270 2471 327 LIB.
2512 271 2551 326 l.

3246 275 3353 329 διε

99 402 264 459 puero
288 384 516 441 Geraldo
547 385 772 441 dulcedo
801 387 1044 456 quaedam
1069 386 1231 440 animi
1260 401 1379 439 cmn
1412 398 1668 439 verecnn-
1700 388 1747 446 Α
1776 384 1952 438 cordis
1976 393 2243 437 secretum
2274 383 2523 438 deserere
2563 396 2703 449 {egre
2732 382 2953 450 ferebat,
2990 400 3113 439 mox
3172 394 3352 442 tamen

98 479 204 541 dia,
233 493 351 546 quae
395 477 618 533 nmlttun
652 478 901 532 honestat
936 476 1373 541 adolescentiam,
1414 477 1557 547 ipsos
1590 476 1674 529 i.t-

100 566 309 620 fautiles
331 577 483 621 actus
514 566 824 621 decorabat.
862 568 962 634 Qui
994 569 1176 621 divina
1212 567 1527 638 providente
1555 581 1677 638 gra-

101 658 172 712 tia
196 657 387 712 studiis
438 656 740 712 litterarum
782 658 1082 729 applicatus
1120 668 1221 724 εει,
1249 674 1311 713 ea
1344 668 1545 715 tantum
1582 672 1681 727 pa-

98 757 307 803 rentum
339 747 633 815 volnntate,
663 757 722 803 ut
743 749 969 805 decurso
992 750 1271 820 psalterio,
1302 764 1424 805 mox
1457 749 1677 805 saecula-

99 836 246 892 ribus
291 838 588 903 exercitiis,
656 838 797 893 sicut
844 838 1111 893 nobilibus
1166 838 1348 907 pueris
1396 853 1514 894 mos
1570 848 1677 901 est,

99 925 427 980 erudiretur.
459 926 676 983 Scilicet
706 937 762 982 ut
792 927 1050 983 Molossos
1098 936 1303 998 ageret,
1335 930 1533 984 arcista
1580 927 1678 982 fle-

102 1027 205 1074 ret.
238 1033 443 1088 cappos
472 1028 525 1073 et
554 1020 842 1089 accipitres
871 1020 1197 1089 competenti
1230 1017 1381 1087 jactu
1434 1019 1682 1074 emittere

101 1118 495 1164 consuesceret.
529 1110 634 1165 Sed
662 1125 728 1165 ne
776 1110 922 1165 inani
974 1111 1156 1164 studio
1192 1111 1422 1174 deditus,
1473 1119 1682 1180 tempus

102 1199 165 1251 ad
198 1200 512 1253 discendum
538 1199 746 1254 litteras
767 1215 1068 1272 congruum
1114 1200 1165 1254 in
1207 1216 1381 1255 vacuo
1407 1200 1678 1264 transiret,

103 1289 278 1341 divino
307 1298 442 1343 nutu
493 1289 810 1360 dispositum
858 1299 962 1356 est,
1015 1299 1077 1346 ut
1123 1291 1325 1347 diutius
1373 1299 1680 1363 aegrotaret.

104 1378 215 1433 Tali
247 1380 500 1450 equidem
548 1380 875 1436 infirmitatis
931 1380 1210 1453 languore,
1240 1390 1300 1436 ut
1359 1396 1389 1435 a
1434 1380 1683 1436 saeculari

102 1472 357 1526 exercitio
399 1472 786 1539 retraheretur,
818 1474 909 1529 sed
939 1474 1005 1527 ad
1042 1474 1280 1529 discendi
1322 1474 1555 1530 studium
1580 1489 1684 1528 non

102 1558 470 1626 impediretur.
515 1559 790 1627 Siquidem
838 1560 1060 1614 minutis
1091 1558 1295 1631 jugiter
1354 1559 1582 1630 pustulis
1611 1560 1685 1613 ita

36 1648 45 1658 '
103 1650 431 1718 replebatur,
471 1658 528 1703 ut
574 1665 668 1720 per
715 1650 929 1721 longum
974 1659 1185 1721 tempus
1227 1659 1530 1721 protractzc,
1574 1649 1685 1720 jam

1781 482 1841 526 ut
1885 471 2137 541 possibile
2188 480 2324 536 erat,
2373 471 2439 525 ad
2489 470 2614 526 illud
2667 472 3019 543 recurrebat.‘
3049 474 3156 529 Sed
3226 475 3354 530 dum

1779 562 1846 616 ab
1875 562 1985 615 alto
2022 560 2488 630 contemplationis
2533 562 2683 630 quasi
2733 577 2891 618 ruere
2935 579 3032 634 per
3082 572 3354 620 terrenam

1778 655 2188 724 occupationem
2235 654 2509 710 rideretur
2537 695 2552 720 ,
2601 655 2740 711 sicut
2801 658 2927 714 ibici
2986 675 3104 715 mos
3152 670 3254 726 est,
3298 669 3358 716 ut

1779 760 1943 800 ruens
1976 745 2026 799 in
2057 745 2168 800 suis
2188 744 2440 799 cornibus
2460 759 2519 798 se
2547 746 2791 816 recipiat,
2837 763 2905 803 ne
2961 750 3254 815 moriatur;
3281 751 3358 807 ita

1779 838 1844 889 ad
1870 851 2107 890 amorem
2155 836 2420 898 divinum,
2458 835 2542 891 vel
2570 835 2861 907 Scriptura:
2909 842 3361 897 sancttemedita-

1781 929 1978 982 tionem
2009 944 2316 993 recurrens,
2344 929 2568 984 interna:
2613 930 2803 986 mortis
2828 932 3039 987 ruinam
3064 934 3354 990 evadebat:

1782 1020 1874 1074 illo
1902 1021 2155 1075 nimirum
2189 1020 2445 1076 Davidico
2483 1022 2673 1091 spiritu
2697 1022 2829 1091 jam,
2872 1030 2931 1077 ut
2978 1039 3102 1078 reor
3130 1023 3357 1092 adlatus,

1782 1127 1888 1181 quo
1934 1112 2019 1167 ille
2056 1113 2266 1168 fervens
2302 1129 2407 1167 non
2452 1112 2613 1168 dabat
2654 1130 2901 1170 somnum
2953 1117 3146 1182 oculis,
3191 1117 3362 1173 donec

1784 1202 2086 1257 actionibus
2132 1204 2339 1258 diurnis
2378 1216 2763 1275 exoccupatus,
2812 1205 2987 1261 locum
3036 1207 3263 1262 Domino
3306 1209 3360 1262 iu

1782 1294 1958 1361 seipse
2002 1294 2283 1357 inveniret,
2341 1295 2528 1364 inquo
2581 1298 2680 1350 sub
2730 1297 2908 1368 lingua
2960 1313 3055 1352 sua
3109 1299 3361 1353 secretim

1784 1383 2098 1448 exsultans,
2153 1400 2313 1453 quam
2360 1385 2533 1441 dulcis
2591 1394 2675 1441 est
2730 1386 2988 1442 Dominus
3031 1388 3361 1457 degustaret.

1785 1471 1947 1527 Forte
1973 1472 2127 1541 juxta
2163 1474 2287 1529 illud
2309 1473 2409 1529 Job
2438 1476 2583 1531 rivos
2629 1475 2729 1531 olei
2764 1476 2889 1531 huic
2917 1486 3067 1547 petra
3111 1477 3363 1534 Christus

1788 1564 2063 1629 fundebat,
2096 1580 2163 1619 ne
2190 1580 2342 1635 aqua!
2369 1568 2547 1620 multa:
2572 1576 2793 1636 possent
2823 1568 3167 1638 exstinguere
3203 1570 3255 1623 in
3297 1585 3364 1624 eo

1790 1654 2062 1709 lucernam
2089 1655 2385 1710 eharitatis.
2418 1657 2481 1710 Et
2505 1657 2572 1711 ad
2603 1658 2762 1712 istam
2788 1659 2966 1713 cordis
3017 1657 3364 1715 refectionem

104 1758 207 1795 non
238 1749 557 1812 putarentur
603 1758 761 1811 posse
801 1743 1001 1797 sanari.
1026 1742 1140 1809 Qua
1173 1743 1239 1797 de
1277 1757 1438 1796 causa
1473 1742 1685 1812 genitor
1717 1732 1758 1791 Β
1787 1744 1993 1801 detixus
2022 1747 2234 1815 quidem
2279 1748 2538 1812 inhiabat,
2577 1747 2668 1803 sed
2723 1749 3030 1804 domesticis
3072 1758 3269 1815 tamen,
3307 1758 3363 1805 et

103 1839 220 1901 ejus
254 1848 375 1887 cum
420 1842 594 1887 matre
624 1834 883 1897 decernit,
933 1842 993 1886 ut
1039 1833 1342 1888 litterarum
1380 1832 1572 1887 studiis
1597 1846 1685 1885 ar-

105 1926 247 1979 ctius
270 1924 650 1995 applicaretur.
682 1924 799 1991 Quo
844 1925 1122 1990 videlicet,
1169 1926 1212 1979 si
1270 1924 1455 1979 usibus
1504 1922 1684 1979 sceculi

104 2018 285 2074 minus
308 2024 456 2072 esset
477 2026 655 2087 aptus,
682 2017 746 2071 ad
775 2017 1200 2072 ecclesiasticum
1232 2014 1463 2070 oﬂicium
1492 2016 1685 2069 redde-

105 2116 256 2162 retur
282 2108 681 2163 accommodus.
724 2107 836 2163 llae
858 2109 1021 2178 igitur
1039 2109 1325 2163 occasione
1350 2107 1551 2161 factum
1580 2114 1683 2170 est,

103 2206 166 2250 ut
186 2211 292 2252 non
322 2198 484 2251 modo
530 2205 745 2252 cantum
772 2198 1033 2260 disceret,t
1056 2198 1183 2266 quin
1235 2198 1395 2252 etiam
1426 2203 1478 2249 et
1503 2210 1685 2266 gram-

105 2287 356 2341 maticam
388 2285 715 2357 pnelibarcl.
741 2286 892 2352 Quod
922 2287 971 2339 ci
1000 2296 1184 2355 postea
1219 2286 1442 2340 multum
1468 2284 1686 2354 profuit,

106 2391 229 2430 cum
251 2376 397 2431 acies
446 2376 643 2447 ingenii
687 2392 782 2445 per
820 2376 946 2429 illud
994 2378 1309 2431 exercitium
1356 2375 1592 2440 climata,
1623 2375 1689 2429 ad

106 2482 267 2522 omne
293 2468 437 2537 quod
465 2468 645 2534 vellet,
671 2468 881 2522 acutior
924 2467 1259 2523 redderetur.
1291 2468 1465 2522 Inerat
1508 2480 1691 2522 autem

106 2559 182 2613 illi
214 2559 372 2613 vivax
410 2558 608 2615 mentis
651 2559 945 2631 Sagacitas,
1003 2566 1059 2613 et
1122 2559 1190 2614 ad
1233 2558 1545 2614 discendum
1574 2571 1692 2627 qua:

114 2650 280 2705 vellet
306 2650 440 2705 satis
464 2657 734 2721 prompta.

178 2740 247 2795 ν.
271 2739 611 2795 Transtnissa
642 2740 868 2810 pueritia
886 2756 1006 2795 cum
1031 2738 1143 2808 jam
1168 2739 1500 2794 adolesceret
1525 2752 1693 2793 mem-

105 2830 331 2884 brorum
372 2828 539 2887 robur
578 2830 823 2883 nocivum
854 2828 1096 2898 corporis
1137 2826 1471 2897 consumpsit
1499 2826 1695 2880 humo-

108 2938 250 2978 rem.
277 2922 409 2976 Tam
436 2922 592 2978 velox
618 2931 798 2976 autem
828 2921 999 2976 factus
1033 2929 1138 2986 est,
1162 2928 1220 2975 ut
1256 2934 1515 2989 equorum
1549 2928 1694 2988 terga

106 3013 257 3069 facili
304 3014 445 3068 saltu
493 3014 871 3067 transvolaret.
917 3012 982 3066 Et
1014 3011 1141 3081 quia
1196 3011 1404 3066 viribus
1453 3009 1696 3079 corporis

106 3107 329 3163 fortiter
374 3106 709 3175 agiliscebat,
758 3111 1020 3158 armatam
1085 3103 1329 3157 militiam
1382 3115 1695 3158 assuescere

111 3198 481 3268 quaerebatur.
514 3196 619 3250 Sed
640 3197 755 3267 jam
786 3195 939 3250 dulce
970 3194 1359 3264 scripturarum
1385 3192 1696 3248 adolescen-

108 3292 182 3343 tis
202 3289 443 3343 animum
474 3286 873 3350 subarraverat,
897 3285 962 3339 ad
1003 3283 1154 3353 cujus
1177 3284 1412 3339 studium
1443 3283 1712 3353 alfectuo:

108 3379 226 3434 sius
264 3376 576 3432 anhelabat.
626 3375 707 3431 0b
738 3375 841 3429 hoc
889 3374 1013 3429 licet
1057 3374 1379 3428 militaribus
1432 3372 1697 3427 emineret

105 3470 324 3536 oﬂiciis,
367 3469 726 3525 delectatione
780 3476 955 3521 tamen
1004 3466 1307 3520 litterarum
1344 3464 1589 3526 illectus;
1642 3463 1694 3517 in

105 3563 218 3617 illis
254 3560 555 3616 voluntaria
596 3558 810 3629 pigritia
842 3556 1097 3620 lentulus,
1148 3556 1198 3608 in
1232 3554 1386 3623 lmjns
1413 3553 1699 3608 sedulitate

105 3661 232 3707 erat
275 3661 545 3708 assuetus.
597 3649 771 3705 Credo
812 3648 923 3717 jam
976 3646 1305 3701 sentiscehat
1348 3644 1492 3713 quia,
1544 3642 1697 3711 juxta

104 3742 412 3811 Scriptura:
461 3740 849 3804 testimonium,
904 3736 1086 3790 melior
1126 3748 1199 3789 est
1250 3734 1507 3803 sapientia
1543 3747 1699 3803 quam

102 3837 243 3889 vires
285 3834 438 3906 (Sap.
491 3851 566 3897 vt.
600 3836 673 3904 l),
724 3841 779 3889 et
825 3832 957 3888 nihil
1006 3840 1090 3886 est
1147 3829 1465 3899 locupletius
1500 3827 1608 3881 illa.
1634 3826 1702 3881 Et

101 3929 369 3997 quoniam
433 3927 589 3982 facile
639 3928 850 3982 videtur
891 3928 958 3980 ah
1002 3927 1086 3980 his
1127 3925 1216 3995 qui
1280 3922 1506 3993 diligunt
1557 3937 1698 3986 eam,

100 4030 349 4074 mentem
395 4018 635 4087 ejusdem
680 4017 1037 4072 adolescentis
1088 4015 1520 4085 prasoccupabat,
1557 4022 1610 4066 ttt
1650 4014 1699 4067 ei

103 4127 165 4165 se
224 4111 380 4180 prior
401 4110 731 4171 ostenderet,
786 4118 842 4162 ut
870 4117 1013 4162 esset
1066 4107 1237 4162 dulcis
1269 4104 1519 4168 allocutio
1551 4104 1700 4173 cogi—

104 4202 343 4256 tationis
396 4201 534 4270 ejus.
604 4199 759 4255 Nullo
806 4199 970 4269 igitur
1015 4198 1399 4268 impedimento
1439 4194 1703 4249 Geraldns

98 4299 329 4361 poterat
353 4290 632 4359 occupari,
680 4290 808 4359 quin
854 4289 919 4342 ad
965 4303 1204 4342 amorem
1239 4285 1477 4340 discendi
1516 4298 1701 4338 recur-

100 4393 277 4440 reret.
340 4383 490 4440 Unde
533 4382 730 4436 factum
773 4390 872 4445 est,
925 4388 983 4435 ut
1042 4378 1426 4450 propemodum
1474 4376 1702 4446 pleniter

100 4473 525 4543 Seripturarum
579 4472 774 4525 seriem
821 4470 1070 4531 disceret,
1107 4477 1269 4537 atque
1319 4465 1515 4519 multos
1543 4464 1690 4519 cleri-

97 4579 305 4619 eorum
333 4560 732 4634 quantumlibet
768 4560 963 4615 sciolos
1005 4558 1060 4613 in
1088 4558 1204 4629 ejus
1233 4556 1535 4628 cognitione
1565 4569 1702 4627 prte-

95 4655 234 4710 iret.

176 4747 272 4802 Vl.
308 4745 703 4801 Decedentibus
744 4752 924 4797 autem
964 4742 1278 4812 parentibus
1303 4757 1423 4795 cum
1449 4741 1569 4811 ejus
1609 4738 1701 4794 do-

97 4839 283 4894 minio
351 4845 590 4907 potestas
638 4835 817 4899 omnis
864 4834 1161 4894 deveniret,
1244 4848 1348 4888 non
1396 4842 1477 4907 ἰιι
1527 4831 1701 4887 solent

97 4932 517 4991 adolescentes,
575 4930 663 4999 qui
728 4928 781 4981 in
843 4935 1052 4978 matura
1100 4924 1469 4978 dominatione
1518 4937 1705 4993 super-

99 5024 316 5086 biant,
377 5019 637 5075 Geraldus
678 5017 975 5080 intumuit,
1034 5031 1134 5070 nec
1193 5017 1481 5084 inemptum
1528 5016 1706 5071 cordis

94 5114 445 5168 modestiam
501 5108 826 5166 imnnttavit.
882 5107 1200 5161 Dominandi
1249 5117 1491 5177 potestas
1544 5121 1708 5179 gran-

95 5204 401 5263 descebat,
449 5202 539 5255 sed
594 5214 752 5255 mens
823 5197 1038 5250 humilis
1102 5212 1439 5266 nequaquam
1513 5196 1708 5252 insole-

94 5295 330 5348 scebat.
384 5291 489 5346 Pro
530 5289 888 5360 disponendis
940 5303 1065 5343 vero
1130 5300 1294 5358 atque
1359 5290 1571 5346 tuendis
1625 5302 1711 5343 re-

1786 1839 2138 1894 familiaribus
2163 1839 2498 1912 exigebatur,
2527 1840 2699 1894 utotia
2714 1848 3104 1907 contereret,et
3136 1840 3356 1896 aliorum
3418 1824 3423 1829 Δ

1785 1944 1904 1984 sese
1927 1929 2245 1984 utilitatibus
2272 1931 2619 1998 impenderet.

1859 2020 1968 2074 \‘ll.
2028 2020 2304 2094 Mordaces
2339 2020 2499 2088 igitur
2544 2035 2702 2074 curas
2748 2028 2968 2091 propter
3005 2023 3367 2091 querimonias

1789 2105 2192 2160 rcclamantium
2222 2104 2422 2157 invitus
2449 2104 2785 2159 admittebat.
2826 2104 3201 2160 Causabantnr
3221 2108 3364 2161 enim

1789 2196 1869 2251 sui
1899 2195 2177 2265 qucrclosa
2207 2210 2340 2248 voce
2364 2193 2606 2248 dicentes
2629 2211 2641 2246 :
2689 2194 2798 2248 Cur
2822 2203 3013 2263 potens
3040 2196 3122 2249 vir
3147 2198 3211 2249 ab
3250 2196 3369 2251 infi-

1792 2288 1892 2343 ntis
1919 2270 2161 2358 personis
2184 2301 2303 2354 quae
2326 2301 2413 2340 res
2466 2301 2590 2340 suas
2632 2285 3043 2355 pepulabantur,
3086 2288 3367 2341 violentias

1792 2387 2102 2448 pateretur;
2141 2376 2436 2441 addentes,
2487 2376 2610 2445 quia
2665 2376 2789 2430 dum
2835 2376 3177 2446 explorarent
3224 2379 3367 2448 quod

1794 2454 1880 2525 ille
1902 2485 1959 2525 se
1985 2469 2148 2523 nollet
2176 2467 2382 2531 ulcisci,
2410 2467 2668 2536 quidquid
2703 2466 2843 2522 illius
2884 2467 3020 2538 juris
3050 2478 3192 2523 esset
3219 2486 3367 2524 mor-

1790 2562 1981 2616 dacius
2002 2562 2346 2615 devastarcut
2377 2578 2389 2613 :
2449 2559 2703 2614 Sanctius
2733 2570 2787 2614 et
2810 2622 2817 2629 κ
2839 2560 3118 2616 honestius
3143 2577 3277 2621 esse.
3313 2570 3372 2615 ut

1786 2651 1878 2721 jus
1904 2664 2126 2706 armata:
2157 2651 2358 2706 militia:
2398 2659 2826 2721 recognosceret,
2862 2652 2915 2706 in
2959 2653 3141 2708 hostes
3167 2652 3369 2709 ferrum

1794 2744 2103 2814 stringeret,
2149 2742 2503 2796 violentorum
2554 2742 2831 2795 audaciam
2873 2740 3149 2809 frenaret;
3200 2742 3372 2797 satius

1795 2846 1915 2889 esse
1942 2832 2256 2887 temerarios
2279 2830 2330 2884 vi
2381 2829 2567 2883 bellica
2603 2830 2793 2899 premi,
2831 2845 2991 2899 quam
3033 2845 3292 2901 pagenses
3319 2840 3373 2885 et

1800 2928 2033 2981 inermes
2061 2922 2129 2977 ab
2154 2922 2355 2976 eisdem
2407 2919 2603 2989 injuste
2634 2920 2885 2989 Opprimi.
2917 2918 3068 2987 Quod
3110 2918 3373 2974 Geraldus

1798 3016 2042 3079 audiens,
2071 3029 2178 3068 non
2200 3011 2426 3076 assultu,
2455 3010 2546 3065 sed
2576 3011 2784 3065 ratione
2819 3009 3151 3070 cohortatus,
3177 3009 3242 3061 ad
3272 3007 3375 3061 mi-

1722 3077 1766 3139 Ο
1799 3077 2086 3163 serendum
2117 3113 2173 3160 et
2221 3103 2641 3159 subveniendum
2691 3099 3026 3155 flectebatur.
3075 3099 3377 3166 Totumque

1799 3216 1856 3256 se
1876 3200 2069 3255 divinze
2097 3195 2431 3267 dispositioni
2477 3208 2541 3249 ac
2588 3192 2970 3249 misericordia:
3012 3192 3373 3254 committens,

1800 3292 2066 3346 tractabat
2088 3288 2318 3361 qualiter
2353 3286 2581 3356 pupillos
2608 3295 2662 3339 et
2693 3286 2879 3339 viduas
2926 3282 3080 3353 juxta
3122 3281 3381 3352 apostoli-

1799 3398 1918 3437 cum
1948 3388 2277 3451 praeceptum
2302 3377 2567 3439 visitarct,
2593 3384 2651 3428 nt
2675 3390 2733 3429 se
2758 3375 2824 3429 ab
2843 3376 2943 3428 hoc
2965 3372 3158 3428 saeculo
3185 3373 3376 3426 imma-

1799 3473 2034 3529 culatum
2061 3470 2377 3525 custodiret.

1872 3564 2002 3620 Vlll.
2033 3563 2203 3634 Igitur
2225 3561 2289 3613 ad
2321 3558 2662 3613 insolentiam
2694 3555 3051 3611 violentorum
3085 3554 3379 3622 reprimen-
3405 3597 3409 3601 .

1799 3660 1921 3714 dam
1946 3673 2003 3711 se
2038 3655 2150 3724 jam
2195 3652 2502 3714 exercebat,
2529 3650 2579 3704 id
2625 3647 2869 3717 inprimis
2914 3644 3160 3700 certatim
3187 3644 3376 3697 obser-

1798 3762 1951 3809 vans,
1983 3755 2039 3798 ut
2070 3742 2315 3798 hostibus
2337 3755 2546 3809 pacem,
2592 3737 3009 3802 facillimamque
3057 3731 3376 3788 reconcilia-

1804 3839 2002 3893 tionem
2031 3834 2385 3903 promitteret.
2416 3827 2567 3895 Quod
2600 3827 2783 3896 utique
2826 3826 3094 3887 studebat,
3127 3830 3185 3877 ut
3213 3819 3292 3875 vel
3322 3820 3378 3875 in

1800 3930 1943 3984 bono
1977 3926 2174 3981 malum
2225 3923 2485 3987 vinceret,
2518 3918 2599 3974 vel
2648 3918 2693 3972 si
2743 3917 2817 3970 illi
2870 3914 3214 3977 dissiderent,
3262 3911 3376 3981 jam

1801 4028 1925 4074 ante
1953 4018 2043 4072 Dei
2069 4014 2254 4071 oculos
2302 4027 2410 4068 suae
2448 4009 2583 4080 parti
2618 4007 2827 4076 justitia
2866 3998 3086 4075 plenius
3135 4001 3381 4055 favisset.

1805 4111 1866 4165 Et
1897 4107 2184 4179 aliquando
2208 4104 2424 4176 quidem
2448 4100 2714 4155 mulcebat
2738 4113 2851 4161 eos,
2879 4104 2933 4150 et
2965 4096 3015 4149 in
3061 4108 3249 4164 pacem
3296 4107 3383 4147 re-

1802 4200 2050 4257 ducebat.
2073 4196 2206 4253 Cum
2235 4208 2365 4248 vero
2388 4193 2440 4245 in
2462 4206 2528 4245 ex
2554 4189 2766 4260 plebilis
2794 4186 2997 4240 malitia
3021 4183 3380 4254 quorumdam

1802 4288 2084 4360 pacificum
2112 4282 2385 4339 hominem
2419 4277 2835 4347 irrideret;jam
2872 4280 3001 4329 tunc
3036 4272 3212 4327 cordis
3242 4272 3384 4325 acri-

1804 4379 2041 4434 moniam
2100 4387 2352 4433 exerens,
2398 4369 2717 4424 conterebat
2774 4364 2948 4419 molas
2992 4362 3183 4432 iniqui,
3219 4370 3275 4413 ut
3319 4362 3386 4414 de

1808 4469 2059 4525 dentibus
2094 4478 2302 4526 eorum,
2330 4458 2485 4528 juxta
2522 4457 2650 4511 illud
2694 4454 2817 4519 Job,
2847 4452 3085 4506 auferret
3126 4452 3383 4524 prtedanp

1808 4557 1923 4613 Non
1952 4564 2150 4616 tamen,
2193 4559 2253 4605 ut
2289 4549 2559 4620 plerisque
2601 4544 2767 4599 moris
2794 4550 2898 4607 est,
2951 4538 3239 4595 ulciscendi
3275 4536 3387 4590 libi-
3420 4542 3426 4583 ἑ

1809 4650 1933 4705 dine
1953 4645 2216 4717 percitus,
2243 4650 2336 4695 aut
2354 4638 2589 4707 vulgaris
2614 4650 2797 4689 amore
2827 4632 3001 4686 laudis
3028 4630 3272 4717 illectus,
3289 4625 3384 4680 sed

1808 4714 2105 4811 pauperum
2152 4729 2460 4791 dilectione,
2501 4725 2592 4796 qui
2645 4722 2851 4791 seipsos
2907 4721 3043 4774 tueri
3097 4714 3388 4811 nequibant

1812 4804 2104 4889 infe—rvens.
2152 4822 2359 4894 Agebat
2400 4827 2581 4873 autem
2630 4816 2830 4869 hocne
2885 4812 3023 4867 forte
3047 4812 3091 4865 si
3121 4804 3273 4862 inerti
3298 4817 3390 4871 pa-

1810 4920 1997 4977 tientia
2030 4915 2341 4987 torpuisset,
2376 4920 2704 4980 praeceptum
2730 4903 2796 4956 de
2822 4917 2960 4956 cura
2986 4908 3273 4971 pauperum
3301 4906 3395 4987 ue~

1810 5009 2042 5082 glexisse
2071 4976 2725 5060 videretur.dubet—enim
2749 4990 2884 5058 eripi
2909 5000 3220 5082 pauperem,
3250 4988 3301 5033 et
3331 4976 3401 5030 de

1811 5074 1973 5153 manu
2009 5090 2312 5165 peccatoris
2349 5101 2587 5157 egenum
2638 5078 2885 5136 liberari.
2929 5080 3062 5135 Jure
3092 5074 3252 5145 igitur
3295 5078 3405 5165 non

1812 5188 1976 5242 dabat
2018 5199 2183 5241 cornu
2238 5179 2538 5250 peccatori.
2590 5167 2898 5240 Aliquoties
2941 5180 3120 5224 autem
3166 5172 3289 5218 cum
3330 5169 3412 5255 m-

1811 5279 2080 5335 cvitabilis
2114 5276 2163 5331 ei
2217 5270 2503 5344 prceliandi
2549 5260 2851 5325 necessitas
2902 5258 3264 5360 incumbere?)
3303 5259 3416 5300 5‘1'3
