3964 5360
556 390 656 447 647

1562 393 1621 450 S.
1663 394 1909 453 ODUNIS
1946 396 2234 455 ABBATIS
2268 399 2764 459 CLUNIACENSIS
2803 403 2844 458 ll
3716 410 3803 466 MS

556 501 712 573 Quod
739 501 900 559 etiam
932 501 1046 558 suis
1068 501 1218 560 valde
1248 503 1529 560 videbatur
1567 506 1807 577 ineptum
1841 508 1894 562 ni
1924 507 2138 578 experi-
2162 516 2212 575 Α
2242 520 2418 566 menta
2450 529 2546 583 per
2593 514 2793 571 Christi
2842 514 3068 586 gratiam
3122 516 3374 574 refutare.
3414 518 3596 577 Hostis
3645 537 3804 584 autem

531 586 741 649 ‘mento
767 594 1108 665 probassent,
1158 595 1302 666 quod
1338 593 1621 664 Geraldus,
1674 613 1832 667 quem
1866 598 2036 668 pietas
2084 598 2137 653 iu

554 686 674 756 ipso
702 684 981 756 przeliandi
1012 686 1243 741 articulo
1292 686 1541 741 vincebat
1567 688 1889 745 invincibilis
1926 703 2140 759 semper

552 788 717 834 esset.
741 778 872 833 Cum
894 793 1023 851 ergo
1052 780 1300 835 viderent
1320 781 1462 850 quod
1488 796 1626 836 novo
1677 782 1954 852 pneliandi
1982 798 2139 854 gene-

552 885 613 925 re
634 870 793 924 ntista
837 870 1037 940 pietate
1084 870 1461 941 triumpharet,
1498 872 1802 927 irrisionem
1850 873 2138 928 vertebant

553 964 607 1018 in
634 963 1067 1019 admirationem.
1101 963 1279 1018 Etiam
1320 965 1557 1020 victoria:
1600 965 1799 1030 securi,
1844 965 2138 1021 servabant

557 1052 768 1108 alacres
794 1054 937 1124 quod
986 1054 1235 1123 jubebat.
1268 1052 1384 1109 Non
1434 1056 1576 1109 enim
1620 1056 1861 1109 auditum
1908 1065 1990 1110 est
2040 1056 2137 1110 ali-

552 1144 773 1215 quando
798 1143 940 1217 quod
976 1144 1058 1199 vel
1079 1160 1223 1212 eum,
1252 1145 1334 1201 vel
1360 1145 1556 1201 milites
1578 1144 1713 1215 ejus,’
1744 1146 1834 1215 qui
1872 1148 1970 1202 sub
1992 1147 2134 1202 illius

550 1234 808 1289 fidelitate
834 1244 1227 1307 pugnaverunt,
1282 1246 1508 1292 eventus
1548 1236 1788 1291 victoria:
1833 1235 2129 1291 fefellisset.

550 1324 658 1380 Sed
683 1333 737 1381 et
762 1328 863 1381 hoc
883 1338 1090 1381 certum
1127 1336 1361 1392 constat,
1391 1328 1532 1400 quod
1575 1343 1674 1383 nec
1706 1330 1817 1400 ipse
1842 1329 2136 1400 quemlibet

546 1434 783 1489 unquam
806 1420 1186 1487 vulneraverit,
1217 1437 1316 1477 nec
1350 1438 1575 1492 prorsus
1612 1423 1681 1477 ab
1720 1423 1902 1493 aliquo
1949 1424 2134 1480 vulne-

546 1519 697 1566 ratus
725 1519 826 1566 est.
866 1512 1115 1569 Christus
1154 1528 1388 1582 namque
1418 1523 1557 1579 erat,
1586 1524 1644 1568 ut
1664 1515 1923 1586 scriptum
1945 1525 2048 1581 est,
2077 1516 2132 1571 in

543 1599 713 1656 latere
738 1600 873 1670 ejus,
900 1603 990 1671 qui
1018 1604 1198 1658 cordis
1222 1603 1339 1673 ejus
1369 1604 1582 1659 oculum
1617 1606 1926 1676 inspiciens,
1952 1607 2132 1676 pervi-

543 1692 867 1763 tlebatquod
915 1710 1014 1763 pro
1038 1695 1155 1764 ejus
1202 1712 1388 1751 amore
1421 1706 1529 1751 tam
1563 1698 1836 1753 beneﬁcus
1877 1707 2020 1765 erat,
2073 1707 2132 1754 ut

542 1798 650 1836 non
689 1784 885 1839 hostes
920 1786 1064 1854 ipsos
1109 1785 1269 1840 vellet
1316 1796 1588 1855 appetere,
1631 1788 1725 1841 sed
1764 1788 1933 1842 solam
1968 1789 2021 1843 in
2049 1787 2128 1842 eis

2246 602 2643 674 inexplebiliter
2717 608 2974 677 invidus,
3052 625 3173 666 cum
3252 615 3626 683 experimento
3694 636 3805 690 pro-

2243 693 2445 761 basset,
2484 698 2627 766 quod
2681 698 2733 753 in
2787 714 2852 754 eo
2897 716 2996 771 per
3029 701 3443 775 delectationem
3506 709 3688 764 carnis
3737 727 3809 768 re-

2241 801 2407 854 gnare
2456 790 2811 859 nequivisset,
2867 793 3150 861 bellorum,
3217 804 3276 850 tit
3342 813 3508 868 supra
3572 802 3809 872 diximus,

2241 876 2485 933 turbines
2535 880 2583 933 ei
2640 896 2737 949 per
2798 883 3073 954 improbos
3128 888 3483 955 concitabat,
3536 900 3597 945 ut
3649 907 3809 951 arcem

2239 964 2455 1035 pietatis
2508 984 2605 1038 per
2660 970 2778 1026 illos
2850 972 2903 1025 in
2968 973 3131 1028 corde
3186 974 3302 1045 ejus
3353 990 3713 1048 oppugnaret,
3755 984 3811 1038 ad

2239 1073 2401 1127 quam
2462 1073 2559 1127 per
2613 1060 2849 1131 scipsum
2915 1063 3219 1135 irrumpere
3275 1082 3626 1140 nequaquam
3681 1072 3811 1129 valeo

2238 1146 2352 1203 bat.
2383 1147 2584 1204 Contra
2616 1153 2922 1208 castitatem
2966 1171 3115 1221 vero,
3176 1164 3234 1211 ut
3281 1160 3350 1213 ad
3381 1160 3503 1231 ejus
3541 1162 3809 1233 juveuiora

2195 1240 2545 1307 'retleamns,
2598 1258 2759 1312 quam
2810 1246 2980 1301 isdem
3034 1248 3385 1319 virguncnlus
3429 1256 3691 1309 certatim
3746 1258 3811 1311 di.

2237 1328 2458 1402 ligebat,
2500 1336 2905 1394 versutissimus
2934 1340 3108 1395 hostis
3146 1343 3414 1400 acerrime
3456 1350 3811 1403 succendeba-

2238 1431 2341 1475 tur.
2375 1422 2579 1478 Novum
2622 1442 2856 1497 namque
2915 1440 2969 1484 et
3016 1432 3333 1489 inusitatum
3378 1437 3459 1493 illi
3515 1448 3661 1503 erat,
3688 1442 3812 1511 quod

2234 1510 2432 1581 aliquis
2454 1510 2780 1581 juvenculus
2810 1519 3151 1593 naufragium
3193 1526 3419 1595 pudoris
3447 1537 3602 1584 tutus
3625 1510 3812 1586 evasis-

2234 1611 2337 1656 set.
2386 1602 2688 1661 Libidinem
2739 1609 2927 1681 igitur,
2984 1629 3104 1683 qua:
3156 1617 3222 1670 ad
3252 1619 3640 1689 decipiendum
3663 1637 3817 1693 genus

2232 1693 2532 1761 hominum,
2563 1698 2648 1754 vel
2705 1702 2961 1770 maxima,
3016 1705 3099 1760 vel
3149 1708 3321 1777 prima
3369 1721 3459 1766 est
3486 1711 3613 1781 ejus
3638 1716 3813 1779 virtus,

2238 1784 2510 1843 instanter
2532 1788 2604 1843 illi
2628 1794 2971 1863 suggerebat.
3004 1794 3176 1863 Quam
3201 1814 3324 1855 cmn
3360 1801 3451 1856 ille
3503 1804 3817 1874 penitusre-

541 1874 824 1930 audaciam
858 1877 1192 1932 dementarc.
1244 1876 1411 1931 Nemo
1457 1893 1588 1932 sane
1633 1889 1934 1945 moveatur,
1982 1879 2125 1950 quod
2156 1871 2200 1930 Β
2229 1873 2450 1965 ftllurct.
2484 1884 2834 1949 torquebatur
2868 1885 3074 1954 hostis;
3106 1891 3251 1959 quod
3298 1906 3403 1946 nec
3425 1894 3497 1947 ad
3536 1892 3694 1949 fores
3717 1897 3815 1965 qui.

541 1964 704 2020 homo
740 1964 918 2035 justus
961 1983 1117 2023 usum
1168 1968 1468 2038 praaliandi,
1513 1970 1604 2039 qui
1652 1970 1976 2043 incongruus
2005 1969 2132 2027 reli-

540 2058 686 2128 gioni
717 2060 953 2126 videtur,
993 2058 1281 2137 aliquando
1317 2061 1585 2115 habuerit.
1628 2062 1883 2133 Quisquis
1914 2062 1999 2117 ille
2022 2070 2127 2130 est,

543 2150 588 2204 si
611 2149 758 2220 justa
799 2150 952 2208 lance
981 2168 1197 2208 causam
1226 2155 1560 2217 discreverit.
1594 2172 1661 2212 ne
1698 2158 1750 2212 in
1786 2159 1884 2214 hac
1911 2160 2129 2230 quidem

541 2251 694 2311 parte
723 2243 949 2313 gloriam
976 2244 1192 2301 Geraldi
1238 2248 1488 2316 probabit
1521 2248 1929 2306 obfuscandam.
1986 2252 2131 2307 Non-

540 2330 671 2385 nulli
732 2348 965 2402 namque
1015 2333 1234 2390 Patrum
1290 2351 1414 2392 (ευ-ιιι
1461 2346 1516 2393 et
1552 2339 1878 2395 sanctissimi
1935 2353 1990 2397 et
2035 2359 2131 2413 pa-

539 2423 847 2478 tientissimi
901 2424 1102 2481 fuerint
1141 2424 1373 2495 justitia:
1433 2438 1614 2486 tamen
1666 2447 1827 2489 causa
1877 2435 2129 2503 exigente

535 2515 767 2571 viriliter
794 2518 847 2571 in
875 2518 1204 2575 adversariis
1244 2524 1395 2575 arma
1432 2523 1838 2593 corripiebant:
1874 2534 1934 2579 ut
1957 2526 2128 2581 Abra-

538 2607 691 2673 ham,
712 2607 804 2677 qui
834 2623 932 2678 pro
959 2611 1199 2666 cruentlo
1222 2622 1415 2682 nepote
1443 2613 1713 2681 ingentem
1738 2614 1970 2668 hostium
1994 2615 2128 2669 mul-

538 2698 823 2755 titudinem
875 2699 1030 2755 fudit.
1087 2701 1153 2756 Et
1214 2719 1307 2758 rex
1364 2704 1550 2769 David,
1583 2704 1674 2775 qui
1723 2707 1883 2760 etiam
1936 2718 2126 2763 contra

539 2788 709 2845 lilium
736 2787 978 2860 legiones
1006 2792 1226 2848 direxit.
1258 2794 1525 2850 Gcraldus
1568 2811 1677 2851 non
1729 2797 1902 2851 aliena
1935 2813 2126 2868 perva-

535 2882 731 2947 tlendo,
759 2882 854 2938 sed
882 2898 1004 2947 sua,
1031 2886 1160 2953 quin
1189 2886 1368 2959 potius
1396 2903 1613 2942 suorum
1624 2887 1748 2958 jura
1776 2889 1970 2945 tuendo
2001 2905 2125 2945 con-

533 2967 772 3039 ﬂigebat.
799 2970 915 3028 Non
942 2976 1186 3031 nesciens
1217 2976 1639 3043 rhinocerotem,
1666 2978 1717 3033 id
1752 2987 1857 3044 est,
1889 2980 2123 3049 quemli-

534 3057 625 3114 bet
653 3070 947 3131 potentem,
982 3064 1097 3120 loro
1130 3067 1439 3137 religatum,
1490 3077 1549 3122 ut
1577 3069 1761 3140 glebas
1802 3072 2043 3138 vallium,
2072 3073 2124 3128 id

536 3159 642 3215 est,
669 3152 949 3209 humilium
979 3172 1327 3227 oppressores
1368 3160 1693 3233 confringat.
1725 3163 1929 3235 Neque,
1962 3176 2021 3221 ut
2049 3167 2126 3221 ait

531 3242 844 3314 Apostolus,
876 3247 1046 3317 judea:
1075 3251 1187 3307 sine
1212 3267 1373 3306 causa
1403 3253 1638 3321 gladium
1677 3266 1885 3326 portat;
1936 3260 2125 3314 vindex

530 3336 672 3395 enim
708 3335 807 3391 Dei
828 3350 903 3394 est
934 3339 1108 3411 (Rom.
1139 3357 1258 3407 xm,
1292 3343 1368 3415 4).
1397 3344 1575 3401 Licuit
1595 3348 1759 3419 igitur
1782 3350 1918 3406 laico
1949 3353 2126 3408 homi-

530 3427 587 3489 ni
620 3428 671 3482 in
711 3430 903 3486 ordine
929 3442 1288 3503 pugnatorum
1320 3438 1498 3506 posito
1520 3438 1756 3507 gladium
1797 3451 2034 3512 portare,
2064 3452 2124 3499 ut

532 3518 739 3576 inerme
774 3521 962 3593 vulgus
984 3525 1131 3579 velut
1154 3527 1446 3583 innocuum
1469 3545 1635 3600 pecus
1660 3549 1687 3586 a
1722 3532 1881 3604 lupis,
1908 3544 1965 3590 ut
1987 3536 2125 3591 scri-

529 3619 681 3679 ptum
712 3620 814 3676 est,
848 3616 1178 3684 vespertinis
1218 3617 1546 3676 defensaret.
1579 3622 1642 3676 Et
1678 3640 1816 3695 quos
1863 3626 2123 3683 ecclesia-

528 3700 665 3755 stica
696 3716 927 3760 censura
959 3705 1209 3776 subigere
1238 3710 1450 3780 nequit,
1492 3724 1585 3766 aut
1629 3714 1825 3771 bellico
1857 3715 1998 3785 jure,
2025 3728 2121 3774 aut

526 3789 579 3843 vi
601 3789 891 3859 judiciaria
939 3810 1329 3868 compesceret.
1385 3801 1498 3857 Non
1531 3805 1695 3873 igitur
1717 3808 1973 3865 obscurat
2003 3809 2119 3880 ejus

527 3878 779 3949 gloriam,
808 3884 951 3953 quod
972 3901 1072 3959 pro
1102 3903 1267 3943 causa
1305 3889 1394 3945 Dei
1427 3895 1703 3963 pugnavit,
1742 3910 1840 3966 pro
1865 3912 1973 3971 quo
2027 3878 2121 3970 pu-

525 3975 827 4042 gnatorbis
874 3985 1143 4039 terrarum
1174 3990 1365 4037 contra
1410 3983 1743 4051 insensatos;
1781 3988 1909 4057 quin
1939 3991 2118 4059 potius

525 4064 593 4117 ad
624 4064 836 4125 laudem
888 4066 1006 4138 ejus
1052 4069 1285 4141 proficit,
1322 4074 1465 4142 quod
1504 4091 1717 4147 semper
1763 4079 1881 4137 sine
1928 4078 2118 4137 fraude

526 4152 611 4211 vel
640 4154 959 4212 insidiarum
1008 4159 1313 4216 interventu
1369 4164 1544 4234 palam
1585 4167 1794 4237 vicerit,
1835 4182 1889 4227 et
1936 4180 2114 4227 tamen

444 4224 459 4235 ’
526 4241 603 4298 ita
629 4254 909 4312 protectus
933 4263 964 4302 a
990 4248 1100 4304 Deo
1122 4251 1213 4315 sit,
1241 4261 1298 4306 ut
1318 4224 1554 4322 gladium
1578 4271 1756 4324 suum,
1779 4224 1923 4316 sicut
1950 4277 2114 4335 supra

527 4332 783 4399 diximus,
821 4352 1093 4414 nunquam
1140 4341 1380 4399 humano
1438 4347 1700 4416 sanguine
1729 4332 2109 4411 cruentaverit.

525 4422 697 4482 Porro
741 4436 944 4493 autem,
984 4430 1076 4499 qui
1131 4434 1379 4505 exemplo
1424 4435 1541 4507 ejus
1570 4439 1832 4496 adversus
1861 4442 2111 4502 inimicos

2235 1964 2357 2019 dem
2387 1969 2570 2025 cordis
2601 1971 2743 2026 illius
2770 1974 2908 2029 hanc
2934 1976 3292 2035 iutromittere
3324 1992 3535 2051 posset.
3564 1964 3815 2040 Veterne-

2237 2071 2350 2111 sam
2378 2059 2448 2114 ob
2491 2060 2593 2116 hoc
2653 2064 2845 2132 repetit
2901 2065 3163 2135 fraudem,
3194 2081 3247 2125 et
3285 2072 3352 2127 ad
3401 2073 3817 2131 instrumentum

2235 2148 2591 2221 deceptionis,
2616 2170 2724 2224 quo
2755 2155 2836 2212 vel
2861 2158 3056 2224 Adam,
3080 2161 3165 2216 vei
3189 2165 3393 2234 posteri
3421 2164 3548 2233 ejus
3593 2170 3817 2223 maxime

2235 2239 2410 2312 decipi
2448 2242 2645 2309 solent,
2685 2246 2753 2300 ad
2804 2247 3084 2304 mulierem
3138 2252 3281 2314 dico.
3315 2257 3578 2314 recurrit.
3638 2257 3819 2324 Quam-

2234 2329 2357 2384 dam
2381 2333 2525 2387 enim
2547 2332 2890 2403 juvenculam
2913 2337 3028 2406 ejus
3043 2341 3236 2408 oculis,
3257 2352 3314 2397 ut
3337 2342 3537 2411 fertur,
3575 2346 3817 2418 ingessit.

2233 2420 2332 2491 Qui
2385 2424 2512 2481 dum
2566 2427 2620 2483 in
2664 2443 2728 2483 ea
2794 2429 3029 2491 colorem
3084 2435 3324 2495 nitidulae
3371 2439 3520 2496 cutis
3573 2440 3821 2498 incautis

2233 2515 2516 2571 attendere
2555 2532 2677 2572 mox
2712 2519 2766 2575 in
2815 2510 3170 2581 delectatione
3197 2526 3338 2582 illius
3359 2530 3691 2588 mollescere
3716 2549 3819 2590 cte-

2232 2606 2326 2675 pit.
2360 2605 2403 2662 Ο
2437 2608 2484 2663 si
2535 2612 2782 2679 protinus
2833 2614 3108 2673 intellectu
3151 2624 3526 2690 conspexisset
3562 2628 3701 2695 quid
3728 2627 3818 2681 sub

2233 2706 2356 2752 cute
2405 2698 2633 2756 latebat!
2693 2705 2817 2774 quia
2866 2707 3121 2763 nimirum
3164 2712 3296 2766 nihil
3325 2716 3514 2771 carnis
3536 2717 3817 2785 pulchrum

2230 2799 2332 2853 est,
2365 2790 2469 2846 nisi
2502 2792 2658 2850 fucus
2707 2798 2879 2867 pellis.
2915 2799 3129 2856 Avertit
3155 2802 3463 2871 illeoculos,
3487 2810 3589 2863 sed
3621 2811 3821 2880 species

2229 2896 2326 2950 per
2372 2881 2516 2951 ipsos
2562 2888 2709 2942 cordi
2752 2889 3014 2960 impressa
3062 2894 3342 2950 remansit.
3373 2895 3570 2968 itaque
3591 2902 3821 2972 angeba-

2232 2978 2343 3037 tur,
2389 2973 2734 3043 illiciebatur,
2787 2990 2839 3034 et
2875 2996 3019 3037 caeco
3052 2983 3159 3053 igui
3189 2986 3543 3043 adurebatur.
3585 2989 3818 3047 Tandem

2232 3062 2405 3121 victus
2427 3067 2591 3121 mittit
2618 3068 2683 3122 ad
2712 3081 2939 3126 matrem
2964 3074 3175 3142 puellm,
3206 3077 3298 3145 qui
3323 3092 3384 3132 se
3418 3081 3643 3136 nuntiat
3670 3092 3819 3138 nocte

2228 3166 2540 3217 venturum.
2567 3160 2795 3218 Secutus
2848 3165 2937 3221 ille
2965 3168 3233 3233 nuntium,
3261 3170 3532 3228 Violenter
3553 3175 3623 3229 ad
3656 3187 3815 3230 inter-

2228 3249 2363 3305 itum
2419 3253 2617 3309 animae
2669 3255 2982 3313 festinabat.
3034 3260 3255 3315 Interim
3291 3278 3442 3329 vero,
3471 3267 3622 3322 sicut
3652 3269 3816 3323 solent

2224 3343 2423 3411 captivi
2468 3345 2611 3404 inter
2664 3347 2900 3415 vincula,
2946 3350 3192 3420 pristinae.
3229 3353 3503 3412 libertatis
3543 3371 3817 3430 gementes

2223 3435 2535 3499 memorari,
2582 3438 2819 3506 suspirat
2856 3439 3140 3507 Geraldus,
3170 3454 3224 3499 et
3252 3456 3579 3502 consuetam
3624 3450 3816 3505 divina

2223 3523 2526 3580 dilectionis
2571 3527 2911 3586 dulcedinem
2954 3534 3242 3592 recolebat.
3295 3537 3363 3593 Et
3401 3538 3534 3595 licet
3561 3556 3714 3612 aegro
3743 3543 3815 3596 aL

2225 3614 2390 3682 fectu,
2423 3618 2650 3688 rogabat
2677 3621 2868 3689 Deum,
2911 3640 2979 3680 ne
3018 3641 3077 3681 se
3106 3627 3196 3681 illa
3222 3630 3451 3686 tentatio
3473 3633 3699 3701 penitus
3729 3634 3815 3687 ab-

2220 3711 2485 3766 sorberet.
2516 3713 2742 3769 chitur
2787 3717 2856 3770 ad
2906 3719 3239 3785 condictum,
3298 3723 3472 3778 intrat
3516 3724 3814 3796 h05pitium

2219 3801 2418 3870 puella,
2448 3804 2574 3873 quia
2625 3804 2797 3877 frigus
2825 3818 2966 3875 erat,
2998 3813 3148 3866 stetit
3172 3814 3227 3868 in
3255 3813 3397 3871 facie
3410 3815 3574 3886 juxta
3602 3818 3810 3875 focum:

2217 3890 2507 3952 Geraldum
2558 3912 2687 3952 vero
2727 3896 2841 3967 jam
2877 3900 3059 3957 divina
3099 3905 3275 3975 gratia
3320 3920 3662 3979 respexerat.
3719 3911 3813 3965 Cui

2220 3994 2327 4040 tam
2375 3986 2635 4046 deformis
2670 3989 2861 4045 eadem
2905 3992 3081 4063 puella
3130 4011 3257 4051 mox
3287 3998 3406 4054 visa
3454 4010 3565 4064 est,
3620 4012 3810 4057 utnon

2215 4078 2464 4135 crederet
2499 4093 2617 4134 eam
2654 4095 2776 4136 esse
2818 4097 2979 4151 quam
3010 4084 3239 4152 viderat,
3286 4088 3463 4146 donec
3507 4102 3667 4161 pater
3689 4094 3805 4165 ejus

2216 4167 2387 4237 ipsam
2409 4184 2528 4248 esse
2539 4182 2830 4227 assereret.
2845 4171 2915 4227 At
2937 4174 3027 4229 ille
3049 4174 3354 4251 intelligens
3378 4181 3429 4236 id
3453 4198 3562 4237 non
3587 4185 3706 4239 sine
3726 4186 3810 4238 di.

2215 4257 2342 4313 vino
2366 4242 2497 4319 nutu
2534 4260 2676 4327 lieri,
2705 4264 2848 4332 quod
2879 4265 3067 4322 eadem
3105 4265 3395 4337 juvencula
3418 4286 3530 4326 non
3562 4274 3809 4329 eamdem

2212 4361 2557 4409 venustatem
2595 4351 2653 4413 in
2682 4354 2802 4426 ejus
2841 4357 3012 4414 oculis
3055 4358 3306 4426 haberet,
3351 4377 3480 4417 mox
3509 4365 3581 4419 ad
3610 4364 3809 4421 Christi

2211 4443 2639 4500 misericordiam
2695 4462 2754 4503 se
2788 4449 3086 4523 recollegit,
3130 4460 3186 4507 et
3228 4452 3500 4522 profunde
3527 4459 3807 4528 suspirans

525 4530 677 4570 arma
710 4521 1018 4589 sumpserit,
1048 4523 1164 4592 ejus
1185 4540 1400 4596 quoque
1429 4529 1676 4601 exemplo
1703 4549 1808 4588 non
1836 4536 2109 4605 propriam
2140 4568 2188 4627 Β
2214 4533 2470 4589 concitus
2515 4551 2713 4605 equum
2761 4540 3027 4607 ascendit,
3081 4551 3136 4596 et
3166 4542 3241 4598 nil
3262 4554 3578 4613 cunctatus,
3606 4550 3806 4619 gratias

526 4611 989 4679 commoditatem,
1008 4616 1104 4669 sed
1129 4631 1468 4674 communem
1490 4631 1715 4691 quaerat.
1744 4625 1941 4689 Videas
1962 4644 2112 4682 nam-

522 4714 629 4769 que
660 4701 944 4761 nonnullo’s
969 4705 1059 4774 qui
1098 4722 1195 4776 pro
1232 4724 1417 4767 amore
1453 4710 1629 4769 laudis
1667 4724 1761 4768 aut
1798 4716 1956 4781 lucri,
1989 4733 2111 4774 sese

522 4791 785 4860 periculis
807 4795 1069 4851 audenter
1094 4798 1376 4870 objiciunt,
1407 4802 1546 4861 mala
1575 4806 1760 4861 mundi
1787 4823 1885 4876 pro
1912 4811 2110 4865 mumlo

522 4882 758 4938 libenter
780 4885 1086 4944 sustinent:
1132 4888 1285 4959 cujus
1310 4892 1435 4946 dum
1484 4895 1875 4957 amaritudines
1920 4912 2111 4959 occur-

522 4984 648 5028 runt
676 4975 795 5046 ejus
849 4980 1067 5047 gaudia,
1107 4989 1168 5036 ut
1220 4983 1293 5039 ita
1348 4985 1599 5051 dixerim,
1645 4998 1953 5056 quaerentes
1987 5006 2111 5060 per-

521 5066 678 5121 dunt.
717 5068 823 5126 Sed
865 5070 1091 5127 istorum
1152 5075 1257 5129 alia
1298 5091 1384 5130 res
1412 5084 1516 5131 est.
1563 5075 1709 5148 Opus
1731 5093 1861 5135 vero
1891 5081 2108 5137 Geraldi

523 5153 760 5213 lucidum
789 5167 892 5226 est,
941 5163 1199 5232 quoniam
1243 5166 1310 5219 de
1356 5164 1701 5236 simplicitate
1732 5169 1914 5229 cordis
1952 5171 2109 5227 meti-

524 5253 625 5286 lur,

2213 4640 2376 4694 agens
2430 4627 2564 4693 Deo,
2610 4631 2802 4699 raptim
2855 4632 3008 4688 abire
3050 4637 3383 4704 properavit.
3417 4638 3633 4697 Nimius
3654 4642 3803 4712 algor

2214 4716 2431 4787 frigoris
2467 4730 2597 4776 tunc
2641 4722 2777 4777 forte
2809 4724 3109 4793 ingruerat,
3145 4728 3230 4782 cui
3262 4744 3320 4784 se
3352 4738 3467 4785 tota
3511 4745 3672 4789 nocte
3692 4746 3805 4788 tor-

2213 4808 2318 4862 reri
2365 4810 2632 4878 permisit,
2664 4819 2723 4865 ut
2770 4812 2980 4868 scilicet
3021 4829 3199 4883 parvae
3229 4818 3615 4878 delectationis
3652 4833 3799 4891 tepo-

2214 4913 2329 4959 rem
2367 4899 2609 4967 glacialis
2639 4902 2902 4969 asperitas
2928 4906 3163 4973 puniret.
3209 4905 3373 4962 Jnhet
3420 4922 3610 4966 autem
3639 4913 3801 4982 proti-

2213 5004 2315 5043 nus
2343 4989 2509 5059 patri,
2534 5000 2592 5044 ut
2618 4992 2756 5046 hanc
2775 4997 2964 5063 nuptui
2982 4996 3241 5052 traderet.
3269 4999 3445 5066 Quam
3473 5012 3531 5058 et
3554 5004 3798 5058 libertate

2213 5078 2453 5146 donavit,
2478 5090 2533 5137 et
2565 5083 2832 5150 quoddam
2880 5087 3194 5155 praediolum
3225 5089 3353 5160 jure
3389 5095 3798 5152 testamentario

2214 5173 2505 5228 concessit.
2528 5174 2796 5232 Fortassis
2819 5186 3000 5233 autem
3028 5180 3376 5252 fragilitatem
3400 5202 3562 5243 suam
3614 5203 3797 5259 suspe‘
