3964 5360
528 309 677 364 "155!

1570 305 1624 360 S.
1665 303 1914 360 ODONIS
1946 302 2238 358 ABBATIS
2272 302 2770 362 CLUMACENSIS
2808 302 2851 358 ll
3689 311 3763 364 εει

579 426 756 482 brari:
781 422 1035 479 Solebant
1066 413 1148 475 sui
1176 419 1375 475 collum
1401 415 1516 486 ejus
1545 417 1790 472 lzetantes
1815 415 2117 471 deosculari
2137 455 2152 480 ,
2187 422 2236 478 Α
2265 423 2370 468 tem
2400 413 2578 468 dabat.
2612 414 2668 468 ln
2707 415 2790 468 his
2815 413 2998 482 utique
3028 413 3302 467 Christum
3333 427 3388 466 se
3415 415 3660 485 suscipere
3677 435 3762 474 cre-

580 530 682 571 ncc
716 524 910 569 etamen
949 510 1330 583 indignabatur
1394 509 1532 575 illis,
1573 509 1830 580 quoniam
1871 508 2119 577 superbia
2145 546 2162 572 ,

539 657 542 660 .
581 623 700 678 quae
733 621 946 676 semper
979 603 1336 659 intrectabilis
1375 611 1494 666 est,
1527 603 1709 656 sedem
1741 601 1844 654 sibi
1884 599 2162 654 vindicare

581 715 688 754 non
725 705 971 768 poterat.
1043 695 1175 749 Erat
1228 703 1490 764 praeterea
1545 692 1791 761 corporis
1844 691 2163 760 pernicitate

581 787 1027 853 tnultnm'velox,
1060 794 1114 840 et
1152 785 1345 839 virium
1385 784 1579 838 robore
1615 782 1844 837 validus.
1881 782 2032 849 Quod
2077 782 2161 837 id-

579 877 726 931 circo
775 874 835 930 fit
882 873 1422 930 commemorandum
1480 880 1538 926 ut
1592 879 1851 942 appareat
1901 871 2160 941 quoniam

580 965 864 1022 laudabilis
900 975 988 1020 est
1032 964 1157 1034 qui,
1196 963 1482 1018 materiam
1527 961 1874 1032 superbiendi
1921 961 2159 1024 habens,

581 1070 701 1110 sese
730 1055 784 1109 in
816 1055 1125 1110 humilitate
1163 1053 1512 1122 depresserit.
1555 1051 1598 1105 E
1636 1061 1857 1116 contra,
1893 1052 2158 1121 quoniam

580 1144 996 1216 vituperabiles,
1051 1143 1142 1212 qui
1193 1158 1380 1213 parum
1421 1141 1503 1196 vel
1545 1140 1618 1194 nil
1660 1141 1851 1195 horum
1902 1140 2162 1194 habentes

581 1243 968 1295 intumescunt.
1020 1236 1312 1306 Postquam
1353 1250 1482 1289 vero
1521 1233 1847 1288 mentalibns
1877 1247 1936 1287 se
1969 1232 2161 1287 studiis

580 1333 790 1402 plenius
849 1329 1174 1402 applicavit,
1228 1327 1317 1382 illa
1373 1326 1619 1396 corporis
1669 1324 1887 1394 agilitas
1938 1338 2161 1394 prorsus

583 1421 874 1477 emarcuit.
906 1421 1042 1474 Tum
1075 1426 1342 1490 prmterea
1385 1415 1729 1486 gratissimus
1768 1423 1887 1468 erat
1926 1413 2162 1484 alloquio

584 1511 891 1572 communi,
943 1517 1000 1563 et
1047 1508 1098 1561 in
1153 1506 1450 1561 tractandis
1499 1520 1564 1560 ac
1601 1503 1950 1574 disponendis
2002 1504 2164 1558 rebus

584 1601 832 1656 acumine
861 1598 1070 1655 consilii
1109 1597 1426 1667 profundus.
1470 1596 1535 1650 Et
1571 1609 1881 1664 quanquam
1921 1593 2162 1647 scurrili-

581 1693 708 1747 tatis
777 1694 935 1748 verba
976 1699 1220 1754 caveret,
1259 1690 1398 1744 seria
1451 1698 1628 1742 tamen
1689 1685 1761 1738 ita
1805 1683 2150 1755 proferebat,

2267 506 2436 568 deos.
2477 517 2531 560 et
2569 508 2742 576 ipsum
2783 515 3095 560 reverenter
3132 506 3186 559 in
3227 507 3310 560 his
3345 507 3622 571 honorans,
3664 509 3764 565 hunc

2267 598 2333 651 ad
2363 611 2420 652 se
2447 613 2542 667 per
2564 597 2712 668 ipsos
2736 596 3128 658 intromittebat
3146 639 3161 663 ,
3189 597 3343 667 cujus
3372 598 3671 669 refrigerium
3693 613 3763 660 est.

2261 689 2412 759 juxta
2441 689 2760 759 prophetam
2787 729 2802 754 ,
2835 688 3059 743 reticere
3087 687 3312 743 lassum.
3342 688 3512 754 Quam
3537 692 3770 758 susceptio.

2268 797 2389 834 nem
2443 781 2711 836 mercedis
2760 779 2901 835 male
2946 780 3162 835 sibimet
3209 779 3284 833 illi
3337 779 3668 844 imminuant,
3705 784 3766 849 qui

2273 872 2399 927 licet
2423 871 2567 927 foras
2591 871 2993 941 eleemosynam
3019 869 3426 933 transmittant,
3460 883 3688 938 pauperes
3717 879 3768 923 ta-

2270 976 2392 1016 men
2421 961 2488 1015 ad
2518 975 2576 1014 se
2602 975 2707 1015 non
2738 960 3110 1014 introducunt.
3140 957 3273 1012 Nam
3302 958 3598 1023 Christum,
3625 960 3695 1028 qui
3714 959 3772 1014 άὶ·

2265 1055 2340 1110 cit
2367 1071 2381 1108 :
2416 1052 2615 1122 Hospes
2640 1069 2783 1106 eram
2805 1093 2820 1119 ,
2841 1062 2890 1106 et
2911 1051 3191 1123 collegistis
3213 1068 3294 1107 me
3323 1050 3532 1124 (Matth.
3559 1051 3769 1122 xxv,35),

2269 1145 2341 1198 ita
2377 1161 2404 1198 a
2438 1144 2552 1198 suis
2598 1144 2846 1198 domibus
2893 1141 3184 1197 excludere
3225 1141 3494 1196 videntur.
3540 1140 3602 1196 Ut
3641 1150 3768 1197 autem

2268 1234 2664 1290 Pharisaeorum
2713 1232 2979 1303 justitiam
3001 1272 3016 1296 ,
3047 1231 3201 1302 juxta
3234 1239 3557 1301 praeceptum
3589 1230 3768 1294 Domini,

2267 1325 2520 1395 praeiret,
2553 1338 2752 1378 nonam
2789 1331 3002 1393 partem
3041 1322 3107 1377 de
3144 1321 3443 1376 redditibus
3479 1335 3696 1390 agrorum
3716 1335 3771 1374 re-

2267 1417 2394 1486 poni
2433 1430 2680 1472 seorsum
2706 1413 2972 1469 -faciebat.
3015 1412 3142 1468 Inde
3170 1413 3223 1467 in
3248 1411 3564 1481 quibusdam
3594 1412 3685 1466 suis
3705 1412 3769 1462 do-

2272 1507 2450 1563 mibus
2476 1520 2748 1576 pauperes
2778 1505 3065 1560 alebantur
3093 1521 3105 1556 :
3137 1504 3265 1558 hinc
3287 1502 3368 1557 eis
3407 1503 3688 1557 indumenta
3716 1500 3771 1554 vel

2266 1600 2632 1656 calceamenta
2655 1592 3049 1668 praebebantur.
3069 1594 3425 1651 Obviantibns
3446 1594 3543 1648 sibi
3566 1607 3771 1656 nummos,

2268 1706 2406 1762 quos
2436 1691 2502 1745 ad
2557 1690 2661 1745 hoc
2691 1689 2806 1760 ipse
2849 1687 3092 1751 ferebat,
3124 1694 3217 1740 aut
3245 1700 3337 1756 per
3367 1699 3460 1747 se,
3489 1693 3575 1738 aut
3599 1699 3678 1753 per
3699 1696 3773 1736 cre-

581 1793 642 1837 ιιι
680 1783 842 1836 etiam
881 1783 995 1836 suis
1033 1783 1084 1834 in
1121 1781 1226 1834 hoc
1267 1778 1522 1848 placeret.
1563 1775 1675 1829 Nec
1726 1774 1778 1828 in
1818 1773 2158 1843 proferendis
2192 1773 2236 1831 Β
2269 1782 2455 1836 dulum
2483 1780 2791 1836 ministrum
2823 1775 3187 1848 clamjngiter
3214 1775 3574 1830 ministrabat.
3610 1772 3772 1841 Aliquo-

585 1874 749 1928 minis
787 1881 906 1927 erat
943 1871 1105 1926 nimis
1139 1870 1293 1924 dicax
1314 1909 1328 1933 ,
1361 1882 1460 1922 nec
1488 1869 1540 1920 in
1573 1864 1917 1920 reservandis
1952 1863 2162 1931 injuriis

585 1972 766 2017 tenax.
809 1961 916 2015 Sed
955 1973 1132 2027 neque
1171 1959 1238 2012 ad
1277 1955 1540 2012 beneﬁcia
1579 1953 1832 2024 quaelibet
1868 1952 2046 2008 danda
2084 1951 2164 2008 fa-

587 2053 711 2108 cilis
730 2092 743 2114 ,
790 2065 965 2120 neque
991 2050 1059 2103 ad
1088 2049 1202 2102 bmc
1233 2046 1251 2118 [
1276 2061 1373 2101 nec
1402 2046 1468 2100 ab
1500 2044 1586 2099 his
1611 2043 1631 2116 ]
1663 2058 1782 2112 quae
1812 2042 2034 2098 dederat
2063 2058 2162 2097 au-

538 2131 805 2196 Terenda
837 2138 1130 2194 mutabilis.
1174 2137 1326 2204 Quod
1375 2150 1504 2190 vero
1549 2131 1870 2188 afﬁrmative
1918 2133 2163 2198 diceret,

513 2231 520 2237 ’
582 2233 686 2286 hoc
716 2229 1080 2286 indubitanter
1104 2227 1384 2298 explebat,
1425 2225 1525 2281 nisi
1565 2223 1703 2278 forte
1738 2231 2017 2292 peccatum
2044 2240 2164 2281 esse

589 2324 640 2378 di
648 2330 954 2393 gnosceret.

662 2412 798 2467 λιιι.
841 2411 1101 2467 Studebat
1142 2420 1321 2467 autem
1373 2412 1447 2467 ita
1499 2412 1812 2477 sobrietati,
1846 2419 2042 2465 utnon
2073 2425 2162 2465 so-

501 2553 506 2560 .
589 2505 699 2557 lum
741 2516 828 2566 se,
860 2501 966 2557 sed
1014 2501 1176 2556 etiam
1226 2517 1355 2558 suos
1399 2516 1428 2555 a
1484 2501 1796 2557 temulentia
1845 2500 2162 2555 custodiret.

586 2595 722 2650 Nam
773 2595 1014 2650 convivze
1058 2592 1212 2662 ejus,
1242 2609 1434 2664 .neqne
1483 2608 1707 2649 voraces
1751 2601 1938 2659 erant,
1989 2607 2166 2662 neque

584 2685 828 2742 bibaces.
872 2684 1058 2754 Neque
1101 2686 1246 2740 enim
1287 2685 1371 2739 vel
1417 2684 1656 2754 hospites
1701 2699 1936 2753 unquam
1973 2682 2040 2736 ad
2082 2681 2164 2737 bi-

587 2775 824 2834 bendum
863 2776 1119 2845 cogebat,
1159 2791 1334 2845 neque
1381 2776 1721 2831 numerosius
1771 2789 1933 2845 quam
1977 2787 2167 2830 omnes

591 2866 772 2921 caeteri
807 2867 1049 2921 conviva:
1069 2907 1084 2932 ,
1117 2876 1300 2935 potum
1333 2866 1607 2920 bauribat.
1637 2865 1823 2936 Itaque
1853 2867 1932 2922 sic
1959 2875 2164 2936 tempe-

590 2958 752 3012 rabat
776 2957 1085 3012 convivium
1103 2997 1118 3023 ,
1145 2968 1205 3012 ut
1234 2958 1302 3013 ab
1323 2973 1388 3012 eo
1413 2972 1516 3012 nec
1541 2957 1818 3013 temulenti
1845 2968 2163 3030 surgerent,

586 3063 692 3103 nec
719 3048 1032 3103 subtristes.
1064 3048 1128 3101 Et
1158 3063 1280 3103 cum
1310 3048 1552 3118 hospites
1572 3088 1588 3114 ,
1622 3047 1689 3102 ad
1719 3063 1948 3118 quorum
1979 3049 2166 3104 huma-

587 3140 814 3195 nitatem
845 3155 904 3194 se
932 3147 1107 3194 totum
1126 3139 1492 3210 impendebat,
1517 3140 1742 3195 reficere
1777 3155 2162 3210 nonnunquam

583 3243 748 3284 mane
797 3228 1054 3294 fecisset,
1097 3229 1217 3299 ipse
1269 3237 1448 3283 tamen
1497 3244 1604 3284 non
1653 3238 1781 3284 ante
1827 3229 2020 3284 horam
2057 3230 2163 3285 diei

586 3321 850 3386 tertiam,
880 3320 964 3375 vel
992 3321 1056 3378 in
1067 3319 1279 3390 jejunio
1311 3329 1435 3375 aute
1462 3336 1656 3375 nonam
1696 3321 1991 3376 reficiebat.
2033 3320 2164 3376 Illud

586 3411 890 3484 Scripturae
915 3421 1256 3483 praeceptum
1294 3413 1621 3467 observabat
1657 3413 1851 3468 beatus
1880 3413 2161 3482 princeps,

583 3505 679 3574 qui
726 3504 780 3558 in
813 3512 1052 3574 tempore
1079 3518 1176 3557 suo
1211 3503 1443 3558 comedit
1483 3503 1548 3558 ad
1583 3503 1933 3558 reficiendum
1977 3514 2030 3559 et
2058 3520 2162 3559 non

591 3595 658 3650 ad
687 3594 981 3650 luxuriam.
1027 3593 1167 3660 Quid
1212 3594 1356 3648 enim
1398 3594 1487 3649 ille
1525 3594 1934 3650 convenientins
1981 3596 2166 3650 obser-

587 3697 742 3743 varet
763 3700 928 3756 quam
953 3685 1275 3740 ebrietatem
1298 3726 1314 3750 ,
1343 3701 1462 3756 qua:
1486 3694 1686 3757 praeter
1718 3686 1821 3741 hoc
1847 3686 1989 3755 quod
2019 3701 2164 3742 mors

586 3779 784 3834 animae
820 3785 938 3842 est,
977 3786 1033 3831 et
1072 3791 1100 3830 a
1141 3790 1306 3846 regno
1344 3777 1468 3842 Dei,
1521 3785 1658 3832 teste
1694 3777 1986 3847 Apostolo,
2025 3780 2166 3833 sicut

594 3868 981 3934 homicidium,
1013 3868 1282 3932 excludit,
1315 3869 1478 3922 etiam
1508 3868 1718 3936 corpori
1753 3868 1976 3922 multum
2007 3870 2165 3924 noxia

594 3960 880 4028 probatur.
928 3958 1056 4012 Inde
1086 3959 1230 4012 enim
1271 3957 1468 4012 virium
1515 3955 1804 4022 debilitas,
1837 3957 1958 4012 inde
1998 3973 2166 4014 mem-

584 4050 803 4103 brorum
853 4057 1075 4113 tremor,
1128 4047 1254 4102 inde
1293 4061 1546 4102 sensuum
1581 4047 1884 4110 enervitas,
1920 4047 2043 4102 inde
2082 4063 2169 4103 se-

588 4149 780 4194 nectus
828 4139 1206 4208 intempestiva
1250 4138 1623 4209 conqueritur.
1675 4138 1869 4204 Visus,
1919 4137 2162 4208 loquela,

586 4231 771 4285 vultus
806 4230 1226 4296 dehonestatns,
1267 4238 1323 4286 et
1361 4245 1520 4285 omne
1559 4229 1834 4301 religionis
1869 4231 2030 4286 decus
2070 4232 2163 4286 de-

587 4329 866 4391 pravatur.
900 4320 1070 4376 Nemo
1097 4324 1295 4392 quippe
1325 4323 1466 4378 valet
1495 4322 1656 4377 simul
1711 4321 1839 4376 vino
1867 4331 1922 4376 et
1955 4321 2162 4394 Spiritu

589 4418 782 4465 sancto
831 4410 1059 4480 repleri,
1091 4421 1145 4466 et
1188 4411 1336 4466 nullo
1381 4421 1540 4480 pacto
1578 4411 1876 4467 Jerusalem
1930 4412 1997 4467 ab
2039 4412 2163 4483 igne

2192 3122 2240 3186 ϐ
2277 3161 2496 3209 ceretur
2552 3165 2567 3204 ε

2270 1872 2374 1927 tics
2424 1885 2547 1926 cum
2579 1884 2693 1940 .pro
2734 1868 2914 1938 aliquo
2956 1867 3176 1923 homine
3213 1865 3420 1920 nummi
3467 1873 3773 1933 erogarentur,

2271 1960 2384 2029 ipse
2410 1973 2533 2014 cum
2563 1958 2929 2029 indigentibus
2962 1955 3296 2025 accipiebat,
3330 1954 3570 2025 gaudens
3590 1962 3637 2007 et
3655 1967 3773 2020 exop-

2270 2063 2390 2107 tans
2419 2051 2746 2122 pauperibus
2781 2049 3109 2113 assimilari;
3142 2063 3277 2118 quos
3308 2056 3494 2101 tamen
3533 2045 3687 2100 statim
3709 2043 3774 2097 da-

2267 2144 2393 2209 bat,
2435 2141 2657 2216 mnltam
2697 2142 2864 2196 divini
2914 2139 3072 2195 cilicii
3111 2139 3445 2194 functionem
3485 2154 3578 2210 pro
3612 2147 3774 2207 accepto

2277 2236 2600 2294 munusculo
2628 2249 3064 2304 recompensans.

2344 2328 2458 2384 XV.
2501 2325 2832 2384 Refectionis
2879 2334 3155 2394 tempore,
3196 2323 3389 2394 ingens
3436 2321 3509 2376 illi
3543 2319 3776 2376 reverentia

2272 2422 2614 2480 servabatur.
2655 2417 2771 2473 Non
2805 2416 2877 2472 ibi
2906 2415 3208 2486 loquacitas
3239 2423 3334 2468 aut
3361 2413 3652 2470 scurrilitas
3685 2426 3778 2482 pne-

2273 2515 2520 2580 valebat,
2551 2511 2646 2568 sed
2673 2509 2758 2566 vel
2790 2507 3115 2571 necessarii,
3159 2506 3241 2563 vel
3278 2507 3494 2563 honesti
3536 2518 3776 2565 sermones,

2269 2607 2356 2665 vel
2385 2613 2535 2662 certe
2563 2603 2731 2659 divini
2764 2600 2964 2670 eloquii
3008 2599 3342 2654 dicebantur.
3391 2598 3499 2652 Per
3523 2612 3662 2652 omne
3679 2596 3776 2648 enim

2277 2705 2491 2766 tempus
2532 2691 2699 2748 semel
2741 2691 2794 2745 in
2835 2691 2923 2745 die
2949 2689 3290 2760 prandebat,
3335 2687 3440 2742 nisi
3485 2688 3613 2742 forte
3636 2685 3779 2742 :estiris

2272 2786 2480 2851 diebus,
2504 2800 2628 2841 cum
2663 2783 2872 2854 prosius
2896 2784 2913 2802 ‘
2938 2779 3137 2850 aliquid
3155 2822 3168 2845 ,
3197 2789 3290 2834 aut
3317 2781 3548 2859 crudum
3583 2787 3776 2834 cmnarrt.

2269 2879 2353 2936 Ad
2395 2877 2512 2947 ejus
2557 2892 2799 2933 mensam
2845 2875 3022 2946 primo
3060 2874 3262 2930 diutius
3296 2873 3611 2944 legebatur;
3644 2872 3718 2926 md
3743 2879 3780 2923 ut

2269 2970 2621 3029 saecularibus
2687 2967 3145 3023 condcscendcret
3173 3007 3187 3030 ,
3238 2964 3530 3020 lectionem
3579 2962 3778 3018 interdum

2272 3061 2639 3132 suspendens,
2671 3059 2949 3129 quaerebat
3008 3073 3039 3110 a
3097 3056 3307 3111 clericis
3367 3056 3503 3125 quid
3543 3055 3593 3110 in
3642 3069 3694 3108 ea
3729 3051 3781 3104 di-

2624 3152 2692 3203 ab
2758 3149 2889 3218 ipsis
2953 3153 3131 3202 tamen
3202 3161 3339 3216 quos
3405 3159 3564 3216 posse
3616 3149 3780 3199 noverat

2262 3241 2624 3313 respondere.
2673 3237 2951 3307 Siquidem
2999 3236 3207 3291 nobiles
3259 3235 3492 3290 clericos
3540 3233 3776 3288 nutriebat.

2276 3329 2562 3400 quibus-et
2590 3343 2799 3382 morum
2847 3327 3132 3390 honesms,
3154 3335 3220 3379 et
3247 3326 3483 3381 eruditio
3511 3339 3680 3381 sensus
3698 3335 3778 3376 cer-

2263 3420 2422 3484 tatim
2454 3418 2831 3473 adhibebatur.
2847 3416 3287 3472 Pubescentibus
3312 3415 3464 3470 enim
3495 3414 3778 3469 austerioretn

2253 3512 2630 3582 sepraebebat
2649 3551 2663 3577 ,
2693 3511 2880 3565 dicens
2909 3510 3052 3579 quod
3081 3508 3223 3564 illitis
3248 3509 3429 3564 :etatis
3459 3517 3655 3579 tempus
3675 3503 3780 3559 valde

2269 3603 2342 3656 sit
2390 3601 2792 3670 periculosum,
2842 3601 3057 3670 quando
3103 3599 3328 3668 quilibet
3370 3599 3670 3655 adolescens
3699 3607 3780 3648 mt-

2271 3699 2436 3746 terna:
2462 3691 2610 3746 vocis
2638 3689 3051 3746 similitudinem
3069 3729 3084 3754 ,
3115 3688 3199 3743 vel
3228 3687 3386 3744 faciei
3421 3689 3700 3759 deponens,
3721 3697 3781 3753 με

2275 3792 2484 3838 ternam
2515 3782 2707 3851 incipit
2731 3797 3006 3837 assumere
3058 3797 3246 3836 vocem
3287 3781 3372 3836 vel
3399 3775 3780 3846 vultum;etqvi

2277 3891 2337 3930 se
2388 3884 2518 3930 tunc
2543 3887 2763 3929 servare
2809 3873 3082 3939 studeret,
3128 3873 3285 3928 facile
3330 3874 3530 3929 deliine
3557 3869 3781 3929 carni-sine

2259 3967 2488 4023 centiva
2534 3975 2836 4036 superaret.
2883 3964 3017 4021 Cum
3063 3975 3195 4038 ergo
3234 3965 3310 4021 illi
3340 3982 3482 4037 quos
3507 3966 3572 4021 de
3607 3962 3778 4020 lectione

2270 4058 2606 4129 requirebat,
2634 4057 2780 4112 illum
2809 4067 3062 4129 rogarent
3097 4066 3158 4112 ut
3211 4059 3325 4128 ipse
3375 4059 3554 4129 potius
3591 4057 3776 4126 loquere-

2271 4157 2374 4212 tur,
2422 4149 2640 4203 tandem
2683 4149 2892 4204 solebat
2931 4149 3178 4219 proferre
3205 4150 3348 4220 quod
3369 4151 3420 4205 ei
3452 4165 3556 4205 non
3585 4157 3779 4219 pomposa

2270 4237 2610 4306 dissertatio,
2642 4240 2736 4295 sed
2764 4240 2919 4295 docta
2945 4240 3268 4310 simplicitas
3306 4240 3657 4317 ministrabat.
3683 4237 3780 4290 Inte—

2261 4329 2373 4389 rim
2405 4344 2534 4384 vero
2565 4344 2688 4385 cum
2719 4345 2749 4385 e
2777 4331 3003 4401 vestigio
3030 4345 3134 4384 non
3165 4331 3446 4394 deessent,
3493 4330 3580 4400 qni
3618 4326 3779 4382 facetias

2277 4421 2572 4501 quasdam,
2619 4429 2678 4475 ut
2717 4420 2950 4486 assolet,
3001 4428 3093 4475 aut
3125 4418 3496 4488 jocularitates
3533 4422 3778 4474 moverent.

587 4500 966 4558 fornicationis
1011 4504 1155 4557 valet
1204 4503 1375 4565 tueri,
1424 4504 1468 4558 si
1521 4505 1818 4573 principem
1867 4485 2384 4576 coquorumDn‘on‘
2435 4527 2529 4566 eas
2559 4485 2815 4565 mordaci
2859 4485 3262 4580 indignatione,
3310 4512 3403 4566 sed
3453 4511 3603 4582 quasi
3643 4507 3778 4562 itidem

588 4589 947 4648 Nabuzardan
977 4592 1046 4647 ab
1073 4593 1190 4665 ejus
1218 4591 1497 4650 obsidione
1524 4593 1759 4648 noluerit
1785 4608 1993 4649 arcere.

659 4683 800 4740 XIV.
846 4683 1074 4754 Semper
1113 4684 1298 4740 sedilia
1340 4685 1668 4756 pauperibus
1704 4698 1888 4738 coram
1916 4699 1973 4739 se
2006 4700 2166 4754 para-

589 4773 814 4839 bantur,
849 4781 907 4827 et
947 4773 1234 4843 aliquoties
1269 4789 1470 4829 mensa:
1509 4774 1921 4843 apponebantnr
1958 4775 2069 4840 eis,
2108 4785 2167 4830 ιιι

587 4879 685 4934 per
713 4865 948 4934 seipsum
977 4866 1188 4920 videret
1229 4865 1356 4935 quid
1416 4866 1497 4920 vel
1527 4874 1790 4935 quantum
1823 4866 1890 4920 ad
1917 4867 2166 4923 refectio-

590 4968 716 5008 nem
773 4955 854 5010 eis
903 4954 1144 5009 daretur.
1198 4953 1308 5011 Nec
1349 4967 1530 5010 certus
1569 4955 1866 5025 recipiendi
1909 4973 2168 5012 ntnnerns

592 5043 895 5108 tenebatur,
927 5044 1023 5099 sed
1060 5060 1181 5098 cum
1219 5046 1358 5101 forte
1396 5048 1579 5116 plures
1612 5050 1896 5118 adessent,
1937 5069 2168 5123 quorum

587 5145 833 5198 persona:
884 5133 1144 5189 duntaxat
1173 5145 1311 5205 apta:
1339 5137 1404 5191 ad
1437 5140 1803 5210 recipiendum
1833 5141 2166 5209 viderentur,

587 5220 769 5289 plures
790 5223 856 5276 ad
881 5237 1009 5278 eum
1041 5225 1540 5283 introducebantur.
1571 5229 1756 5287 Nullus
1779 5249 1908 5288 vero
1930 5251 2167 5306 unquam

592 5311 662 5360 ab
686 5313 825 5360 ostio
856 5314 974 5360 sine
1017 5315 1142 5360 dum
1175 5317 1529 5360 nlnpmncvnm
1571 5323 1960 5360 m-nlmlnhor...
2017 5323 2166 5360 ιη.ιέ-

2263 4602 2498 4672 iocando
2543 4605 2942 4673 compescebat.
2985 4601 3270 4672 Nunquam
3320 4610 3499 4657 tamen
3551 4599 3778 4655 vanitatem

2269 4711 2454 4753 coram
2487 4709 2548 4750 se
2575 4694 2820 4766 protrahi
2856 4694 3086 4749 sinebat.
3121 4693 3355 4749 Noverat
3381 4693 3526 4748 enim
3554 4688 3678 4760 quod
3699 4698 3778 4739 om-

2271 4787 2426 4841 nibus
2449 4784 2502 4839 in
2523 4799 2809 4840 commune
2831 4782 3156 4844 Christianis
3176 4782 3428 4852 jnbeatnr
3471 4792 3529 4835 ut
3558 4772 3780 4844 unusquis-

2269 4891 2373 4948 que
2411 4891 2539 4932 cum
2579 4874 2794 4930 silentio
2830 4889 2986 4929 suum
3031 4888 3222 4943 panem
3271 4872 3574 4927 manducet.
3603 4869 3651 4922 ln
3681 4861 3779 4918 refc—

2272 4964 2467 5022 ctionis
2498 4972 2676 5019 autem
2706 4963 2810 5017 line
2839 4962 3125 5018 lectionem
3155 4977 3362 5032 semper
3405 4961 3570 5016 lector
3590 4953 3779 5013 iterabat.

2273 5055 2350 5110 lta
2377 5054 2641 5111 Geraldns
2666 5053 2749 5108 vel
2780 5054 2845 5108 de
2871 5054 2981 5108 Deo
3009 5053 3255 5122 loquens,
3283 5053 3367 5106 vel
3395 5054 3499 5106 Deo
3524 5049 3618 5104 sibi
3642 5059 3717 5116 per
3736 5041 3780 5092 lc

2272 5147 2505 5200 ctionem
2528 5145 2798 5214 loquente,
2831 5145 3127 5199 maximum
3156 5143 3462 5199 refectionis
3505 5151 3691 5209 tempus
3722 5147 3780 5186 ex-

2274 5237 2556 5305 pendebat.
2587 5234 2833 5290 Viderint
2858 5235 2932 5289 illi
2961 5236 3064 5291 hoc
3093 5233 3207 5304 ejus
3232 5234 3531 5304 exemplum
3565 5229 3666 5301 qui,
3688 5239 3777 5280 ωηο

2275 5335 2354 5360 Ino
2387 5327 2823 5360 rnﬂnrnnlinnnm
2852 5326 3126 5360 nrnnhnlm
3188 5325 3446 5360 nilhqr-nn
3473 5330 3524 5360 nt
3556 5321 3699 5360 Iuram
3724 5312 3777 5360 III‘
