3964 5360
172 323 277 378 6353

905 317 994 371 DE
1034 313 1193 370 VITA
1234 314 1291 368 S.
1335 309 1639 368 GERALDI
1678 305 1953 406 FOiiI'IIS
1993 309 2340 368 AUiiILlAC.
2383 345 2452 355 —
2485 313 2616 368 LIB.
2659 314 2698 368 I.

174 447 255 493 est
303 441 438 504 quod
479 433 724 489 Christus
768 433 969 486 veritas
1013 432 1182 494 dixit,
1229 430 1372 501 quod
1409 428 1646 491 scilicet,
1693 440 1758 478 ex
1790 427 1833 482 Λ
1863 421 1969 476 lum
1993 425 2204 488 vicinis,
2233 425 2327 482 sed
2353 427 2516 482 etiam
2548 427 2852 499 longinquis
2872 431 3186 500 regionibus
3215 449 3440 490 resona-

175 529 494 583 almmluntia
542 526 713 580 cordis
753 543 810 579 os
856 524 1086 595 loquitur
1122 523 1356 594 (Matth-
1383 538 1455 576 xtl
1477 563 1490 585 ,
1521 521 1633 587 54).
1669 517 1758 572 Isti

175 623 261 692 qui
292 635 506 688 semper
534 621 598 674 de
645 619 1026 682 saecularibus,
1058 627 1113 672 et
1133 617 1238 671 'vel
1270 631 1495 687 parum,
1525 613 1605 669 vel
1639 627 1762 666 raro

174 709 238 770 de
273 712 383 768 Deo
420 713 747 782 loquuntur,
795 711 972 781 palam
1015 719 1098 765 est
1132 710 1262 779 quid
1291 709 1520 778 amplius
1542 715 1757 769 ament,

174 803 254 860 vel
276 805 404 874 quid
435 805 487 858 in
513 804 768 859 cordibus
801 819 988 858 eorum
1015 802 1267 856 abundet.
1299 799 1400 867 Qui
1421 800 1626 853 utinam
1657 797 1762 851 sic-

174 903 230 950 ut
275 893 540 950 Geraldus
581 893 872 947 novissima
901 892 1251 960 providerent
1277 930 1291 954 ,
1322 899 1377 944 et
1405 889 1518 944 sive
1545 886 1763 942 mandu-

171 993 387 1048 carent,
459 984 573 1038 sive
629 983 910 1047 biberent,
957 982 1172 1046 omnia,
1219 981 1372 1051 juxta
1433 987 1760 1049 przeceptum

173 1075 444 1144 Apostoli,
473 1075 542 1129 ad
585 1074 796 1129 Iaudem
844 1074 936 1129 Dei
991 1073 1251 1128 facerent.
1285 1071 1480 1126 Tribus
1527 1069 1676 1125 feriis
1707 1071 1758 1124 in

177 1167 506 1221 hcbdomada
526 1207 540 1232 ,
563 1175 618 1221 et
639 1166 784 1220 omni
813 1175 1052 1236 tempore
1080 1165 1223 1234 quod
1247 1162 1586 1218 abstinentia:
1615 1162 1763 1216 dica-

174 1265 284 1310 tum
327 1266 413 1311 est
438 1298 453 1322 ,
488 1273 517 1311 a
543 1258 800 1312 carnibus
826 1256 1153 1311 abstinebat.
1188 1254 1244 1310 Si
1276 1262 1454 1308 tamen
1482 1255 1534 1308 in
1558 1253 1760 1309 eisdem

174 1347 320 1404 feriis
353 1348 616 1403 festivitas
657 1347 908 1402 annnalis
935 1347 1207 1401 evenisset
1229 1387 1243 1411 ,
1273 1345 1653 1399 abstinentiam
1688 1345 1761 1398 ita

173 1438 437 1505 solvebat,
471 1452 528 1494 ut
553 1441 605 1493 in
629 1439 868 1510 qualibet
897 1439 1143 1494 absoluta
1167 1438 1301 1492 feria
1332 1438 1398 1492 ad
1427 1437 1598 1491 vicem
1621 1435 1762 1490 illius

172 1548 330 1601 quam
362 1533 628 1597 solverat,
661 1534 843 1587 itidem
868 1533 1193 1596 abstineret;
1217 1540 1411 1586 cumet
1441 1547 1606 1584 unmn
1633 1543 1763 1599 pau—

176 1641 352 1696 perem
389 1637 544 1681 extra
571 1627 760 1683 solitos
791 1628 1015 1682 obtentu
1046 1626 1188 1680 illius
1237 1625 1544 1680 festivitatis
1576 1623 1764 1677 refice-

173 1725 342 1771 ceret.
378 1715 659 1804 Sin.vero
695 1716 960 1786 jejunium
999 1717 1085 1771 die
1128 1715 1407 1770 Dominica
1461 1715 1758 1778 evenisset,

1866 514 1978 567 bat.
2007 514 2076 568 Et
2102 515 2230 583 quia
2275 529 2537 572 noverant
2569 534 2757 574 omnes
2803 535 2966 590 quam
3013 522 3289 580 beneficus
3312 541 3442 598 erga

1861 620 2049 660 omnes
2074 616 2241 671 esset,
2274 607 2427 661 multi
2455 623 2554 678 per
2581 623 2700 674 eum
2737 625 2866 666 suas
2897 613 3250 671 necessitates
3279 630 3443 688 expe-

1861 695 2098 750 diebant.
2123 697 2234 753 Nec
2253 697 2649 768 dedignabatur
2675 709 2769 756 aut
2811 717 2909 772 per
2951 719 3010 760 se
3042 715 3141 761 aut
3193 721 3290 777 per
3315 723 3446 766 suos

1860 801 2156 855 pauperum
2185 789 2416 859 negotiis
2439 789 2724 857 interesse,
2747 801 2820 857 et,
2846 803 2904 848 ut
2925 796 3066 864 potis
3089 805 3226 861 erat,
3253 799 3449 856 suffra-

1861 877 2004 947 gium
2040 880 2302 948 praebere.
2332 880 2486 950 Saepe
2510 883 2654 936 enim
2687 899 2811 940 cum
2841 886 2983 942 inter
3010 887 3286 947 discordes
3313 895 3450 948 dura

1860 970 2098 1038 grassari
2138 970 2274 1025 bella
2325 973 2692 1044 cognovisset,
2722 976 2811 1032 die
2850 992 2955 1048 qua
2996 982 3303 1039 ventilanda
3330 995 3452 1040 erat

1861 1075 2045 1127 causa,
2076 1060 2308 1118 faciebat
2335 1080 2432 1134 pro
2463 1065 2543 1120 eis
2588 1068 2781 1122 missas
2818 1069 3100 1126 celebrari.
3145 1073 3216 1128 Et
3254 1075 3451 1146 quibus

1862 1167 1972 1207 non
1999 1153 2322 1210 occurrebat
2373 1157 2685 1214 humanitus
2714 1159 3030 1228 subvenire,
3063 1164 3302 1220 divinum
3347 1167 3453 1223 illis

1863 1241 2265 1313 imprecabatur
2298 1247 2582 1302 auxilium.
2630 1249 2816 1320 Neque
2857 1252 2961 1308 hoc
3002 1254 3345 1324 patiebatur,
3393 1269 3453 1313 ut

1863 1333 2091 1403 quilibet
2135 1336 2320 1391 senior
2366 1337 2634 1394 beneficia
2675 1355 2705 1394 a
2746 1357 2847 1398 suo
2873 1359 3033 1399 vasso
3073 1360 3172 1415 pro
3207 1347 3457 1417 qualibet

1865 1426 2033 1481 animi
2079 1430 2442 1486 commotione
2484 1440 2668 1501 posset
2699 1433 2946 1500 auferre;
2979 1439 3096 1504 sed,
3123 1438 3354 1496 deducta
3387 1441 3456 1496 ad

1865 1519 2100 1574 medium
2132 1536 2320 1588 causa,
2348 1525 2545 1592 partim
2575 1541 2757 1595 prece,
2795 1529 2994 1598 partim
3021 1530 3276 1601 imperio,
3307 1547 3457 1588 com‘

1867 1613 2160 1669 motionem
2188 1617 2494 1685 exasperati
2525 1620 2690 1674 animi
2721 1621 3064 1691 reprimebat.
3095 1624 3457 1681 Rectitudinis

1865 1704 1983 1773 ejus
2018 1705 2257 1777 vigorem
2302 1707 2403 1762 hac
2435 1723 2540 1762 una
2572 1724 2632 1764 re
2665 1719 2872 1765 tantum
2913 1719 3134 1782 putares
3173 1714 3454 1770 acelivem.

175 1787 517 1879 nequaquam
566 1776 713 1863 illud.
733 1776 1001 1872 solvebat,
1040 1821 1138 1862 nec
1181 1808 1280 1863 sub
1326 1808 1427 1862 hac
1477 1776 1762 1861 occasione
1793 1776 1838 1835 Β
1866 1776 2092 1862 Quoties
2131 1812 2340 1867 panper
2368 1799 2507 1867 apud
2531 1799 2889 1869 potentiorem
2914 1776 3064 1858 forte
3085 1803 3351 1860 obnoxius
3377 1813 3458 1860 te-

176 1899 520 1967 praeteribat,
574 1899 668 1953 sed
719 1897 1042 1968 praecedenti
1092 1896 1316 1952 sabbato
1366 1895 1760 1951 solemnitatem

173 1989 358 2060 jejnnii
393 1989 750 2060 persolvebat.
782 1988 877 2043 Sin
906 2003 1032 2043 vero
1056 1988 1175 2042 talis
1201 1988 1316 2057 ejus
1344 1994 1532 2042 sancto
1562 1984 1765 2040 homini

178 2079 457 2135 videretur
488 2081 818 2149 incongruus
838 2118 854 2144 ,
899 2077 1112 2133 noverit
1166 2076 1252 2130 ille
1301 2091 1461 2145 quem
1492 2076 1596 2130 hoc
1628 2074 1767 2128 forte

180 2180 361 2228 movet
385 2211 402 2238 ,
431 2172 575 2240 quod
605 2170 786 2224 omnia
813 2168 1012 2224 munda
1040 2168 1150 2222 sint
1180 2165 1416 2230 mundis,
1437 2165 1488 2220 id
1517 2174 1621 2229 est,
1652 2163 1769 2218 sine

185 2263 642 2334 concupiscentia
671 2262 802 2317 vitio
827 2259 1257 2316 comedentibus.
1290 2257 1353 2312 Et
1379 2257 1470 2332 qui
1502 2270 1607 2310 non
1636 2270 1769 2324 qua-

182 2355 388 2410 litatem
436 2354 575 2420 cibi,
621 2353 718 2408 sed
747 2352 1126 2408 necessitatem
1151 2391 1167 2416 ,
1212 2349 1296 2404 vel
1339 2348 1635 2422 appetitum
1662 2361 1770 2417 quo

186 2447 445 2512 sumitur,
477 2447 721 2503 internus
759 2444 926 2514 judex
951 2443 1201 2498 attendit.
1242 2440 1396 2509 Quod
1460 2439 1606 2494 Elias
1640 2454 1767 2509 pro-

188 2539 352 2609 pheta
383 2546 439 2592 et
462 2537 602 2593 Esau
629 2553 726 2592 suo
751 2536 982 2607 probant
1010 2534 1275 2605 exemplo.
1297 2533 1474 2589 Licuit
1496 2531 1658 2605 igitur
1674 2533 1771 2587 bo-

190 2627 318 2681 mini
345 2625 508 2691 laico,
525 2625 824 2696 prtesertim
855 2635 963 2679 tam
988 2623 1155 2692 justo,
1181 2623 1342 2678 licitis
1365 2624 1475 2689 uti;
1497 2623 1639 2693 quod
1664 2638 1769 2678 non

183 2718 309 2774 licet
329 2718 412 2775 eis
433 2719 627 2788 quibus
649 2717 703 2772 id
722 2732 817 2772 sua
842 2714 1108 2785 professio
1139 2715 1478 2770 contradicit.
1511 2714 1644 2769 Nam
1682 2714 1772 2770 illa

183 2809 424 2880 paradisi
447 2809 610 2864 arbor
633 2825 737 2862 non
770 2807 971 2862 idcirco
995 2814 1220 2860 mortem
1245 2805 1443 2870 intulit,
1461 2805 1606 2875 quod
1632 2807 1774 2860 mala

181 2907 327 2954 esset
378 2897 473 2953 sed
500 2897 643 2967 quod
672 2912 831 2967 super
857 2893 1200 2950 interdictum
1227 2893 1326 2948 fuit
1355 2902 1701 2964 praesumpta.
1728 2923 1730 2928 ι

253 2989 400 3046 ΧΠ.
459 2989 628 3045 Porro
671 2990 910 3045 vestibus
960 2989 1153 3055 laneis,
1179 2997 1272 3042 aut
1314 2987 1500 3052 lineis,
1530 3001 1636 3042 non
1666 2985 1772 3040 isto

187 3081 346 3136 modo
374 3097 482 3150 quo
519 3098 661 3136 nunc
691 3097 721 3135 a
752 3081 876 3135 filiis
905 3080 1072 3136 Belial
1101 3089 1487 3151 praesumptum
1527 3088 1582 3134 et
1604 3071 1772 3134 'exco-

187 3173 416 3243 gitatum
442 3183 525 3228 est
551 3213 565 3238 ,
595 3174 688 3243 qui
723 3173 906 3241 utique
935 3173 1049 3226 sine
1070 3173 1200 3244 jugo
1237 3179 1362 3226 sunt
1386 3212 1400 3238 ,
1429 3171 1521 3226 sed
1549 3169 1772 3240 antiquo

191 3281 341 3320 more
372 3281 583 3336 semper
607 3282 734 3320 usus
760 3275 862 3329 est,
888 3266 960 3319 ita
993 3265 1254 3320 duntaxat
1282 3264 1570 3330 contextis,
1595 3272 1778 3319 utnec

189 3355 440 3411 affectata
477 3371 670 3426 pompa
703 3357 1042 3423 redolerent,
1081 3372 1182 3411 nec
1222 3357 1430 3426 plebeia
1475 3356 1779 3411 rusticitate

191 3458 536 3504 notarentur.
567 3448 828 3504 Sericinis
859 3463 986 3504 vero
1019 3449 1100 3503 vel
1124 3448 1404 3519 pretiosis,
1435 3463 1533 3502 nec
1556 3449 1778 3501 obtentu

189 3531 414 3607 quidem
440 3537 725 3607 Cujuslibet
749 3539 1054 3594 festivitatis
1071 3580 1085 3606 ,
1119 3553 1220 3594 nec
1243 3538 1470 3608 alicujus
1495 3537 1780 3607 praesentia

194 3629 552 3692 marchionis,
583 3615 702 3699 plus
732 3630 892 3684 solito
923 3645 981 3684 se
1010 3644 1225 3686 comere
1272 3629 1499 3683 studuit.
1543 3625 1784 3703 Remini-

192 3721 377 3776 culum
430 3721 559 3776 illud
608 3737 715 3793 quo
754 3721 891 3776 solet
938 3722 1084 3788 ensis
1133 3721 1350 3775 renibus
1397 3719 1649 3789 astringi,
1687 3733 1784 3787 per

202 3815 390 3886 viginti
420 3830 628 3880 annos,
657 3815 700 3870 si
732 3815 916 3869 tandiu
945 3814 1140 3868 durare
1171 3821 1379 3882 posset,
1412 3827 1518 3866 non
1576 3820 1785 3865 mutare

201 3916 297 3961 aut
326 3923 589 3965 renovare
623 3909 867 3962 curabat.
902 3908 1038 3974 Quid
1068 3906 1243 3960 dicam
1267 3907 1333 3960 de
1363 3905 1542 3960 balteo
1567 3904 1650 3959 vel
1673 3920 1787 3956 am-

196 3997 410 4052 bitiosis
433 3999 729 4064 cinctoriis,
763 4007 855 4052 aut
884 3997 1043 4051 fibula
1064 4037 1079 4062 ,
1111 3997 1176 4052 de
1213 4011 1472 4067 equorum
1511 3995 1744 4067 phaleris
1768 4034 1783 4058 ,

197 4090 636 4160 quandoquidem
685 4090 775 4145 ille
823 4104 926 4144 non
977 4089 1148 4144 solum
1180 4099 1396 4160 portare
1433 4103 1657 4152 aurum,
1692 4086 1787 4140 sed

198 4199 301 4239 nec
331 4183 534 4238 habere
562 4183 776 4253 quidem
803 4182 1114 4254 pateretur?
1139 4180 1251 4236 Non
1272 4182 1416 4235 enim
1446 4179 1656 4250 putavit
1691 4193 1787 4232 au-

201 4289 325 4328 rum
361 4276 524 4329 robur
555 4290 710 4329 suum
737 4315 750 4339 ,
793 4289 968 4344 neque
1001 4275 1054 4328 in
1085 4273 1426 4328 multitudine
1453 4271 1788 4335 divitiarum,

202 4365 297 4418 sed
330 4365 383 4417 in
412 4364 522 4419 Deo
551 4364 812 4435 gloriatus
840 4373 943 4419 est.
975 4363 1046 4418 Ut
1091 4364 1366 4434 religionis
1417 4362 1592 4418 solent
1623 4362 1788 4416 etiam

1799 3127 1846 3190 C

1866 1895 2105 1953 neretur,
2141 1888 2395 1952 inStabat,
2445 1899 2504 1942 ut
2557 1889 2962 1946 imbecilliorem
3000 1892 3076 1948 ita
3104 1902 3457 1960 sustentaret,

1867 1985 2134 2048 quatenus
2168 1971 2443 2034 fortiorem
2476 1980 2590 2056 sine
2613 1979 2831 2035 laesione
2861 1979 3133 2053 fregisset.
3162 1975 3455 2050 Caeterum,

1868 2067 2138 2123 veraciter
2159 2069 2426 2139 justitiam
2457 2071 2881 2136 esuriens,hanc
2897 2087 3003 2127 non
3038 2073 3208 2129 solum
3229 2073 3290 2129 in
3316 2075 3461 2142 suis,

1869 2160 1962 2216 sed
1990 2159 2153 2213 etiam
2178 2160 2231 2214 in
2254 2161 2529 2216 extraneis
2558 2160 2677 2216 ltedi
2716 2177 2822 2218 non
2842 2162 3173 2233 patiebatur.

1942 2249 2126 2304 XVIII.
2165 2249 2400 2306 Iustitiae
2429 2252 2545 2306 sitis
2569 2293 2583 2316 ,
2633 2261 2693 2306 ut
2730 2254 2967 2320 esuries,
2996 2255 3285 2312 ordinatim
3315 2258 3370 2314 in
3397 2275 3462 2316 eo

1871 2338 2156 2410 ﬂagrabat.
2187 2339 2303 2395 Non
2331 2340 2476 2395 enim
2509 2349 2603 2394 aut
2657 2341 2976 2412 simplititas
3022 2355 3115 2400 aut
3157 2345 3464 2419 benignitas

1873 2432 2219 2503 asperitatem
2250 2431 2349 2486 zeli
2380 2432 2695 2498 deserebat,
2731 2440 2823 2486 aut
2848 2435 3112 2503 asperitas
3134 2436 3235 2492 zeli
3255 2437 3467 2508 simpli-

1873 2519 2052 2578 citatis
2073 2521 2481 2592 benignitatem.
2504 2521 2769 2578 Nimirum
2791 2533 2847 2578 ut
2867 2526 2933 2581 de
2951 2525 3054 2582 Job
3079 2527 3295 2595 dicitur,
3318 2530 3464 2599 quod

1874 2611 2102 2685 simplex
2149 2623 2267 2668 erat
2316 2622 2371 2668 et
2408 2622 2588 2668 rectus
2615 2655 2631 2679 ,
2677 2622 2732 2668 et
2766 2615 2868 2670 iste
2904 2616 3004 2682 vir,
3039 2617 3287 2686 quamvis
3331 2633 3466 2689 pau-

1873 2705 2094 2778 peribus
2143 2705 2371 2760 multum
2420 2705 2747 2774 consuleret,
2794 2716 2974 2764 tamen
3021 2710 3089 2764 ad
3133 2710 3466 2780 puniendum

1876 2813 2000 2854 reos
2049 2813 2156 2852 non
2210 2812 2598 2868 usquequaque
2641 2799 2952 2854 dormitavit
3003 2816 3018 2856 :
3064 2801 3313 2857 videlicet
3356 2817 3466 2858 non

1876 2886 2132 2960 ignorans
2152 2888 2471 2957 quibusdam
2495 2889 2748 2944 divinitus
2769 2905 2888 2946 esse
2912 2892 3121 2958 datum,
3147 2902 3206 2947 ut
3234 2892 3443 2948 crimen

1878 2979 2020 3050 quod
2056 2980 2378 3050 impunitum
2435 2994 2718 3035 remanere
2771 2997 2878 3036 non
2933 2991 3130 3053 potest,
3185 2984 3467 3053 temporali

1877 3071 2140 3142 supplicio
2171 3071 2339 3126 luant.
2382 3072 2532 3127 Unde
2565 3081 2621 3126 et
2652 3087 2743 3127 rex
2782 3073 2950 3128 David
2983 3077 3220 3131 moriens
3246 3074 3382 3132 Joab
3412 3087 3470 3132 et

1879 3163 2058 3220 Semei
2083 3163 2236 3236 jubet
2263 3165 2464 3235 puniri.
2495 3165 2791 3232 Quamdam
2826 3167 3017 3222 silvam
3038 3168 3276 3224 latrones
3301 3184 3467 3224 occu—

1877 3265 2169 3327 paverant,
2201 3257 2291 3326 qui
2330 3257 2545 3327 rapinas
2574 3266 2630 3312 et
2655 3257 2829 3312 czedes
2860 3261 3265 3314 transeuntibus
3302 3268 3468 3329 atque

1879 3347 2074 3402 vicinis
2125 3346 2447 3401 inferebant.
2498 3346 2650 3414 Quod
2684 3346 2946 3404 Geratdus
2987 3349 3242 3415 audiens,
3274 3350 3339 3404 ad
3379 3364 3472 3404 ca-

1881 3438 2132 3510 piendum
2158 3452 2251 3494 eos
2282 3438 2526 3508 protinus
2552 3438 2769 3492 direxit.
2809 3438 2888 3494 Ae
2917 3449 3028 3492 tum
3065 3438 3205 3494 forte
3241 3440 3474 3495 rustica-

1883 3544 1984 3583 nus
2023 3529 2239 3598 quidam
2278 3529 2346 3582 ad
2391 3543 2486 3584 eos
2523 3539 2668 3582 metu
2722 3539 2947 3599 cogente
2992 3540 3234 3586 venerat.
3274 3531 3472 3587 Milites

1882 3634 2014 3673 vero
2067 3618 2160 3689 qui
2219 3634 2313 3675 eos
2355 3621 2899 3690 comprehenderunt,
2937 3625 3187 3678 timentes
3223 3639 3292 3678 ne
3333 3623 3474 3679 forte

1885 3713 2114 3765 domnus
2152 3712 2414 3767 Geraldus
2460 3722 2556 3767 aut
2599 3729 2691 3769 eos
2739 3714 3056 3780 dimisisset,
3107 3723 3199 3768 aut
3235 3729 3336 3771 cur
3377 3731 3473 3772 eos

1886 3803 2181 3872 impunitos
2217 3803 2320 3857 sibi
2360 3805 2708 3870 ostenderent
2762 3803 3111 3873 iuculpasset,
3139 3804 3324 3860 oculos
3349 3821 3468 3861 om-

1886 3894 2036 3946 nium
2058 3894 2312 3971 protinus
2339 3893 2668 3948 avnlserunt.
2705 3892 2818 3960 Qua
2847 3892 3134 3948 occasione
3162 3892 3362 3948 factum
3390 3903 3476 3949 est

1889 3997 1946 4040 ut
1985 3986 2071 4041 ille
2099 3986 2405 4040 rusticanus
2434 4001 2537 4039 una
2587 3994 2900 4041 carearetur.
2938 3986 3039 4053 Qui
3065 3985 3260 4041 dehinc
3284 3985 3339 4040 in
3370 3985 3476 4039 To-

1890 4078 2132 4132 losanum
2165 4093 2359 4148 pagum
2393 4079 2634 4132 recessit.
2668 4077 2854 4148 Longo
2883 4086 3004 4148 post
3053 4086 3314 4148 tempore,
3351 4091 3476 4132 cum

1891 4170 1956 4223 de
1986 4184 2052 4223 eo
2080 4169 2310 4224 domnus
2349 4167 2613 4223 Geraldus
2654 4167 2893 4222 audisset
2923 4167 3050 4238 quia
3082 4167 3353 4221 latronum
3383 4182 3475 4222 so—

1892 4261 2009 4315 cius
2037 4275 2144 4313 non
2176 4257 2359 4323 fuerit,
2388 4257 2541 4312 valde
2573 4257 2923 4313 contristatus
2946 4265 3051 4323 est,
3077 4257 3363 4326 requirens
3391 4256 3479 4312 vel

1894 4351 1938 4405 si
1965 4349 2192 4414 viveret,
2239 4349 2322 4403 vel
2363 4363 2472 4418 quo
2523 4348 2672 4403 isset.
2705 4347 2996 4417 Comperto
3019 4356 3200 4402 autem
3240 4348 3382 4418 quod
3411 4347 3481 4402 ad

202 4455 559 4526 professores,
593 4457 683 4526 qui
710 4457 775 4510 ad
807 4455 1158 4510 excolendum
1183 4456 1422 4526 corporis
1447 4453 1672 4519 cultum,
1704 4454 1774 4508 in-

1895 4439 2218 4495 Tolosanam
2247 4439 2591 4510 provinciam
2610 4440 2979 4506 discessisset,
3010 4448 3228 4496 centum
3256 4441 3480 4504 solidos,

203 4545 511 4599 verecundo
539 4555 591 4598 et
618 4543 938 4615 infatigabili
971 4545 1149 4598 studio
1176 4544 1537 4599 sollicitantur
1562 4563 1574 4598 :
1600 4545 1654 4600 id
1682 4553 1793 4599 toto
1822 4564 1830 4576 ·

205 4635 329 4690 nisu
375 4634 722 4700 alfectantes,
751 4645 810 4688 ut
837 4635 1229 4700 reverentiam,
1257 4651 1420 4706 quam
1479 4636 1579 4690 sibi
1632 4637 1798 4692 mori-

205 4725 313 4780 bus
341 4725 548 4789 tollunt,
576 4725 742 4780 vestis
762 4725 1010 4794 pretiosa:
1031 4724 1222 4780 saltem
1243 4725 1462 4780 obtentu
1489 4727 1558 4781 ab
1585 4726 1799 4780 intuen-

210 4815 362 4869 tibus
402 4815 758 4871 emcndicent.
793 4815 997 4881 Quibus
1049 4817 1235 4886 utique
1277 4817 1556 4887 expediret
1617 4827 1676 4871 ut
1731 4818 1798 4872 ad

207 4906 417 4960 cultum
446 4909 639 4962 animae
665 4948 678 4974 ,
710 4922 830 4976 qua:
871 4905 1072 4978 jugiter
1119 4907 1498 4978 pulchrescere
1543 4917 1796 4980 poterat,

210 4999 399 5068 potius
428 5007 705 5055 vacarent.

286 5087 450 5143 XVII.
481 5091 611 5146 Erat
651 5099 831 5145 autem
880 5093 1206 5161 pauperibus
1239 5101 1294 5147 et
1334 5094 1585 5165 injuriam
1625 5094 1800 5162 passis

213 5178 359 5222 liimr
383 5181 446 5222 sui
473 5198 556 5222 mn

562 5201 594 5222 ιι
619 5197 836 5222 comnpr
859 5196 1106 5222 annosque
1171 5197 1270 5222 nam
1297 5184 1363 5222 nr!
1395 5200 1614 5222 punicum
1647 5199 1798 5222 etiam

1897 4539 1958 4586 ut
1989 4531 2160 4594 aiunt,
2183 4532 2233 4586 ei
2260 4531 2593 4596 transmisit,
2614 4531 2808 4604 jubens
2833 4532 3082 4602 portitori
3115 4540 3174 4587 ut
3199 4531 3318 4601 ejus
3362 4532 3482 4586 vice

1900 4627 2111 4682 veniam
2143 4626 2210 4680 ab
2241 4640 2305 4681 eo
2336 4625 2654 4695 postularet.

1970 4718 2111 4774 XIX.
2150 4717 2338 4775 Itidem
2361 4733 2522 4786 quam
2537 4717 2832 4774 clementer
2848 4717 3220 4774 consolaretur
3235 4715 3482 4779 afﬂictos,

1903 4821 1998 4865 aut
2019 4818 2283 4880 quantum
2307 4823 2450 4878 saepe
2485 4810 2834 4865 misereretur
2852 4809 3122 4872 obnoxiis,
3153 4805 3257 4860 hoc
3285 4805 3483 4875 liqueat

1901 4898 2170 4969 exemplo.
2209 4899 2511 4966 Quemdam
2539 4897 2913 4968 presbyterum
2957 4899 3030 4953 ita
3072 4893 3237 4950 vicini
3263 4894 3349 4948 sui
3372 4909 3489 4951 cre-

1903 5002 2089 5047 scente
2128 4989 2302 5061 litigio
2327 4992 2722 5052 contriverant,
2755 4996 2818 5041 ut
2851 4988 2971 5057 ejus
3000 4986 3184 5044 oculos
3215 4998 3491 5055 eruerent.

1903 5085 2073 5152 Quem
2113 5085 2317 5141 scilicet
2351 5076 2548 5148 senior
2574 5083 2758 5140 verbis
2793 5085 3018 5142 multum
3051 5081 3362 5141 consolatus
3395 5098 3500 5153 est,

1905 5181 2138 5222 citatione
2165 5179 2238 5222 illi
2270 5179 2624 5222 natio-utinm.
2671 5171 2777 5222 Sed
2805 5190 2872 5222 ne
2896 5179 3178 5222 vorlmrnm
3204 5175 3506 5222 consolatin
