3964 5360
520 370 624 427 6ὺῦ

1480 372 1558 427 “S.
1599 365 1849 429 090le
1889 358 2180 421 ABBATIS
2217 356 2720 418 CLUNIACENSIS
2755 355 2799 412 ll
3657 357 3740 416 ωε

519 500 572 548 et
600 491 652 545 in
678 498 902 547 carcere
924 487 1158 545 clausus.
1201 485 1355 558 Quod
1384 497 1441 545 et
1464 487 1663 545 seniori
1693 495 1948 555 tanquam
1977 480 2103 538 inde
2130 488 2180 547 Α
2207 479 2453 538 sumsere
2480 485 2727 550 possunt.
2758 475 2839 533 Ob
2879 475 2983 531 hoc
3011 474 3174 530 etiam
3203 482 3260 530 et
3287 469 3503 530 minima
3527 475 3743 545 quaelibet

519 582 769 662 gavisuro
795 581 1041 652 protinus
1084 580 1386 636 nuntiatum
1429 588 1532 637 est.
1579 578 1680 647 Qui
1726 577 1908 633 statim
1949 571 2104 643 quasi

519 671 791 729 desiderio
817 670 1077 742 puniendi
1102 671 1385 739 festinans,
1418 670 1646 728 tetendit
1670 669 1737 724 ad
1765 665 2007 723 carceris
2029 664 2109 718 lo-

518 779 664 821 cum.
721 763 856 819 Aliae
898 777 1031 820 vero
1076 778 1254 819 causae
1301 769 1662 826 cmerscrant,
1704 772 1842 830 quas
1886 767 2108 812 necesse

518 865 639 912 erat
675 857 729 913 in
772 857 1070 912 crastinum
1099 855 1359 927 expediri.
1391 855 1504 910 Sub
1533 856 1636 911 hac
1664 867 1794 923 ergo
1822 848 2107 907 occasione

516 945 670 1014 iubet
698 962 851 1004 reum
877 951 1048 1016 uSque
1092 954 1218 1001 tunc
1265 945 1561 1000 demorari.
1611 941 1748 998 Sero
1773 949 1954 995 autem
1982 951 2105 994 cum

518 1037 776 1096 nlliciales
796 1038 863 1093 ad
885 1052 985 1094 sua
1007 1036 1403 1098 discessissent,
1434 1033 1691 1106 praecepit
1710 1029 1849 1088 clam
1872 1026 2104 1091 custodi,

519 1140 787 1202 quatenus
813 1146 936 1188 eum
956 1131 1085 1186 cibo
1111 1143 1174 1183 ac
1197 1136 1325 1200 potu
1357 1128 1626 1183 reticeret.
1650 1124 1716 1180 Et
1747 1122 1873 1194 quia
1904 1118 2104 1175 discal-

522 1231 710 1279 ceatus
728 1231 867 1289 erat,
893 1220 1451 1277 datisealceamentis
1471 1216 1728 1289 aufugcre
1748 1212 2103 1285 permisisset.

520 1313 579 1369 In
626 1313 922 1369 crastinum
958 1328 1089 1368 vero
1112 1311 1231 1383 (ὃὲ)
1260 1307 1608 1365 mallensibus
1652 1305 1892 1374 undique
1921 1301 1989 1356 ad
2019 1315 2109 1356 se-

523 1407 732 1461 niorem
774 1404 1168 1461 conﬂuentibus
1203 1403 1361 1474 jubet
1407 1416 1562 1456 reum
1602 1396 1833 1454 adduci.
1876 1394 2105 1463 Quidam

523 1510 654 1552 vero
681 1511 818 1567 quos
846 1506 1027 1552 custos
1053 1494 1290 1551 carceris
1314 1508 1412 1563 pro
1444 1492 1623 1561 seipse
1655 1495 1968 1560 paraverat,
1999 1494 2108 1540 tre-

522 1597 733 1645 mentes
760 1588 999 1644 indicant
1019 1601 1170 1642 reum
1186 1585 1476 1654 aufugisse.
1499 1583 1570 1637 At
1591 1581 1677 1637 ille
1700 1580 1887 1635 volens
1904 1577 2104 1631 factum

523 1678 724 1744 celare,
760 1677 912 1747 quasi
963 1676 1272 1731 minabatur
1321 1673 1553 1729 custodi.
1584 1670 1689 1726 Sed
1715 1684 1841 1723 mox
1875 1667 2100 1722 itidem:

522 1766 689 1835 Bene,
719 1767 913 1836 inquit,
940 1777 1121 1821 actum
1148 1773 1231 1821 est
1249 1803 1265 1831 ,
1299 1762 1552 1834 quoniam
1582 1759 1865 1831 presbyter
1885 1756 1998 1828 jam
2016 1754 2106 1811 eis

478 1932 483 1937 .
523 1872 719 1914 iiexam
752 1856 1070 1914 indulserat.

586 1987 713 2043 'X’X.
752 1989 883 2044 Item
913 1988 1019 2044 duo
1048 1984 1331 2051 vinculati,
1378 1998 1515 2054 quos
1563 1981 1702 2053 apud
1750 1993 1875 2035 eum
1923 1984 2108 2033 reatus

523 2079 717 2152 ingens
738 2081 1154 2143 obnoxiaverat,
1203 2078 1377 2133 eidem
1409 2075 1621 2130 fuerant
1665 2069 1995 2142 pnesentati.
2025 2067 2112 2122 In-

525 2176 743 2228 Stabant
759 2188 890 2229 vero
910 2181 1275 2237 accusatores,
1292 2179 1349 2224 ut
1363 2167 1652 2239 suspendio
1665 2164 2112 2234 cosjuberetpro-

525 2265 675 2321 tinus
701 2263 944 2320 interire.
995 2264 1086 2319 Ille
1120 2278 1248 2318 vero
1287 2259 1683 2324 dissimulabat,
1716 2252 1969 2327 quoniam
2017 2266 2112 2308 eos

525 2354 713 2427 palam'
732 2355 965 2411 liberare
995 2353 1226 2410 nolebat.
1258 2352 1350 2407 Sic
1373 2352 1516 2407 enim
1544 2351 1597 2404 in
1627 2348 1869 2420 quolibet
1894 2344 2113 2417 pietatis

525 2462 692 2519 opere
722 2462 788 2503 se
817 2445 1181 2510 modiﬁeabat,
1212 2444 1413 2515 utipsa
1454 2444 1569 2515 ejus
1609 2442 1783 2513 pietas
1811 2454 1915 2495 non
1945 2437 2110 2492 nimia

525 2536 698 2593 videri
733 2534 1287 2609 posset.‘RcSpicieus
1323 2542 1874 2606 ergo-accusatores:
1907 2527 1989 2595 Si,
2033 2527 2114 2582 in-

528 2628 667 2699 quit,
692 2637 752 2683 ut
779 2628 977 2694 dicitis,
1003 2627 1137 2682 mori
1172 2626 1367 2681 debent
1393 2665 1408 2691 ,
1432 2624 1605 2694 prius
1651 2622 1804 2693 juxta
1834 2619 2112 2690 vulgarem

525 2718 851 2773 sententiam
897 2715 1206 2771 rellcinmus
1253 2729 1366 2770 eos.
1418 2713 1568 2769 Tunc
1599 2711 1779 2768 cibum
1828 2718 1884 2764 et
1928 2715 2113 2780 potum

526 2808 686 2884 jussit
711 2810 790 2865 eis
815 2808 1016 2876 alieni,
1057 2817 1111 2863 et
1135 2808 1202 2863 ad
1247 2805 1634 2863 comedendum
1667 2802 1925 2874 disligari.
1952 2801 2115 2855 Cum-

528 2915 636 2972 que
662 2900 850 2957 refecti
887 2899 1137 2966 fuissent,
1178 2899 1326 2955 dedit
1367 2900 1448 2954 eis
1495 2895 1768 2953 cultellum
1800 2910 1954 2951 suum
1983 2935 1998 2961 ,
2029 2893 2115 2949 di-

530 3007 697 3049 cens:
728 2994 805 3049 Ite
843 3001 899 3048 et
938 3008 1036 3049 vos
1080 2991 1203 3062 ipsi,
1244 2990 1433 3045 achrte
1478 2990 1684 3056 vimen,
1716 3003 1832 3059 quo
1863 2984 2113 3057 suspendi

532 3085 793 3141 debeatis.
818 3084 933 3141 Non
957 3084 1113 3156 longe
1143 3094 1321 3139 autem
1346 3091 1465 3138 erat
1498 3082 1654 3148 silva,
1696 3097 1816 3153 quae
1858 3080 2117 3151 stirpibus

2207 570 2517 633 inserimus,
2548 581 2644 638 per
2677 580 2799 637 quae
2820 565 3027 636 grande
3051 565 3169 636 ejus
3206 565 3381 619 valeat
3419 565 3645 620 studium
3670 567 3743 623 de-

2206 660 2521 725 monstrari,
2550 666 2613 713 ut
2637 665 2723 714 est
2741 656 2994 712 videlicet
3021 655 3187 710 illud:
3219 656 3356 711 Dum
3402 668 3501 725 per
3528 669 3744 726 aggerem

2205 753 2482 825 publicum
2525 750 2813 822 aliquando
2848 749 3189 821 graderetur,
3221 747 3278 802 in
3306 747 3481 817 agello
3507 746 3601 801 ria:
3643 761 3745 802 con-

2210 844 2355 915 tiguo
2381 840 2629 914 quaedam
2680 840 2957 896 rusticana
3010 838 3204 897 mulier
3249 846 3493 892 aratrum
3536 837 3746 892 ducebat.

2207 931 2380 1000 Quam
2416 929 2644 1001 requirit
2686 943 2784 985 cur
2825 942 2964 999 opus
3002 926 3157 1001 virile
3203 925 3396 980 mulier
3440 938 3597 993 agere
3642 939 3749 994 pra-

2206 1020 2544 1092 sumpsisset.
2572 1018 2868 1089 Respondit
2895 1016 3069 1072 virum
3108 1030 3263 1070 suum
3295 1014 3501 1069 diutius
3523 1010 3631 1083 jam
3656 1013 3747 1066 lan-

2207 1128 2391 1185 guere,
2421 1122 2634 1182 tempus
2673 1110 2904 1166 sationis
2945 1109 3225 1179 praeterire
3251 1148 3267 1172 .
3310 1123 3370 1163 se
3397 1106 3567 1162 solam
3613 1121 3713 1162 esse
3734 1146 3747 1172 ,

2210 1202 2522 1272 nullumque
2563 1201 2654 1272 qui
2681 1200 2785 1257 sibi
2834 1200 3118 1256 subveniat
3161 1198 3381 1254 habere.
3411 1196 3549 1253 Cum
3573 1194 3749 1266 quidem

2208 1295 2298 1350 ille
2326 1294 2690 1350 calamitatem
2721 1292 2840 1363 ejus
2883 1291 3193 1357 miseratus,
3223 1300 3407 1347 tantos
3443 1290 3497 1345 ei
3546 1305 3753 1345 nummos

2208 1386 2324 1442 dari
2341 1386 2514 1459 jubet,
2541 1386 2729 1457 quanti
2753 1385 2869 1441 dies
2889 1384 3116 1440 sationis
3141 1398 3429 1455 superesse
3451 1382 3749 1446 videbantur,

2206 1486 2473 1547 quatenus
2500 1492 2597 1547 per
2622 1474 2863 1546 singulos
2890 1474 3007 1530 dies
3054 1474 3348 1545 agricolam
3387 1474 3495 1530 sibi
3517 1473 3747 1529 conduce-

2208 1579 2312 1637 ret,
2346 1578 2403 1625 et
2438 1570 2557 1640 ipsa
2603 1569 2802 1625 dehinc
2842 1582 2875 1622 a
2928 1566 3072 1622 virili
3110 1581 3275 1638 opere
3321 1574 3584 1622 cessaret.
3617 1564 3754 1621 Omne

2207 1659 2466 1725 fucatum,
2501 1670 2561 1714 ut
2584 1659 2662 1714 ait
2688 1657 3028 1723 Ambrosius,
3054 1656 3255 1727 refugit
3279 1664 3500 1720 natura,
3528 1663 3583 1710 et
3605 1664 3753 1709 auctor

2208 1749 2324 1817 ejus
2351 1749 2493 1806 Deus
2511 1749 2655 1819 quod
2685 1757 2871 1804 contra
2901 1746 3044 1802 illam
3074 1755 3157 1802 est
3186 1745 3470 1801 abhorret.
3515 1742 3634 1799 Ilaec
3654 1757 3754 1813 ergo

2141 1840 2186 1900 Β
2216 1856 2304 1898 res
2324 1856 2422 1912 per
2442 1856 2500 1896 se
2529 1841 2747 1911 quidem
2784 1839 2979 1910 exigua
3007 1845 3112 1903 est,
3140 1838 3236 1893 sed
3261 1835 3497 1891 affectus
3539 1834 3658 1889 recti
3680 1835 3752 1888 ho-

2206 1933 2372 1990 minis
2406 1943 2614 1988 naturae
2664 1928 2875 2003 legibus
2905 1928 3237 1983 conveniens
3277 1940 3402 1981 eam
3442 1923 3755 1994 grandescere

2207 2023 2359 2081 facit.
2448 2050 2453 2056 -

2277 2154 2443 2210 XXII.
2496 2152 2631 2209 Cum
2685 2150 2871 2207 itidem
2913 2148 3047 2204 alias
3106 2147 3249 2203 viam
3304 2151 3597 2215 carperet,
3645 2140 3754 2196 haud

2208 2247 2422 2304 eminus
2469 2245 2616 2301 cicer
2671 2242 2890 2315 quidam
2971 2240 3280 2296 rusticanus
3344 2236 3605 2291 metebat.
3651 2231 3755 2287 Cum

2202 2335 2473 2407 juvenes,
2536 2334 2629 2405 qui
2697 2332 2967 2388 seniorem
3000 2330 3298 2401 praeibam,
3348 2327 3480 2382 inde
3530 2332 3756 2380 sumentes

2211 2427 2578 2484 manditarent
2604 2465 2620 2489 ,
2663 2425 2778 2479 lucc
2817 2424 2915 2479 ille
2935 2422 3279 2493 conspicatus
3306 2460 3323 2486 ,
3344 2419 3545 2475 emisit
3588 2428 3750 2485 equum

2211 2528 2266 2575 et
2300 2518 2367 2573 ad
2408 2517 2682 2573 hominem
2735 2516 2979 2570 concitus
3027 2515 3207 2580 venit,
3259 2525 3518 2584 quarens
3559 2508 3604 2563 si
3643 2505 3755 2561 deer

2211 2610 2363 2683 pueri
2381 2609 2748 2666 abstulissent.
2778 2606 2959 2662 Atille
2988 2623 3001 2660 :
3040 2604 3172 2677 Ego,
3205 2600 3756 2673 inquit,domine,gra-

2215 2704 2287 2758 tis
2306 2703 2448 2758 dedi.
2496 2701 2564 2757 Et
2585 2700 2807 2757 senior:
2842 2694 3468 2768 Bene,inquit,faciat
3518 2690 3607 2746 tibi
3631 2689 3757 2744 Deus.

2285 2796 2473 2874 Χιξιίι.
2525 2815 2655 2871 Tale
2700 2821 2784 2871 est
2830 2811 2973 2883 quod
3010 2811 3118 2865 alia
3168 2806 3322 2875 rice,
3389 2821 3519 2862 cum
3569 2797 3757 2858 ministri

2217 2914 2334 2985 ejus
2361 2909 2669 2968 convivium
2703 2906 2805 2962 sub
2836 2906 3026 2959 umbra
3056 2915 3367 2958 cerasorum
3392 2901 3667 2969 pararent,
3689 2906 3757 2945 ra.
3799 2974 3802 2981 ἢ

2218 3001 2492 3061 musculos
2539 2997 2722 3053 baccis
2760 2995 2874 3067 jam
2930 2990 3161 3047 maturis
3203 2987 3610 3058 dependentes,
3656 2990 3759 3050 quos

2219 3103 2511 3164 antequam
2540 3090 2629 3146 ille
2652 3088 2883 3150 veniret,
2915 3084 3077 3140 iidem
3116 3079 3349 3137 ministri
3393 3074 3757 3146 ccul'regerant,

533 3176 759 3230 densata
782 3181 1143 3230 succrevcrat.
1188 3173 1360 3240 Quam
1387 3172 1462 3226 illi
1495 3172 1764 3226 intrantes
1792 3211 1806 3235 ,
1854 3178 1909 3225 et
1955 3168 2108 3239 quasi
2139 3188 2184 3253 ρ
2216 3203 2247 3242 ε
2292 3162 2619 3241 regiam“,
2658 3179 2932 3234 ιιιιειίεειηο
2972 3173 3179 3245 argenti
3221 3170 3399 3242 pretio
3447 3162 3757 3236 comparavit.

526 3262 712 3322 'vimen
743 3274 1069 3337 quaerentes,
1091 3264 1352 3336 paulatim
1404 3263 1720 3319 remutiora‘
1741 3270 2108 3333 penetrantes,

524 3360 714 3417 subito
747 3362 1146 3431 disparuerunt,
1173 3367 1229 3413 et
1260 3357 1332 3412 ita
1366 3357 1556 3411 mortis
1586 3354 1874 3411 articulum
1925 3368 2116 3410 evase-

524 3449 771 3507 .runt.'IIi
801 3466 931 3508 vero
976 3452 1064 3522 qui
1087 3452 1337 3518 aderant,
1362 3463 1643 3505 assensum
1668 3442 1785 3516 ejus
1812 3444 2114 3515 intelligen-

534 3552 644 3610 tes,
694 3557 788 3600 eos
823 3542 1172 3614 perscrutari
1218 3543 1357 3598 inter
1390 3541 1609 3596 fruteta
1657 3555 1763 3596 non
1823 3538 2111 3593 audebant.

537 3635 810 3701 Quantum
860 3650 991 3690 vero
1047 3649 1116 3690 ex
1165 3629 1473 3704 aequalitate
1518 3644 1875 3702 personarum
1919 3626 2116 3696 conjici

502 3712 1016 3797 'potest,per_sonas
1056 3726 1176 3781 illas
1227 3741 1441 3781 reorqu
1481 3724 1571 3795 Qui
1599 3737 1660 3779 se
1700 3723 1754 3776 in
1780 3718 1979 3776 malum
2026 3719 2120 3774 de—

532 3816 851 3883 Stinaverat,
899 3827 992 3871 aut
1034 3815 1248 3872 damnis
1292 3815 1615 3879 coercebat,
1670 3821 1762 3866 aut
1804 3812 2120 3866 charactere

524 3906 838 3963 -a‘dus‘tionis
866 3904 1135 3960 iuurcbat.
1171 3903 1293 3960 Illas
1321 3914 1502 3959 autem
1531 3916 1788 3974 personas
1812 3940 1827 3966 ,
1858 3915 1978 3969 qua:
2009 3914 2119 3954 non

529 4011 637 4069 per
691 4004 1008 4053 consuetam
1058 3994 1321 4051 malitiam
1351 4035 1367 4063 ,
1429 3996 1522 4051 sel
1578 3994 1864 4064 qualibet,
1913 3994 2118 4048 malum

540 4088 753 4158 aliquod
785 4095 1220 4159 perpetrassent,
1266 4086 1549 4141 indemens
1589 4084 1906 4140 dimittebat.
1975 4082 2123 4139 Nun—

540 4194 701 4247 quam
730 4188 907 4236 tamen
936 4179 1291 4234 auditum'est
1321 4186 1380 4232 ut
1410 4186 1757 4247 sepracsente
1784 4174 2124 4247 quilibetaut

542 4276 717 4324 mone
750 4269 970 4339 punitus
996 4268 1091 4336 sit,
1116 4274 1211 4322 aut
1243 4276 1523 4322 truncatus
1556 4264 1836 4321 membris.

612 4394 757 4451 XXI.
789 4394 933 4453 Sane
960 4397 1026 4452 de
1050 4395 1297 4466 pluribus
1324 4394 1489 4466 gestis
1513 4393 1632 4464 ejus
1671 4408 1849 4466 pauca
1879 4393 2123 4466 quaedam

2215 3276 2381 3333 Forte
2418 3274 2562 3328 dicet
2594 3269 2789 3339 aliquis
2825 3264 2966 3337 quod
3006 3265 3123 3319 haec
3166 3261 3335 3314 relatu
3364 3256 3602 3325 indigna
3629 3259 3755 3306 sunt:

2215 3366 2309 3423 sed
2343 3379 2443 3420 nos
2480 3360 2713 3417 timorati
2761 3354 2994 3413 hominis
3040 3360 3276 3407 mentem
3319 3363 3422 3419 per
3469 3347 3580 3400 hzec
3604 3340 3757 3407 exigua

2217 3461 2674 3519 demonstramus,
2701 3458 2762 3508 ut
2786 3466 2851 3506 ex
2883 3447 3099 3518 obliquo
3157 3441 3496 3511 intelligatur
3542 3434 3752 3506 quoniam

2217 3552 2310 3623 qui
2344 3548 2555 3605 modica
2612 3559 2717 3600 non
2765 3539 3091 3613 spernebat,
3138 3533 3397 3606 paulatim
3459 3520 3754 3623 decidere-in

2218 3614 2422 3712 majora
2452 3654 2557 3694 non
2585 3641 2813 3707 poterat.
2843 3632 2926 3686 An
2957 3644 3063 3684 non
3095 3622 3529 3681 alfectus‘vidum
3571 3632 3659 3689 per
3679 3614 3757 3669 duo

2218 3733 2423 3801 minuta
2453 3724 2834 3800 comprobatus
2860 3738 2889 3777 a
2918 3720 3143 3776 Domino
3170 3725 3254 3774 est
3279 3715 3305 3770 2

2288 3842 2478 3900 XXIV.
2496 3840 2636 3911 Erga
2660 3838 2807 3908 ipsos
2827 3848 2957 3890 vero
2976 3831 3068 3904 qui
3083 3829 3223 3901 juris
3244 3825 3565 3897 ejuserant,
3582 3829 3674 3874 tam
3690 3814 3761 3870 be-

2221 3937 2447 4000 neficus,
2472 3943 2688 4003 tamque
2714 3938 2831 3984 erat
2860 3926 3116 3997 paciﬁcus
3136 3931 3194 3975 ut
3219 3921 3415 3976 mirum
3440 3913 3753 4003 considean

2225 4029 2364 4085 tibus
2392 3995 2556 4082 esset.
2589 3995 2724 4078 Nam
2755 3995 3067 4089 frequenter
3091 4008 3535 4084 improperabant
3578 4011 3627 4058 et
3648 3995 3757 4070 quod

2222 4119 2402 4176 mollis
2429 4123 2572 4172 esset
2595 4122 2652 4170 et
2692 4110 2948 4174 timidus,
2974 4106 3066 4176 qui
3110 4118 3169 4160 se
3199 4102 3319 4157 laedi
3349 4099 3419 4155 ab
3449 4095 3639 4153 inlimis
3666 4102 3756 4160 pcr-

2226 4211 2403 4277 sonis,
2439 4219 2697 4279 tanquam
2725 4206 3012 4273 impotens,
3040 4188 3392 4270 permisisset.
3419 4191 3533 4246 Nec
3552 4182 3757 4242 facillime

2227 4310 2432 4366 tamen,
2461 4299 2605 4353 sicut
2633 4293 2835 4351 domini
2857 4290 3033 4347 solent
3066 4287 3265 4353 irasci,
3297 4293 3487 4341 contra
3537 4281 3757 4348 impropc‘

2226 4400 2412 4448 rantes
2432 4388 2516 4445 vel
2546 4386 2739 4443 leviter
2764 4382 3169 4453 indignabatdr.
3196 4374 3509 4446 Aliquando
3528 4370 3658 4426 enim
3678 4377 3757 4418 non

542 4495 601 4542 et
647 4485 858 4557 singula
884 4501 1370 4542 commemoramus
1395 4524 1411 4552 ,
1444 4500 1565 4556 quae
1616 4453 1694 4541 ad.
1727 4453 2123 4543 ostendendum
2153 4547 2197 4557 _
2227 4497 2427 4554 paucos
2443 4496 2511 4537 ex
2539 4476 2789 4533 ruricolis
2813 4470 3001 4529 obvios
3031 4469 3238 4534 habuit,
3260 4467 3352 4538 qui
3378 4465 3513 4537 (83),
3532 4453 3757 4557 dere-lictis

543 4547 806 4650 quosdan
855 4578 1073 4648 pietatis
1113 4586 1266 4632 actus
1302 4547 1479 4633 nobis-
1504 4578 1754 4634 videlicet
1783 4547 2206 4649 compertos,”
2229 4547 2460 4633 coloniis
2484 4568 2617 4634 suis,
2665 4568 2718 4620 in
2749 4565 2909 4619 aliam
2962 4559 3294 4631 provinciam
3331 4548 3757 4624 transmigrabant.

617 4716 733 4841 (82g
766 4715 1111 4785 Mallensibus
1152 4715 1379 4783 undique
1416 4715 1485 4769 ad
1512 4715 1769 4770 seniorem
1804 4717 2118 4786 conﬂuenti-

617 4807 661 4841 ε.
732 4787 911 4841 lallus.
937 4786 1192 4841 placitum
1232 4785 1427 4841 maius.
1455 4787 1544 4839 ubi
1591 4785 1825 4841 maiores
1868 4801 2047 4841 causae
2090 4802 2118 4841 a

544 4785 661 4847 bas.
705 4785 911 4851 Mullus,
937 4786 1192 4857 placitum
1232 4785 1427 4855 majus,
1455 4787 1544 4839 ubi
1576 4785 1825 4857 majores
1868 4785 2047 4857 causae
2090 4802 2121 4841 a

546 4859 835 4917 comitibus
856 4866 910 4911 et
939 4855 1260 4912 senioribus
1311 4856 1589 4910 terminari
1636 4855 1829 4911 solitae.
1874 4855 2121 4911 Edictum

546 4930 922 4987 Carisiacense
949 4927 1128 4982 Caroli
1158 4925 1325 4989 Calvi,
1353 4940 1494 4980 anno
1518 4924 1623 4979 864
1665 4941 1681 4979 :
1731 4944 1750 4977 ι
1808 4924 1876 4979 Et
1904 4925 2018 4993 ipse
2044 4927 2125 4981 sic

547 5000 766 5056 mullum
794 5014 949 5052 suunt
984 5005 1180 5060 teneat,
1215 4994 1543 5065 utbarigildi
1585 4994 1702 5065 ejus
1749 5002 1805 5049 et
1842 4996 2123 5065 advocati,

520 5072 640 5139 qui
671 5071 725 5123 in
763 5068 886 5122 aliis
915 5067 1260 5139 cmuilatihtls
1303 5063 1541 5139 rationes
1586 5063 1919 5139 liab_ent,__ad
1967 5081 2123 5121 suum

553 5134 769 5193 titullum
801 5152 1090 5192 occurrere
1111 5137 1338 5206 possint.
1377 5154 1398 5188 ι
1433 5134 1589 5199 lude,
1622 5134 1969 5206 gdmalrlnre,
1999 5144 2125 5189 ante

548 5208 783 5284 iudicem
838 5208 1022 5261 venire
1070 5202 1568 5284 liiiﬁgandincausa.
1621 5202 1911 5284 Marculfus
1959 5205 2052 5284 lib.
2082 5218 2124 5284 _t

2164 4686 2168 4690 ³
2223 4682 2511 4770 nonnullas
2556 4701 2837 4766 Ecclesiae,
2886 4684 3756 4770 όφερτίριὶεηιρρῂδιωη-ρρεῆγίςᾳξ

2210 4753 3382 4844 ιἓδίδίιῖέῗέοιῖιῶᾦῖῥξρρτνὶιίἰεὀι-ὀὶῖηινξτι.
3433 4760 3563 4844 »ΛΕι

2229 4829 2501 4908 ῐῐὸἷιῦἰῐιῖέ
2518 4829 2614 4901 lib.
2647 4829 2729 4897 ni.
2756 4840 2892 4895 Hist.
2925 4839 3147 4912 Franci,
3170 4848 3290 4912 cap.
3314 4833 3347 4885 5
3376 4849 3389 4886 ε
3421 4850 3439 4912 ε
3469 4829 3612 4897 Quod
3630 4829 3757 4912 eum

2230 4903 2563 4982 coenobium,
2594 4912 2949 4982 Cluniacensc
2974 4907 3243 4982 videlicet,
3266 4903 3324 4982 in
3350 4903 3527 4982 primo
3554 4911 3647 4982 non
3672 4907 3758 4982 ain-Is

2230 4961 2563 5062 malist:
2585 4961 3079 5062 «irrideamus
3106 4961 3754 5062 οοῑίξὲιὲἓξῖιέίεὲξιξῑεέἐιέᾷ

2231 5026 3407 5118 οθὲὲῗιίῖξξέῗῗῦἷὲῖίυῖξιίξιηἶοὸιοιιἰαὶ
3442 5037 3631 5118 passim
3650 5026 3755 5118 apud

2231 5099 2920 5187 i‘EiéFEsZ‘EHFSEu'cu'm'sf
2932 5099 3184 5187 Benigni,
3212 5131 3232 5165 ε
3272 5128 3396 5169 cum
3424 5099 3590 5187 servis
3617 5099 3756 5187 ηυξ-(ξε

2234 5169 2758 5272 ξῷξιῖξίἷ
2766 5169 2971 5272 septem
2984 5169 3308 5272 chéquicaSﬁ
3320 5182 3585 5272 tenebannt.
3595 5264 3609 5272 -
3618 5169 3756 5272 ἐξ

2456 5241 2731 5284 :7-'.'I_T:_:
2784 5241 2881 5284 --ξἰ.
2935 5256 3192 5284 r-.t.....:..
3240 5254 3349 5284 :mn
3418 5265 3446 5284 η
3491 5249 3559 5284 οο
3592 5241 3753 5284 dinam
