3964 5360
159 284 259 349 657,

890 286 979 341 DE
1021 284 1177 341 VITA
1213 284 1271 342 S.
1311 285 1612 342 GERALDI
1650 282 1923 343 COMITIS
1962 281 2306 340 AURILIAC.
2348 314 2418 323 --
2453 280 2582 339 LIB.
2624 280 2666 336 l.

3299 274 3401 331 668

157 394 292 462 Quos
314 405 439 447 cum
467 393 884 466 recognovisset,
915 403 970 450 et
1011 412 1244 468 quonam
1269 412 1389 451 eum
1425 411 1519 451 sua
1544 394 1723 465 supel-
1754 397 1802 457 Α
1831 394 1974 450 furto
2003 393 2320 451 discederet.
2347 392 2478 461 Quis
2505 392 2641 449 alius
2668 398 2864 464 praeter
2882 388 3171 447 Ceraldum
3195 388 3299 444 hoc
3329 387 3403 442 ita

157 481 323 538 lectile
374 482 694 549 tenderent,
732 484 1088 555 inquisisset,
1140 487 1535 557 responderunt
1582 485 1725 557 quod

157 571 385 638 injuriati
418 572 646 629 fuissent
668 574 738 629 ab
769 589 994 640 eo,cum
1023 577 1140 649 ipse
1162 577 1581 633 beneficiaverat
1608 592 1723 633 eos.

158 661 343 717 Milites
371 676 503 717 vero
527 662 618 733 qui
642 663 1059 721 obambulabant
1097 667 1367 737 principi,
1426 667 1729 723 suadebant

157 761 212 807 ut
236 766 329 808 eos
356 755 637 810 verberari
668 754 905 823 juberet,
934 766 988 811 et
1030 759 1097 813 ad
1145 758 1496 814 domunculas
1519 799 1533 824 ,
1584 746 1728 813 unde

158 844 531 911 discesserant,
587 847 765 903 redire
828 849 1195 920 compelleret.
1248 850 1354 905 Sed
1405 850 1494 906 ille
1533 848 1725 905 noluit.

156 936 356 1007 Quippe
386 938 479 1009 qui
516 948 739 995 noverat
772 957 952 1007 suum,
979 951 1032 998 et
1062 943 1278 998 illorum
1298 943 1583 998 Dominum
1607 958 1728 998 esse

158 1042 317 1081 unum
346 1028 400 1082 in
422 1029 608 1094 etelis,
647 1038 705 1085 et
754 1031 849 1101 qui
908 1034 1080 1103 magis
1127 1045 1527 1100 consueverat,
1570 1032 1726 1103 juxta

156 1117 487 1187 Apostolum,
525 1121 807 1178 remittere
834 1123 1033 1190 minas,
1063 1125 1152 1195 qui
1184 1126 1436 1194 potentiae
1462 1138 1573 1180 suae
1608 1140 1728 1179 ma-

158 1222 277 1262 num
307 1223 415 1263 non
446 1208 627 1265 levare
654 1226 818 1282 super
866 1213 1128 1283 pupillum
1168 1214 1385 1268 soleret.
1429 1214 1573 1284 Ergo
1606 1224 1730 1284 per-

156 1297 298 1353 misit
326 1313 420 1355 eos
469 1300 635 1367 abire,
674 1317 782 1373 quo
830 1304 932 1359 sibi
987 1304 1323 1360 comoedias
1358 1312 1643 1375 putarent,
1677 1312 1732 1360 et

156 1388 295 1444 dedit
320 1389 595 1447 licentiam
643 1394 1022 1450 conversandi.
1069 1395 1182 1451 Hoc
1224 1410 1357 1451 vero
1382 1436 1397 1461 ,
1442 1395 1584 1465 quod
1620 1410 1727 1450 non

156 1480 266 1537 sine
294 1497 420 1538 mea
468 1486 791 1540 verecundia
828 1488 1119 1556 quemdam
1167 1501 1341 1557 nuper
1391 1486 1727 1559 garrientem

155 1569 352 1637 audivi,
388 1573 594 1631 scilicet
613 1576 755 1645 quod
784 1576 897 1647 (84)
924 1576 1165 1632 debitum
1189 1576 1351 1631 vvadii
1383 1592 1729 1648 nequaquam

154 1659 382 1717 debitori
407 1664 652 1721 relaxare
688 1665 880 1722 solitus
921 1675 1062 1734 erat,
1111 1665 1568 1723 omnino-falsum
1620 1676 1727 1733 est,

1827 486 2071 542 faceret?
2093 484 2255 542 Certe
2291 486 2420 540 mihi
2455 484 2686 550 videtur,
2712 484 2856 555 quod
2885 483 2937 538 id
2971 482 3143 553 magis
3165 480 3404 537 admira-

1828 577 1970 633 tione
1998 579 2213 649 dignum
2244 578 2336 643 sit,
2365 593 2526 649 quam
2567 576 2623 631 si.
2654 575 2827 631 furem
2874 574 3147 647 rigescere
3188 572 3245 627 in
3285 573 3402 628 saxi

1827 668 2076 725 duritiam
2102 668 2335 723 fecisset.

1896 759 2107 815 XXVII.
2139 758 2483 829 Quantopere
2506 766 2684 813 autem
2726 757 2857 813 illud
2898 769 3089 813 cavere
3138 754 3407 811 studuerit

1828 852 1972 923 quod
2023 851 2314 922 Apostolus
2348 850 2540 920 jubet:
2574 850 2657 905 Ne
2692 849 3068 904 circumvenias
3113 848 3167 902 in
3202 846 3406 918 negotio

1828 943 2044 1014 fratrem
2065 951 2211 996 tuum
2234 941 2286 1012 (I
2311 940 2487 996 Thess.
2522 955 2594 1005 iv,
2626 938 2704 1011 6),
2755 939 2939 994 itidem
2967 936 3217 1007 prresenti
3247 944 3404 1006 pate-

1828 1036 1907 1091 bit
1934 1033 2202 1105 exemplo.
2229 1033 2362 1089 Cum
2391 1033 2683 1104 aliquando
2710 1032 2779 1087 ab
2799 1032 2934 1086 urbe
2964 1031 3134 1087 Roma
3163 1028 3417 1094 rediens,

1828 1126 2048 1198 Papiam
2072 1126 2411 1196 praeteriret,
2451 1124 2592 1180 liaud
2639 1122 2826 1195 procul
2850 1128 3273 1179 ‘castrametatus
3300 1128 3405 1177 est.-

1830 1215 1982 1284 Quod
2010 1216 2238 1279 Venetii,
2269 1215 2350 1271 vel
2379 1214 2468 1269 alii
2495 1213 2842 1285 quamplut‘cs
2897 1213 3039 1268 illico
3076 1225 3409 1283 cognoscen—

1830 1316 1932 1370 tes,
1956 1307 2021 1361 ad
2059 1322 2179 1362 eum
2204 1306 2449 1377 protinus
2473 1306 2742 1360 exierunt.
2778 1303 2895 1360 1am
2942 1303 3087 1359 enim
3132 1316 3228 1373 per
3250 1315 3412 1357 omne

1832 1396 1960 1453 illud
1989 1396 2093 1450 iter
2122 1394 2257 1450 satis
2282 1393 2650 1449 nobilissimus
2678 1403 2815 1459 erat,
2844 1399 2900 1448 et
2930 1390 3206 1463 religionis
3249 1396 3412 1460 atque

1831 1486 2094 1559 largitatis
2115 1500 2277 1542 causa
2307 1485 2446 1556 apud
2467 1478 2669 1541 omnes
2684 1483 2944 1540 famosus.
2980 1482 3116 1539 Cum
3157 1497 3288 1553 ergo
3318 1496 3417 1535 nea

1831 1579 2141 1651 gotialores,
2165 1585 2227 1632 ut
2256 1564 2337 1631 eis
2368 1592 2486 1632 mos
2520 1585 2635 1641 est,
2664 1577 2803 1631 inter
2830 1574 3125 1645 papiliones
3148 1573 3260 1646 (86)
3280 1588 3414 1627 eur-

1834 1670 2081 1734 sitareut,
2104 1677 2159 1724 et
2183 1667 2227 1724 si
2258 1667 2524 1738 quiSpiam
2566 1667 2728 1723 vellet
2754 1666 2955 1737 aliquid
2978 1679 3184 1730 emere,
3209 1662 3415 1732 disqui-

155 1751 290 1806 sicut
329 1752 415 1808 illi
452 1762 720 1811 testantur
765 1757 858 1826 qui
891 1771 1032 1828 saepe
1079 1758 1372 1823 viderunt,
1420 1758 1563 1828 quod
1622 1774 1728 1813 non
1769 1747 1812 1806 Β
1839 1760 2056 1824 sissent,
2086 1758 2424 1819 honestiores
2440 1754 2667 1827 quidam
2724 1756 2791 1811 ad
2838 1754 3070 1811 senioris
3115 1752 3409 1808 tentoriinn

153 1842 325 1898 solum
361 1854 709 1916 augmentum
756 1847 916 1902 wadii
942 1887 959 1914 ,
1014 1846 1109 1903 sed
1145 1847 1306 1903 etiam
1339 1847 1451 1921 (85)
1503 1848 1734 1921 capitale

154 1933 393 1991 debitum
431 1937 730 1994 relaxabat.

216 2024 391 2080 XXV.
442 2026 720 2098 Siquidem
770 2030 852 2085 sui
892 2045 1188 2103 pagenses,
1222 2032 1307 2087 vel
1356 2032 1587 2098 clerici,
1643 2034 1736 2102 qui

153 2115 298 2172 Illum
321 2118 464 2175 sicut
495 2129 706 2191 patrem
729 2120 1022 2179 affectuose
1047 2123 1363 2196 diligebant,
1418 2123 1738 2195 frequenter

150 2204 198 2260 ei
225 2205 464 2264 tertnlas
487 2223 626 2265 certe
652 2209 988 2277 deferebant,
1015 2228 1151 2283 quas
1176 2212 1266 2267 ille
1302 2213 1464 2269 veluti
1502 2213 1734 2285 grandia

151 2309 400 2363 munera,
438 2297 636 2355 multas
692 2300 896 2371 gratias
945 2301 1189 2357 referens
1242 2304 1559 2374 accipiebat.
1627 2302 1737 2359 Nec

151 2395 328 2445 tamen
383 2405 448 2445 ex
486 2393 675 2447 eadem
728 2409 856 2450 cera
911 2396 1205 2467 quidquam
1254 2397 1322 2452 ad
1368 2413 1524 2453 suum
1578 2413 1735 2453 usum

149 2479 338 2536 ardere
402 2482 771 2557 permittebat,
802 2485 898 2540 sed
946 2502 1129 2542 coram
1186 2488 1365 2554 altari,
1416 2489 1501 2545 vel
1531 2490 1737 2545 sanctis

148 2568 503 2638 pignoribus,
549 2589 669 2645 quae
720 2577 945 2646 perinde
998 2592 1183 2634 secum
1233 2577 1430 2634 deferri
1478 2579 1733 2647 faciebat,

150 2666 319 2716 totam
349 2662 405 2717 in
431 2662 785 2722 Inminaribus
807 2669 1059 2724 succendi
1092 2670 1456 2740 prrecipiebat.
1502 2671 1736 2729 Cubicu-

147 2747 246 2805 lari
272 2765 408 2808 vero
434 2769 559 2809 cum
586 2755 726 2812 forte
753 2772 881 2813 cera
908 2758 1127 2814 aliunde
1157 2760 1224 2815 ad
1254 2759 1375 2831 ejus
1406 2763 1729 2833 obsequium

146 2850 454 2912 praparata
500 2844 732 2913 deesset,
782 2847 1053 2903 betulinas
1084 2850 1339 2915 cortices,
1369 2852 1451 2906 vel
1478 2853 1736 2925 abiegnas

147 2932 312 2988 tradas
334 2942 466 2989 ante
494 2950 642 3002 eum,
664 2946 720 2991 et
746 2939 798 2993 in
827 2939 1146 2995 ministeriis
1177 2941 1290 2998 suis
1331 2945 1731 3013 prreparabant.

148 3019 254 3079 Sed
299 3038 428 3080 cum
475 3026 565 3082 ille
595 3037 744 3085 tanto
782 3028 969 3086 'studio
994 3032 1262 3099 cavebat,
1305 3048 1374 3088 ne
1418 3036 1734 3092 muneribus

1838 1859 2220 1920 pervenerunt,
2262 1857 2317 1905 et
2363 1848 2643 1903 ministros
2698 1845 3123 1920 interrogabant,
3170 1843 3216 1898 si
3271 1841 3412 1896 forte

1836 1942 2064 1997 domnus
2111 1954 2292 1995 comes
2340 1938 2442 2011 (sic
2480 1939 2622 1995 enim
2662 1953 2853 1994 omnes
2895 1935 3234 2009 appellabant
3266 1933 3417 2005 ctun)

1837 2031 1918 2086 vel
1967 2029 2150 2102 pallia,
2193 2030 2277 2085 vel
2326 2031 2722 2103 pigmentorum
2780 2029 2991 2100 species
3030 2028 3137 2084 emi
3176 2027 3415 2099 iuberet.

1837 2122 1971 2178 Tum
1999 2137 2126 2177 vero
2150 2123 2264 2193 ipse
2298 2139 2497 2178 vocans
2522 2138 2615 2178 eos
2645 2123 2709 2177 ad
2756 2137 2814 2178 se
2843 2139 2856 2176 :
2885 2120 3060 2189 Quod,
3086 2119 3276 2189 inquit,
3306 2117 3421 2190 pla-

1836 2216 1968 2281 cuit,
2022 2214 2207 2271 Ilomae
2250 2214 2485 2270 licitatns
2525 2230 2671 2279 sum;
2704 2213 2797 2269 sed
2827 2212 2984 2283 plane
3035 2210 3194 2266 velim
3225 2210 3420 2266 dicatis

1837 2314 2016 2361 utrum
2049 2307 2185 2360 bene
2214 2287 2515 2374 negotiatus
2542 2303 2663 2358 sim.
2691 2302 2842 2358 Tunc
2866 2301 3020 2371 jubet
3049 2307 3226 2371 empta
3256 2298 3422 2370 pallia

1836 2414 2020 2454 coram
2068 2395 2267 2452 alferri.
2299 2396 2426 2450 Emt
2450 2403 2630 2450 autem
2661 2395 2824 2449 unum
2866 2407 2932 2449 ex
2983 2392 3067 2448 his
3096 2390 3422 2463 pretiosissi<

1837 2502 2006 2542 mum.
2039 2484 2191 2553 Quod
2220 2483 2480 2540 V’enetius
2515 2485 2750 2546 intuens,
2775 2483 2965 2554 qurerit
3011 2483 3268 2552 quidnam
3318 2495 3437 2551 pro.

1837 2592 1902 2631 eo
1925 2576 2107 2629 datum
2135 2574 2225 2629 sit.
2256 2572 2500 2644 Cumque
2528 2588 2792 2629 summam
2843 2571 2998 2643 pretii
3022 2569 3365 2641 cognovisset
3399 2585 3416 2624 :

1839 2666 1999 2731 Vere,
2032 2664 2225 2735 inquit,
2255 2664 2298 2720 si
2324 2662 2787 2733 Constantinopoli
2814 2670 2979 2727 esset,
3002 2659 3318 2730 etiamplus
3346 2656 3449 2714 ibi,

1836 2756 2059 2811 valeret.
2108 2754 2224 2822 Quo
2254 2755 2437 2809 audito
2485 2752 2980 2815 seniorcxtimuit,
3023 2749 3176 2821 quasi
3213 2747 3424 2821 grande

1836 2845 2048 2901 facinus
2093 2846 2504 2901 exhorrescens.
2557 2843 2689 2900 Cum
2733 2858 2862 2899 vero
2916 2842 3113 2898 dehinc
3157 2841 3421 2911 quosdam

1840 2935 2071 2991 Remeos
2100 2935 2202 2991 sibi
2234 2943 2389 2989 notos
2421 2935 2638 2990 obviam
2660 2933 2973 3003 reperisset,
3006 2938 3087 2986 tot
3113 2930 3311 2987 solidos
3338 2930 3424 2986 eis

1837 3027 2252 3093 commendavit,
2303 3033 2436 3097 quot
2482 3024 2921 3082 Venetiusnltra
2960 3024 3142 3079 datum
3188 3024 3424 3093 pretium

145 3128 265 3183 quas
291 3115 400 3172 sibi
424 3119 596 3188 gratis
626 3120 895 3177 dabantur
916 3123 1111 3192 privati
1135 3132 1435 3192 uterentur,
1460 3128 1734 3196 quomodo
1761 3107 1805 3170 C
1837 3120 2047 3176 dixerat
2081 3119 2302 3189 pallium
2343 3118 2524 3174 valere
2554 3158 2573 3183 ,
2602 3119 2739 3173 dans
2768 3116 3025 3172 indicium
3043 3114 3148 3171 .ubi
3177 3114 3424 3171 vendito-

144 3219 494 3279 consequens
520 3220 684 3276 esset,
714 3221 772 3266 ut
795 3215 1108 3271 exactiones
1141 3215 1444 3273 wadiorum
1488 3220 1608 3275 sine
1648 3220 1741 3289 in-_

146 3294 425 3367 dulgentia
464 3302 785 3371 exegisset?
816 3303 958 3371 Quin
1020 3307 1201 3376 potius
1231 3348 1247 3375 ,
1294 3323 1415 3377 qua:
1468 3309 1571 3365 sibi
1611 3309 1735 3380 jure

144 3384 510 3455 debebantur,
539 3388 849 3459 frequenter
875 3393 1016 3448 ultro
1046 3395 1383 3453 debitoribus
1433 3398 1732 3456 relaxabat.

145 3472 323 3533 Minas
349 3492 593 3549 quoque,
613 3480 772 3549 juxta
796 3483 1038 3553 Apostoli
1070 3496 1421 3557 prmeeptum,
1452 3489 1627 3544 servis
1654 3504 1735 3545 re-

144 3566 423 3623 mittebat.
458 3568 595 3625 Nam
624 3582 681 3627 et
709 3571 954 3629 fraudem
982 3575 1253 3631 interdum
1307 3579 1649 3648 patiebatur,
1682 3590 1737 3636 et

144 3657 396 3728 rapinam
429 3660 696 3718 bonorum
724 3678 970 3732 suorum,
1004 3674 1063 3721 ut
1093 3667 1228 3723 dicit
1258 3668 1398 3723 idem
1419 3668 1735 3747 Apostolus,

142 3748 504 3819 suscipiebat.
535 3816 540 3820 η

214 3837 414 3895 XXVI.
477 3839 583 3901 Sed
631 3843 836 3898 ut‘hoc
887 3845 1135 3915 exemplo
1176 3848 1600 3919 comprobatur:
1651 3849 1738 3906 fur

142 3928 448 3999 aliquando
480 3931 772 3995 tentorium
797 3932 915 4001 ejus
947 3945 1109 3991 noctu
1151 3938 1425 4009 ingressus
1469 3949 1552 3994 est
1575 3959 1588 3994 :
1615 3956 1735 3996 cum

138 4019 375 4089 quidem
405 4036 595 4077 cereus
622 4022 689 4078 de
719 4038 872 4078 more
911 4040 1096 4080 coram
1141 4027 1282 4083 lecto
1319 4029 1464 4083 illius
1497 4030 1735 4098 arderet,

141 4123 209 4165 ac
240 4117 363 4165 tum
396 4110 538 4168 forte
560 4112 744 4167 senior
764 4114 1042 4183 vigilabat.
1067 4115 1286 4172 Solebat
1310 4117 1454 4172 enim
1479 4118 1533 4172 in
1563 4100 1739 4174 strain

142 4213 271 4265 suo,
332 4199 631 4257 dilectione
673 4201 875 4257 Christi
919 4212 1083 4274 atque
1112 4206 1395 4263 dulcedine
1443 4209 1612 4278 pasci,
1641 4224 1739 4278 per

138 4292 397 4348 studium
416 4293 698 4349 orationis.
726 4293 797 4349 At
817 4302 943 4350 vero
966 4295 1056 4351 fur
1079 4298 1169 4353 ille
1197 4300 1415 4355 curioso
1447 4300 1569 4356 visu
1595 4316 1741 4355 cun-

1838 3226 1951 3267 rem
1980 3211 2123 3282 pallii
2150 3210 2502 3279 reperissent.
2541 3209 2735 3264 Verum
2775 3224 2899 3263 cum
2947 3209 3003 3263 in
3048 3206 3171 3263 aliis
3213 3205 3426 3277 peccati

1836 3302 2118 3372 speciebus
2148 3301 2357 3356 soleant
2377 3302 2623 3356 homines
2643 3299 2952 3370 compungi,
2974 3307 3137 3371 atque
3155 3299 3220 3354 de
3248 3313 3407 3355 emen

1836 3392 2055 3446 datione
2084 3391 2356 3455 meditari,
2380 3399 2474 3445 ant
2517 3405 2662 3455 raro,
2716 3398 2810 3444 aut
2853 3397 3023 3457 certe,
3056 3404 3155 3445 nec
3192 3404 3319 3444 raro
3344 3388 3428 3443 vi-

1837 3482 1985 3548 deas,
2022 3482 2114 3550 qui
2152 3490 2351 3551 praeter
2378 3479 2671 3536 Ceraldum
2700 3480 2753 3534 in
2800 3480 2900 3535 ista
2949 3480 3205 3548 peccandi
3245 3480 3428 3550 specie

1838 3587 1898 3627 se
1928 3572 2109 3627 doleat
2129 3569 2440 3641 deliquisse.
2472 3570 2581 3625 Sed
2601 3569 2858 3625 nimirum
2892 3567 2981 3623 ille
3010 3575 3255 3633 noverat,
3296 3567 3425 3635 quia

1839 3664 1979 3718 Deus
2003 3678 2101 3733 per
2123 3676 2284 3718 omne
2320 3670 2604 3731 peccatum
2643 3660 2951 3726 oﬂ'enditur,
2997 3668 3054 3716 et
3093 3674 3218 3716 eum
3263 3673 3426 3730 quem

1839 3767 1951 3814 toto
2001 3758 2166 3814 corde
2233 3755 2530 3828 diligebat,
2590 3754 2868 3813 offendere
2918 3770 3020 3812 nec
3076 3755 3130 3810 in
3185 3754 3426 3811 minimis

1837 3850 2072 3905 volebat.
2440 3862 2453 3869 '
2580 3866 2584 3870 '

1910 3938 2142 3995 XXVIII.
2180 3938 2249 3994 At
2297 3952 2429 3994 vero
2458 3952 2565 3993 non
2595 3936 2878 3993 immemor
2927 3936 3055 4007 quia
3090 3933 3428 3991 Christiano-

1837 4048 1957 4088 rum
1980 4032 2190 4104 justitia
2213 4032 2372 4087 debet
2382 4028 2647 4099 justitiam
2674 4027 3068 4084 Pharisaeorum
3080 4026 3424 4098 supergredi,

1838 4138 1963 4177 cum
1991 4122 2257 4177 universre
2302 4119 2483 4191 fruges
2518 4118 2637 4188 ejus
2667 4118 2966 4174 rectissime
2990 4116 3427 4183 .decimarentnr,

1840 4228 2013 4268 nonas
2038 4214 2205 4269 etiam
2227 4210 2456 4281 jubebat
2483 4224 2729 4265 seorsum
2759 4208 3000 4274 recondi,
3022 4223 3144 4280 qua:
3172 4208 3225 4263 in
3251 4208 3405 4263 diver

1836 4306 1913 4362 sis
1957 4318 2252 4375 pauperum
2309 4301 2724 4359 necessitatibus
2776 4300 3235 4371 d'ispensarentur.
3301 4298 3431 4354 Inde

137 4393 232 4438 cta
263 4398 604 4454 percurrens
627 4424 644 4452 ,
690 4386 1010 4457 explorabat
1048 4389 1093 4444 si
1155 4389 1289 4460 quid
1330 4391 1487 4447 forte.
1525 4391 1736 4446 vide-ret
1770 4459 1801 4462 _
1840 4410 1962 4450 cum
2002 4394 2299 4449 necessitas
2332 4392 2622 4462 exegisset,
2668 4391 3173 4461 supervenientibus
3214 4388 3429 4445 diverso

135 4475 291 4556 quod
344 4484 633 4556 asportare
676 4477 903 4540 valeret.
954 4459 1245 4549 Pulvillum
1268 4536 1277 4548 ,
1304 4480 1444 4549 forte
1470 4483 1737 4553 ,reSpicit,
1769 4459 1818 4519 Β
1846 4494 2086 4556 tempore
2111 4459 2778 4555 pauperibus'vestimenta
2802 4481 3141 4537 emebantur.
3159 4478 3427 4535 Prteterca

137 4554 295 4634 quod
343 4552 581 4622 sericam
615 4576 843 4624 .tecam.
878 4570 1133 4627 habebat.
1201 4572 1457 4628 Tcteudit
1517 4552 1738 4629 manum

135 4667 197 4713 et
222 4659 415 4729 ipsum
437 4658 539 4714 sibi
573 4659 840 4715 trahebat.
890 4659 1027 4718 Tum
1066 4664 1251 4718 senior
1279 4682 1291 4717 :
1325 4662 1458 4730 Quis
1479 4705 1493 4730 ,
1543 4663 1735 4734 inquit,

136 4764 202 4819 es
241 4760 304 4805 tu
333 4750 362 4805 ἲ
383 4749 647 4807 Extimuit
671 4752 813 4807 latro
836 4792 852 4819 ,
881 4763 937 4809 et
982 4754 1226 4825 stupidus
1273 4756 1573 4811 haesitabat.
1602 4756 1738 4809 Tum

136 4843 239 4909 ille
259 4858 280 4897 :
312 4840 452 4910 Fac,
475 4844 570 4909 ait,
599 4845 740 4914 quod
766 4843 922 4909 facis,
954 4853 1009 4900 et
1036 4859 1194 4902 caute
1236 4848 1474 4913 discede,
1504 4862 1572 4902 ne
1598 4847 1741 4902 forte

135 4934 355 5005 aliquis
379 4935 596 4991 sentiat.
635 4935 714 4991 Ita
736 4935 928 4991 latroni
961 4940 1249 5006 persuasit,
1280 4948 1338 4994 ut
1361 4940 1586 4997 licenter
1616 4955 1740 4995 cum

215 5045 345 5125 ςξέι)
390 5045 635 5125 Habitant
659 5048 834 5105 wadii.
875 5048 992 5125 hil),
1022 5065 1104 5125 nr.
1137 5050 1398 5125 Capitula
1425 5052 1693 5125 capite_l9
1719 5069 1741 5113 ζ

132 5135 154 5169 r
200 5117 388 5198 Liber
411 5117 501 5198 qui
529 5134 588 5185 se
622 5119 742 5175 loco
771 5118 931 5198 vvadii
965 5117 1267 5198 inalterius
1299 5117 1577 5198 potestate
1594 5121 1740 5198 eom-

135 5187 399 5250 miserit,
426 5187 606 5250 ibique
627 5190 956 5246 constitutus
978 5188 1233 5247 damnum
1262 5187 1478 5250 aliquod
1520 5188 1743 5249 cuilibet

1844 4590 2093 4631 nummus
2120 4574 2485 4630 indesinenter
2520 4586 2703 4628 secum
2730 4570 2965 4635 ferebat,
2998 4585 3136 4643 quos
3161 4568 3431 4624 obvianti-

1843 4669 1946 4725 bus
1992 4669 2177 4741 egenis
2215 4668 2467 4733 latenter,
2500 4676 2760 4738 quantum
2805 4673 3038 4736 poterat,
3083 4662 3169 4719 vel
3206 4676 3304 4743 per
3346 4676 3429 4723 se.

1845 4760 1930 4814 vel
1962 4775 2058 4831 per
2083 4757 2375 4829 quemlibet
2401 4772 2580 4813 causa
2626 4756 2782 4812 istius
2825 4753 3312 4815 consciumodabat.
3366 4750 3433 4803 Et

1848 4865 1971 4906 cum
2001 4852 2075 4907 illi
2105 4852 2311 4907 reditus
2332 4864 2587 4920 agrorum
2618 4861 2684 4905 ac
2715 4846 3001 4912 vinearum
3033 4844 3166 4923 satis
3192 4838 3433 4895 abunda-

1846 4955 1991 5011 rent,
2019 4959 2290 5015 nunquam
2332 4951 2517 4997 tamen
2541 4938 2787 4995 auditum
2812 4946 2931 5004 est,
2960 4936 3104 5009 quod
3134 4930 3294 4987 villici
3321 4930 3438 4999 ejus

1844 5061 1903 5125 et
1926 5055 2254 5125 principalis,
2273 5052 2396 5125 sive.
2414 5050 2685 5125 superior.
2708 5045 3112 5125 Chartularium
3152 5057 3328 5125 rerum
3371 5042 3441 5095 ad

1848 5115 2024 5194 Majas
2052 5115 2433 5194 M'onasterium
2480 5115 2532 5178 in
2567 5116 2923 5194 __\_lindocino_
2951 5115 3326 5194 spectantium,
3372 5125 3442 5192 ex

1850 5182 2191 5249 bibliotheca,
2242 5193 2488 5248 nmsidis
2566 5184 2926 5245 illustrissimi
2974 5182 3022 5244 J.
3072 5186 3140 5242 Α.
3185 5182 3395 5236 Thuani
3427 5218 3445 5243 ,
