3964 5360
522 244 636 309 εσσε

1514 248 1573 307 S.
1614 248 1867 309 ODONIS
1902 244 2192 303 ABBA-TLS
2228 246 2728 310 CLUNIACENSIS
2760 254 2803 309 11
2864 200 2873 218 ⁸
3644 265 3715 320 ια

525 365 729 439 aliquid
770 365 1306 432 accommodassent;
1341 366 1435 423 sed
1480 381 1656 437 neque
1704 366 1817 437 ipse
1845 364 2104 438 praedium
2134 367 2179 426 Α
2214 364 2381 421 isdem
2409 368 2591 424 senior
2612 370 2870 429 divinitus
2891 370 2994 427 hoc
3016 370 3235 435 donum,
3265 380 3325 428 ut
3346 380 3450 429 tam
3471 373 3575 445 ipse
3598 392 3721 446 quam

524 456 824 527 aliquando
852 456 1208 526 comparavit,
1259 463 1458 528 praeter
1504 471 1671 512 unum
1716 455 1968 526 agellum,
2016 454 2115 524 qui"

524 560 637 602 suae
684 545 897 602 cuidam
952 546 1281 616 possessioni
1330 545 1470 603 forte
1508 545 1705 609 insitus
1761 554 1880 600 erat
1922 562 1935 598 :
1987 560 2109 599 cum

524 638 738 695 soleant
759 637 961 693 divites
971 637 1170 709 quique
1191 637 1245 692 in
1268 636 1372 694 hoc
1386 637 1729 693 vehementer
1749 635 2106 699 inardescere,

524 728 823 789 terribilem
853 730 1133 800 propheta:
1157 730 1631 785 comminationem
1669 729 1820 786 obliti
1848 770 1862 795 ,
1892 744 1999 800 qua
2031 729 2113 785 di-

525 820 600 877 cit
625 839 639 875 :
687 819 782 876 Va:
807 822 897 893 qui
920 821 1235 893 conjungitis
1261 822 1473 877 domum
1503 823 1573 877 ad
1597 823 1831 889 domum,
1852 832 1900 878 et
1926 839 2109 894 agrum

525 928 654 984 agro
679 913 939 984 copulatis
975 914 1131 986 (lsai.
1162 928 1217 981 v,
1261 912 1338 987 8).
1384 913 1649 970 Geraldus
1678 928 1931 985 namque,
1961 913 2110 982 iuxta

526 1012 857 1076 praeceptum
878 1003 1154 1077 Evangelii
1179 1046 1196 1072 ,
1221 1015 1507 1063 contentus
1531 1016 1652 1061 erat
1673 1006 1955 1076 stipendiis
1977 1007 2109 1061 suis.

524 1090 595 1150 Et
642 1095 783 1152 sicut
825 1095 919 1153 ille
964 1096 1236 1153 neminem
1278 1097 1644 1161 concutiebat,
1693 1111 1866 1166 neque
1908 1095 2109 1151 calum-

526 1185 675 1241 niam
703 1183 966 1252 faciebat,
995 1187 1075 1242 sic
1102 1195 1157 1242 ct
1185 1202 1363 1242 rerum
1395 1186 1685 1257 dispositor
1727 1185 2019 1249 Dominus,
2047 1199 2110 1240 ca

525 1291 648 1347 quae
665 1274 806 1346 juris
832 1276 975 1334 illius
996 1287 1173 1346 erant,
1204 1278 1271 1333 ab
1302 1278 1478 1349 impiis
1506 1286 1561 1334 ct
1585 1278 1967 1348 pcrvasoribus
1998 1286 2111 1330 tuta

524 1367 800 1424 servabat.
831 1367 1041 1423 Etenim
1073 1377 1219 1425 tanta
1243 1368 1568 1439 prmdiorum
1600 1368 1713 1423 loca
1745 1383 1843 1439 per
1869 1368 2111 1423 diversas

523 1457 960 1529 provincias-sub
988 1459 1188 1514 ditione
1232 1472 1329 1515 sua
1377 1459 1615 1525 tenebat,
1665 1468 1723 1514 ut
1773 1460 1902 1529 ipsis
1954 1459 2112 1525 locis,

523 1547 722 1618 quibus
769 1549 961 1620 plenus
1007 1557 1159 1616 erat,
1222 1550 1499 1606 veraciter.
1542 1549 1779 1620 locuples
1819 1549 2105 1603 diceretur.

526 1638 641 1696 Nec
668 1650 847 1696 tamen
876 1641 1163 1696 multitudo
1189 1640 1428 1695 locorum
1459 1639 1753 1694 extollebat
1790 1653 1936 1702 eum,
1975 1652 2106 1705 quo-

2213 472 2392 513 sermo
2419 456 2537 527 ejus
2576 462 2845 531 gratiosus
2897 471 3062 519 esset.
3095 461 3163 517 Et
3196 480 3302 519 non
3352 464 3514 520 solum
3553 468 3724 537 quibus-

2214 545 2347 602 libet
2367 547 2486 604 aliis
2515 552 2782 619 personis,
2798 553 2893 607 sed
2919 553 3083 608 etiam
3111 554 3242 624 ipsis
3271 556 3727 625 ntagnatibus.Quin

2211 647 2263 694 et
2287 639 2509 710 regibus
2525 656 2740 713 semper
2768 643 2989 709 eharus,
3016 653 3070 699 et
3097 645 3423 700 reverendus
3443 655 3568 701 erat.

2283 726 2454 785 XXX.
2482 730 2672 788 Merito
2697 734 2896 805 quippe
2919 735 3243 806 diligebatur
3270 737 3339 793 ab
3366 737 3613 801 omnibus,
3630 756 3729 809 quo-

2214 819 2360 875 niam
2395 822 2510 892 ipse
2541 832 2770 880 cunctos
2796 824 3073 896 diligebat.
3106 825 3427 882 Referamus
3450 828 3595 898 plane
3635 832 3728 899 quid

2212 912 2279 969 de
2311 914 2546 982 quodam
2573 914 2819 986 fugitivo,
2858 918 3012 988 quasi
3046 920 3112 975 de
3135 919 3310 975 amico
3334 918 3537 975 fecerit.
3563 919 3669 975 liam
3691 925 3730 977 in

2212 1005 2402 1061 eodem
2450 1006 2649 1063 itinere
2685 1007 2969 1079 fugitivum
3014 1011 3262 1066 eumdem
3288 1012 3508 1082 reperit,
3539 1012 3730 1081 quiante

2213 1095 2418 1167 aliquot
2433 1113 2606 1155 annos
2627 1100 2696 1155 ab
2714 1102 2831 1171 ejus
2855 1102 3148 1172 municipio
3162 1104 3505 1161 discesserat.
3526 1104 3613 1173 Qui
3630 1109 3731 1178 apud

2213 1185 2334 1245 illas
2373 1202 2630 1257 personas
2657 1205 2779 1244 cum
2800 1193 2997 1261 quibus
3024 1193 3322 1260 habitabat,
3358 1208 3575 1266 magnus
3608 1197 3729 1251 etiam

2211 1285 2267 1331 et
2303 1275 2541 1348 locuples
2579 1279 2898 1337 habebatur.
2938 1282 3092 1340 Hunc
3143 1285 3328 1357 itaque
3353 1288 3575 1343 ministri
3599 1289 3733 1344 damni

2212 1363 2430 1422 Geraldi
2455 1370 2806 1438 reperientes,
2831 1372 2897 1426 ad
2929 1386 3052 1427 eum
3098 1382 3421 1430 trementem
3462 1384 3515 1432 et
3537 1377 3732 1446 pavidum

2213 1457 2574 1514 adduxerunt.
2597 1460 2668 1514 At
2705 1461 2792 1517 ille
2814 1476 3058 1517 seorsum
3098 1463 3382 1534 inquisivit
3404 1468 3474 1522 ab
3505 1483 3565 1522 eo
3604 1467 3734 1537 quali-

2214 1554 2298 1601 ter
2319 1561 2379 1602 se
2400 1558 2606 1619 ageret.
2630 1549 2839 1606 Etcum
2860 1552 3136 1609 didicisset
3160 1555 3229 1610 ab
3246 1570 3333 1621 eo,
3360 1556 3503 1626 quod
3525 1557 3572 1610 in
3593 1558 3734 1612 sulem

2215 1638 2334 1693 loco
2376 1653 2482 1695 non
2522 1655 2713 1710 parum
2754 1641 3087 1699 honorabilis
3136 1643 3430 1700 haberetur
3464 1664 3479 1698 :
3524 1644 3621 1700 Nec
3647 1661 3733 1717 ego,

524 1732 671 1789 niam
701 1733 853 1799 nihil,
888 1743 949 1790 ut
977 1733 1261 1789 Psalmista
1291 1733 1456 1797 dicit,
1484 1748 1513 1787 a
1538 1731 1763 1786 Domino
1786 1729 1999 1783 volebat
2027 1744 2115 1784 su-
2146 1715 2189 1772 Β
2220 1727 2418 1797 inquit,
2450 1736 2501 1783 te
2523 1728 2910 1785 dehonestabo.
2942 1728 3094 1787 Tunc
3123 1734 3382 1804 praecepit
3413 1735 3542 1798 suis,
3568 1751 3626 1788 ne
3647 1715 3736 1804 quis

521 1837 623 1894 pra
649 1833 870 1888 terram.
899 1825 1003 1893 Qui
1052 1824 1317 1880 nimirum
1342 1824 1459 1878 haec
1481 1821 1660 1876 omnia
1692 1819 1981 1889 adjiciebat
2014 1817 2110 1871 illi.

2219 1818 2472 1889 proderet
2516 1821 2694 1891 qualis
2723 1821 2777 1877 in
2803 1838 2899 1878 sua
2928 1825 3147 1897 regione
3169 1824 3379 1882 fuisset.
3408 1826 3541 1883 Tum
3561 1842 3666 1881 rem
3682 1827 3736 1879 vi-

523 1916 654 1989 quia
689 1931 914 1987 regnum
940 1916 1058 1982 Dei,
1088 1913 1230 1985 quod
1258 1914 1491 1984 primum
1524 1922 1627 1977 est,
1675 1912 1790 1981 ipse
1836 1910 2116 1980 qumrchat
2216 1911 2466 1968 dentibus
2491 1913 2685 1969 vicinis
2726 1915 2859 1979 suis,
2887 1917 2934 1970 ei
2962 1919 3208 1986 quaedam
3237 1919 3550 1975 munuscula
3579 1920 3736 1983 tribuit,

526 2004 598 2061 ab
639 2019 725 2060 eo.
772 2003 1004 2060 Tantum
1042 2004 1250 2075 utique,
1286 2003 1397 2057 Deo
1429 2002 1708 2074 largiente,
1747 2006 2110 2057 succreverat,

525 2102 749 2163 tamque
772 2102 1068 2165 protectus,
1110 2102 1167 2149 et
1201 2101 1307 2148 tam
1335 2093 1587 2147 immunis
1607 2090 1944 2161 persisteral,
1986 2088 2113 2143 utei

524 2187 817 2245 convenire
847 2186 1094 2242 videatur
1138 2184 1264 2241 illud
1311 2184 1410 2239 Job
1453 2202 1465 2237 :
1508 2181 1585 2236 Tu
1629 2180 1837 2237 uallasti
1874 2195 2015 2246 eum,
2062 2187 2110 2233 et

522 2281 783 2352 possessio
809 2282 925 2352 ejus
948 2283 1104 2337 crevit
1122 2281 1177 2336 in
1214 2291 1354 2335 terra
1379 2279 1500 2351 (Job
1523 2295 1564 2345 ι,
1595 2277 1706 2349 l0).

532 2415 539 2421 .
596 2371 788 2428 XXIX.
833 2372 976 2430 Sane
1029 2382 1088 2429 ut
1122 2380 1303 2443 pateat
1341 2371 1572 2442 qualiter
1612 2371 1666 2425 in
1714 2370 1856 2426 bono
1906 2368 2109 2437 malum

525 2464 745 2520 vincere
774 2473 1159 2531 consueverat,
1179 2461 1336 2533 juxta
1372 2462 1725 2534 apostolicum
1752 2468 2105 2531 praeceptum,

522 2556 628 2613 hoc
688 2554 806 2626 ejus
874 2554 1097 2611 factum.
1150 2554 1251 2610 sub
1318 2553 1564 2622 exemplo
1631 2559 2106 2617 commemoretur.

522 2644 659 2702 Cum
727 2646 925 2702 dehinc
989 2645 1058 2705 ad
1117 2653 1332 2716 portum
1401 2641 1770 2698 Placentinum
1824 2641 2105 2707 venisset,

520 2738 741 2810 quidam
794 2738 1056 2806 clericus,
1107 2738 1198 2809 qui
1248 2737 1428 2810 portui
1469 2744 1720 2808 prazerat,
1773 2734 2104 2805 supervenit.

519 2829 682 2898 Nam,
718 2830 860 2887 sicut
898 2814 1010 2887 illic
1050 2845 1169 2887 mos
1204 2838 1309 2895 est,
1355 2829 1625 2886 lucrosum
1671 2828 1834 2884 nimis
1885 2826 2104 2882 naulum

521 2932 557 2975 α
585 2918 809 2976 Romeis
828 2921 1197 2991 exspectabat.
1242 2918 1344 2986 Qui
1390 2919 1575 2975 nescio
1614 2933 1718 2987 qua
1766 2932 1932 2973 causa
1982 2915 2105 2972 felle

521 3018 847 3078 commotus,
876 3011 1051 3068 verba
1078 3010 1469 3082 indignationis
1517 3008 1748 3074 rotabat,
1782 3010 1854 3064 ita
1895 3017 1954 3065 ut
1990 3009 2104 3079 epi-

523 3114 749 3171 scopum
799 3101 910 3175 (87)
968 3102 1291 3158 Rotencnsis
1342 3101 1655 3172 provinciae,
1712 3101 1805 3156 scd
1855 3111 1913 3157 ct
1970 3101 2105 3159 alios

523 3191 735 3251 nobiles
773 3192 920 3248 viros
944 3189 1217 3260 iniuriosis
1240 3190 1750 3262 exprobrationibus
1793 3190 2103 3255 lacessiret.

524 3282 690 3340 Forte
710 3282 1030 3343 vir‘Domini
1068 3281 1136 3338 de
1174 3290 1363 3340 eontra
1402 3291 1575 3349 stans,
1629 3282 1950 3339 seditionem
1991 3299 2106 3338 mu-

522 3373 640 3427 reri
662 3373 1295 3438 metuens,,conviatores
1308 3373 1664 3444 compescuit,
1698 3388 1767 3430 ne
1789 3374 1923 3431 dure
1949 3375 2104 3445 quid.

523 3477 687 3533 quam
714 3462 1147 3533 respondissent.
1171 3462 1441 3519 Clericum
1467 3477 1601 3520 vero
1631 3463 1830 3521 blando
1851 3480 2106 3523 sermone

521 3553 711 3627 fregit,
729 3560 787 3609 et
812 3554 1061 3625 quadam
1090 3553 1409 3611 munuscula
1429 3554 1479 3609 ei
1505 3552 1672 3613 dedit.
1699 3554 1768 3609 At
1793 3555 1884 3612 ille
1915 3557 2105 3612 videns

522 3660 687 3716 cpiam
729 3643 878 3702 facili
924 3658 1177 3703 sermone
1231 3654 1290 3703 et
1330 3646 1641 3717 episcopum
1693 3656 1750 3703 et
1792 3658 2019 3706 caeteros
2072 3664 2103 3705 a

525 3738 917 3808 respondendis
938 3738 1150 3811 injuriis
1172 3741 1623 3809 compescuisset,
1647 3754 1707 3796 se
1735 3749 1917 3797 autem
1939 3756 2102 3812 quam

522 3826 720 3884 leaiter
741 3829 811 3883 ad
847 3837 1094 3884 mentem
1126 3828 1454 3894 reduxisset,
1478 3830 1728 3899 quaesivit
1764 3829 1833 3884 ab
1861 3845 1927 3886 eo
1953 3831 2104 3901 quis-

522 3932 654 3975 nam
700 3926 865 3977 esset.
896 3919 1032 3977 Cum
1070 3919 1161 3976 ille
1204 3934 1266 3977 se
1295 3921 1620 3990 Aquitanum
1675 3929 1732 3977 et
1771 3922 2101 3978 mediocrem

521 4025 813 4084 personam
859 4030 985 4071 esse
1006 4015 1375 4085 responderet,
1422 4013 1798 4081 clericuseum
1823 4022 1929 4069 tam
1952 4015 2103 4070 vultu

522 4117 686 4174 quam
712 4104 927 4174 eloquio
947 4106 1320 4171 considerans,
1344 4106 1410 4160 ad
1447 4105 1564 4173 ejus
1584 4107 1814 4175 gratiam
1844 4120 1904 4162 se
1932 4114 2105 4162 totum

521 4193 751 4261 irtﬂexit,
787 4205 844 4253 et
866 4197 1125 4269 quidquid
1149 4198 1217 4253 de
1242 4197 1406 4252 naulo
1448 4196 1770 4264 debebatur,
1797 4198 2011 4255 cunctis
2036 4198 2103 4252 de

521 4286 670 4345 illius
690 4288 949 4345 comitatu
969 4291 1204 4354 remisit,
1227 4298 1284 4346 et
1312 4297 1420 4345 tam
1454 4289 1623 4361 ipsius
1672 4306 1836 4361 quam
1868 4290 2098 4349 aliorum

2214 2011 2268 2056 et
2295 2001 2347 2055 in
2378 2002 2589 2073 eloquio
2612 2004 2695 2059 vel
2722 2006 2967 2062 convivio
2996 2009 3130 2064 satis
3150 2009 3463 2065 eminenter
3488 2010 3735 2073 honoravit,

2213 2100 2413 2147 etcum
2448 2093 2499 2147 in
2530 2109 2661 2163 pace
2700 2096 2922 2152 dimisit.
2967 2096 3098 2164 Quis
3122 2100 3225 2154 hoc
3260 2111 3465 2170 przcter
3500 2099 3737 2156 Gerahlum

2214 2181 2454 2239 faceret?
2492 2184 2597 2240 Sed
2635 2187 2736 2241 hoc
2775 2187 2867 2242 ille
2891 2186 3039 2255 fecit,
3087 2190 3177 2259 qui
3203 2204 3307 2244 non
3326 2192 3740 2247 avarilimsen'us

2210 2285 2347 2341 erat,
2378 2277 2471 2332 sed
2500 2278 2884 2337 misericordiae
2910 2296 2969 2337 se
2999 2291 3170 2338 totum
3211 2283 3511 2339 dicaverat.

2285 2364 2477 2422 XXXL
2506 2367 2638 2424 ltcm
2667 2370 2719 2424 in
2742 2372 2930 2428 eodem
2956 2373 3169 2437 itinere,
3191 2374 3417 2444 quidam
3446 2377 3530 2430 vir
3545 2376 3605 2431 de
3628 2386 3741 2445 parte

2212 2455 2554 2525 Bituricensi,
2589 2474 2695 2515 non
2722 2459 2879 2532 longe
2904 2476 2935 2516 a
2988 2461 3155 2517 Roma
3185 2463 3288 2519 sibi
3311 2478 3509 2520 coxam
3538 2465 3737 2534 fregerat

2209 2545 2309 2613 Qui
2366 2547 2586 2603 relictus
2626 2564 2655 2604 a
2694 2550 2828 2616 suis,
2878 2566 3001 2605 cum
3049 2551 3274 2624 conjuge
3319 2554 3474 2609 solus
3515 2555 3738 2609 remansit.

2209 2633 2383 2703 Quem
2406 2634 2718 2693 Bonifacius
2739 2638 2958 2709 quidam
2989 2655 3056 2695 ex
3080 2640 3340 2697 militibus
3373 2640 3553 2699 donmi
3575 2642 3740 2698 Geralali

2208 2745 2337 2788 casu
2371 2732 2592 2802 reperit,
2618 2742 2675 2789 et
2702 2735 3241 2791 necessitatemillius
3265 2737 3518 2801 audiens,
3546 2737 3608 2792 ad
3629 2751 3740 2791 eiim-

2211 2820 2335 2876 dem
2365 2822 2619 2878 domuum
2644 2822 2939 2880 Geraldum
2967 2825 3109 2880 hunc
3127 2826 3410 2883 adducens
3436 2846 3450 2881 :
3479 2824 3743 2896 Eu,inquil,

2211 2912 2427 2987 domine
2471 2912 2567 2980 mi,
2613 2912 2768 2982 juxta
2810 2922 2958 2969 tuum
3000 2914 3329 2973 desiderium
3390 2917 3592 2987 reperi,
3635 2914 3740 2986 quod

2210 3004 2306 3061 tibi
2338 3005 2657 3075 placiturum
2684 3015 2988 3077 prtesento:
3018 3021 3147 3063 ecce
3192 3008 3355 3063 homo
3384 3009 3621 3078 indigens
3641 3004 3741 3061 sola.

2211 3099 2305 3156 tio.
2334 3098 2505 3167 Quem
2527 3098 2722 3155 dehinc
2752 3098 2836 3154 vir
2864 3097 3078 3155 Domini
3106 3100 3157 3154 in
3181 3101 3415 3156 tuitione
3438 3117 3533 3156 sua
3553 3101 3743 3172 gaudens

2206 3188 2467 3261 suscepit,
2506 3196 2562 3245 et
2609 3203 2783 3260 usque
2837 3188 3213 3247 Brivatcnsem
3267 3190 3387 3261 (88)
3431 3191 3602 3246 vicum
3635 3186 3742 3244 suﬁ-

2206 3281 2413 3338 cienter
2436 3288 2798 3336 sustentatum
2820 3280 3061 3336 deduxit.
3093 3280 3244 3337 Tunc
3272 3282 3507 3354 insuper
3529 3283 3575 3338 ei
3598 3282 3739 3337 decem

2206 3372 2405 3428 solidos
2448 3371 2700 3443 praebuit,
2744 3370 2939 3441 quibus
2979 3370 3277 3429 subsidium
3316 3389 3499 3445 usque
3549 3371 3612 3428 ad
3648 3383 3742 3426 suos

2206 3461 2409 3518 habere
2453 3469 2655 3533 posset.
2705 3460 2831 3521 Haec
2877 3460 2933 3517 ct
2983 3460 3286 3532 huiusmodi
3320 3463 3473 3521 facta
3525 3469 3740 3520 testantur

2205 3551 2494 3607 miserendi
2537 3550 2813 3619 allectum,
2863 3566 3027 3621 quem
3064 3552 3116 3609 ei
3146 3552 3327 3609 divina
3370 3551 3743 3626 inspiratiolar-

2204 3642 2342 3714 giter
2385 3642 2699 3712 inspirabat.

2275 3731 2487 3786 XXXII.
2539 3732 2738 3788 Verum
2777 3735 3111 3801 noverimus,
3153 3737 3278 3807 quia
3326 3752 3555 3794 necesse
3584 3744 3673 3802 est,
3698 3741 3742 3788 ut

2203 3825 2400 3881 messis
2435 3825 2649 3881 triticea
2684 3841 2807 3882 cum
2853 3825 2981 3882 lolio
3014 3836 3243 3893 crescat,
3266 3850 3270 3855 -
3294 3838 3375 3884 ct‘
3402 3844 3622 3901 granum
3655 3825 3739 3880 fru-

2204 3919 2369 3976 menti
2422 3918 2574 3989 palea
2616 3920 2863 3990 superior
2905 3920 3121 3975 interim
3170 3931 3383 3991 premat
3420 3940 3436 3975 :
3476 3930 3530 3977 et
3572 3921 3635 3975 ob
3666 3917 3740 3972 hoc

2203 4011 2443 4081 oportuit
2464 4021 2521 4065 ut
2532 4009 2737 4080 justum
2757 4011 2892 4066 Abel
2914 4011 3215 4068 malitiosus
3228 4013 3362 4068 Cain
3381 4015 3453 4069 ad
3467 4011 3741 4084 patientiam

2202 4102 2558 4161 exercuisset.
2586 4100 2852 4159 Geraldus
2878 4118 3117 4174 quoque,
3145 4106 3284 4160 sicut
3312 4103 3442 4171 Job,
3473 4103 3632 4159 frater
3650 4102 3741 4156 dn~

2204 4210 2398 4253 conum
2439 4205 2497 4252 et
2540 4197 2721 4251 socius
2766 4197 3135 4252 struthionum
3194 4195 3363 4253 fuisse
3415 4204 3737 4257 monstretur,

2203 4285 2516 4357 frequenter
2538 4302 2570 4341 a
2592 4286 2915 4357 quibusdam
2941 4287 3343 4359 provinciarum
3369 4287 3644 4343 lacessitus
3661 4288 3742 4339 est.

523 4375 791 4435 lascones
840 4387 899 4436 et
954 4388 1135 4436 utres.
1158 4380 1287 4438 vino
1341 4380 1599 4451 implevit.
1653 4381 1898 4438 llabebat
1954 4382 2098 4437 enim
2136 4420 2184 4481 υ
2206 4376 2343 4433 Nam
2371 4376 2679 4447 reipublicze
2706 4384 2849 4433 statu
2874 4377 2988 4447 jam
3015 4376 3177 4432 nimis
3206 4377 3427 4432 turbato
3463 4374 3573 4446 (’89)
3620 4384 3738 4439 reg:-

594 4509 706 4583 (87)
727 4510 1048 4583 Βοιεηεηείὲ-
1062 4513 1359 4583 prouinciae.
1377 4510 1432 4583 In
1465 4512 1746 4583 Aquitania
1778 4513 1974 4583 prima,
1994 4514 2094 4569 sub

521 4580 991 4652 archiepiscopatu
1020 4580 1362 4645 Bituricensi,
1390 4580 1656 4637 Rttlhcnns
1679 4580 1865 4640 Caesar
1888 4592 1944 4639 et
1961 4583 2095 4640 Grc-

518 4651 708 4724 gorius
736 4650 1069 4724 Turonensis
1101 4652 1372 4708 dixerunt.
1403 4652 1511 4708 Nos
1542 4653 1700 4724 hodie
1730 4653 1929 4708 Rodez.

593 4721 708 4794 (88;)
732 4720 919 4794 _Usque_
954 4719 1528 4794 Brimtensemguicum.
1574 4722 1628 4794 In
1679 4724 1962 4794 Arvernia,
2000 4723 2094 4794 qui

521 4789 697 4864 sancti
726 4789 1493 4864 Iulianimartyrisreliqniis
1545 4793 1795 4864 celebris,
1845 4789 2092 4864 Sidonio,

520 4862 577 4917 in
605 4860 984 4933 Propemptico
1010 4860 1379 4933 ad'libellum,‘
1390 4862 1650 4933 Gregorio
1668 4862 1765 4933 lih.
1783 4879 1836 4916 κ.
1867 4862 2092 4927 llistor.,

518 4944 643 5005 gap.
667 4931 758 5005 29,
805 4931 863 5005 et
897 4941 1110 5005 vetusto
1142 4931 1288 5005 Vitae
1329 4931 1524 5005 sancti‘
1557 4932 2096 5005 Odilonisgscriptori

521 4998 919 5074 Diivqsfvulgo
948 5000 1200 5074 Brioyde.
1225 5001 1467 5074 Meminit
1511 5010 1565 5056 et
1614 5002 1757 5074 idem
1801 4998 2095 5074 Gregorius

523 5068 750 5127 alterius
773 5068 947 5127 Bri'vze
980 5073 1034 5126 in
1073 5071 1452 5141 Lemoviciuo,
1475 5087 1637 5141 quam
1678 5071 1744 5126 ad
1792 5068 2093 5128 distinctio-

521 5152 647 5194 nem
673 5141 1048 5213 Arvernensis
1082 5141 1291 5213 Briuam
1316 5139 1625 5213 ACurre'liam
1661 5143 1890 5213 appellat
1916 5143 2007 5196 lib.
2039 5157 2093 5206 ν,
2138 5154 2145 5159 '

522 5208 756 5298 Battle,
787 5211 873 5298 hlils
897 5211 1077 5298 verbis
1105 5228 1117 5263 :
1166 5229 1190 5293 μ
1220 5210 1328 5292 .Qni
1373 5208 1864 5298 conjunctuslcum
1903 5226 2097 5298 supra-

524 5274 684 5358 dictis
709 5278 934 5358 ducibus
962 5274 1364 5358 Lemovicinum
1388 5274 1680 5358 accedens,
1709 5280 1929 5360 Brivamg
1953 5274 2094 5360 Quir-7

2272 4508 2384 4583 (89)
2422 4505 2860 4583 Regaleseussos.
2885 4504 3056 4583 ld_e_st
3084 4505 3404 4570 servientes,
3443 4498 3737 4583 fideles,qu

2202 4576 2481 4638 servitium
2498 4576 2575 4632 'ac
2597 4577 2911 4631 fidelitatem
2937 4576 3154 4640 debent,
3177 4585 3231 4631 et
3252 4583 3515 4644 praestare
3540 4581 3741 4626 tenentur

2202 4651 2338 4722 regi.
2364 4646 2665 4722 Aymoinus
2696 4646 2789 4702 lib.
2825 4661 2880 4709 v,
2906 4660 3024 4722 cap.
3049 4646 3118 4722 §5
3149 4660 3169 4699 :
3201 4665 3220 4696 ι
3250 4643 3493 4722 ᾼῂιιειιθε
3517 4643 3680 4722 etiam,
3700 4645 3741 4689 et

2203 4709 2352 4792 regni
2389 4709 2656 4789 primores
2687 4732 2751 4771 ac
2774 4716 2919 4770 vassi
2950 4709 3107 4792 regii,
3156 4730 3215 4771 se
3259 4715 3338 4770 illi
3369 4709 3740 4792 commendave-

2201 4783 2347 4853 ιιιιῖιι,
2374 4783 2430 4844 ét
2455 4794 2796 4844 sacramento
2822 4783 3116 4841 secundum
3150 4799 3354 4840 morem
3393 4783 3557 4839 fidem
3580 4783 3740 4853 pronu-

2202 4848 2408 4915 serunt.
2450 4878 2468 4911 ι
2524 4856 2731 4912 Nomen
2787 4864 2941 4910 vetns
2981 4854 3267 4920 Gallicum,
3314 4859 3367 4911 et
3406 4853 3557 4924 quod
3580 4848 3739 4923 adhuc

2203 4931 2395 4985 Franci
2424 4928 2662 4984 retinent
2693 4930 2748 4980 in
2786 4926 2952 4982 verbo
2980 4941 3227 4980 vassaux.
3277 4924 3429 4981 Unde
3470 4931 3526 4979 et
3559 4924 3738 4975 eamn-

2202 5016 2320 5069 cum
2346 5001 2485 5069 apud
2515 4996 2706 5066 Greg.,
2738 4994 3245 5069 'l‘_heodulphum_et
3287 4994 3446 5061 alios,
3495 4988 3737 5069 vawlagr:

2203 5064 2437 5136 Quilibet
2467 5064 2649 5122 autem
2678 5067 2881 5136 senior,
2914 5064 3119 5136 comes,
3146 5064 3274 5129 dux,
3302 5079 3421 5136 res,
3445 5073 3625 5136 rassos
3653 5065 3738 5136 εξγο

2202 5130 2445 5194 ιῖιιεειιιοε
2469 5151 2595 5193 suos
2630 5135 2883 5190 habebat.
2913 5134 3057 5190 idem
3088 5133 3203 5190 Odo
3235 5152 3250 5188 :
3281 5152 3301 5185 ι
3336 5132 3447 5188 Nec
3474 5132 3577 5185 hoc
3598 5130 3738 5199 patit-

2200 5208 2385 5273 batur,
2411 5216 2468 5261 ut
2493 5205 2720 5276 quilibet
2748 5206 2931 5276 senior
2957 5205 3276 5260 beneficium
3306 5220 3337 5258 a
3364 5218 3469 5276 suo
3494 5206 3737 5276 vasso'pro

2200 5265 2443 5358 qualibet
2468 5265 3249 5358 animifominotione.posset
3297 5271 3546 5357 auferre.
3573 5265 3736 5358 {ubi
