3964 5360
152 217 246 276 861

908 221 995 279 DE
1029 223 1287 283 VITA'S.
1330 221 1628 282 GERALDI
1662 220 1940 280 COMITIS
1977 221 2319 281 AURILIAC.
2360 254 2426 264 —
2462 223 2589 279 LIB.
2630 223 2670 278 ι.

3309 219 3425 277 οθῑ

150 330 225 384 les
263 342 455 385 vassos
487 328 774 386 insolentia
797 331 1173 389 marchionum
1203 335 1304 390 sibi
1331 335 1728 406 subjugaverat.
1759 340 1812 397 Α
1838 335 1976 392 citus
2018 335 2085 391 ad
2126 337 2361 405 pradam
2404 353 2613 401 versus,
2667 344 2925 408 tanquam
2954 336 3138 393 hostes
3170 337 3411 397 Wilelmi

148 419 265 476 lam
311 420 499 493 itaque
528 423 818 479 multarum
853 440 1143 483 causarum
1194 429 1583 499 experimentis
1611 442 1735 497 pro-

152 515 341 568 batum
390 513 587 580 fuerat,
624 516 791 587 quod,
823 526 881 572 ut
927 519 1187 589 scriptum
1226 529 1333 585 est,
1390 520 1735 590 omnipotens

149 612 267 660 erat
320 614 518 661 contra
575 606 761 663 hostes
800 607 1040 664 Geraldi.
1098 609 1305 677 Quibus
1360 610 1611 666 videlicet
1662 609 1734 663 ita

150 696 540 766 insuperabilis
586 699 905 767 videbatur,‘
952 711 1009 757 ut
1048 703 1274 768 malum,
1321 702 1464 773 quod
1512 703 1561 757 ei
1612 716 1737 772 per-

148 797 367 844 strnere
409 789 750 856 molirentur,
803 792 856 847 in
882 793 1029 864 ipsos
1070 794 1249 865 potius
1294 794 1644 856 redundaret,
1677 800 1737 846 ut

149 877 415 947 scriptum
455 887 582 934 est:
618 878 723 946 Qui
749 881 880 950 fodit
930 882 1130 953 foveam
1162 885 1401 952 proximo
1453 900 1569 951 suo,
1629 885 1749 959 ipse,

148 967 296 1035 prior
314 968 509 1023 incidet
533 968 585 1024 in
596 985 657 1024 ea
675 967 1015 1042 (Promxxvt,
1030 972 1122 1042 27)
1142 972 1563 1044 (90).Wilelmus
1580 972 1739 1043 plane

152 1059 262 1117 dux
278 1060 718 1133 Aquitanorum,
741 1063 824 1117 vir
845 1064 1041 1129 bonus,
1064 1074 1115 1127 et
1134 1065 1408 1134 permulta
1431 1064 1738 1131 laudabilis,

149 1163 272 1204 cum
297 1148 519 1206 tandem
544 1152 900 1208 vehementer
923 1153 1257 1219 invaluisset,
1290 1170 1397 1209 non
1435 1156 1595 1211 minis
1620 1155 1739 1226 qui-

147 1241 296 1307 dem,
318 1242 413 1297 sed
434 1243 685 1314 precibus
713 1246 931 1315 agebat,
952 1254 1012 1302 ut
1039 1245 1306 1304 Geraldus
1327 1263 1356 1301 a
1374 1247 1520 1318 regia
1548 1247 1739 1301 militia

145 1332 463 1402 discedens,
487 1350 607 1392 sese
632 1337 805 1410 eidem
829 1337 1255 1405 commendaret.
1303 1337 1408 1393 Sed
1446 1338 1531 1393 ille
1554 1337 1741 1393 favore

143 1425 365 1482 comitis
388 1441 563 1497 nuper
603 1437 884 1500 usurpato,
911 1442 1252 1500 nequaquam
1303 1429 1577 1484 consensit
1602 1426 1736 1500 (91).

145 1514 413 1588 Nepotem
437 1525 619 1589 tamen
641 1534 798 1575 suum
829 1519 1048 1575 nomine
1070 1519 1397 1585 Rainaldum
1420 1519 1593 1574 eidem
1615 1534 1738 1575 cum

146 1609 358 1679 ingenti
374 1608 605 1665 militum
630 1625 859 1667 numero
890 1611 1312 1683 commendavit.
1352 1611 1458 1667 Sed
1486 1619 1542 1665 et
1569 1609 1736 1665 isdem

1837 442 2193 497 persequens,
2227 438 2392 485 totam
2443 432 2716 498 regionem
2763 431 2907 487 illam
2965 434 3409 504 depopulabatur.

1839 520 1954 589 Qua
1984 536 2149 577 causa
2200 522 2387 578 incolae
2415 523 2518 587 sibi
2560 524 2829 590 timentes,
2867 524 3211 582 facultatibus
3245 543 3412 597 expo-

1838 614 1981 681 sitis,
2010 613 2308 684 fugiebant,
2356 631 2456 671 nec
2502 616 2732 671 inveniri
2780 627 2991 688 poterat
3030 618 3119 688 qui
3151 618 3412 675 ministris

1839 704 1956 776 ejus
1977 706 2172 776 stipem
2202 707 2545 763 vendidisset.
2574 706 2707 763 Cum
2725 723 2854 778 ergo
2881 709 3012 764 nihil
3034 710 3100 764 ad
3127 709 3413 766 emendum

1841 796 2188 866 reperissent,
2217 812 2317 852 nec
2342 798 2409 852 de
2449 799 2628 868 praeda
2656 799 2947 869 quidquam
2974 801 3056 856 eis
3097 810 3321 872 tangere
3350 800 3417 856 ιι·

1839 890 2059 955 cuisset,
2083 906 2190 945 non
2228 891 2496 946 modicam
2539 891 2593 946 in
2637 890 2727 945 illa
2756 892 3099 963 expeditione
3134 893 3437 963 penuriam,

1840 980 2119 1036 sustinuit.
2147 979 2334 1051 Neque
2355 980 2500 1035 enim
2524 982 2593 1035 ab
2617 981 2704 1036 his
2726 982 2816 1051 qui
2840 981 3235 1051 praedabantur,
3262 981 3416 1052 quid-

1841 1086 2002 1142 quam
2026 1070 2307 1141 suscipere
2336 1071 2654 1142 patiebatur,
2690 1087 2761 1139 ne
2789 1070 2925 1128 forte
2945 1088 3065 1127 cum
3093 1072 3172 1127 eis
3199 1072 3423 1142 partici-

1840 1176 1977 1231 pans
1995 1162 2176 1218 socius
2188 1162 2396 1233 peccati
2417 1162 2694 1218 existeret.
2712 1162 3173 1217 Sustinuitautem
3193 1162 3417 1219 etamici

1843 1253 2180 1318 comitatum,
2206 1269 2305 1310 nec
2328 1252 2556 1309 alllictus
2578 1254 2838 1310 deseruit.
2862 1254 3129 1309 Ridebant
3151 1254 3252 1310 hoc
3280 1268 3419 1308 non-

1844 1345 2000 1410 nulli,
2025 1346 2167 1416 quod
2195 1344 2318 1400 aliis
2369 1346 2436 1401 de
2480 1345 2660 1416 praeda
2707 1345 3113 1401 lascivientibus
3144 1344 3257 1417 ipse
3296 1360 3441 1400 cum.

1845 1437 1959 1505 suis
1981 1438 2273 1509 indigeret.
2303 1436 2453 1492 Multi
2497 1437 2712 1507 quidem
2739 1438 2937 1507 quibus
2970 1446 3091 1492 erat
3135 1436 3319 1491 sanior
3343 1435 3423 1490 in-

1848 1533 2119 1597 tellectus,
2147 1533 2297 1588 illum
2338 1528 2743 1593 beatiﬁcahant,
2772 1530 2935 1585 altius
2977 1525 3425 1600 gementesquod

1848 1625 2085 1679 adhunc
2120 1623 2442 1679 imitandum
2474 1622 2648 1677 idonei
2697 1636 2801 1676 non
2843 1629 3044 1676 essent.
3087 1619 3325 1690 Denique
3354 1633 3424 1673 ex

145 1699 436 1758 Wilehnus
456 1701 762 1759 nullatenus
802 1702 876 1758 illi
910 1702 1220 1776 indignatus
1248 1711 1351 1768 est,
1396 1703 1595 1774 quippe
1628 1716 1733 1756 non

1852 1716 1944 1769 hoc
1970 1723 2025 1769 et
2052 1714 2328 1784 deinceps,
2354 1721 2769 1785 cognomentum
2792 1714 2896 1768 hoc
2925 1709 3247 1780 promeruit,
3273 1716 3331 1762 ut
3353 1709 3437 1775 ab,

145 1794 440 1849 immemor
488 1793 623 1866 (92),
675 1794 802 1864 quia
841 1803 995 1872 pater
1037 1809 1168 1851 suus
1209 1795 1519 1850 Bernardus
1558 1796 1731 1866 ipsum

144 1886 335 1942 adhuc
368 1884 771 1943 adolescentem
820 1887 998 1943 eidem
1026 1887 1225 1944 domno
1264 1886 1500 1944 Geraldo
1534 1886 1736 1942 amoris

144 1990 313 2031 causa
343 1978 765 2033 commendavit.
806 1976 874 2031 Et
907 1978 1030 2034 ideo
1060 1977 1202 2034 dulci
1232 1979 1520 2035 admodum
1548 1987 1738 2034 contu-

142 2065 360 2135 bernio,
394 2075 452 2124 et
480 2067 682 2140 ingenti
722 2067 1075 2124 veneratione
1118 2083 1333 2139 semper
1358 2084 1480 2125 eum
1524 2067 1739 2124 excole-

144 2156 261 2213 bat.
289 2156 428 2214 Cum
458 2172 587 2214 vero
633 2172 798 2214 causa
848 2158 1105 2225 instabat,
1145 2158 1212 2214 ad
1245 2160 1361 2235 ejus
1407 2160 1738 2230 colloquium

146 2248 427 2304 veniebat.
478 2247 878 2321 Nonnunquam
910 2259 1092 2315 autem
1114 2252 1340 2327 gratiosi
1368 2254 1603 2308 hominis
1624 2252 1742 2308 Wi-

146 2340 344 2408 lelmus
383 2341 653 2415 suavitate
677 2341 998 2415 delectatus,
1039 2344 1088 2397 vi
1130 2359 1352 2421 precum
1383 2345 1651 2417 exigebat,
1684 2361 1743 2408 ut

146 2452 335 2492 secum
353 2437 558 2492 diutius
590 2447 1044 2506 commoraretur.
1075 2438 1142 2495 Et
1164 2438 1479 2509 frequenter
1504 2440 1557 2496 in
1581 2455 1740 2512 agen-

149 2525 235 2583 dis
261 2542 605 2597 progressus,
634 2529 847 2599 tongius
873 2544 1058 2584 secum
1098 2530 1177 2585 ire
1198 2530 1452 2587 faciebat.

225 2617 465 2674 XXXIII.
511 2618 736 2676 Factum
774 2629 851 2676 est
883 2621 1118 2690 quadam
1171 2621 1309 2688 vice,
1367 2638 1489 2677 cum
1532 2622 1606 2677 ita
1658 2636 1746 2678 res

145 2710 420 2781 exigeret,
462 2717 521 2763 ut
572 2708 627 2764 in
668 2710 957 2779 quamdam
986 2710 1272 2781 regionem
1319 2726 1423 2781 qua
1474 2712 1747 2767 hostiliter

148 2799 316 2862 ierat,
339 2798 561 2868 longum
611 2807 824 2869 tempus
861 2815 985 2855 cum
1014 2815 1080 2854 eo
1121 2801 1494 2869 expendisset.
1526 2801 1745 2856 Interim

148 2905 287 2963 vero
312 2902 476 2945 omne
523 2890 872 2960 stipendium,
912 2889 1055 2959 quod
1104 2891 1216 2961 (95)
1246 2891 1299 2945 in
1328 2891 1619 2961 sagmariis
1639 2891 1745 2946 Ge-

151 2986 293 3044 raldi
321 2986 565 3043 delatum
592 2984 790 3053 fuerat,
837 2986 1352 3055 paulatimdel‘ecit.
1395 2984 1565 3041 Porro
1589 3000 1745 3041 exer-

148 3134 246 3175 res
270 3119 350 3173 ita
377 3125 526 3188 sunt,
554 3116 698 3172 sicut
723 3116 776 3188 hi
807 3130 944 3188 quos
982 3130 1170 3172 vassos
1188 3187 1191 3188 γ
1209 3114 1512 3188 dominicps
1536 3115 1742 3188 Gallica

147 3187 550 3258 consuetudine
600 3186 961 3258 nominamus.
997 3207 1020 3258 ί»
1069 3188 1140 3242 Et
1181 3187 1274 3242 lib.
1317 3201 1378 3258 ιιι
1424 3186 1746 3258 Capitular.,

148 3276 200 3313 c.
237 3260 333 3324 75,
357 3256 434 3312 De
461 3259 626 3312 vassis
655 3257 954 3312 dominicis.
991 3257 1155 3313 [idem
1188 3257 1393 3323 vasalli,
1426 3265 1481 3311 et
1503 3256 1743 3315 'vassali.

150 3327 280 3385 Lib.
306 3327 639 3399 ittCapitul._,
666 3342 784 3399 cap.
812 3326 924 3381 2i:
961 3326 1181 3399 rYassi
1236 3335 1292 3380 et
1347 3325 1543 3399 vasalli
1585 3326 1749 3399 nobis

151 3396 505 3455 simulantes.
551 3417 570 3451 ι
600 3397 668 3452 Et
689 3396 779 3451 lib.
810 3412 892 3461 ut,
916 3413 967 3452 c.
992 3397 1081 3451 75.
1116 3417 1134 3449 ι
1166 3397 1241 3452 De
1264 3398 1438 3453 vassis
1463 3397 1747 3455 dominicis

149 3470 251 3540 qui
287 3469 467 3523 adhuc
493 3469 636 3522 intra
665 3481 848 3523 casam
886 3469 1156 3533 serviunt,
1182 3475 1239 3522 et
1277 3475 1456 3540 tamen
1485 3467 1750 3524 beneﬁcia

152 3537 366 3612 habere
406 3546 729 3612 noscuntur,
766 3547 1045 3612 statutum‘
1078 3548 1163 3612 est
1212 3544 1272 3592 ut
1319 3537 1632 3612 quicunque
1681 3554 1749 3612 ex

149 3611 240 3665 eis
264 3625 390 3665 cum
417 3608 615 3664 domno
639 3608 964 3678 imperatore
992 3607 1137 3663 domi
1174 3607 1516 3673 remanserit,
1539 3608 1748 3663 vassal-

152 3679 241 3735 los
268 3695 399 3735 suos
420 3687 637 3734 casatos
666 3693 849 3733 secum
898 3693 1004 3733 non
1047 3678 1279 3732 retineat
1308 3691 1324 3731 :
1353 3678 1448 3733 sed
1499 3693 1620 3733 cum
1661 3694 1752 3734 co-

151 3750 315 3812 mite,
344 3750 502 3820 cujus
528 3762 791 3820 pagenses
815 3757 964 3813 sunt,
1009 3749 1095 3820 ire
1140 3748 1436 3820 permittat.
1464 3766 1521 3820 _i_
1576 3746 1751 3820 Βαιάὶ

153 3835 384 3890 quoque
403 3817 432 3873 εἰ
456 3817 591 3875 voce
607 3817 939 3890 Germanica
959 3818 1125 3890 Adrow
1144 3858 1158 3882 ,
1185 3819 1290 3890 hoc
1330 3824 1414 3890 est
1436 3817 1581 3890 Alide,
1611 3819 1753 3874 sicut

154 3888 319 3955 notat
355 3890 616 3945 Claudius
655 3888 905 3945 Falcetus
957 3888 1051 3944 lib.
1104 3905 1159 3943 rx
1214 3888 1492 3958 AAntiquit.
1528 3888 1749 3956 Franc.,

155 3976 284 4030 cap.
312 3960 400 4016 15.
434 3959 699 4031 ϐαρίιυιει
735 3975 855 4029 qua:
899 3958 1183 4031 praesules
1211 3956 1553 4031 Rhemensis
1586 3967 1751 4028 atque

154 4028 622 4102 Rotltomagensis
651 4028 1256 4102 dioeceseosLudovico
1284 4028 1420 4102 gregi
1474 4030 1754 4102 miserunt

152 4116 255 4156 an.
290 4100 504 4159 818τί
549 4100 618 4155 Ει
660 4100 776 4155 sine
819 4100 1011 4156 solatio
1056 4108 1111 4154 et
1158 4100 1429 4155 comitatu
1456 4100 1751 4156 drudorum

156 4181 651 4241 atquevassorum
679 4171 821 4225 nuda
862 4185 926 4226 ac
971 4170 1212 4241 desolata
1251 4170 1458 4241 exibit.
1519 4190 1552 4241 3
1616 4168 1753 4241 Item

159 4239 299 4297 lassi
325 4240 656 4312 Saxonibus,
672 4249 752 4312 ut
777 4248 1052 4312 exponunt
1101 4239 1390 4312 Wital_dns,
1413 4248 1481 4312 et
1519 4239 1755 4312 ﬂuebat-

160 4313 270 4369 dus
299 4310 623 4367 Elnonensis
671 4308 860 4365 abbas'
891 4312 943 4365 in
986 4311 1105 4365 Vita
1162 4309 1222 4365 Β.
1263 4308 1484 4363 Lebuini
1508 4327 1526 4364 :
1560 4327 1579 4361 ι
1616 4308 1753 4364 Sunt

157 4382 337 4453 enim,
362 4382 538 4453 inquit
563 4381 790 4453 iste.q_ui
813 4381 1025 4436 illorum
1050 4380 1228 4452 lingua
1254 4378 1495 4453 Edlingi,
1514 4387 1639 4435 sunt
1659 4374 1749 4447 qui

158 4450 416 4531 Erilingi,
437 4448 574 4531 sunt
602 4453 695 4531 qui
724 4450 876 4531 Lassi
904 4448 1185 4531 vocantur,
1208 4449 1350 4531 quod
1381 4448 1572 4504 Latina
1598 4456 1756 4504 sonat

161 4519 380 4593 Iingua',
406 4519 636 4593 nobiles,
661 4522 879 4593 ingenui
905 4530 1068 4591 atque
1096 4519 1334 4593 serviles.
1375 4539 1393 4572 ι

241 4588 707 4665 (Ῡ90)⁷ῄη⁷ἱιιειηιλιω
722 4588 898 4665 plane
944 4588 1061 4665 dua;
1091 4590 1518 4665 Aquitanorum.
1540 4588 1757 4665 tinguo»

158 4658 359 4719 'ménto
383 4662 532 4726 Pius,
557 4661 649 4731 qui
677 4669 732 4716 et
759 4662 1038 4717 Arvernize
1086 4658 1543 4731 comesLAhhoni
1566 4658 1660 4714 lib.
1716 4674 1767 4731 ir.

164 4731 359 4789 Obsid.
392 4728 1055 4787 ParisIClaromontensis.
1094 4732 1228 4787 Vide
1272 4728 1640 4786 Frodoardum
1688 4728 1755 4782 ad

166 4818 377 4857 annum
405 4803 533 4865 824,
556 4810 609 4857 et
631 4816 753 4871 qua:
776 4801 1010 4858 diximus
1032 4816 1213 4871 supra.

244 4872 358 4944 (91)
386 4866 1054 4944 Nepotem‘suumnomiue
1079 4866 1422 4944 Ruinaldum.
1471 4869 1547 4944 ’5ΪΔ
1570 4866 1761 4926 Geral-

167 4940 274 4998 dus
307 4940 362 4997 in
395 4940 716 4996 testamento
743 4958 756 4994 :
789 4959 806 4992 ι
837 4940 1213 4997 becatucerias
1230 4952 1384 4997 curte
1411 4942 1758 4997 medietatem

170 5013 244 5066 ad
275 5012 452 5082 ipsum
481 5012 681 5075 locum,
710 5010 917 5065 scilicet
948 5010 1309 5066 Aurelhacum
1331 5052 1345 5077 ,
1372 5012 1538 5081 dono,
1559 5022 1615 5068 et
1641 5022 1758 5082 tne-

1834 1808 2151 1863 omnibusin
2173 1822 2456 1863 commune
2467 1807 2728 1864 Geraldus
2741 1807 2829 1862 ille
2841 1806 3017 1862 Bonus
3033 1804 3418 1877 appellaretur.

1910 1895 2147 1951 XXXIV.
2166 1895 2322 1951 Tanti
2342 1905 2521 1953 autem
2544 1897 2683 1967 apud
2707 1897 2956 1952 eumdem
2982 1895 3295 1952 Wilelmum
3325 1894 3426 1952 ha-

1839 1988 1984 2044 bitus
2006 1997 2091 2044 est
2109 1988 2247 2061 (94),
2278 1996 2335 2043 ut
2373 1988 2420 2043 ei
2452 2003 2694 2043 sororem
2726 2003 2881 2043 suam
2928 1988 2982 2042 in
3022 1987 3271 2061 coniugio
3294 1986 3426 2042 dare

1841 2077 2021 2142 vellet,
2047 2078 2401 2148 Ermengardi
2431 2085 2609 2133 matre
2650 2078 3050 2148 quamprimum
3075 2078 3125 2133 id
3155 2077 3425 2146 cupiente,

1841 2180 1961 2238 qua:
1993 2168 2168 2222 virum
2190 2168 2335 2224 hunc
2382 2169 2472 2238 pio
2500 2167 2754 2239 diligebat
2782 2167 2998 2224 affectu.
3034 2167 3142 2224 Sed
3181 2166 3429 2224 Christus

1842 2258 2070 2331 virginis
2099 2258 2240 2312 ﬁlius
2279 2258 2549 2313 castitatis
2574 2273 2813 2313 amorem
2852 2257 2927 2313 illi
2960 2257 3159 2314 dudum
3185 2244 3433 2312 indulca?

1844 2359 2019 2413 verat,
2051 2365 2216 2420 quam
2243 2350 2311 2403 ab
2344 2350 2563 2405 ineunte
2592 2359 2753 2405 :etate
2781 2350 2858 2405 ita
2903 2348 3217 2419 complexus
3243 2357 3345 2414 est,
3366 2356 3428 2403 ut

1845 2456 1946 2498 nec
1975 2442 2170 2497 intuitu
2192 2442 2408 2512 quidem
2438 2450 2545 2496 tam
2569 2440 2886 2498 excellentis
2922 2441 3126 2513 copula:
3149 2449 3428 2510 pateretur

1847 2533 1917 2589 ab
1942 2548 2003 2588 ea
2033 2533 2238 2588 divelli.
2286 2532 2630 2602 Quantopere
2676 2533 2821 2588 enim
2866 2532 3048 2588 carnis
3093 2530 3424 2586 obscoenita-

1850 2631 1956 2678 tem
1985 2623 2357 2689 exhorruerit,
2381 2637 2480 2693 per
2522 2623 2629 2678 hoc
2663 2622 3020 2678 animadverti
3052 2629 3252 2694 potest,
3279 2620 3425 2691 quod

1850 2723 2175 2769 nocturnam
2196 2713 2500 2770 illusionem
2525 2714 2642 2768 sine
2665 2729 2901 2770 mmrore
2922 2713 3230 2769 nullatenus
3256 2712 3432 2768 incur-

1851 2805 2026 2859 rebat.
2078 2803 2302 2873 Quoties
2349 2820 2583 2875 namque
2627 2803 2756 2860 illud
2794 2805 3147 2861 humanitatis
3193 2804 3428 2861 infortu-

1853 2894 2001 2948 nium
2030 2894 2321 2951 dormienti
2363 2896 2703 2977 contigisset.
2728 2896 3115 2952 consccretalis
3157 2894 3432 2952 cubicula-

1854 2985 1968 3041 rius
2007 2983 2268 3042 afferebat
2307 2986 2355 3041 ei
2401 3000 2669 3052 seorsum,
2710 2987 2763 3041 in
2814 2986 3140 3059 competenti
3182 2986 3445 3042 videlicet

1922 3115 2035 3189 (9‘2)
2064 3116 2203 3189 Quia
2224 3127 2521 3189 paterisuus
2548 3117 2870 3189 Bernartius.
2896 3116 3102 3189 Comes
3115 3124 3170 3171 et
3191 3116 3435 3189 marchit

1850 3185 2324 3259 Niver'nensis,:uti
2366 3188 2478 3259 jam
2527 3188 2858 3259 monuimus.
2903 3187 3029 3259 Imp,
3078 3185 3437 3259 fortassis_gt

1851 3255 2443 3328 marchioﬁothize,'de
2489 3274 2596 3328 quo
2645 3258 2940 3328 Aymoinus
2979 3256 3154 3328 lib._v,
3181 3271 3300 3328 cap.
3339 3255 3433 3328 57,

1850 3329 1986 3398 sive,
2013 3335 2071 3381 ut
2101 3327 2396 3383 Nithardus
2424 3325 2656 3398 appellat
2693 3325 2790 3384 lib.
2830 3344 2889 3391 ιι,
2915 3328 3035 3398 dux
3058 3325 3427 3398 Septimanize.

1859 3418 1876 3452 ι
1906 3397 2059 3460 Nam,
2088 3398 2285 3468 inquit,
2310 3397 2377 3453 de
2401 3393 2587 3468 praelia
2617 3399 2972 3454 Foutanetico
3026 3393 3272 3468 loquens,
3301 3393 3438 3450 Ber-

1852 3469 2052 3522 nardus
2079 3464 2184 3522 duri
2239 3464 2608 3538 Septir'nanire,
2651 3469 2935 3523 victoriam
2983 3478 3061 3538 ut”
3087 3464 3267 3538 Caroli
3309 3478 3436 3538 esse

1851 3538 2061 3602 didicit,
2110 3538 2277 3592 lilium
2313 3534 2656 3594 'Willelmutn
2707 3538 2773 3593 ad
2813 3539 2963 3592 illum
3013 3535 3233 3599 direxit,
3282 3542 3336 3587 et
3385 3534 3433 3593 si

1852 3607 2088 3680 honores
2137 3608 2352 3680 quosin
2403 3607 2710 3680 Burgundio
2764 3606 3181 3680 habuit,_eide_m
3229 3603 3435 3658 donare

1849 3678 2032 3741 vellet,
2050 3686 2108 3731 ut
2134 3675 2192 3732 se
2213 3677 2286 3730 illi
2317 3675 2744 3742 commendaret,
2771 3676 3044 3747 prmcepit.
3071 3695 3091 3727 ι
3119 3675 3232 3729 Hoc
3246 3681 3435 3747 autem

1852 3756 1908 3802 ut
1937 3747 2119 3824 aliquo
2146 3748 2302 3824 modo
2323 3748 2562 3811 credam,
2589 3742 2798 3824 duabus
2828 3742 3168 3824 potissimum
3193 3742 3438 3824 adducor

1854 3813 2174 3873 rationibus.
2205 3816 2322 3871 Una
2352 3827 2571 3887 prepter
2599 3813 2993 3887 honores'quos
3029 3816 3083 3870 in
3122 3813 3435 3887 Burgundia

1853 3887 2188 3959 Bernardum
2229 3883 2483 3959 Willelnii
2526 3898 2733 3959 patrem
2754 3883 3438 3959 habuisse”testaturhhie

1852 3957 2126 4013 Nitardus.
2148 3958 2280 4013 Nam
2309 3967 2364 4013 et
2391 3950 2654 4013 Martinus
2679 3957 2909 4013 Polonus
2933 3953 3257 4011 WilIeImum
3278 3950 3435 4006 Pium

1852 4028 2095 4104 Cluniaci
2128 4028 2493 4104 fundatorem,
2510 4028 2834 4104 Bu_rg_t_tn_di:e
2848 4028 3148 4104 principem
3175 4022 3437 4104 appellat.

1820 4099 2055 4174 .Altera,
2078 4100 2310 4174 quodet
2340 4099 2512 4174 ipsum
2558 4095 2884 4174 )Villeltnutn
2916 4095 3183 4174 ﬁctilium
3229 4095 3439 4174 rexisse

1854 4163 2289 4245 cumdqjitania
2314 4163 2791 4245 scribitnloanne‘s
2833 4167 3022 4245 Italus,
3073 4163 3169 4219 lib.
3222 4179 3243 4218 ι
3303 4163 3441 4245 illa:

1854 4238 2027 4314 sancti
2066 4234 2289 4304 Ddonis,
2314 4239 2400 4314 bis
2421 4238 2604 4293 verbis
2633 4258 2645 4293 :
2679 4258 2697 4290 ι
2732 4236 2948 4314 Qu_a__d_e
2976 4249 3140 4314 causa
3181 4234 3436 4314 omnibus

1854 4309 2051 4364 chartis
2072 4318 2211 4371 erat,
2242 4310 2616 4379 praecipueque
2643 4311 2783 4377 apud
2812 4308 3144 4363 Willelmum
3172 4308 3439 4379 seruilem

1785 4411 1835 4470 υ
1859 4372 2313 4470 robustissimum,
2331 4372 2421 4470 (μιιῖ
2446 4394 2511 4470 eo
2529 4372 2775 4450 letnpot‘e
2794 4378 3139 4449 Aquitaniam
3163 4372 3441 4430 Gothiam—

1860 4463 1965 4518 que
1993 4464 2090 4502 suo
2121 4448 2245 4516 jure
2274 4449 2507 4504 tenebat.
2549 4470 2567 4501 ι

1929 4553 2042 4620 (95)
2070 4552 2136 4608 1η
2163 4555 2441 4624 sagmariis
2470 4552 2701 4624 Geraldi.
2733 4553 2877 4612 Infra
2905 4556 3000 4611 lib.
3026 4573 3095 4619 ιι,
3126 4554 3304 4623 capite
3333 4553 3399 4608 18
3423 4571 3435 4606 :

1865 4623 2027 4707 gLFur
2080 4623 2479 4707 quidamndnos
2520 4623 2752 4707 exe-jus
2776 4624 3434 4707 sagmariigsnsubripuitzi

1860 4693 1926 4747 Et
1957 4692 2280 4765 prmceptum
2306 4695 2481 4750 Caroli
2523 4692 2674 4749 Calvi
2721 4695 2788 4749 de
2829 4692 3170 4751 libertatibus
3211 4692 3443 4765 abbatiu:

1859 4761 2033 4820 sancti
2086 4761 2320 4837 Dionysii
2377 4779 2421 4837 δὴ
2459 4784 2495 4837 ι
2527 4765 2638 4820 Nec
2696 4780 2801 4818 non
2845 4766 2924 4837 de
2971 4766 3221 4837 omnibus
3269 4761 3445 4837 carris

1860 4844 1919 4890 et
1955 4830 2259 4906 sagmariis.
2310 4854 2329 4888 ι
2385 4835 2611 4901 Gallice,
2669 4835 2940 4889 sommiers
2990 4845 3045 4890 et
3105 4833 3339 4887 chevaux
3382 4830 3446 4881 de

1861 4907 2071 4977 charge.

1868 5008 2056 5082 Ὧραι)
2089 5005 2153 5061 Ut
2181 5008 2229 5082 ei
2253 5021 2486 5082 sororem
2529 5020 2681 5082 suurn
2731 5002 2785 5056 in
2834 5004 3106 5082 conjuqio.
3152 4996 3456 5082 édemartts
3502 5026 3508 5030 ·
