  <div class='ocr_page' id='page_1' title='image "/cluster/home/n/w/nwhite01/storage/ocr_20150623/133/hvd.32044010035673/335.png"; bbox 0 0 3964 5360; ppageno 0'>
   <div class='ocr_carea' id='block_1_1' title="bbox 511 222 631 288">
    <p class='ocr_par' dir='ltr' id='par_1_1' title="bbox 511 222 631 288">
     <span class='ocr_line' id='line_1_1' title="bbox 511 222 631 288; baseline 0.033 -4"><span class='ocrx_word' id='word_1_1' title='bbox 511 222 631 288; x_wconf 63' lang='lat'><strong>663</strong></span> 
     </span>
    </p>
   </div>
   <div class='ocr_carea' id='block_1_2' title="bbox 1483 204 2101 286">
    <p class='ocr_par' dir='ltr' id='par_1_2' title="bbox 1483 221 2097 286">
     <span class='ocr_line' id='line_1_2' title="bbox 1483 221 2097 286; baseline -0.013 -1"><span class='ocrx_word' id='word_1_2' title='bbox 1483 225 1541 285; x_wconf 79' lang='lat' dir='ltr'><strong>S.</strong></span> <span class='ocrx_word' id='word_1_3' title='bbox 1584 226 1835 286; x_wconf 71' lang='grc' dir='ltr'><strong>οθθΝιδ</strong></span> <span class='ocrx_word' id='word_1_4' title='bbox 1873 221 2097 282; x_wconf 73' lang='lat' dir='ltr'><strong>ABBAT</strong></span> 
     </span>
    </p>
   </div>
   <div class='ocr_carea' id='block_1_3' title="bbox 2205 204 3718 286">
    <p class='ocr_par' dir='ltr' id='par_1_3' title="bbox 2205 204 3718 279">
     <span class='ocr_line' id='line_1_3' title="bbox 2205 204 3718 279; baseline 0.002 -3"><span class='ocrx_word' id='word_1_5' title='bbox 2205 217 2698 278; x_wconf 79' lang='lat' dir='ltr'><strong>CLUNIACENSIS</strong></span> <span class='ocrx_word' id='word_1_6' title='bbox 2733 219 2776 275; x_wconf 94' lang='grc' dir='ltr'><strong>ιι</strong></span> <span class='ocrx_word' id='word_1_7' title='bbox 2859 204 2869 208; x_wconf 74' lang='grc'><strong><em>”</em></strong></span> <span class='ocrx_word' id='word_1_8' title='bbox 3046 224 3053 227; x_wconf 94' lang='grc'>·</span> <span class='ocrx_word' id='word_1_9' title='bbox 3642 222 3718 279; x_wconf 71' lang='lat' dir='ltr'><strong>ut</strong></span> 
     </span>
    </p>
   </div>
   <div class='ocr_carea' id='block_1_4' title="bbox 510 327 3717 411">
    <p class='ocr_par' dir='ltr' id='par_1_4' title="bbox 510 327 3717 411">
     <span class='ocr_line' id='line_1_4' title="bbox 510 327 3717 411; baseline -0.004 -12"><span class='ocrx_word' id='word_1_10' title='bbox 510 346 671 410; x_wconf 70' lang='lat' dir='ltr'><strong>loco,</strong></span> <span class='ocrx_word' id='word_1_11' title='bbox 726 354 904 402; x_wconf 83' lang='lat' dir='ltr'><strong>vestes</strong></span> <span class='ocrx_word' id='word_1_12' title='bbox 939 342 1284 408; x_wconf 79' lang='lat' dir='ltr'><strong>mutatorias,</strong></span> <span class='ocrx_word' id='word_1_13' title='bbox 1316 343 1394 397; x_wconf 79' lang='lat' dir='ltr'><strong>ad</strong></span> <span class='ocrx_word' id='word_1_14' title='bbox 1410 344 1515 399; x_wconf 86' lang='lat' dir='ltr'><strong>hoc</strong></span> <span class='ocrx_word' id='word_1_15' title='bbox 1551 346 2025 411; x_wconf 82' lang='lat' dir='ltr'><strong>semperparatas,</strong></span> <span class='ocrx_word' id='word_1_16' title='bbox 2060 345 2124 390; x_wconf 87' lang='lat' dir='ltr'><strong>et-</strong></span> <span class='ocrx_word' id='word_1_17' title='bbox 2144 336 2187 395; x_wconf 73' lang='grc' dir='ltr'>Α</span> <span class='ocrx_word' id='word_1_18' title='bbox 2218 338 2537 402; x_wconf 65' lang='lat' dir='ltr'><strong>gyrassent,</strong></span> <span class='ocrx_word' id='word_1_19' title='bbox 2554 343 2896 400; x_wconf 83' lang='lat' dir='ltr'><strong>nequaquam</strong></span> <span class='ocrx_word' id='word_1_20' title='bbox 2916 341 3042 383; x_wconf 86' lang='lat' dir='ltr'><strong>eum</strong></span> <span class='ocrx_word' id='word_1_21' title='bbox 3065 327 3302 398; x_wconf 85' lang='lat' dir='ltr'><strong>reperire</strong></span> <span class='ocrx_word' id='word_1_22' title='bbox 3328 329 3590 399; x_wconf 82' lang='lat' dir='ltr'><strong>potuerint.</strong></span> <span class='ocrx_word' id='word_1_23' title='bbox 3617 331 3717 387; x_wconf 74' lang='lat' dir='ltr'><strong>Tum</strong></span> 
     </span>
    </p>
   </div>
   <div class='ocr_carea' id='block_1_5' title="bbox 527 431 2109 507">
    <p class='ocr_par' dir='ltr' id='par_1_5' title="bbox 527 431 2109 507">
     <span class='ocr_line' id='line_1_5' title="bbox 527 431 2109 507; baseline -0.007 -14"><span class='ocrx_word' id='word_1_24' title='bbox 527 446 852 505; x_wconf 90' lang='lat' dir='ltr'><strong>tomentum,</strong></span> <span class='ocrx_word' id='word_1_25' title='bbox 876 447 931 495; x_wconf 90' lang='lat' dir='ltr'><strong>et</strong></span> <span class='ocrx_word' id='word_1_26' title='bbox 952 453 1049 494; x_wconf 83' lang='lat' dir='ltr'><strong>vas</strong></span> <span class='ocrx_word' id='word_1_27' title='bbox 1068 451 1241 507; x_wconf 70' lang='lat' dir='ltr'><strong>aquas.</strong></span> <span class='ocrx_word' id='word_1_28' title='bbox 1270 435 1389 503; x_wconf 78' lang='lat' dir='ltr'><strong>Quo</strong></span> <span class='ocrx_word' id='word_1_29' title='bbox 1414 435 1511 491; x_wconf 73' lang='lat' dir='ltr'><strong>ilio</strong></span> <span class='ocrx_word' id='word_1_30' title='bbox 1539 433 1802 498; x_wconf 81' lang='lat' dir='ltr'><strong>intrante,</strong></span> <span class='ocrx_word' id='word_1_31' title='bbox 1826 445 1936 487; x_wconf 89' lang='lat' dir='ltr'><strong>non</strong></span> <span class='ocrx_word' id='word_1_32' title='bbox 1962 431 2109 486; x_wconf 81' lang='lat' dir='ltr'><strong>enim</strong></span> 
     </span>
    </p>
   </div>
   <div class='ocr_carea' id='block_1_6' title="bbox 525 520 2110 603">
    <p class='ocr_par' dir='ltr' id='par_1_6' title="bbox 525 520 2110 603">
     <span class='ocr_line' id='line_1_6' title="bbox 525 520 2110 603; baseline -0.008 -16"><span class='ocrx_word' id='word_1_33' title='bbox 525 531 836 603; x_wconf 87' lang='lat' dir='ltr'><strong>patiebatur</strong></span> <span class='ocrx_word' id='word_1_34' title='bbox 855 544 919 586; x_wconf 86' lang='lat' dir='ltr'><strong>se</strong></span> <span class='ocrx_word' id='word_1_35' title='bbox 940 529 1149 583; x_wconf 84' lang='lat' dir='ltr'><strong>nudum</strong></span> <span class='ocrx_word' id='word_1_36' title='bbox 1167 527 1365 593; x_wconf 78' lang='lat' dir='ltr'><strong>videri,</strong></span> <span class='ocrx_word' id='word_1_37' title='bbox 1388 542 1513 581; x_wconf 81' lang='lat' dir='ltr'><strong>mox</strong></span> <span class='ocrx_word' id='word_1_38' title='bbox 1544 524 1637 582; x_wconf 91' lang='lat' dir='ltr'><strong>ille</strong></span> <span class='ocrx_word' id='word_1_39' title='bbox 1658 524 1906 579; x_wconf 75' lang='lat' dir='ltr'><strong>minister</strong></span> <span class='ocrx_word' id='word_1_40' title='bbox 1927 520 2110 576; x_wconf 82' lang='lat' dir='ltr'><strong>clauso</strong></span> 
     </span>
    </p>
   </div>
   <div class='ocr_carea' id='block_1_7' title="bbox 524 615 2111 691">
    <p class='ocr_par' dir='ltr' id='par_1_7' title="bbox 524 615 2111 691">
     <span class='ocr_line' id='line_1_7' title="bbox 524 615 2111 691; baseline -0.008 -9"><span class='ocrx_word' id='word_1_41' title='bbox 524 626 668 682; x_wconf 91' lang='lat' dir='ltr'><strong>ostio</strong></span> <span class='ocrx_word' id='word_1_42' title='bbox 687 623 995 682; x_wconf 73' lang='lat' dir='ltr'><strong>recedebat.</strong></span> <span class='ocrx_word' id='word_1_43' title='bbox 1021 622 1098 679; x_wconf 89' lang='lat' dir='ltr'><strong>lta</strong></span> <span class='ocrx_word' id='word_1_44' title='bbox 1126 622 1303 679; x_wconf 93' lang='lat' dir='ltr'><strong>cultor</strong></span> <span class='ocrx_word' id='word_1_45' title='bbox 1336 622 1563 677; x_wconf 63' lang='lat' dir='ltr'><strong>internae</strong></span> <span class='ocrx_word' id='word_1_46' title='bbox 1591 618 1842 691; x_wconf 75' lang='lat' dir='ltr'><strong>puritatis</strong></span> <span class='ocrx_word' id='word_1_47' title='bbox 1865 615 2111 686; x_wconf 88' lang='lat' dir='ltr'><strong>corporis</strong></span> 
     </span>
    </p>
   </div>
   <div class='ocr_carea' id='block_1_8' title="bbox 524 700 2109 786">
    <p class='ocr_par' dir='ltr' id='par_1_8' title="bbox 524 700 2109 786">
     <span class='ocr_line' id='line_1_8' title="bbox 524 700 2109 786; baseline -0.007 -14"><span class='ocrx_word' id='word_1_48' title='bbox 524 716 951 786; x_wconf 86' lang='lat' dir='ltr'><strong>inquinationem</strong></span> <span class='ocrx_word' id='word_1_49' title='bbox 986 713 1306 786; x_wconf 88' lang='lat' dir='ltr'><strong>refugiebat,</strong></span> <span class='ocrx_word' id='word_1_50' title='bbox 1331 719 1390 767; x_wconf 92' lang='lat' dir='ltr'><strong>ut</strong></span> <span class='ocrx_word' id='word_1_51' title='bbox 1418 712 1589 781; x_wconf 83' lang='lat' dir='ltr'><strong>ipsam</strong></span> <span class='ocrx_word' id='word_1_52' title='bbox 1617 700 1811 775; x_wconf 82' lang='lat' dir='ltr'><strong>solam,</strong></span> <span class='ocrx_word' id='word_1_53' title='bbox 1833 722 1955 779; x_wconf 64' lang='lat' dir='ltr'><strong>quae</strong></span> <span class='ocrx_word' id='word_1_54' title='bbox 1980 707 2109 762; x_wconf 88' lang='lat' dir='ltr'><strong>dor-</strong></span> 
     </span>
    </p>
   </div>
   <div class='ocr_carea' id='block_1_9' title="bbox 522 796 2111 870">
    <p class='ocr_par' dir='ltr' id='par_1_9' title="bbox 522 796 2111 870">
     <span class='ocr_line' id='line_1_9' title="bbox 522 796 2111 870; baseline -0.006 -9"><span class='ocrx_word' id='word_1_55' title='bbox 522 804 711 862; x_wconf 87' lang='lat' dir='ltr'><strong>mienti</strong></span> <span class='ocrx_word' id='word_1_56' title='bbox 737 804 1033 869; x_wconf 88' lang='lat' dir='ltr'><strong>acciderat,</strong></span> <span class='ocrx_word' id='word_1_57' title='bbox 1066 818 1172 858; x_wconf 87' lang='lat' dir='ltr'><strong>non</strong></span> <span class='ocrx_word' id='word_1_58' title='bbox 1205 802 1378 858; x_wconf 89' lang='lat' dir='ltr'><strong>solum</strong></span> <span class='ocrx_word' id='word_1_59' title='bbox 1410 800 1638 866; x_wconf 86' lang='lat' dir='ltr'><strong>balneis,</strong></span> <span class='ocrx_word' id='word_1_60' title='bbox 1671 800 1800 870; x_wconf 91' lang='lat' dir='ltr'><strong>quin</strong></span> <span class='ocrx_word' id='word_1_61' title='bbox 1837 799 2003 855; x_wconf 90' lang='lat' dir='ltr'><strong>etiam</strong></span> <span class='ocrx_word' id='word_1_62' title='bbox 2030 796 2111 852; x_wconf 88' lang='lat' dir='ltr'><strong>la-</strong></span> 
     </span>
    </p>
   </div>
   <div class='ocr_carea' id='block_1_10' title="bbox 521 887 2110 969">
    <p class='ocr_par' dir='ltr' id='par_1_10' title="bbox 521 887 2110 969">
     <span class='ocr_line' id='line_1_10' title="bbox 521 887 2110 969; baseline -0.005 -17"><span class='ocrx_word' id='word_1_63' title='bbox 521 897 724 969; x_wconf 83' lang='lat' dir='ltr'><strong>crymis</strong></span> <span class='ocrx_word' id='word_1_64' title='bbox 769 896 1022 951; x_wconf 85' lang='lat' dir='ltr'><strong>abluerit.</strong></span> <span class='ocrx_word' id='word_1_65' title='bbox 1070 893 1306 950; x_wconf 89' lang='lat' dir='ltr'><strong>Stultum</strong></span> <span class='ocrx_word' id='word_1_66' title='bbox 1347 894 1488 950; x_wconf 90' lang='lat' dir='ltr'><strong>forte</strong></span> <span class='ocrx_word' id='word_1_67' title='bbox 1533 893 1816 949; x_wconf 79' lang='lat' dir='ltr'><strong>videbatur</strong></span> <span class='ocrx_word' id='word_1_68' title='bbox 1862 891 1967 947; x_wconf 88' lang='lat' dir='ltr'><strong>hoc</strong></span> <span class='ocrx_word' id='word_1_69' title='bbox 1992 887 2110 958; x_wconf 88' lang='lat' dir='ltr'><strong>ejus</strong></span> 
     </span>
    </p>
   </div>
   <div class='ocr_carea' id='block_1_11' title="bbox 521 980 2105 1055">
    <p class='ocr_par' dir='ltr' id='par_1_11' title="bbox 521 980 2105 1055">
     <span class='ocr_line' id='line_1_11' title="bbox 521 980 2105 1055; baseline -0.003 -14"><span class='ocrx_word' id='word_1_70' title='bbox 521 988 744 1054; x_wconf 87' lang='lat' dir='ltr'><strong>factum,</strong></span> <span class='ocrx_word' id='word_1_71' title='bbox 772 988 867 1043; x_wconf 89' lang='lat' dir='ltr'><strong>sed</strong></span> <span class='ocrx_word' id='word_1_72' title='bbox 912 987 1017 1041; x_wconf 91' lang='lat' dir='ltr'><strong>illis</strong></span> <span class='ocrx_word' id='word_1_73' title='bbox 1044 984 1202 1055; x_wconf 82' lang='lat' dir='ltr'><strong>plane</strong></span> <span class='ocrx_word' id='word_1_74' title='bbox 1235 999 1462 1055; x_wconf 88' lang='lat' dir='ltr'><strong>quorum</strong></span> <span class='ocrx_word' id='word_1_75' title='bbox 1500 997 1719 1040; x_wconf 79' lang='lat' dir='ltr'><strong>caenosa</strong></span> <span class='ocrx_word' id='word_1_76' title='bbox 1764 996 1918 1038; x_wconf 88' lang='lat' dir='ltr'><strong>ruens</strong></span> <span class='ocrx_word' id='word_1_77' title='bbox 1946 980 2105 1037; x_wconf 88' lang='lat' dir='ltr'><strong>vitio-</strong></span> 
     </span>
    </p>
   </div>
   <div class='ocr_carea' id='block_1_12' title="bbox 520 1078 2121 1160">
    <p class='ocr_par' dir='ltr' id='par_1_12' title="bbox 520 1078 2121 1160">
     <span class='ocr_line' id='line_1_12' title="bbox 520 1078 2121 1160; baseline -0.002 -25"><span class='ocrx_word' id='word_1_78' title='bbox 520 1097 642 1136; x_wconf 85' lang='lat' dir='ltr'><strong>rum</strong></span> <span class='ocrx_word' id='word_1_79' title='bbox 685 1082 875 1136; x_wconf 79' lang='lat' dir='ltr'><strong>sordes</strong></span> <span class='ocrx_word' id='word_1_80' title='bbox 903 1082 1139 1137; x_wconf 76' lang='lat' dir='ltr'><strong>exhalat.</strong></span> <span class='ocrx_word' id='word_1_81' title='bbox 1173 1080 1276 1160; x_wconf 76' lang='grc' dir='ltr'><strong>ριιὶ</strong></span> <span class='ocrx_word' id='word_1_82' title='bbox 1306 1097 1429 1137; x_wconf 90' lang='lat' dir='ltr'><strong>cum</strong></span> <span class='ocrx_word' id='word_1_83' title='bbox 1456 1097 1515 1137; x_wconf 87' lang='lat' dir='ltr'><strong>se</strong></span> <span class='ocrx_word' id='word_1_84' title='bbox 1541 1079 1991 1142; x_wconf 85' lang='lat' dir='ltr'><strong>vel-naturaliter,</strong></span> <span class='ocrx_word' id='word_1_85' title='bbox 2022 1078 2121 1133; x_wconf 64' lang='lat' dir='ltr'><strong>vel&#39;</strong></span> 
     </span>
    </p>
   </div>
   <div class='ocr_carea' id='block_1_13' title="bbox 507 1171 2118 1248">
    <p class='ocr_par' dir='ltr' id='par_1_13' title="bbox 507 1171 2118 1248">
     <span class='ocr_line' id='line_1_13' title="bbox 507 1171 2118 1248; baseline 0.001 -23"><span class='ocrx_word' id='word_1_86' title='bbox 507 1172 828 1248; x_wconf 68' lang='lat' dir='ltr'><strong>,voluutarie</strong></span> <span class='ocrx_word' id='word_1_87' title='bbox 841 1174 1143 1239; x_wconf 88' lang='lat' dir='ltr'><strong>sordident,</strong></span> <span class='ocrx_word' id='word_1_88' title='bbox 1162 1173 1531 1229; x_wconf 86' lang='lat' dir='ltr'><strong>immunditias</strong></span> <span class='ocrx_word' id='word_1_89' title='bbox 1552 1182 1732 1229; x_wconf 88' lang='lat' dir='ltr'><strong>tamen</strong></span> <span class='ocrx_word' id='word_1_90' title='bbox 1749 1187 1876 1228; x_wconf 88' lang='lat' dir='ltr'><strong>suas</strong></span> <span class='ocrx_word' id='word_1_91' title='bbox 1891 1171 2118 1227; x_wconf 79' lang='lat' dir='ltr'><strong>abluere</strong></span> 
     </span>
    </p>
   </div>
   <div class='ocr_carea' id='block_1_14' title="bbox 518 1264 2109 1336">
    <p class='ocr_par' dir='ltr' id='par_1_14' title="bbox 518 1264 2109 1336">
     <span class='ocr_line' id='line_1_14' title="bbox 518 1264 2109 1336; baseline -0.003 -15"><span class='ocrx_word' id='word_1_92' title='bbox 518 1279 620 1336; x_wconf 89' lang='lat' dir='ltr'><strong>per</strong></span> <span class='ocrx_word' id='word_1_93' title='bbox 662 1280 722 1321; x_wconf 91' lang='lat' dir='ltr'><strong>se</strong></span> <span class='ocrx_word' id='word_1_94' title='bbox 748 1264 1126 1336; x_wconf 79' lang='lat' dir='ltr'><strong>dedignantur.</strong></span> <span class='ocrx_word' id='word_1_95' title='bbox 1160 1266 1229 1319; x_wconf 87' lang='lat' dir='ltr'><strong>At</strong></span> <span class='ocrx_word' id='word_1_96' title='bbox 1258 1280 1391 1320; x_wconf 78' lang='lat' dir='ltr'><strong>vero</strong></span> <span class='ocrx_word' id='word_1_97' title='bbox 1418 1264 1686 1321; x_wconf 83' lang='lat' dir='ltr'><strong>Geraldus</strong></span> <span class='ocrx_word' id='word_1_98' title='bbox 1712 1264 1970 1334; x_wconf 87' lang='lat' dir='ltr'><strong>scriptum</strong></span> <span class='ocrx_word' id='word_1_99' title='bbox 2011 1276 2109 1316; x_wconf 75' lang='lat' dir='ltr'><strong>no-</strong></span> 
     </span>
    </p>
   </div>
   <div class='ocr_carea' id='block_1_15' title="bbox 517 1353 2116 1428">
    <p class='ocr_par' dir='ltr' id='par_1_15' title="bbox 517 1353 2116 1428">
     <span class='ocr_line' id='line_1_15' title="bbox 517 1353 2116 1428; baseline -0.001 -18"><span class='ocrx_word' id='word_1_100' title='bbox 517 1367 703 1414; x_wconf 80' lang='lat' dir='ltr'><strong>verat:</strong></span> <span class='ocrx_word' id='word_1_101' title='bbox 724 1357 882 1412; x_wconf 80' lang='lat' dir='ltr'><strong>Omni</strong></span> <span class='ocrx_word' id='word_1_102' title='bbox 902 1359 1139 1413; x_wconf 75' lang='lat' dir='ltr'><strong>custodia</strong></span> <span class='ocrx_word' id='word_1_103' title='bbox 1153 1374 1301 1412; x_wconf 83' lang='lat' dir='ltr'><strong>serva</strong></span> <span class='ocrx_word' id='word_1_104' title='bbox 1326 1373 1418 1412; x_wconf 86' lang='lat' dir='ltr'><strong>cor</strong></span> <span class='ocrx_word' id='word_1_105' title='bbox 1437 1367 1585 1411; x_wconf 73' lang='lat' dir='ltr'><strong>tuum</strong></span> <span class='ocrx_word' id='word_1_106' title='bbox 1608 1354 1789 1428; x_wconf 81' lang='lat' dir='ltr'><strong>(Prov.</strong></span> <span class='ocrx_word' id='word_1_107' title='bbox 1817 1354 2019 1425; x_wconf 52' lang='grc' dir='ltr'><strong>αλδ).</strong></span> <span class='ocrx_word' id='word_1_108' title='bbox 2042 1353 2116 1409; x_wconf 86' lang='lat' dir='ltr'><strong>Et-</strong></span> 
     </span>
    </p>
   </div>
   <div class='ocr_carea' id='block_1_16' title="bbox 507 1445 2104 1521">
    <p class='ocr_par' dir='ltr' id='par_1_16' title="bbox 507 1445 2104 1521">
     <span class='ocr_line' id='line_1_16' title="bbox 507 1445 2104 1521; baseline -0.003 -16"><span class='ocrx_word' id='word_1_109' title='bbox 507 1451 648 1521; x_wconf 64' lang='lat' dir='ltr'><strong>,item</strong></span> <span class='ocrx_word' id='word_1_110' title='bbox 679 1464 695 1505; x_wconf 91' lang='lat'><strong>:</strong></span> <span class='ocrx_word' id='word_1_111' title='bbox 735 1448 839 1517; x_wconf 77' lang='lat' dir='ltr'><strong>Qui</strong></span> <span class='ocrx_word' id='word_1_112' title='bbox 869 1450 1077 1504; x_wconf 81' lang='lat' dir='ltr'><strong>modica</strong></span> <span class='ocrx_word' id='word_1_113' title='bbox 1110 1450 1329 1521; x_wconf 80' lang='lat' dir='ltr'><strong>spernit,</strong></span> <span class='ocrx_word' id='word_1_114' title='bbox 1385 1448 1644 1519; x_wconf 72' lang='lat' dir='ltr'><strong>paulatim</strong></span> <span class='ocrx_word' id='word_1_115' title='bbox 1674 1448 1875 1503; x_wconf 82' lang='lat' dir='ltr'><strong>decidet</strong></span> <span class='ocrx_word' id='word_1_116' title='bbox 1915 1445 2104 1518; x_wconf 80' lang='lat' dir='ltr'><strong>(Eccli.</strong></span> 
     </span>
    </p>
   </div>
   <div class='ocr_carea' id='block_1_17' title="bbox 514 1538 2101 1611">
    <p class='ocr_par' dir='ltr' id='par_1_17' title="bbox 514 1538 2101 1611">
     <span class='ocr_line' id='line_1_17' title="bbox 514 1538 2101 1611; baseline -0.003 -13"><span class='ocrx_word' id='word_1_117' title='bbox 514 1555 632 1608; x_wconf 72' lang='lat' dir='ltr'><strong>xxx,</strong></span> <span class='ocrx_word' id='word_1_118' title='bbox 672 1541 748 1610; x_wconf 75' lang='lat' dir='ltr'><strong>i).</strong></span> <span class='ocrx_word' id='word_1_119' title='bbox 775 1540 1109 1598; x_wconf 78' lang='lat' dir='ltr'><strong>Velimsane</strong></span> <span class='ocrx_word' id='word_1_120' title='bbox 1129 1540 1433 1611; x_wconf 89' lang='lat' dir='ltr'><strong>perpendas</strong></span> <span class='ocrx_word' id='word_1_121' title='bbox 1455 1540 1643 1610; x_wconf 87' lang='lat' dir='ltr'><strong>quanti</strong></span> <span class='ocrx_word' id='word_1_122' title='bbox 1675 1538 1983 1595; x_wconf 87' lang='lat' dir='ltr'><strong>habendum</strong></span> <span class='ocrx_word' id='word_1_123' title='bbox 2014 1539 2101 1602; x_wconf 91' lang='lat' dir='ltr'><strong>sit,</strong></span> 
     </span>
    </p>
   </div>
   <div class='ocr_carea' id='block_1_18' title="bbox 515 1630 2102 1703">
    <p class='ocr_par' dir='ltr' id='par_1_18' title="bbox 515 1630 2102 1703">
     <span class='ocr_line' id='line_1_18' title="bbox 515 1630 2102 1703; baseline -0.002 -16"><span class='ocrx_word' id='word_1_124' title='bbox 515 1632 660 1703; x_wconf 89' lang='lat' dir='ltr'><strong>quod</strong></span> <span class='ocrx_word' id='word_1_125' title='bbox 703 1632 847 1688; x_wconf 91' lang='lat' dir='ltr'><strong>inter</strong></span> <span class='ocrx_word' id='word_1_126' title='bbox 884 1632 1187 1688; x_wconf 87' lang='lat' dir='ltr'><strong>mundanas</strong></span> <span class='ocrx_word' id='word_1_127' title='bbox 1243 1647 1393 1702; x_wconf 91' lang='lat' dir='ltr'><strong>opes,</strong></span> <span class='ocrx_word' id='word_1_128' title='bbox 1436 1640 1489 1686; x_wconf 91' lang='lat' dir='ltr'><strong>et</strong></span> <span class='ocrx_word' id='word_1_129' title='bbox 1523 1631 1575 1685; x_wconf 92' lang='lat' dir='ltr'><strong>in</strong></span> <span class='ocrx_word' id='word_1_130' title='bbox 1637 1630 1852 1700; x_wconf 83' lang='lat' dir='ltr'><strong>fastigio</strong></span> <span class='ocrx_word' id='word_1_131' title='bbox 1888 1638 2102 1685; x_wconf 82' lang='lat' dir='ltr'><strong>terreno</strong></span> 
     </span>
    </p>
   </div>
   <div class='ocr_carea' id='block_1_19' title="bbox 2214 420 3718 491">
    <p class='ocr_par' dir='ltr' id='par_1_19' title="bbox 2214 420 3718 491">
     <span class='ocr_line' id='line_1_19' title="bbox 2214 420 3718 491; baseline -0.001 -13"><span class='ocrx_word' id='word_1_132' title='bbox 2214 437 2343 478; x_wconf 87' lang='lat' dir='ltr'><strong>vero</strong></span> <span class='ocrx_word' id='word_1_133' title='bbox 2361 422 2664 478; x_wconf 79' lang='lat' dir='ltr'><strong>Ademarus</strong></span> <span class='ocrx_word' id='word_1_134' title='bbox 2693 420 2883 476; x_wconf 84' lang='lat' dir='ltr'><strong>aduisu</strong></span> <span class='ocrx_word' id='word_1_135' title='bbox 2915 420 3196 483; x_wconf 81' lang='lat' dir='ltr'><strong>frustrato,</strong></span> <span class='ocrx_word' id='word_1_136' title='bbox 3244 420 3426 475; x_wconf 84' lang='lat' dir='ltr'><strong>dolens</strong></span> <span class='ocrx_word' id='word_1_137' title='bbox 3455 420 3718 491; x_wconf 81' lang='lat' dir='ltr'><strong>impietatem</strong></span> 
     </span>
    </p>
   </div>
   <div class='ocr_carea' id='block_1_20' title="bbox 2212 509 3727 578">
    <p class='ocr_par' dir='ltr' id='par_1_20' title="bbox 2212 509 3727 578">
     <span class='ocr_line' id='line_1_20' title="bbox 2212 509 3727 578; baseline -0.003 -9"><span class='ocrx_word' id='word_1_138' title='bbox 2212 528 2366 569; x_wconf 82' lang='lat' dir='ltr'><strong>suam</strong></span> <span class='ocrx_word' id='word_1_139' title='bbox 2396 528 2517 569; x_wconf 88' lang='lat' dir='ltr'><strong>esse</strong></span> <span class='ocrx_word' id='word_1_140' title='bbox 2565 512 2832 578; x_wconf 73' lang='lat' dir='ltr'><strong>delusum,</strong></span> <span class='ocrx_word' id='word_1_141' title='bbox 2883 512 3128 568; x_wconf 83' lang='lat' dir='ltr'><strong>recessit.</strong></span> <span class='ocrx_word' id='word_1_142' title='bbox 3174 509 3357 567; x_wconf 79' lang='lat' dir='ltr'><strong>Justus</strong></span> <span class='ocrx_word' id='word_1_143' title='bbox 3390 526 3530 576; x_wconf 79' lang='lat' dir='ltr'><strong>vero,</strong></span> <span class='ocrx_word' id='word_1_144' title='bbox 3550 521 3602 565; x_wconf 92' lang='lat' dir='ltr'><strong>ut</strong></span> <span class='ocrx_word' id='word_1_145' title='bbox 3622 515 3727 568; x_wconf 83' lang='lat' dir='ltr'><strong>scri-.</strong></span> 
     </span>
    </p>
   </div>
   <div class='ocr_carea' id='block_1_21' title="bbox 2212 599 3725 674">
    <p class='ocr_par' dir='ltr' id='par_1_21' title="bbox 2212 599 3725 674">
     <span class='ocr_line' id='line_1_21' title="bbox 2212 599 3725 674; baseline -0.002 -16"><span class='ocrx_word' id='word_1_146' title='bbox 2212 614 2361 674; x_wconf 88' lang='lat' dir='ltr'><strong>ptum</strong></span> <span class='ocrx_word' id='word_1_147' title='bbox 2385 611 2488 668; x_wconf 90' lang='lat' dir='ltr'><strong>est,</strong></span> <span class='ocrx_word' id='word_1_148' title='bbox 2514 602 2733 658; x_wconf 85' lang='lat' dir='ltr'><strong>mundis</strong></span> <span class='ocrx_word' id='word_1_149' title='bbox 2771 602 3022 659; x_wconf 84' lang='lat' dir='ltr'><strong>manibus</strong></span> <span class='ocrx_word' id='word_1_150' title='bbox 3051 600 3263 660; x_wconf 79' lang='lat' dir='ltr'><strong>addidit</strong></span> <span class='ocrx_word' id='word_1_151' title='bbox 3281 599 3619 658; x_wconf 71' lang='lat' dir='ltr'><strong>fortitudinem</strong></span> <span class='ocrx_word' id='word_1_152' title='bbox 3638 599 3725 655; x_wconf 80' lang='lat' dir='ltr'><strong>lao-.</strong></span> 
     </span>
    </p>
   </div>
   <div class='ocr_carea' id='block_1_22' title="bbox 2211 694 2668 772">
    <p class='ocr_par' dir='ltr' id='par_1_22' title="bbox 2211 694 2668 772">
     <span class='ocr_line' id='line_1_22' title="bbox 2211 694 2668 772; baseline 0 -22"><span class='ocrx_word' id='word_1_153' title='bbox 2211 695 2297 752; x_wconf 88' lang='lat' dir='ltr'><strong>dis</strong></span> <span class='ocrx_word' id='word_1_154' title='bbox 2329 695 2385 751; x_wconf 91' lang='lat' dir='ltr'><strong>in</strong></span> <span class='ocrx_word' id='word_1_155' title='bbox 2421 694 2668 772; x_wconf 79' lang='lat' dir='ltr'><strong>Domino.</strong></span> 
     </span>
    </p>
   </div>
   <div class='ocr_carea' id='block_1_23' title="bbox 2282 807 3723 882">
    <p class='ocr_par' dir='ltr' id='par_1_23' title="bbox 2282 807 3723 882">
     <span class='ocr_line' id='line_1_23' title="bbox 2282 807 3723 882; baseline -0.001 -18"><span class='ocrx_word' id='word_1_156' title='bbox 2282 808 2522 866; x_wconf 81' lang='lat' dir='ltr'><strong>XXXVI.</strong></span> <span class='ocrx_word' id='word_1_157' title='bbox 2579 810 2844 877; x_wconf 82' lang='lat' dir='ltr'><strong>Quoniam</strong></span> <span class='ocrx_word' id='word_1_158' title='bbox 2875 810 3061 866; x_wconf 89' lang='lat' dir='ltr'><strong>itidem</strong></span> <span class='ocrx_word' id='word_1_159' title='bbox 3089 810 3208 882; x_wconf 77' lang='lat' dir='ltr'><strong>eius</strong></span> <span class='ocrx_word' id='word_1_160' title='bbox 3233 809 3504 865; x_wconf 85' lang='lat' dir='ltr'><strong>castellum</strong></span> <span class='ocrx_word' id='word_1_161' title='bbox 3524 807 3723 863; x_wconf 82' lang='lat' dir='ltr'><strong>satellites</strong></span> 
     </span>
    </p>
   </div>
   <div class='ocr_carea' id='block_1_24' title="bbox 2208 898 3727 973">
    <p class='ocr_par' dir='ltr' id='par_1_24' title="bbox 2208 898 3727 973">
     <span class='ocr_line' id='line_1_24' title="bbox 2208 898 3727 973; baseline -0.003 -18"><span class='ocrx_word' id='word_1_162' title='bbox 2208 899 2466 956; x_wconf 79' lang='lat' dir='ltr'><strong>Ademari</strong></span> <span class='ocrx_word' id='word_1_163' title='bbox 2514 901 2731 958; x_wconf 84' lang='lat' dir='ltr'><strong>cornitis</strong></span> <span class='ocrx_word' id='word_1_164' title='bbox 2778 910 3200 973; x_wconf 90' lang='lat' dir='ltr'><strong>occupaverunt.</strong></span> <span class='ocrx_word' id='word_1_165' title='bbox 3243 900 3360 968; x_wconf 86' lang='lat' dir='ltr'><strong>Quo</strong></span> <span class='ocrx_word' id='word_1_166' title='bbox 3395 898 3630 955; x_wconf 80' lang='lat' dir='ltr'><strong>Cet-aldus</strong></span> <span class='ocrx_word' id='word_1_167' title='bbox 3657 914 3727 952; x_wconf 79' lang='lat' dir='ltr'><strong>au-</strong></span> 
     </span>
    </p>
   </div>
   <div class='ocr_carea' id='block_1_25' title="bbox 2213 989 3726 1064">
    <p class='ocr_par' dir='ltr' id='par_1_25' title="bbox 2213 989 3726 1064">
     <span class='ocr_line' id='line_1_25' title="bbox 2213 989 3726 1064; baseline -0.004 -16"><span class='ocrx_word' id='word_1_168' title='bbox 2213 991 2348 1059; x_wconf 91' lang='lat' dir='ltr'><strong>dito,</strong></span> <span class='ocrx_word' id='word_1_169' title='bbox 2380 1007 2583 1064; x_wconf 89' lang='lat' dir='ltr'><strong>paucos</strong></span> <span class='ocrx_word' id='word_1_170' title='bbox 2610 993 2828 1058; x_wconf 87' lang='lat' dir='ltr'><strong>milites,</strong></span> <span class='ocrx_word' id='word_1_171' title='bbox 2857 993 2948 1063; x_wconf 89' lang='lat' dir='ltr'><strong>qui</strong></span> <span class='ocrx_word' id='word_1_172' title='bbox 2979 1000 3109 1048; x_wconf 89' lang='lat' dir='ltr'><strong>tunc</strong></span> <span class='ocrx_word' id='word_1_173' title='bbox 3136 992 3235 1048; x_wconf 91' lang='lat' dir='ltr'><strong>sibi</strong></span> <span class='ocrx_word' id='word_1_174' title='bbox 3259 990 3400 1047; x_wconf 88' lang='lat' dir='ltr'><strong>forte</strong></span> <span class='ocrx_word' id='word_1_175' title='bbox 3437 989 3726 1054; x_wconf 74' lang='lat' dir='ltr'><strong>aderant,se-</strong></span> 
     </span>
    </p>
   </div>
   <div class='ocr_carea' id='block_1_26' title="bbox 2209 1082 3726 1156">
    <p class='ocr_par' dir='ltr' id='par_1_26' title="bbox 2209 1082 3726 1156">
     <span class='ocr_line' id='line_1_26' title="bbox 2209 1082 3726 1156; baseline -0.004 -15"><span class='ocrx_word' id='word_1_176' title='bbox 2209 1101 2333 1141; x_wconf 90' lang='lat' dir='ltr'><strong>cum</strong></span> <span class='ocrx_word' id='word_1_177' title='bbox 2387 1086 2574 1152; x_wconf 84' lang='lat' dir='ltr'><strong>duxit,</strong></span> <span class='ocrx_word' id='word_1_178' title='bbox 2619 1094 2674 1143; x_wconf 88' lang='lat' dir='ltr'><strong>et</strong></span> <span class='ocrx_word' id='word_1_179' title='bbox 2722 1086 2789 1140; x_wconf 89' lang='lat' dir='ltr'><strong>ad</strong></span> <span class='ocrx_word' id='word_1_180' title='bbox 2844 1085 3099 1156; x_wconf 85' lang='lat' dir='ltr'><strong>oppidum</strong></span> <span class='ocrx_word' id='word_1_181' title='bbox 3143 1082 3439 1140; x_wconf 79' lang='lat' dir='ltr'><strong>festinavit.</strong></span> <span class='ocrx_word' id='word_1_182' title='bbox 3492 1082 3726 1137; x_wconf 82' lang='lat' dir='ltr'><strong>Ademarns</strong></span> 
     </span>
    </p>
   </div>
   <div class='ocr_carea' id='block_1_27' title="bbox 2210 1173 3728 1245">
    <p class='ocr_par' dir='ltr' id='par_1_27' title="bbox 2210 1173 3728 1245">
     <span class='ocr_line' id='line_1_27' title="bbox 2210 1173 3728 1245; baseline -0.005 -14"><span class='ocrx_word' id='word_1_183' title='bbox 2210 1192 2342 1232; x_wconf 91' lang='lat' dir='ltr'><strong>vero</strong></span> <span class='ocrx_word' id='word_1_184' title='bbox 2370 1192 2494 1233; x_wconf 91' lang='lat' dir='ltr'><strong>cum</strong></span> <span class='ocrx_word' id='word_1_185' title='bbox 2522 1177 2703 1233; x_wconf 87' lang='lat' dir='ltr'><strong>valida</strong></span> <span class='ocrx_word' id='word_1_186' title='bbox 2744 1178 3017 1233; x_wconf 74' lang='lat' dir='ltr'><strong>exercitus</strong></span> <span class='ocrx_word' id='word_1_187' title='bbox 3036 1190 3223 1240; x_wconf 91' lang='lat' dir='ltr'><strong>manu,</strong></span> <span class='ocrx_word' id='word_1_188' title='bbox 3259 1173 3441 1245; x_wconf 80' lang='lat' dir='ltr'><strong>Oppidi</strong></span> <span class='ocrx_word' id='word_1_189' title='bbox 3470 1185 3728 1243; x_wconf 79' lang='lat' dir='ltr'><strong>pervaseres</strong></span> 
     </span>
    </p>
   </div>
   <div class='ocr_carea' id='block_1_28' title="bbox 2208 1260 3735 1338">
    <p class='ocr_par' dir='ltr' id='par_1_28' title="bbox 2208 1260 3735 1338">
     <span class='ocr_line' id='line_1_28' title="bbox 2208 1260 3735 1338; baseline -0.007 -14"><span class='ocrx_word' id='word_1_190' title='bbox 2208 1269 2472 1338; x_wconf 89' lang='lat' dir='ltr'><strong>subsequi</strong></span> <span class='ocrx_word' id='word_1_191' title='bbox 2497 1266 2748 1338; x_wconf 85' lang='lat' dir='ltr'><strong>parabat.</strong></span> <span class='ocrx_word' id='word_1_192' title='bbox 2779 1266 2897 1323; x_wconf 86' lang='lat' dir='ltr'><strong>Sed</strong></span> <span class='ocrx_word' id='word_1_193' title='bbox 2914 1281 3037 1323; x_wconf 89' lang='lat' dir='ltr'><strong>cum</strong></span> <span class='ocrx_word' id='word_1_194' title='bbox 3079 1280 3186 1321; x_wconf 92' lang='lat' dir='ltr'><strong>non</strong></span> <span class='ocrx_word' id='word_1_195' title='bbox 3230 1263 3391 1335; x_wconf 85' lang='lat' dir='ltr'><strong>longe</strong></span> <span class='ocrx_word' id='word_1_196' title='bbox 3427 1268 3608 1326; x_wconf 81' lang='lat' dir='ltr'><strong>essent,</strong></span> <span class='ocrx_word' id='word_1_197' title='bbox 3627 1260 3735 1330; x_wconf 76' lang='lat' dir='ltr'><strong>quod</strong></span> 
     </span>
    </p>
   </div>
   <div class='ocr_carea' id='block_1_29' title="bbox 2208 1355 3728 1424">
    <p class='ocr_par' dir='ltr' id='par_1_29' title="bbox 2208 1355 3728 1424">
     <span class='ocr_line' id='line_1_29' title="bbox 2208 1355 3728 1424; baseline -0.005 -12"><span class='ocrx_word' id='word_1_198' title='bbox 2208 1357 2277 1412; x_wconf 89' lang='lat' dir='ltr'><strong>ad</strong></span> <span class='ocrx_word' id='word_1_199' title='bbox 2327 1357 2683 1413; x_wconf 87' lang='lat' dir='ltr'><strong>obsidendum</strong></span> <span class='ocrx_word' id='word_1_200' title='bbox 2720 1366 2961 1413; x_wconf 89' lang='lat' dir='ltr'><strong>castrum</strong></span> <span class='ocrx_word' id='word_1_201' title='bbox 2991 1355 3257 1412; x_wconf 84' lang='lat' dir='ltr'><strong>Geraldus</strong></span> <span class='ocrx_word' id='word_1_202' title='bbox 3281 1359 3641 1424; x_wconf 71' lang='lat' dir='ltr'><strong>prmcurrerat,</strong></span> <span class='ocrx_word' id='word_1_203' title='bbox 3664 1365 3728 1404; x_wconf 82' lang='lat' dir='ltr'><strong>ro-</strong></span> 
     </span>
    </p>
   </div>
   <div class='ocr_carea' id='block_1_30' title="bbox 2208 1442 3729 1515">
    <p class='ocr_par' dir='ltr' id='par_1_30' title="bbox 2208 1442 3729 1515">
     <span class='ocr_line' id='line_1_30' title="bbox 2208 1442 3729 1515; baseline -0.004 -13"><span class='ocrx_word' id='word_1_204' title='bbox 2208 1448 2408 1505; x_wconf 88' lang='lat' dir='ltr'><strong>lantem</strong></span> <span class='ocrx_word' id='word_1_205' title='bbox 2431 1449 2729 1505; x_wconf 82' lang='lat' dir='ltr'><strong>exercitum</strong></span> <span class='ocrx_word' id='word_1_206' title='bbox 2756 1446 3003 1513; x_wconf 85' lang='lat' dir='ltr'><strong>retinuit,</strong></span> <span class='ocrx_word' id='word_1_207' title='bbox 3031 1446 3249 1503; x_wconf 84' lang='lat' dir='ltr'><strong>dicens:</strong></span> <span class='ocrx_word' id='word_1_208' title='bbox 3270 1442 3641 1515; x_wconf 73' lang='lat' dir='ltr'><strong>Explorandum</strong></span> <span class='ocrx_word' id='word_1_209' title='bbox 3663 1456 3729 1497; x_wconf 58' lang='lat' dir='ltr'><strong>nov</strong></span> 
     </span>
    </p>
   </div>
   <div class='ocr_carea' id='block_1_31' title="bbox 2207 1531 3733 1609">
    <p class='ocr_par' dir='ltr' id='par_1_31' title="bbox 2207 1531 3733 1609">
     <span class='ocr_line' id='line_1_31' title="bbox 2207 1531 3733 1609; baseline -0.006 -16"><span class='ocrx_word' id='word_1_210' title='bbox 2207 1537 2291 1593; x_wconf 86' lang='lat' dir='ltr'><strong>bis</strong></span> <span class='ocrx_word' id='word_1_211' title='bbox 2319 1546 2404 1595; x_wconf 90' lang='lat' dir='ltr'><strong>est</strong></span> <span class='ocrx_word' id='word_1_212' title='bbox 2451 1552 2689 1609; x_wconf 90' lang='lat' dir='ltr'><strong>quanam</strong></span> <span class='ocrx_word' id='word_1_213' title='bbox 2726 1537 2991 1593; x_wconf 83' lang='lat' dir='ltr'><strong>Geraldus</strong></span> <span class='ocrx_word' id='word_1_214' title='bbox 3036 1544 3400 1607; x_wconf 80' lang='lat' dir='ltr'><strong>pugnatorum</strong></span> <span class='ocrx_word' id='word_1_215' title='bbox 3456 1531 3733 1588; x_wconf 79' lang='lat' dir='ltr'><strong>multitudine</strong></span> 
     </span>
    </p>
   </div>
   <div class='ocr_carea' id='block_1_32' title="bbox 2206 1625 3735 1701">
    <p class='ocr_par' dir='ltr' id='par_1_32' title="bbox 2206 1625 3735 1701">
     <span class='ocr_line' id='line_1_32' title="bbox 2206 1625 3735 1701; baseline -0.007 -16"><span class='ocrx_word' id='word_1_216' title='bbox 2206 1630 2701 1701; x_wconf 24' lang='lat' dir='ltr'><strong>valletur,,quinos</strong></span> <span class='ocrx_word' id='word_1_217' title='bbox 2724 1630 2793 1686; x_wconf 89' lang='lat' dir='ltr'><strong>ad</strong></span> <span class='ocrx_word' id='word_1_218' title='bbox 2838 1628 3195 1686; x_wconf 88' lang='lat' dir='ltr'><strong>obsidendum</strong></span> <span class='ocrx_word' id='word_1_219' title='bbox 3222 1625 3478 1698; x_wconf 87' lang='lat' dir='ltr'><strong>oppidum</strong></span> <span class='ocrx_word' id='word_1_220' title='bbox 3514 1638 3651 1678; x_wconf 82' lang='lat' dir='ltr'><strong>ausus</strong></span> <span class='ocrx_word' id='word_1_221' title='bbox 3673 1632 3735 1677; x_wconf 80' lang='lat' dir='ltr'><strong>est</strong></span> 
     </span>
    </p>
   </div>
   <div class='ocr_carea' id='block_1_33' title="bbox 512 1697 3732 1797">
    <p class='ocr_par' dir='ltr' id='par_1_33' title="bbox 512 1697 3732 1797">
     <span class='ocr_line' id='line_1_33' title="bbox 512 1697 3732 1797; baseline -0.002 -20"><span class='ocrx_word' id='word_1_222' title='bbox 512 1697 1071 1797; x_wconf 79' lang='lat' dir='ltr'><strong>positus,_castitatem</strong></span> <span class='ocrx_word' id='word_1_223' title='bbox 1098 1697 1354 1780; x_wconf 77' lang='lat' dir='ltr'><strong>servavit.</strong></span> <span class='ocrx_word' id='word_1_224' title='bbox 1388 1722 1527 1790; x_wconf 84' lang='lat' dir='ltr'><strong>Quid</strong></span> <span class='ocrx_word' id='word_1_225' title='bbox 1572 1697 2002 1794; x_wconf 74' lang='lat' dir='ltr'><strong>magnificentius</strong></span> <span class='ocrx_word' id='word_1_226' title='bbox 2022 1722 2101 1777; x_wconf 80' lang='lat' dir='ltr'><strong>fa-</strong></span> <span class='ocrx_word' id='word_1_227' title='bbox 2130 1697 2178 1756; x_wconf 78' lang='grc' dir='ltr'><strong>Β</strong></span> <span class='ocrx_word' id='word_1_228' title='bbox 2208 1697 2524 1792; x_wconf 68' lang='lat' dir='ltr'><strong>praevenire.</strong></span> <span class='ocrx_word' id='word_1_229' title='bbox 2553 1720 2740 1792; x_wconf 86' lang='lat' dir='ltr'><strong>Neque</strong></span> <span class='ocrx_word' id='word_1_230' title='bbox 2779 1721 2922 1776; x_wconf 90' lang='lat' dir='ltr'><strong>enim</strong></span> <span class='ocrx_word' id='word_1_231' title='bbox 2968 1735 3029 1776; x_wconf 89' lang='lat' dir='ltr'><strong>se</strong></span> <span class='ocrx_word' id='word_1_232' title='bbox 3056 1720 3112 1775; x_wconf 90' lang='lat' dir='ltr'><strong>in</strong></span> <span class='ocrx_word' id='word_1_233' title='bbox 3151 1697 3517 1789; x_wconf 80' lang='lat' dir='ltr'><strong>hocpericulo</strong></span> <span class='ocrx_word' id='word_1_234' title='bbox 3543 1715 3732 1786; x_wconf 57' lang='lat' dir='ltr'><strong>percipi-</strong></span> 
     </span>
    </p>
   </div>
   <div class='ocr_carea' id='block_1_34' title="bbox 513 1814 2099 1887">
    <p class='ocr_par' dir='ltr' id='par_1_34' title="bbox 513 1814 2099 1887">
     <span class='ocr_line' id='line_1_34' title="bbox 513 1814 2099 1887; baseline -0.001 -18"><span class='ocrx_word' id='word_1_235' title='bbox 513 1815 711 1871; x_wconf 86' lang='lat' dir='ltr'><strong>ceret?</strong></span> <span class='ocrx_word' id='word_1_236' title='bbox 734 1814 879 1870; x_wconf 83' lang='lat' dir='ltr'><strong>Nihil</strong></span> <span class='ocrx_word' id='word_1_237' title='bbox 905 1815 1138 1887; x_wconf 85' lang='lat' dir='ltr'><strong>amplius</strong></span> <span class='ocrx_word' id='word_1_238' title='bbox 1158 1814 1615 1872; x_wconf 79' lang='lat' dir='ltr'><strong>autexcelleutius</strong></span> <span class='ocrx_word' id='word_1_239' title='bbox 1639 1815 1902 1885; x_wconf 84' lang='lat' dir='ltr'><strong>requiras.</strong></span> <span class='ocrx_word' id='word_1_240' title='bbox 1944 1814 2099 1881; x_wconf 88' lang='lat' dir='ltr'><strong>Nam,</strong></span> 
     </span>
    </p>
   </div>
   <div class='ocr_carea' id='block_1_35' title="bbox 513 1906 2103 1983">
    <p class='ocr_par' dir='ltr' id='par_1_35' title="bbox 513 1906 2103 1983">
     <span class='ocr_line' id='line_1_35' title="bbox 513 1906 2103 1983; baseline 0.002 -20"><span class='ocrx_word' id='word_1_241' title='bbox 513 1907 654 1964; x_wconf 85' lang='lat' dir='ltr'><strong>sicut</strong></span> <span class='ocrx_word' id='word_1_242' title='bbox 686 1906 878 1975; x_wconf 87' lang='lat' dir='ltr'><strong>beatus</strong></span> <span class='ocrx_word' id='word_1_243' title='bbox 902 1907 1166 1966; x_wconf 87' lang='lat' dir='ltr'><strong>Martinus</strong></span> <span class='ocrx_word' id='word_1_244' title='bbox 1198 1910 1468 1982; x_wconf 86' lang='lat' dir='ltr'><strong>perhibet,</strong></span> <span class='ocrx_word' id='word_1_245' title='bbox 1521 1910 1655 1967; x_wconf 85' lang='lat' dir='ltr'><strong>nihil</strong></span> <span class='ocrx_word' id='word_1_246' title='bbox 1687 1910 1995 1983; x_wconf 77' lang='lat' dir='ltr'><strong>virginitati</strong></span> <span class='ocrx_word' id='word_1_247' title='bbox 2019 1921 2103 1967; x_wconf 91' lang='lat' dir='ltr'><strong>est</strong></span> 
     </span>
    </p>
   </div>
   <div class='ocr_carea' id='block_1_36' title="bbox 514 1999 966 2069">
    <p class='ocr_par' dir='ltr' id='par_1_36' title="bbox 514 1999 966 2069">
     <span class='ocr_line' id='line_1_36' title="bbox 514 1999 966 2069; baseline 0.004 -16"><span class='ocrx_word' id='word_1_248' title='bbox 514 1999 966 2069; x_wconf 83' lang='lat' dir='ltr'><strong>comparandum.</strong></span> 
     </span>
    </p>
   </div>
   <div class='ocr_carea' id='block_1_37' title="bbox 584 2090 2103 2166">
    <p class='ocr_par' dir='ltr' id='par_1_37' title="bbox 584 2090 2103 2166">
     <span class='ocr_line' id='line_1_37' title="bbox 584 2090 2103 2166; baseline 0.003 -18"><span class='ocrx_word' id='word_1_249' title='bbox 584 2090 783 2159; x_wconf 71' lang='lat' dir='ltr'><strong>XXXV</strong></span> <span class='ocrx_word' id='word_1_250' title='bbox 820 2093 954 2166; x_wconf 85' lang='lat'><strong>(95).</strong></span> <span class='ocrx_word' id='word_1_251' title='bbox 988 2094 1142 2152; x_wconf 89' lang='lat' dir='ltr'><strong>Unde</strong></span> <span class='ocrx_word' id='word_1_252' title='bbox 1182 2105 1235 2152; x_wconf 92' lang='lat' dir='ltr'><strong>et</strong></span> <span class='ocrx_word' id='word_1_253' title='bbox 1266 2094 1566 2152; x_wconf 83' lang='lat' dir='ltr'><strong>Ademarus</strong></span> <span class='ocrx_word' id='word_1_254' title='bbox 1606 2110 1789 2153; x_wconf 89' lang='lat' dir='ltr'><strong>comes</strong></span> <span class='ocrx_word' id='word_1_255' title='bbox 1813 2097 2103 2153; x_wconf 83' lang='lat' dir='ltr'><strong>vehemen-</strong></span> 
     </span>
    </p>
   </div>
   <div class='ocr_carea' id='block_1_38' title="bbox 512 2183 2112 2260">
    <p class='ocr_par' dir='ltr' id='par_1_38' title="bbox 512 2183 2112 2260">
     <span class='ocr_line' id='line_1_38' title="bbox 512 2183 2112 2260; baseline 0.005 -23"><span class='ocrx_word' id='word_1_256' title='bbox 512 2192 598 2238; x_wconf 88' lang='lat' dir='ltr'><strong>ter</strong></span> <span class='ocrx_word' id='word_1_257' title='bbox 623 2183 881 2251; x_wconf 77' lang='lat' dir='ltr'><strong>iustahat,</strong></span> <span class='ocrx_word' id='word_1_258' title='bbox 930 2195 988 2241; x_wconf 92' lang='lat' dir='ltr'><strong>ut</strong></span> <span class='ocrx_word' id='word_1_259' title='bbox 1009 2202 1134 2253; x_wconf 81' lang='lat' dir='ltr'><strong>eum</strong></span> <span class='ocrx_word' id='word_1_260' title='bbox 1181 2203 1293 2244; x_wconf 63' lang='lat' dir='ltr'><strong>sua:</strong></span> <span class='ocrx_word' id='word_1_261' title='bbox 1346 2187 1536 2243; x_wconf 91' lang='lat' dir='ltr'><strong>ditioni</strong></span> <span class='ocrx_word' id='word_1_262' title='bbox 1569 2188 2112 2260; x_wconf 76' lang='lat' dir='ltr'><strong>subdidisset,quod‘</strong></span> 
     </span>
    </p>
   </div>
   <div class='ocr_carea' id='block_1_39' title="bbox 512 2278 2099 2362">
    <p class='ocr_par' dir='ltr' id='par_1_39' title="bbox 512 2278 2099 2362">
     <span class='ocr_line' id='line_1_39' title="bbox 512 2278 2099 2362; baseline 0.004 -29"><span class='ocrx_word' id='word_1_263' title='bbox 512 2278 663 2334; x_wconf 90' lang='lat' dir='ltr'><strong>nullo</strong></span> <span class='ocrx_word' id='word_1_264' title='bbox 690 2280 937 2362; x_wconf 82' lang='lat' dir='ltr'><strong>equidem</strong></span> <span class='ocrx_word' id='word_1_265' title='bbox 970 2290 1128 2362; x_wconf 81' lang='lat' dir='ltr'><strong>pacto</strong></span> <span class='ocrx_word' id='word_1_266' title='bbox 1176 2290 1501 2353; x_wconf 70' lang='lat' dir='ltr'><strong>extorquere</strong></span> <span class='ocrx_word' id='word_1_267' title='bbox 1537 2284 1729 2355; x_wconf 88' lang='lat' dir='ltr'><strong>potuit.</strong></span> <span class='ocrx_word' id='word_1_268' title='bbox 1763 2283 1878 2339; x_wconf 86' lang='lat' dir='ltr'><strong>Non</strong></span> <span class='ocrx_word' id='word_1_269' title='bbox 1927 2285 2099 2339; x_wconf 89' lang='lat' dir='ltr'><strong>solum</strong></span> 
     </span>
    </p>
   </div>
   <div class='ocr_carea' id='block_1_40' title="bbox 511 2357 2099 2444">
    <p class='ocr_par' dir='ltr' id='par_1_40' title="bbox 511 2357 2099 2444">
     <span class='ocr_line' id='line_1_40' title="bbox 511 2357 2099 2444; baseline 0.004 -22"><span class='ocrx_word' id='word_1_270' title='bbox 511 2368 712 2440; x_wconf 88' lang='lat' dir='ltr'><strong>quippe</strong></span> <span class='ocrx_word' id='word_1_271' title='bbox 741 2357 915 2434; x_wconf 85' lang='lat' dir='ltr'><strong>eidem</strong></span> <span class='ocrx_word' id='word_1_272' title='bbox 965 2357 1258 2437; x_wconf 74' lang='lat' dir='ltr'><strong>Ademaro,</strong></span> <span class='ocrx_word' id='word_1_273' title='bbox 1301 2372 1395 2428; x_wconf 87' lang='lat' dir='ltr'><strong>sed</strong></span> <span class='ocrx_word' id='word_1_274' title='bbox 1447 2388 1548 2428; x_wconf 86' lang='lat' dir='ltr'><strong>nec</strong></span> <span class='ocrx_word' id='word_1_275' title='bbox 1598 2372 1850 2429; x_wconf 85' lang='lat' dir='ltr'><strong>Wilclmo</strong></span> <span class='ocrx_word' id='word_1_276' title='bbox 1883 2375 2099 2444; x_wconf 88' lang='lat' dir='ltr'><strong>quidem</strong></span> 
     </span>
    </p>
   </div>
   <div class='ocr_carea' id='block_1_41' title="bbox 511 2459 2098 2535">
    <p class='ocr_par' dir='ltr' id='par_1_41' title="bbox 511 2459 2098 2535">
     <span class='ocr_line' id='line_1_41' title="bbox 511 2459 2098 2535; baseline 0.006 -24"><span class='ocrx_word' id='word_1_277' title='bbox 511 2459 663 2525; x_wconf 89' lang='lat' dir='ltr'><strong>duci,</strong></span> <span class='ocrx_word' id='word_1_278' title='bbox 687 2461 778 2532; x_wconf 83' lang='lat' dir='ltr'><strong>qui</strong></span> <span class='ocrx_word' id='word_1_279' title='bbox 814 2470 941 2517; x_wconf 91' lang='lat' dir='ltr'><strong>tunc</strong></span> <span class='ocrx_word' id='word_1_280' title='bbox 993 2461 1199 2531; x_wconf 86' lang='lat' dir='ltr'><strong>majore</strong></span> <span class='ocrx_word' id='word_1_281' title='bbox 1242 2478 1426 2520; x_wconf 89' lang='lat' dir='ltr'><strong>rerum</strong></span> <span class='ocrx_word' id='word_1_282' title='bbox 1459 2463 1730 2521; x_wconf 76' lang='lat' dir='ltr'><strong>afﬂuentia</strong></span> <span class='ocrx_word' id='word_1_283' title='bbox 1774 2467 2098 2535; x_wconf 83' lang='lat' dir='ltr'><strong>potiebatur,</strong></span> 
     </span>
    </p>
   </div>
   <div class='ocr_carea' id='block_1_42' title="bbox 513 2552 2099 2621">
    <p class='ocr_par' dir='ltr' id='par_1_42' title="bbox 513 2552 2099 2621">
     <span class='ocr_line' id='line_1_42' title="bbox 513 2552 2099 2621; baseline 0.003 -15"><span class='ocrx_word' id='word_1_284' title='bbox 513 2565 574 2606; x_wconf 88' lang='lat' dir='ltr'><strong>se</strong></span> <span class='ocrx_word' id='word_1_285' title='bbox 596 2552 980 2621; x_wconf 84' lang='lat' dir='ltr'><strong>commendare</strong></span> <span class='ocrx_word' id='word_1_286' title='bbox 1035 2566 1292 2609; x_wconf 88' lang='lat' dir='ltr'><strong>assensus</strong></span> <span class='ocrx_word' id='word_1_287' title='bbox 1337 2562 1444 2619; x_wconf 89' lang='lat' dir='ltr'><strong>est,</strong></span> <span class='ocrx_word' id='word_1_288' title='bbox 1497 2553 1672 2610; x_wconf 88' lang='lat' dir='ltr'><strong>Credo</strong></span> <span class='ocrx_word' id='word_1_289' title='bbox 1722 2554 2099 2611; x_wconf 87' lang='lat' dir='ltr'><strong>Mardochemu</strong></span> 
     </span>
    </p>
   </div>
   <div class='ocr_carea' id='block_1_43' title="bbox 508 2640 2099 2713">
    <p class='ocr_par' dir='ltr' id='par_1_43' title="bbox 508 2640 2099 2713">
     <span class='ocr_line' id='line_1_43' title="bbox 508 2640 2099 2713; baseline 0.001 -15"><span class='ocrx_word' id='word_1_290' title='bbox 508 2640 595 2698; x_wconf 74' lang='lat' dir='ltr'><strong>Vir</strong></span> <span class='ocrx_word' id='word_1_291' title='bbox 618 2640 723 2696; x_wconf 90' lang='lat' dir='ltr'><strong>iste</strong></span> <span class='ocrx_word' id='word_1_292' title='bbox 749 2641 1514 2713; x_wconf 4' lang='lat' dir='ltr'><strong>Ineditavbatur,pqui.superbo</strong></span> <span class='ocrx_word' id='word_1_293' title='bbox 1558 2643 1731 2698; x_wconf 81' lang='lat' dir='ltr'><strong>Aman</strong></span> <span class='ocrx_word' id='word_1_294' title='bbox 1759 2660 1817 2700; x_wconf 85' lang='lat' dir='ltr'><strong>se</strong></span> <span class='ocrx_word' id='word_1_295' title='bbox 1871 2645 2099 2700; x_wconf 86' lang='lat' dir='ltr'><strong>submit-</strong></span> 
     </span>
    </p>
   </div>
   <div class='ocr_carea' id='block_1_44' title="bbox 514 2730 2101 2805">
    <p class='ocr_par' dir='ltr' id='par_1_44' title="bbox 514 2730 2101 2805">
     <span class='ocr_line' id='line_1_44' title="bbox 514 2730 2101 2805; baseline 0.003 -18"><span class='ocrx_word' id='word_1_296' title='bbox 514 2739 652 2797; x_wconf 85' lang='lat' dir='ltr'><strong>tere,</strong></span> <span class='ocrx_word' id='word_1_297' title='bbox 695 2730 1078 2802; x_wconf 81' lang='lat' dir='ltr'><strong>honoremque</strong></span> <span class='ocrx_word' id='word_1_298' title='bbox 1110 2732 1327 2803; x_wconf 82' lang='lat' dir='ltr'><strong>regibus</strong></span> <span class='ocrx_word' id='word_1_299' title='bbox 1361 2748 1391 2787; x_wconf 90' lang='lat' dir='ltr'><strong>a</strong></span> <span class='ocrx_word' id='word_1_300' title='bbox 1415 2732 1526 2789; x_wconf 91' lang='lat' dir='ltr'><strong>Deo</strong></span> <span class='ocrx_word' id='word_1_301' title='bbox 1551 2733 1806 2789; x_wconf 88' lang='lat' dir='ltr'><strong>collatum</strong></span> <span class='ocrx_word' id='word_1_302' title='bbox 1859 2734 2101 2805; x_wconf 73' lang='lat' dir='ltr'><strong>pnebere</strong></span> 
     </span>
    </p>
   </div>
   <div class='ocr_carea' id='block_1_45' title="bbox 513 2823 2099 2903">
    <p class='ocr_par' dir='ltr' id='par_1_45' title="bbox 513 2823 2099 2903">
     <span class='ocr_line' id='line_1_45' title="bbox 513 2823 2099 2903; baseline 0.002 -25"><span class='ocrx_word' id='word_1_303' title='bbox 513 2823 857 2903; x_wconf 81' lang='lat' dir='ltr'><strong>contempsit.</strong></span> <span class='ocrx_word' id='word_1_304' title='bbox 891 2823 1090 2879; x_wconf 80' lang='lat' dir='ltr'><strong>Verum</strong></span> <span class='ocrx_word' id='word_1_305' title='bbox 1130 2838 1252 2881; x_wconf 91' lang='lat' dir='ltr'><strong>cum</strong></span> <span class='ocrx_word' id='word_1_306' title='bbox 1310 2824 1362 2878; x_wconf 89' lang='lat' dir='ltr'><strong>in</strong></span> <span class='ocrx_word' id='word_1_307' title='bbox 1393 2825 1629 2880; x_wconf 86' lang='lat' dir='ltr'><strong>amicitia</strong></span> <span class='ocrx_word' id='word_1_308' title='bbox 1664 2823 1906 2880; x_wconf 85' lang='lat' dir='ltr'><strong>Wilehni</strong></span> <span class='ocrx_word' id='word_1_309' title='bbox 1954 2826 2099 2881; x_wconf 83' lang='lat' dir='ltr'><strong>devi-</strong></span> 
     </span>
    </p>
   </div>
   <div class='ocr_carea' id='block_1_46' title="bbox 511 2912 2100 2991">
    <p class='ocr_par' dir='ltr' id='par_1_46' title="bbox 511 2912 2100 2991">
     <span class='ocr_line' id='line_1_46' title="bbox 511 2912 2100 2991; baseline 0.004 -25"><span class='ocrx_word' id='word_1_310' title='bbox 511 2920 632 2968; x_wconf 88' lang='lat' dir='ltr'><strong>ctus</strong></span> <span class='ocrx_word' id='word_1_311' title='bbox 659 2927 844 2991; x_wconf 79' lang='lat' dir='ltr'><strong>pacem</strong></span> <span class='ocrx_word' id='word_1_312' title='bbox 894 2912 1097 2991; x_wconf 88' lang='lat' dir='ltr'><strong>habere</strong></span> <span class='ocrx_word' id='word_1_313' title='bbox 1128 2912 1426 2978; x_wconf 78' lang='lat' dir='ltr'><strong>videretur,</strong></span> <span class='ocrx_word' id='word_1_314' title='bbox 1457 2922 1514 2968; x_wconf 91' lang='lat' dir='ltr'><strong>ut</strong></span> <span class='ocrx_word' id='word_1_315' title='bbox 1542 2915 1745 2983; x_wconf 85' lang='lat' dir='ltr'><strong>homini</strong></span> <span class='ocrx_word' id='word_1_316' title='bbox 1798 2916 1851 2970; x_wconf 92' lang='lat' dir='ltr'><strong>iu</strong></span> <span class='ocrx_word' id='word_1_317' title='bbox 1879 2916 2100 2973; x_wconf 86' lang='lat' dir='ltr'><strong>Christo</strong></span> 
     </span>
    </p>
   </div>
   <div class='ocr_carea' id='block_1_47' title="bbox 2208 1811 3730 1885">
    <p class='ocr_par' dir='ltr' id='par_1_47' title="bbox 2208 1811 3730 1885">
     <span class='ocr_line' id='line_1_47' title="bbox 2208 1811 3730 1885; baseline -0.002 -17"><span class='ocrx_word' id='word_1_318' title='bbox 2208 1821 2395 1880; x_wconf 86' lang='lat' dir='ltr'><strong>tasset,</strong></span> <span class='ocrx_word' id='word_1_319' title='bbox 2436 1814 2542 1870; x_wconf 91' lang='lat' dir='ltr'><strong>nisi</strong></span> <span class='ocrx_word' id='word_1_320' title='bbox 2585 1815 2953 1885; x_wconf 89' lang='lat' dir='ltr'><strong>quorumlibet</strong></span> <span class='ocrx_word' id='word_1_321' title='bbox 2996 1815 3323 1870; x_wconf 89' lang='lat' dir='ltr'><strong>rusticorum</strong></span> <span class='ocrx_word' id='word_1_322' title='bbox 3362 1811 3557 1873; x_wconf 62' lang='lat' dir='ltr'><strong>auxilio</strong></span> <span class='ocrx_word' id='word_1_323' title='bbox 3596 1819 3730 1881; x_wconf 73' lang='lat' dir='ltr'><strong>sepius</strong></span> 
     </span>
    </p>
   </div>
   <div class='ocr_carea' id='block_1_48' title="bbox 2203 1901 3732 1976">
    <p class='ocr_par' dir='ltr' id='par_1_48' title="bbox 2203 1901 3732 1976">
     <span class='ocr_line' id='line_1_48' title="bbox 2203 1901 3732 1976; baseline -0.003 -16"><span class='ocrx_word' id='word_1_324' title='bbox 2203 1913 2367 1960; x_wconf 88' lang='lat' dir='ltr'><strong>esset.</strong></span> <span class='ocrx_word' id='word_1_325' title='bbox 2396 1905 2617 1961; x_wconf 78' lang='lat' dir='ltr'><strong>Dixerat</strong></span> <span class='ocrx_word' id='word_1_326' title='bbox 2658 1907 2796 1972; x_wconf 85' lang='lat' dir='ltr'><strong>haec,</strong></span> <span class='ocrx_word' id='word_1_327' title='bbox 2827 1913 2885 1961; x_wconf 89' lang='lat' dir='ltr'><strong>et</strong></span> <span class='ocrx_word' id='word_1_328' title='bbox 2927 1904 3179 1975; x_wconf 91' lang='lat' dir='ltr'><strong>pernices</strong></span> <span class='ocrx_word' id='word_1_329' title='bbox 3204 1904 3421 1976; x_wconf 88' lang='lat' dir='ltr'><strong>equites</strong></span> <span class='ocrx_word' id='word_1_330' title='bbox 3467 1902 3529 1957; x_wconf 83' lang='lat' dir='ltr'><strong>ad</strong></span> <span class='ocrx_word' id='word_1_331' title='bbox 3561 1901 3645 1957; x_wconf 87' lang='lat' dir='ltr'><strong>hoc</strong></span> <span class='ocrx_word' id='word_1_332' title='bbox 3663 1915 3732 1955; x_wconf 69' lang='lat' dir='ltr'><strong>es-</strong></span> 
     </span>
    </p>
   </div>
   <div class='ocr_carea' id='block_1_49' title="bbox 2203 1992 3731 2065">
    <p class='ocr_par' dir='ltr' id='par_1_49' title="bbox 2203 1992 3731 2065">
     <span class='ocr_line' id='line_1_49' title="bbox 2203 1992 3731 2065; baseline -0.001 -18"><span class='ocrx_word' id='word_1_333' title='bbox 2203 1992 2526 2064; x_wconf 88' lang='lat' dir='ltr'><strong>plorandum</strong></span> <span class='ocrx_word' id='word_1_334' title='bbox 2576 1995 2793 2051; x_wconf 79' lang='lat' dir='ltr'><strong>direxit.</strong></span> <span class='ocrx_word' id='word_1_335' title='bbox 2846 1995 2963 2052; x_wconf 80' lang='lat' dir='ltr'><strong>Nox</strong></span> <span class='ocrx_word' id='word_1_336' title='bbox 3010 1994 3731 2065; x_wconf 12' lang='lat' dir='ltr'><strong>verotum‘ingrueratzuec</strong></span> 
     </span>
    </p>
   </div>
   <div class='ocr_carea' id='block_1_50' title="bbox 2203 2082 3730 2158">
    <p class='ocr_par' dir='ltr' id='par_1_50' title="bbox 2203 2082 3730 2158">
     <span class='ocr_line' id='line_1_50' title="bbox 2203 2082 3730 2158; baseline -0.003 -17"><span class='ocrx_word' id='word_1_337' title='bbox 2203 2086 2443 2142; x_wconf 89' lang='lat' dir='ltr'><strong>cunctati</strong></span> <span class='ocrx_word' id='word_1_338' title='bbox 2494 2088 2868 2158; x_wconf 78' lang='lat' dir='ltr'><strong>exploratores</strong></span> <span class='ocrx_word' id='word_1_339' title='bbox 2927 2085 3207 2153; x_wconf 79' lang='lat' dir='ltr'><strong>festinant,</strong></span> <span class='ocrx_word' id='word_1_340' title='bbox 3273 2094 3329 2141; x_wconf 91' lang='lat' dir='ltr'><strong>et</strong></span> <span class='ocrx_word' id='word_1_341' title='bbox 3395 2099 3623 2157; x_wconf 68' lang='lat' dir='ltr'><strong>quaenam</strong></span> <span class='ocrx_word' id='word_1_342' title='bbox 3655 2082 3730 2137; x_wconf 75' lang='lat' dir='ltr'><strong>sint</strong></span> 
     </span>
    </p>
   </div>
   <div class='ocr_carea' id='block_1_51' title="bbox 2202 2175 3733 2236">
    <p class='ocr_par' dir='ltr' id='par_1_51' title="bbox 2202 2175 3733 2236">
     <span class='ocr_line' id='line_1_51' title="bbox 2202 2175 3733 2236; baseline -0.004 -3"><span class='ocrx_word' id='word_1_343' title='bbox 2202 2187 2388 2233; x_wconf 86' lang='lat' dir='ltr'><strong>castra</strong></span> <span class='ocrx_word' id='word_1_344' title='bbox 2410 2177 2628 2236; x_wconf 87' lang='lat' dir='ltr'><strong>Geraldi</strong></span> <span class='ocrx_word' id='word_1_345' title='bbox 2662 2178 2892 2235; x_wconf 86' lang='lat' dir='ltr'><strong>sollicite</strong></span> <span class='ocrx_word' id='word_1_346' title='bbox 2918 2179 3207 2234; x_wconf 89' lang='lat' dir='ltr'><strong>rimantur.</strong></span> <span class='ocrx_word' id='word_1_347' title='bbox 3237 2176 3307 2233; x_wconf 88' lang='lat' dir='ltr'><strong>Ut</strong></span> <span class='ocrx_word' id='word_1_348' title='bbox 3335 2185 3519 2231; x_wconf 87' lang='lat' dir='ltr'><strong>autem</strong></span> <span class='ocrx_word' id='word_1_349' title='bbox 3546 2175 3593 2230; x_wconf 90' lang='lat' dir='ltr'><strong>in</strong></span> <span class='ocrx_word' id='word_1_350' title='bbox 3617 2180 3733 2228; x_wconf 83' lang='lat' dir='ltr'><strong>nocte</strong></span> 
     </span>
    </p>
   </div>
   <div class='ocr_carea' id='block_1_52' title="bbox 2202 2266 3732 2343">
    <p class='ocr_par' dir='ltr' id='par_1_52' title="bbox 2202 2266 3732 2343">
     <span class='ocr_line' id='line_1_52' title="bbox 2202 2266 3732 2343; baseline -0.005 -19"><span class='ocrx_word' id='word_1_351' title='bbox 2202 2271 2338 2325; x_wconf 85' lang='lat' dir='ltr'><strong>solet</strong></span> <span class='ocrx_word' id='word_1_352' title='bbox 2385 2270 2526 2339; x_wconf 83' lang='lat' dir='ltr'><strong>fieri,</strong></span> <span class='ocrx_word' id='word_1_353' title='bbox 2580 2271 2793 2343; x_wconf 85' lang='lat' dir='ltr'><strong>lapides</strong></span> <span class='ocrx_word' id='word_1_354' title='bbox 2834 2269 3133 2335; x_wconf 83' lang='lat' dir='ltr'><strong>albicantes</strong></span> <span class='ocrx_word' id='word_1_355' title='bbox 3180 2268 3400 2323; x_wconf 80' lang='lat' dir='ltr'><strong>eminus</strong></span> <span class='ocrx_word' id='word_1_356' title='bbox 3446 2268 3542 2322; x_wconf 88' lang='lat' dir='ltr'><strong>sub</strong></span> <span class='ocrx_word' id='word_1_357' title='bbox 3577 2266 3732 2320; x_wconf 86' lang='lat' dir='ltr'><strong>incerto</strong></span> 
     </span>
    </p>
   </div>
   <div class='ocr_carea' id='block_1_53' title="bbox 2201 2358 3732 2435">
    <p class='ocr_par' dir='ltr' id='par_1_53' title="bbox 2201 2358 3732 2435">
     <span class='ocr_line' id='line_1_53' title="bbox 2201 2358 3732 2435; baseline -0.007 -19"><span class='ocrx_word' id='word_1_358' title='bbox 2201 2365 2319 2420; x_wconf 86' lang='lat' dir='ltr'><strong>visu</strong></span> <span class='ocrx_word' id='word_1_359' title='bbox 2372 2362 2695 2435; x_wconf 88' lang='lat' dir='ltr'><strong>conspicati,</strong></span> <span class='ocrx_word' id='word_1_360' title='bbox 2747 2358 3396 2425; x_wconf 40' lang='lat' dir='ltr'><strong>obsidentium‘tentoria</strong></span> <span class='ocrx_word' id='word_1_361' title='bbox 3452 2365 3732 2429; x_wconf 68' lang='lat' dir='ltr'><strong>putaremus</strong></span> 
     </span>
    </p>
   </div>
   <div class='ocr_carea' id='block_1_54' title="bbox 2202 2446 3732 2523">
    <p class='ocr_par' dir='ltr' id='par_1_54' title="bbox 2202 2446 3732 2523">
     <span class='ocr_line' id='line_1_54' title="bbox 2202 2446 3732 2523; baseline -0.005 -16"><span class='ocrx_word' id='word_1_362' title='bbox 2202 2452 2305 2521; x_wconf 85' lang='lat' dir='ltr'><strong>Qui</strong></span> <span class='ocrx_word' id='word_1_363' title='bbox 2366 2453 2615 2523; x_wconf 88' lang='lat' dir='ltr'><strong>protinus</strong></span> <span class='ocrx_word' id='word_1_364' title='bbox 2677 2466 2986 2523; x_wconf 78' lang='lat' dir='ltr'><strong>exsangues</strong></span> <span class='ocrx_word' id='word_1_365' title='bbox 3042 2459 3099 2505; x_wconf 89' lang='lat' dir='ltr'><strong>et</strong></span> <span class='ocrx_word' id='word_1_366' title='bbox 3161 2449 3440 2520; x_wconf 87' lang='lat' dir='ltr'><strong>perterriti</strong></span> <span class='ocrx_word' id='word_1_367' title='bbox 3515 2448 3575 2502; x_wconf 90' lang='lat' dir='ltr'><strong>ad</strong></span> <span class='ocrx_word' id='word_1_368' title='bbox 3628 2446 3732 2501; x_wconf 79' lang='lat' dir='ltr'><strong>Ade-</strong></span> 
     </span>
    </p>
   </div>
   <div class='ocr_carea' id='block_1_55' title="bbox 2204 2539 3734 2615">
    <p class='ocr_par' dir='ltr' id='par_1_55' title="bbox 2204 2539 3734 2615">
     <span class='ocr_line' id='line_1_55' title="bbox 2204 2539 3734 2615; baseline -0.007 -14"><span class='ocrx_word' id='word_1_369' title='bbox 2204 2560 2416 2612; x_wconf 84' lang='lat' dir='ltr'><strong>marum</strong></span> <span class='ocrx_word' id='word_1_370' title='bbox 2469 2552 2790 2610; x_wconf 91' lang='lat' dir='ltr'><strong>recurrunt,</strong></span> <span class='ocrx_word' id='word_1_371' title='bbox 2847 2559 2914 2599; x_wconf 90' lang='lat' dir='ltr'><strong>ac</strong></span> <span class='ocrx_word' id='word_1_372' title='bbox 2974 2544 3246 2615; x_wconf 88' lang='lat' dir='ltr'><strong>ingentem</strong></span> <span class='ocrx_word' id='word_1_373' title='bbox 3304 2551 3599 2598; x_wconf 87' lang='lat' dir='ltr'><strong>castrorum</strong></span> <span class='ocrx_word' id='word_1_374' title='bbox 3636 2539 3734 2595; x_wconf 70' lang='lat' dir='ltr'><strong>ntul-</strong></span> 
     </span>
    </p>
   </div>
   <div class='ocr_carea' id='block_1_56' title="bbox 2205 2635 3733 2697">
    <p class='ocr_par' dir='ltr' id='par_1_56' title="bbox 2205 2635 3733 2697">
     <span class='ocr_line' id='line_1_56' title="bbox 2205 2635 3733 2697; baseline -0.004 -3"><span class='ocrx_word' id='word_1_375' title='bbox 2205 2639 2490 2696; x_wconf 90' lang='lat' dir='ltr'><strong>titudinem</strong></span> <span class='ocrx_word' id='word_1_376' title='bbox 2557 2650 2618 2697; x_wconf 82' lang='lat' dir='ltr'><strong>se</strong></span> <span class='ocrx_word' id='word_1_377' title='bbox 2678 2639 2880 2697; x_wconf 75' lang='lat' dir='ltr'><strong>vidisse</strong></span> <span class='ocrx_word' id='word_1_378' title='bbox 2952 2639 3213 2695; x_wconf 81' lang='lat' dir='ltr'><strong>fatentur.</strong></span> <span class='ocrx_word' id='word_1_379' title='bbox 3283 2638 3577 2693; x_wconf 86' lang='lat' dir='ltr'><strong>Redierant</strong></span> <span class='ocrx_word' id='word_1_380' title='bbox 3628 2635 3733 2692; x_wconf 83' lang='lat' dir='ltr'><strong>enim</strong></span> 
     </span>
    </p>
   </div>
   <div class='ocr_carea' id='block_1_57' title="bbox 2201 2729 3733 2803">
    <p class='ocr_par' dir='ltr' id='par_1_57' title="bbox 2201 2729 3733 2803">
     <span class='ocr_line' id='line_1_57' title="bbox 2201 2729 3733 2803; baseline -0.001 -15"><span class='ocrx_word' id='word_1_381' title='bbox 2201 2746 2299 2803; x_wconf 89' lang='lat' dir='ltr'><strong>per</strong></span> <span class='ocrx_word' id='word_1_382' title='bbox 2332 2733 2619 2802; x_wconf 87' lang='lat' dir='ltr'><strong>quamdam</strong></span> <span class='ocrx_word' id='word_1_383' title='bbox 2665 2741 2992 2798; x_wconf 89' lang='lat' dir='ltr'><strong>matronam,</strong></span> <span class='ocrx_word' id='word_1_384' title='bbox 3053 2732 3141 2787; x_wconf 91' lang='lat' dir='ltr'><strong>cui</strong></span> <span class='ocrx_word' id='word_1_385' title='bbox 3195 2730 3434 2800; x_wconf 88' lang='lat' dir='ltr'><strong>idipsum</strong></span> <span class='ocrx_word' id='word_1_386' title='bbox 3472 2729 3733 2787; x_wconf 74' lang='lat' dir='ltr'><strong>retulerunt.</strong></span> 
     </span>
    </p>
   </div>
   <div class='ocr_carea' id='block_1_58' title="bbox 2201 2820 3734 2895">
    <p class='ocr_par' dir='ltr' id='par_1_58' title="bbox 2201 2820 3734 2895">
     <span class='ocr_line' id='line_1_58' title="bbox 2201 2820 3734 2895; baseline -0.003 -17"><span class='ocrx_word' id='word_1_387' title='bbox 2201 2839 2300 2893; x_wconf 88' lang='lat' dir='ltr'><strong>per</strong></span> <span class='ocrx_word' id='word_1_388' title='bbox 2325 2839 2487 2895; x_wconf 89' lang='lat' dir='ltr'><strong>quam</strong></span> <span class='ocrx_word' id='word_1_389' title='bbox 2516 2833 2569 2879; x_wconf 91' lang='lat' dir='ltr'><strong>et</strong></span> <span class='ocrx_word' id='word_1_390' title='bbox 2598 2824 2701 2883; x_wconf 90' lang='lat' dir='ltr'><strong>hoc</strong></span> <span class='ocrx_word' id='word_1_391' title='bbox 2728 2824 2925 2895; x_wconf 87' lang='lat' dir='ltr'><strong>ipsum,</strong></span> <span class='ocrx_word' id='word_1_392' title='bbox 2954 2823 3098 2895; x_wconf 90' lang='lat' dir='ltr'><strong>quod</strong></span> <span class='ocrx_word' id='word_1_393' title='bbox 3121 2822 3227 2879; x_wconf 88' lang='lat' dir='ltr'><strong>illis</strong></span> <span class='ocrx_word' id='word_1_394' title='bbox 3246 2823 3657 2893; x_wconf 70' lang='lat' dir='ltr'><strong>exploratoribus</strong></span> <span class='ocrx_word' id='word_1_395' title='bbox 3675 2820 3734 2873; x_wconf 79' lang='lat' dir='ltr'><strong>vi-</strong></span> 
     </span>
    </p>
   </div>
   <div class='ocr_carea' id='block_1_59' title="bbox 2203 2902 3733 2987">
    <p class='ocr_par' dir='ltr' id='par_1_59' title="bbox 2203 2902 3733 2987">
     <span class='ocr_line' id='line_1_59' title="bbox 2203 2902 3733 2987; baseline -0.006 -17"><span class='ocrx_word' id='word_1_396' title='bbox 2203 2931 2323 2970; x_wconf 90' lang='lat' dir='ltr'><strong>sum</strong></span> <span class='ocrx_word' id='word_1_397' title='bbox 2378 2915 2588 2983; x_wconf 88' lang='lat' dir='ltr'><strong>fuerat,</strong></span> <span class='ocrx_word' id='word_1_398' title='bbox 2637 2924 2824 2987; x_wconf 88' lang='lat' dir='ltr'><strong>postea</strong></span> <span class='ocrx_word' id='word_1_399' title='bbox 2876 2902 3001 2970; x_wconf 22' lang='lat' dir='ltr'><strong>viro.</strong></span> <span class='ocrx_word' id='word_1_400' title='bbox 3048 2914 3142 2971; x_wconf 89' lang='lat' dir='ltr'><strong>Dei</strong></span> <span class='ocrx_word' id='word_1_401' title='bbox 3186 2915 3444 2969; x_wconf 90' lang='lat' dir='ltr'><strong>innotuit.</strong></span> <span class='ocrx_word' id='word_1_402' title='bbox 3494 2913 3733 2968; x_wconf 64' lang='lat' dir='ltr'><strong>Metaurus</strong></span> 
     </span>
    </p>
   </div>
   <div class='ocr_carea' id='block_1_60' title="bbox 511 3001 3735 3106">
    <p class='ocr_par' dir='ltr' id='par_1_60' title="bbox 511 3001 3735 3106">
     <span class='ocr_line' id='line_1_60' title="bbox 511 3001 3735 3106; baseline -0.002 -48"><span class='ocrx_word' id='word_1_403' title='bbox 511 3007 713 3062; x_wconf 78' lang='lat' dir='ltr'><strong>viventi</strong></span> <span class='ocrx_word' id='word_1_404' title='bbox 743 3006 1053 3075; x_wconf 85' lang='lat' dir='ltr'><strong>persecutio</strong></span> <span class='ocrx_word' id='word_1_405' title='bbox 1076 3021 1184 3062; x_wconf 90' lang='lat' dir='ltr'><strong>non</strong></span> <span class='ocrx_word' id='word_1_406' title='bbox 1219 3006 1453 3071; x_wconf 88' lang='lat' dir='ltr'><strong>deesset,</strong></span> <span class='ocrx_word' id='word_1_407' title='bbox 1482 3007 1800 3078; x_wconf 65' lang='lat' dir='ltr'><strong>praedictum</strong></span> <span class='ocrx_word' id='word_1_408' title='bbox 1845 3011 2095 3065; x_wconf 88' lang='lat' dir='ltr'><strong>comitem</strong></span> <span class='ocrx_word' id='word_1_409' title='bbox 2126 3044 2173 3106; x_wconf 63' lang='grc' dir='ltr'>Ω</span> <span class='ocrx_word' id='word_1_410' title='bbox 2206 3005 2387 3074; x_wconf 82' lang='lat' dir='ltr'><strong>itaque</strong></span> <span class='ocrx_word' id='word_1_411' title='bbox 2423 3021 2547 3061; x_wconf 90' lang='lat' dir='ltr'><strong>cum</strong></span> <span class='ocrx_word' id='word_1_412' title='bbox 2607 3006 2848 3063; x_wconf 82' lang='lat' dir='ltr'><strong>exercitu</strong></span> <span class='ocrx_word' id='word_1_413' title='bbox 2906 3020 3007 3061; x_wconf 92' lang='lat' dir='ltr'><strong>suo</strong></span> <span class='ocrx_word' id='word_1_414' title='bbox 3069 3004 3253 3060; x_wconf 89' lang='lat' dir='ltr'><strong>divino</strong></span> <span class='ocrx_word' id='word_1_415' title='bbox 3309 3014 3447 3059; x_wconf 91' lang='lat' dir='ltr'><strong>nutu</strong></span> <span class='ocrx_word' id='word_1_416' title='bbox 3504 3001 3735 3058; x_wconf 79' lang='lat' dir='ltr'><strong>labefacta-</strong></span> 
     </span>
    </p>
   </div>
   <div class='ocr_carea' id='block_1_61' title="bbox 511 3095 2098 3170">
    <p class='ocr_par' dir='ltr' id='par_1_61' title="bbox 511 3095 2098 3170">
     <span class='ocr_line' id='line_1_61' title="bbox 511 3095 2098 3170; baseline 0.002 -18"><span class='ocrx_word' id='word_1_417' title='bbox 511 3096 844 3154; x_wconf 77' lang='lat' dir='ltr'><strong>Ademarum</strong></span> <span class='ocrx_word' id='word_1_418' title='bbox 889 3096 968 3153; x_wconf 91' lang='lat' dir='ltr'><strong>illi</strong></span> <span class='ocrx_word' id='word_1_419' title='bbox 1007 3095 1243 3156; x_wconf 77' lang='lat' dir='ltr'><strong>Satanas</strong></span> <span class='ocrx_word' id='word_1_420' title='bbox 1286 3097 1584 3169; x_wconf 82' lang='lat' dir='ltr'><strong>instigavit.</strong></span> <span class='ocrx_word' id='word_1_421' title='bbox 1624 3099 1794 3166; x_wconf 85' lang='lat' dir='ltr'><strong>Quem</strong></span> <span class='ocrx_word' id='word_1_422' title='bbox 1854 3098 2098 3170; x_wconf 83' lang='lat' dir='ltr'><strong>profecto</strong></span> 
     </span>
    </p>
   </div>
   <div class='ocr_carea' id='block_1_62' title="bbox 516 3176 2097 3259">
    <p class='ocr_par' dir='ltr' id='par_1_62' title="bbox 516 3176 2097 3259">
     <span class='ocr_line' id='line_1_62' title="bbox 516 3176 2097 3259; baseline 0.001 -16"><span class='ocrx_word' id='word_1_423' title='bbox 516 3187 701 3244; x_wconf 88' lang='lat' dir='ltr'><strong>multis</strong></span> <span class='ocrx_word' id='word_1_424' title='bbox 720 3197 775 3244; x_wconf 92' lang='lat' dir='ltr'><strong>et</strong></span> <span class='ocrx_word' id='word_1_425' title='bbox 800 3176 969 3243; x_wconf 84' lang='lat' dir='ltr'><strong>variis</strong></span> <span class='ocrx_word' id='word_1_426' title='bbox 997 3187 1383 3244; x_wconf 88' lang='lat' dir='ltr'><strong>tentationibus</strong></span> <span class='ocrx_word' id='word_1_427' title='bbox 1420 3189 1717 3258; x_wconf 90' lang='lat' dir='ltr'><strong>appetitum</strong></span> <span class='ocrx_word' id='word_1_428' title='bbox 1775 3189 1877 3245; x_wconf 89' lang='lat' dir='ltr'><strong>sibi</strong></span> <span class='ocrx_word' id='word_1_429' title='bbox 1907 3189 2097 3259; x_wconf 80' lang='lat' dir='ltr'><strong>subju-</strong></span> 
     </span>
    </p>
   </div>
   <div class='ocr_carea' id='block_1_63' title="bbox 513 3276 2101 3357">
    <p class='ocr_par' dir='ltr' id='par_1_63' title="bbox 513 3276 2101 3357">
     <span class='ocr_line' id='line_1_63' title="bbox 513 3276 2101 3357; baseline 0 -23"><span class='ocrx_word' id='word_1_430' title='bbox 513 3294 642 3349; x_wconf 81' lang='lat' dir='ltr'><strong>gare</strong></span> <span class='ocrx_word' id='word_1_431' title='bbox 692 3292 799 3334; x_wconf 91' lang='lat' dir='ltr'><strong>non</strong></span> <span class='ocrx_word' id='word_1_432' title='bbox 854 3278 1050 3349; x_wconf 82' lang='lat' dir='ltr'><strong>potuit.</strong></span> <span class='ocrx_word' id='word_1_433' title='bbox 1107 3276 1409 3347; x_wconf 79' lang='lat' dir='ltr'><strong>Aliquando</strong></span> <span class='ocrx_word' id='word_1_434' title='bbox 1454 3277 1653 3357; x_wconf 80' lang='lat' dir='ltr'><strong>quippe</strong></span> <span class='ocrx_word' id='word_1_435' title='bbox 1687 3278 1913 3350; x_wconf 84' lang='lat' dir='ltr'><strong>contigit</strong></span> <span class='ocrx_word' id='word_1_436' title='bbox 1959 3288 2017 3334; x_wconf 89' lang='lat' dir='ltr'><strong>ut</strong></span> <span class='ocrx_word' id='word_1_437' title='bbox 2043 3281 2101 3344; x_wconf 81' lang='lat' dir='ltr'><strong>in</strong></span> 
     </span>
    </p>
   </div>
   <div class='ocr_carea' id='block_1_64' title="bbox 511 3366 2094 3438">
    <p class='ocr_par' dir='ltr' id='par_1_64' title="bbox 511 3366 2094 3438">
     <span class='ocr_line' id='line_1_64' title="bbox 511 3366 2094 3438; baseline 0.002 -15"><span class='ocrx_word' id='word_1_438' title='bbox 511 3376 668 3438; x_wconf 79' lang='lat' dir='ltr'><strong>prato</strong></span> <span class='ocrx_word' id='word_1_439' title='bbox 697 3382 819 3428; x_wconf 86' lang='lat' dir='ltr'><strong>cum</strong></span> <span class='ocrx_word' id='word_1_440' title='bbox 860 3367 1047 3438; x_wconf 87' lang='lat' dir='ltr'><strong>paucis</strong></span> <span class='ocrx_word' id='word_1_441' title='bbox 1087 3366 1350 3426; x_wconf 88' lang='lat' dir='ltr'><strong>militibus</strong></span> <span class='ocrx_word' id='word_1_442' title='bbox 1381 3368 1713 3430; x_wconf 73' lang='lat' dir='ltr'><strong>r’nansitaret</strong></span> <span class='ocrx_word' id='word_1_443' title='bbox 1732 3377 1910 3435; x_wconf 88' lang='lat' dir='ltr'><strong>nocte,</strong></span> <span class='ocrx_word' id='word_1_444' title='bbox 1971 3385 2094 3426; x_wconf 90' lang='lat' dir='ltr'><strong>cum</strong></span> 
     </span>
    </p>
   </div>
   <div class='ocr_carea' id='block_1_65' title="bbox 511 3458 2099 3531">
    <p class='ocr_par' dir='ltr' id='par_1_65' title="bbox 511 3458 2099 3531">
     <span class='ocr_line' id='line_1_65' title="bbox 511 3458 2099 3531; baseline 0.003 -18"><span class='ocrx_word' id='word_1_445' title='bbox 511 3459 761 3528; x_wconf 81' lang='lat' dir='ltr'><strong>equidem</strong></span> <span class='ocrx_word' id='word_1_446' title='bbox 786 3458 1091 3514; x_wconf 81' lang='lat' dir='ltr'><strong>Ademarus</strong></span> <span class='ocrx_word' id='word_1_447' title='bbox 1120 3458 1285 3514; x_wconf 88' lang='lat' dir='ltr'><strong>misso</strong></span> <span class='ocrx_word' id='word_1_448' title='bbox 1328 3459 1681 3529; x_wconf 76' lang='lat' dir='ltr'><strong>exploratore</strong></span> <span class='ocrx_word' id='word_1_449' title='bbox 1698 3475 1796 3531; x_wconf 84' lang='lat' dir='ltr'><strong>pro</strong></span> <span class='ocrx_word' id='word_1_450' title='bbox 1829 3469 1983 3518; x_wconf 87' lang='lat' dir='ltr'><strong>certo</strong></span> <span class='ocrx_word' id='word_1_451' title='bbox 2014 3478 2099 3518; x_wconf 84' lang='lat' dir='ltr'><strong>re-</strong></span> 
     </span>
    </p>
   </div>
   <div class='ocr_carea' id='block_1_66' title="bbox 513 3546 2099 3625">
    <p class='ocr_par' dir='ltr' id='par_1_66' title="bbox 513 3546 2099 3625">
     <span class='ocr_line' id='line_1_66' title="bbox 513 3546 2099 3625; baseline 0.003 -20"><span class='ocrx_word' id='word_1_452' title='bbox 513 3546 671 3605; x_wconf 85' lang='lat' dir='ltr'><strong>scivit</strong></span> <span class='ocrx_word' id='word_1_453' title='bbox 699 3557 757 3605; x_wconf 87' lang='lat' dir='ltr'><strong>et</strong></span> <span class='ocrx_word' id='word_1_454' title='bbox 787 3548 892 3613; x_wconf 73' lang='lat' dir='ltr'><strong>ubi.</strong></span> <span class='ocrx_word' id='word_1_455' title='bbox 925 3557 981 3604; x_wconf 91' lang='lat' dir='ltr'><strong>et</strong></span> <span class='ocrx_word' id='word_1_456' title='bbox 1024 3563 1148 3605; x_wconf 92' lang='lat' dir='ltr'><strong>cum</strong></span> <span class='ocrx_word' id='word_1_457' title='bbox 1200 3548 1417 3619; x_wconf 83' lang='lat' dir='ltr'><strong>quantis</strong></span> <span class='ocrx_word' id='word_1_458' title='bbox 1467 3561 1631 3610; x_wconf 89' lang='lat' dir='ltr'><strong>esset.</strong></span> <span class='ocrx_word' id='word_1_459' title='bbox 1672 3552 1902 3610; x_wconf 81' lang='lat' dir='ltr'><strong>Gavisus</strong></span> <span class='ocrx_word' id='word_1_460' title='bbox 1932 3554 2099 3625; x_wconf 85' lang='lat' dir='ltr'><strong>pluri-</strong></span> 
     </span>
    </p>
   </div>
   <div class='ocr_carea' id='block_1_67' title="bbox 512 3641 2096 3717">
    <p class='ocr_par' dir='ltr' id='par_1_67' title="bbox 512 3641 2096 3717">
     <span class='ocr_line' id='line_1_67' title="bbox 512 3641 2096 3717; baseline 0.004 -22"><span class='ocrx_word' id='word_1_461' title='bbox 512 3657 659 3704; x_wconf 78' lang='lat' dir='ltr'><strong>mum</strong></span> <span class='ocrx_word' id='word_1_462' title='bbox 688 3642 832 3712; x_wconf 88' lang='lat' dir='ltr'><strong>quod</strong></span> <span class='ocrx_word' id='word_1_463' title='bbox 863 3641 1202 3700; x_wconf 87' lang='lat' dir='ltr'><strong>occasionem</strong></span> <span class='ocrx_word' id='word_1_464' title='bbox 1232 3652 1591 3713; x_wconf 84' lang='lat' dir='ltr'><strong>opportunam</strong></span> <span class='ocrx_word' id='word_1_465' title='bbox 1614 3644 1682 3700; x_wconf 90' lang='lat' dir='ltr'><strong>ad</strong></span> <span class='ocrx_word' id='word_1_466' title='bbox 1702 3658 1824 3699; x_wconf 90' lang='lat' dir='ltr'><strong>eum</strong></span> <span class='ocrx_word' id='word_1_467' title='bbox 1845 3659 2096 3717; x_wconf 72' lang='lat' dir='ltr'><strong>00mper</strong></span> 
     </span>
    </p>
   </div>
   <div class='ocr_carea' id='block_1_68' title="bbox 514 3733 2096 3806">
    <p class='ocr_par' dir='ltr' id='par_1_68' title="bbox 514 3733 2096 3806">
     <span class='ocr_line' id='line_1_68' title="bbox 514 3733 2096 3806; baseline 0.001 -16"><span class='ocrx_word' id='word_1_468' title='bbox 514 3733 855 3791; x_wconf 65' lang='lat' dir='ltr'><strong>[tendendum</strong></span> <span class='ocrx_word' id='word_1_469' title='bbox 893 3733 1205 3804; x_wconf 83' lang='lat' dir='ltr'><strong>reperisset,</strong></span> <span class='ocrx_word' id='word_1_470' title='bbox 1234 3742 1567 3806; x_wconf 84' lang='lat' dir='ltr'><strong>armatorum</strong></span> <span class='ocrx_word' id='word_1_471' title='bbox 1597 3749 1824 3790; x_wconf 89' lang='lat' dir='ltr'><strong>cuneum</strong></span> <span class='ocrx_word' id='word_1_472' title='bbox 1855 3736 2096 3805; x_wconf 68' lang='lat' dir='ltr'><strong>collegit,</strong></span> 
     </span>
    </p>
   </div>
   <div class='ocr_carea' id='block_1_69' title="bbox 508 3810 2101 3898">
    <p class='ocr_par' dir='ltr' id='par_1_69' title="bbox 508 3810 2101 3898">
     <span class='ocr_line' id='line_1_69' title="bbox 508 3810 2101 3898; baseline -0.001 -14"><span class='ocrx_word' id='word_1_473' title='bbox 508 3834 570 3884; x_wconf 85' lang='lat' dir='ltr'><strong>et</strong></span> <span class='ocrx_word' id='word_1_474' title='bbox 592 3825 660 3881; x_wconf 86' lang='lat' dir='ltr'><strong>ad</strong></span> <span class='ocrx_word' id='word_1_475' title='bbox 682 3810 857 3881; x_wconf 85' lang='lat' dir='ltr'><strong>locum</strong></span> <span class='ocrx_word' id='word_1_476' title='bbox 893 3825 1311 3880; x_wconf 77' lang='lat' dir='ltr'><strong>aciemdirexit.</strong></span> <span class='ocrx_word' id='word_1_477' title='bbox 1354 3823 1527 3880; x_wconf 88' lang='lat' dir='ltr'><strong>Porro</strong></span> <span class='ocrx_word' id='word_1_478' title='bbox 1570 3824 1835 3881; x_wconf 86' lang='lat' dir='ltr'><strong>Geraidus</strong></span> <span class='ocrx_word' id='word_1_479' title='bbox 1865 3826 1917 3881; x_wconf 90' lang='lat' dir='ltr'><strong>in</strong></span> <span class='ocrx_word' id='word_1_480' title='bbox 1945 3836 2101 3898; x_wconf 87' lang='lat' dir='ltr'><strong>parte</strong></span> 
     </span>
    </p>
   </div>
   <div class='ocr_carea' id='block_1_70' title="bbox 510 3914 2096 3991">
    <p class='ocr_par' dir='ltr' id='par_1_70' title="bbox 510 3914 2096 3991">
     <span class='ocr_line' id='line_1_70' title="bbox 510 3914 2096 3991; baseline 0.001 -16"><span class='ocrx_word' id='word_1_481' title='bbox 510 3918 684 3991; x_wconf 87' lang='lat' dir='ltr'><strong>ipsius</strong></span> <span class='ocrx_word' id='word_1_482' title='bbox 712 3916 852 3988; x_wconf 88' lang='lat' dir='ltr'><strong>prati</strong></span> <span class='ocrx_word' id='word_1_483' title='bbox 892 3915 1240 3983; x_wconf 84' lang='lat' dir='ltr'><strong>decumbens,</strong></span> <span class='ocrx_word' id='word_1_484' title='bbox 1287 3927 1345 3976; x_wconf 91' lang='lat' dir='ltr'><strong>ut</strong></span> <span class='ocrx_word' id='word_1_485' title='bbox 1390 3914 1578 3980; x_wconf 86' lang='lat' dir='ltr'><strong>fertur,</strong></span> <span class='ocrx_word' id='word_1_486' title='bbox 1620 3932 1742 3977; x_wconf 87' lang='lat' dir='ltr'><strong>cum</strong></span> <span class='ocrx_word' id='word_1_487' title='bbox 1779 3918 1893 3973; x_wconf 87' lang='lat' dir='ltr'><strong>suis</strong></span> <span class='ocrx_word' id='word_1_488' title='bbox 1919 3920 2096 3976; x_wconf 83' lang='lat' dir='ltr'><strong>omni-</strong></span> 
     </span>
    </p>
   </div>
   <div class='ocr_carea' id='block_1_71' title="bbox 510 4008 2093 4084">
    <p class='ocr_par' dir='ltr' id='par_1_71' title="bbox 510 4008 2093 4084">
     <span class='ocr_line' id='line_1_71' title="bbox 510 4008 2093 4084; baseline 0.002 -17"><span class='ocrx_word' id='word_1_489' title='bbox 510 4011 614 4067; x_wconf 84' lang='lat' dir='ltr'><strong>bus</strong></span> <span class='ocrx_word' id='word_1_490' title='bbox 648 4010 972 4067; x_wconf 88' lang='lat' dir='ltr'><strong>dormiebat.</strong></span> <span class='ocrx_word' id='word_1_491' title='bbox 1010 4008 1117 4066; x_wconf 88' lang='lat' dir='ltr'><strong>Sed</strong></span> <span class='ocrx_word' id='word_1_492' title='bbox 1147 4009 1238 4066; x_wconf 90' lang='lat' dir='ltr'><strong>ille</strong></span> <span class='ocrx_word' id='word_1_493' title='bbox 1289 4009 1381 4079; x_wconf 90' lang='lat' dir='ltr'><strong>qui</strong></span> <span class='ocrx_word' id='word_1_494' title='bbox 1411 4010 1655 4068; x_wconf 55' lang='lat' dir='ltr'><strong>custodit.</strong></span> <span class='ocrx_word' id='word_1_495' title='bbox 1678 4011 1864 4079; x_wconf 88' lang='lat' dir='ltr'><strong>lsrael,</strong></span> <span class='ocrx_word' id='word_1_496' title='bbox 1894 4028 2093 4084; x_wconf 85' lang='lat' dir='ltr'><strong>nequa-</strong></span> 
     </span>
    </p>
   </div>
   <div class='ocr_carea' id='block_1_72' title="bbox 510 4101 2096 4175">
    <p class='ocr_par' dir='ltr' id='par_1_72' title="bbox 510 4101 2096 4175">
     <span class='ocr_line' id='line_1_72' title="bbox 510 4101 2096 4175; baseline 0.003 -18"><span class='ocrx_word' id='word_1_497' title='bbox 510 4118 674 4172; x_wconf 88' lang='lat' dir='ltr'><strong>quam</strong></span> <span class='ocrx_word' id='word_1_498' title='bbox 720 4102 1006 4175; x_wconf 82' lang='lat' dir='ltr'><strong>innocenti&#39;</strong></span> <span class='ocrx_word' id='word_1_499' title='bbox 1032 4101 1149 4159; x_wconf 86' lang='lat' dir='ltr'><strong>viro</strong></span> <span class='ocrx_word' id='word_1_500' title='bbox 1192 4102 1540 4157; x_wconf 88' lang='lat' dir='ltr'><strong>dormitabat.</strong></span> <span class='ocrx_word' id='word_1_501' title='bbox 1594 4102 1651 4157; x_wconf 92' lang='lat' dir='ltr'><strong>Si</strong></span> <span class='ocrx_word' id='word_1_502' title='bbox 1681 4103 1922 4173; x_wconf 91' lang='lat' dir='ltr'><strong>quidem,</strong></span> <span class='ocrx_word' id='word_1_503' title='bbox 1944 4114 2005 4160; x_wconf 93' lang='lat' dir='ltr'><strong>ut</strong></span> <span class='ocrx_word' id='word_1_504' title='bbox 2030 4106 2096 4162; x_wconf 90' lang='lat' dir='ltr'><strong>de</strong></span> 
     </span>
    </p>
   </div>
   <div class='ocr_carea' id='block_1_73' title="bbox 2207 3093 3735 3163">
    <p class='ocr_par' dir='ltr' id='par_1_73' title="bbox 2207 3093 3735 3163">
     <span class='ocr_line' id='line_1_73' title="bbox 2207 3093 3735 3163; baseline -0.006 -12"><span class='ocrx_word' id='word_1_505' title='bbox 2207 3100 2313 3159; x_wconf 85' lang='lat' dir='ltr'><strong>tus,</strong></span> <span class='ocrx_word' id='word_1_506' title='bbox 2342 3095 2410 3149; x_wconf 89' lang='lat' dir='ltr'><strong>ad</strong></span> <span class='ocrx_word' id='word_1_507' title='bbox 2440 3110 2535 3150; x_wconf 82' lang='lat' dir='ltr'><strong>sua</strong></span> <span class='ocrx_word' id='word_1_508' title='bbox 2576 3094 2856 3150; x_wconf 79' lang='lat' dir='ltr'><strong>remeavit.</strong></span> <span class='ocrx_word' id='word_1_509' title='bbox 2881 3093 2955 3149; x_wconf 73' lang='lat' dir='ltr'><strong>in</strong></span> <span class='ocrx_word' id='word_1_510' title='bbox 2979 3093 3279 3150; x_wconf 88' lang='lat' dir='ltr'><strong>crastinum</strong></span> <span class='ocrx_word' id='word_1_511' title='bbox 3307 3109 3445 3149; x_wconf 85' lang='lat' dir='ltr'><strong>vero</strong></span> <span class='ocrx_word' id='word_1_512' title='bbox 3471 3104 3735 3163; x_wconf 75' lang='lat' dir='ltr'><strong>pervasorcs</strong></span> 
     </span>
    </p>
   </div>
   <div class='ocr_carea' id='block_1_74' title="bbox 2207 3182 3735 3256">
    <p class='ocr_par' dir='ltr' id='par_1_74' title="bbox 2207 3182 3735 3256">
     <span class='ocr_line' id='line_1_74' title="bbox 2207 3182 3735 3256; baseline -0.005 -16"><span class='ocrx_word' id='word_1_513' title='bbox 2207 3185 2456 3251; x_wconf 89' lang='lat' dir='ltr'><strong>castelli,</strong></span> <span class='ocrx_word' id='word_1_514' title='bbox 2492 3186 2710 3256; x_wconf 73' lang='lat' dir='ltr'><strong>cognito</strong></span> <span class='ocrx_word' id='word_1_515' title='bbox 2754 3185 2899 3255; x_wconf 87' lang='lat' dir='ltr'><strong>quod</strong></span> <span class='ocrx_word' id='word_1_516' title='bbox 2944 3184 3250 3242; x_wconf 85' lang='lat' dir='ltr'><strong>Ademarus</strong></span> <span class='ocrx_word' id='word_1_517' title='bbox 3303 3185 3511 3251; x_wconf 81' lang='lat' dir='ltr'><strong>eisdem</strong></span> <span class='ocrx_word' id='word_1_518' title='bbox 3566 3182 3735 3249; x_wconf 80' lang='lat' dir='ltr'><strong>minime</strong></span> 
     </span>
    </p>
   </div>
   <div class='ocr_carea' id='block_1_75' title="bbox 2204 3276 3735 3347">
    <p class='ocr_par' dir='ltr' id='par_1_75' title="bbox 2204 3276 3735 3347">
     <span class='ocr_line' id='line_1_75' title="bbox 2204 3276 3735 3347; baseline 0.001 -16"><span class='ocrx_word' id='word_1_519' title='bbox 2204 3276 2677 3347; x_wconf 47' lang='lat' dir='ltr'><strong>adesset,,pacem,</strong></span> <span class='ocrx_word' id='word_1_520' title='bbox 2710 3291 2741 3330; x_wconf 92' lang='lat' dir='ltr'><strong>a</strong></span> <span class='ocrx_word' id='word_1_521' title='bbox 2771 3276 3002 3331; x_wconf 85' lang='lat' dir='ltr'><strong>Geraltlo</strong></span> <span class='ocrx_word' id='word_1_522' title='bbox 3030 3277 3315 3347; x_wconf 82' lang='lat' dir='ltr'><strong>requirunt</strong></span> <span class='ocrx_word' id='word_1_523' title='bbox 3337 3316 3353 3343; x_wconf 93' lang='lat'><strong>,</strong></span> <span class='ocrx_word' id='word_1_524' title='bbox 3403 3284 3662 3347; x_wconf 90' lang='lat' dir='ltr'><strong>poscentes</strong></span> <span class='ocrx_word' id='word_1_525' title='bbox 3695 3279 3735 3333; x_wconf 76' lang='lat' dir='ltr'><strong>et</strong></span> 
     </span>
    </p>
   </div>
   <div class='ocr_carea' id='block_1_76' title="bbox 2204 3364 3734 3438">
    <p class='ocr_par' dir='ltr' id='par_1_76' title="bbox 2204 3364 3734 3438">
     <span class='ocr_line' id='line_1_76' title="bbox 2204 3364 3734 3438; baseline -0.005 -16"><span class='ocrx_word' id='word_1_526' title='bbox 2204 3367 2425 3423; x_wconf 87' lang='lat' dir='ltr'><strong>eosdem</strong></span> <span class='ocrx_word' id='word_1_527' title='bbox 2447 3367 2565 3423; x_wconf 84' lang='lat' dir='ltr'><strong>sine</strong></span> <span class='ocrx_word' id='word_1_528' title='bbox 2609 3366 2915 3437; x_wconf 82' lang='lat' dir='ltr'><strong>ignominia</strong></span> <span class='ocrx_word' id='word_1_529' title='bbox 2953 3368 3208 3423; x_wconf 85' lang='lat' dir='ltr'><strong>recedere</strong></span> <span class='ocrx_word' id='word_1_530' title='bbox 3251 3368 3604 3438; x_wconf 86' lang='lat' dir='ltr'><strong>permisisset.</strong></span> <span class='ocrx_word' id='word_1_531' title='bbox 3629 3365 3679 3419; x_wconf 85' lang='lat' dir='ltr'><strong>Et</strong></span> <span class='ocrx_word' id='word_1_532' title='bbox 3699 3364 3734 3416; x_wconf 81' lang='lat' dir='ltr'><strong>id</strong></span> 
     </span>
    </p>
   </div>
   <div class='ocr_carea' id='block_1_77' title="bbox 2207 3458 3737 3529">
    <p class='ocr_par' dir='ltr' id='par_1_77' title="bbox 2207 3458 3737 3529">
     <span class='ocr_line' id='line_1_77' title="bbox 2207 3458 3737 3529; baseline 0.001 -18"><span class='ocrx_word' id='word_1_533' title='bbox 2207 3459 2424 3529; x_wconf 86' lang='lat' dir='ltr'><strong>quidem</strong></span> <span class='ocrx_word' id='word_1_534' title='bbox 2452 3459 2537 3513; x_wconf 88' lang='lat' dir='ltr'><strong>vir</strong></span> <span class='ocrx_word' id='word_1_535' title='bbox 2579 3459 2672 3514; x_wconf 91' lang='lat' dir='ltr'><strong>Dei</strong></span> <span class='ocrx_word' id='word_1_536' title='bbox 2708 3458 2975 3514; x_wconf 87' lang='lat' dir='ltr'><strong>Geraldus</strong></span> <span class='ocrx_word' id='word_1_537' title='bbox 3001 3459 3147 3515; x_wconf 90' lang='lat' dir='ltr'><strong>illico</strong></span> <span class='ocrx_word' id='word_1_538' title='bbox 3169 3460 3421 3517; x_wconf 83' lang='lat' dir='ltr'><strong>indulsit.</strong></span> <span class='ocrx_word' id='word_1_539' title='bbox 3461 3461 3564 3517; x_wconf 90' lang='lat' dir='ltr'><strong>Sed</strong></span> <span class='ocrx_word' id='word_1_540' title='bbox 3584 3458 3737 3514; x_wconf 77' lang='lat' dir='ltr'><strong>milites</strong></span> 
     </span>
    </p>
   </div>
   <div class='ocr_carea' id='block_1_78' title="bbox 2207 3549 3739 3621">
    <p class='ocr_par' dir='ltr' id='par_1_78' title="bbox 2207 3549 3739 3621">
     <span class='ocr_line' id='line_1_78' title="bbox 2207 3549 3739 3621; baseline -0.003 -17"><span class='ocrx_word' id='word_1_541' title='bbox 2207 3550 2388 3606; x_wconf 88' lang='lat' dir='ltr'><strong>animo</strong></span> <span class='ocrx_word' id='word_1_542' title='bbox 2426 3550 2681 3606; x_wconf 84' lang='lat' dir='ltr'><strong>concitati</strong></span> <span class='ocrx_word' id='word_1_543' title='bbox 2728 3566 2872 3621; x_wconf 64' lang='lat' dir='ltr'><strong>aegre</strong></span> <span class='ocrx_word' id='word_1_544' title='bbox 2914 3549 3187 3615; x_wconf 88' lang='lat' dir='ltr'><strong>ferebant,</strong></span> <span class='ocrx_word' id='word_1_545' title='bbox 3236 3552 3282 3608; x_wconf 88' lang='lat' dir='ltr'><strong>si</strong></span> <span class='ocrx_word' id='word_1_546' title='bbox 3338 3552 3429 3609; x_wconf 83' lang='lat' dir='ltr'><strong>vel</strong></span> <span class='ocrx_word' id='word_1_547' title='bbox 3475 3553 3627 3608; x_wconf 88' lang='lat' dir='ltr'><strong>armis</strong></span> <span class='ocrx_word' id='word_1_548' title='bbox 3660 3564 3739 3603; x_wconf 80' lang='lat' dir='ltr'><strong>non</strong></span> 
     </span>
    </p>
   </div>
   <div class='ocr_carea' id='block_1_79' title="bbox 2206 3638 3736 3713">
    <p class='ocr_par' dir='ltr' id='par_1_79' title="bbox 2206 3638 3736 3713">
     <span class='ocr_line' id='line_1_79' title="bbox 2206 3638 3736 3713; baseline -0.004 -14"><span class='ocrx_word' id='word_1_549' title='bbox 2206 3642 2587 3713; x_wconf 87' lang='lat' dir='ltr'><strong>spoliarentur.</strong></span> <span class='ocrx_word' id='word_1_550' title='bbox 2634 3641 2868 3697; x_wconf 87' lang='lat' dir='ltr'><strong>luvaluit</strong></span> <span class='ocrx_word' id='word_1_551' title='bbox 2894 3649 3078 3698; x_wconf 87' lang='lat' dir='ltr'><strong>tamen</strong></span> <span class='ocrx_word' id='word_1_552' title='bbox 3110 3642 3288 3713; x_wconf 90' lang='lat' dir='ltr'><strong>pietas</strong></span> <span class='ocrx_word' id='word_1_553' title='bbox 3316 3641 3559 3703; x_wconf 86' lang='lat' dir='ltr'><strong>Geraldi,</strong></span> <span class='ocrx_word' id='word_1_554' title='bbox 3584 3651 3631 3713; x_wconf 80' lang='lat' dir='ltr'><strong>et</strong></span> <span class='ocrx_word' id='word_1_555' title='bbox 3650 3638 3736 3695; x_wconf 84' lang='lat' dir='ltr'><strong>illos</strong></span> 
     </span>
    </p>
   </div>
   <div class='ocr_carea' id='block_1_80' title="bbox 2205 3733 3735 3807">
    <p class='ocr_par' dir='ltr' id='par_1_80' title="bbox 2205 3733 3735 3807">
     <span class='ocr_line' id='line_1_80' title="bbox 2205 3733 3735 3807; baseline -0.005 -14"><span class='ocrx_word' id='word_1_556' title='bbox 2205 3737 2570 3807; x_wconf 80' lang='lat' dir='ltr'><strong>starecoegit,</strong></span> <span class='ocrx_word' id='word_1_557' title='bbox 2601 3737 2848 3804; x_wconf 55' lang='lat' dir='ltr'><strong>hostilius</strong></span> <span class='ocrx_word' id='word_1_558' title='bbox 2876 3752 3004 3791; x_wconf 87' lang='lat' dir='ltr'><strong>vero</strong></span> <span class='ocrx_word' id='word_1_559' title='bbox 3034 3751 3132 3806; x_wconf 90' lang='lat' dir='ltr'><strong>per</strong></span> <span class='ocrx_word' id='word_1_560' title='bbox 3170 3737 3515 3807; x_wconf 84' lang='lat' dir='ltr'><strong>angiportum</strong></span> <span class='ocrx_word' id='word_1_561' title='bbox 3543 3733 3735 3807; x_wconf 80' lang='lat' dir='ltr'><strong>fugienti-</strong></span> 
     </span>
    </p>
   </div>
   <div class='ocr_carea' id='block_1_81' title="bbox 2206 3827 3737 3899">
    <p class='ocr_par' dir='ltr' id='par_1_81' title="bbox 2206 3827 3737 3899">
     <span class='ocr_line' id='line_1_81' title="bbox 2206 3827 3737 3899; baseline -0.006 -14"><span class='ocrx_word' id='word_1_562' title='bbox 2206 3830 2307 3886; x_wconf 88' lang='lat' dir='ltr'><strong>bus</strong></span> <span class='ocrx_word' id='word_1_563' title='bbox 2332 3830 2534 3883; x_wconf 86' lang='lat' dir='ltr'><strong>aditum</strong></span> <span class='ocrx_word' id='word_1_564' title='bbox 2558 3828 2824 3899; x_wconf 84' lang='lat' dir='ltr'><strong>permisit.</strong></span> <span class='ocrx_word' id='word_1_565' title='bbox 2852 3827 2992 3895; x_wconf 86' lang='lat' dir='ltr'><strong>Quin</strong></span> <span class='ocrx_word' id='word_1_566' title='bbox 3014 3828 3177 3882; x_wconf 89' lang='lat' dir='ltr'><strong>etiam</strong></span> <span class='ocrx_word' id='word_1_567' title='bbox 3208 3828 3346 3883; x_wconf 91' lang='lat' dir='ltr'><strong>duos</strong></span> <span class='ocrx_word' id='word_1_568' title='bbox 3377 3828 3448 3884; x_wconf 85' lang='lat' dir='ltr'><strong>de</strong></span> <span class='ocrx_word' id='word_1_569' title='bbox 3471 3829 3579 3897; x_wconf 83' lang='lat' dir='ltr'><strong>suis</strong></span> <span class='ocrx_word' id='word_1_570' title='bbox 3604 3838 3737 3881; x_wconf 51' lang='lat' dir='ltr'><strong>aruis</strong></span> 
     </span>
    </p>
   </div>
   <div class='ocr_carea' id='block_1_82' title="bbox 2204 3916 3735 3988">
    <p class='ocr_par' dir='ltr' id='par_1_82' title="bbox 2204 3916 3735 3988">
     <span class='ocr_line' id='line_1_82' title="bbox 2204 3916 3735 3988; baseline -0.008 -12"><span class='ocrx_word' id='word_1_571' title='bbox 2204 3928 2292 3981; x_wconf 87' lang='lat' dir='ltr'><strong>tos</strong></span> <span class='ocrx_word' id='word_1_572' title='bbox 2319 3917 2628 3984; x_wconf 85' lang='lat' dir='ltr'><strong>constituit,</strong></span> <span class='ocrx_word' id='word_1_573' title='bbox 2651 3917 2742 3987; x_wconf 91' lang='lat' dir='ltr'><strong>qui</strong></span> <span class='ocrx_word' id='word_1_574' title='bbox 2770 3916 2896 3972; x_wconf 88' lang='lat' dir='ltr'><strong>hinc</strong></span> <span class='ocrx_word' id='word_1_575' title='bbox 2920 3916 3047 3980; x_wconf 88' lang='lat' dir='ltr'><strong>inde</strong></span> <span class='ocrx_word' id='word_1_576' title='bbox 3073 3924 3280 3972; x_wconf 88' lang='lat' dir='ltr'><strong>stantes</strong></span> <span class='ocrx_word' id='word_1_577' title='bbox 3314 3921 3666 3988; x_wconf 79' lang='lat' dir='ltr'><strong>procurarent,</strong></span> <span class='ocrx_word' id='word_1_578' title='bbox 3690 3925 3735 3964; x_wconf 84' lang='lat' dir='ltr'><strong>ne</strong></span> 
     </span>
    </p>
   </div>
   <div class='ocr_carea' id='block_1_83' title="bbox 2206 4008 3735 4084">
    <p class='ocr_par' dir='ltr' id='par_1_83' title="bbox 2206 4008 3735 4084">
     <span class='ocr_line' id='line_1_83' title="bbox 2206 4008 3735 4084; baseline -0.009 -15"><span class='ocrx_word' id='word_1_579' title='bbox 2206 4013 2402 4084; x_wconf 85' lang='lat' dir='ltr'><strong>aliquis</strong></span> <span class='ocrx_word' id='word_1_580' title='bbox 2431 4013 2497 4068; x_wconf 89' lang='lat' dir='ltr'><strong>de</strong></span> <span class='ocrx_word' id='word_1_581' title='bbox 2531 4008 2850 4081; x_wconf 84' lang='lat' dir='ltr'><strong>supellectili</strong></span> <span class='ocrx_word' id='word_1_582' title='bbox 2898 4010 3210 4065; x_wconf 75' lang='lat' dir='ltr'><strong>exeuntium</strong></span> <span class='ocrx_word' id='word_1_583' title='bbox 3260 4009 3555 4081; x_wconf 84' lang='lat' dir='ltr'><strong>quidquam</strong></span> <span class='ocrx_word' id='word_1_584' title='bbox 3594 4015 3735 4074; x_wconf 74' lang='lat' dir='ltr'><strong>rapere</strong></span> 
     </span>
    </p>
   </div>
   <div class='ocr_carea' id='block_1_84' title="bbox 2207 4101 3735 4177">
    <p class='ocr_par' dir='ltr' id='par_1_84' title="bbox 2207 4101 3735 4177">
     <span class='ocr_line' id='line_1_84' title="bbox 2207 4101 3735 4177; baseline -0.005 -16"><span class='ocrx_word' id='word_1_585' title='bbox 2207 4103 2659 4177; x_wconf 69' lang='lat' dir='ltr'><strong>przesumpsisset.</strong></span> <span class='ocrx_word' id='word_1_586' title='bbox 2686 4102 2763 4156; x_wconf 91' lang='lat' dir='ltr'><strong>lta</strong></span> <span class='ocrx_word' id='word_1_587' title='bbox 2800 4101 3066 4159; x_wconf 87' lang='lat' dir='ltr'><strong>Geraldus</strong></span> <span class='ocrx_word' id='word_1_588' title='bbox 3108 4103 3417 4158; x_wconf 82' lang='lat' dir='ltr'><strong>exturbatis</strong></span> <span class='ocrx_word' id='word_1_589' title='bbox 3443 4103 3633 4173; x_wconf 87' lang='lat' dir='ltr'><strong>absque</strong></span> <span class='ocrx_word' id='word_1_590' title='bbox 3647 4111 3735 4153; x_wconf 56' lang='lat' dir='ltr'><strong>san.</strong></span> 
     </span>
    </p>
   </div>
   <div class='ocr_carea' id='block_1_85' title="bbox 521 4190 3732 4270">
    <p class='ocr_par' dir='ltr' id='par_1_85' title="bbox 521 4190 3732 4270">
     <span class='ocr_line' id='line_1_85' title="bbox 521 4190 3732 4270; baseline -0.001 -23"><span class='ocrx_word' id='word_1_591' title='bbox 521 4191 774 4250; x_wconf 72' lang='lat' dir='ltr'><strong>Ieremia</strong></span> <span class='ocrx_word' id='word_1_592' title='bbox 830 4193 1094 4264; x_wconf 86' lang='lat' dir='ltr'><strong>propheta</strong></span> <span class='ocrx_word' id='word_1_593' title='bbox 1140 4192 1436 4256; x_wconf 82' lang='lat' dir='ltr'><strong>scribitur,</strong></span> <span class='ocrx_word' id='word_1_594' title='bbox 1489 4191 1575 4245; x_wconf 90' lang='lat' dir='ltr'><strong>nia</strong></span> <span class='ocrx_word' id='word_1_595' title='bbox 1607 4190 1869 4252; x_wconf 89' lang='lat' dir='ltr'><strong>Dominus</strong></span> <span class='ocrx_word' id='word_1_596' title='bbox 1897 4195 2097 4251; x_wconf 83' lang='lat' dir='ltr'><strong>celavit</strong></span> <span class='ocrx_word' id='word_1_597' title='bbox 2198 4197 2359 4270; x_wconf 77' lang='lat' dir='ltr'><strong>guine</strong></span> <span class='ocrx_word' id='word_1_598' title='bbox 2410 4193 2657 4249; x_wconf 89' lang='lat' dir='ltr'><strong>hostibus</strong></span> <span class='ocrx_word' id='word_1_599' title='bbox 2686 4191 3061 4262; x_wconf 83' lang='lat' dir='ltr'><strong>triumphavit.</strong></span> <span class='ocrx_word' id='word_1_600' title='bbox 3113 4191 3189 4245; x_wconf 88' lang='lat' dir='ltr'><strong>Ita</strong></span> <span class='ocrx_word' id='word_1_601' title='bbox 3218 4191 3477 4248; x_wconf 88' lang='lat' dir='ltr'><strong>Christus</strong></span> <span class='ocrx_word' id='word_1_602' title='bbox 3516 4202 3732 4251; x_wconf 76' lang='lat' dir='ltr'><strong>moresac</strong></span> 
     </span>
    </p>
   </div>
   <div class='ocr_carea' id='block_1_86' title="bbox 512 4281 2093 4349">
    <p class='ocr_par' dir='ltr' id='par_1_86' title="bbox 512 4281 2093 4349">
     <span class='ocr_line' id='line_1_86' title="bbox 512 4281 2093 4349; baseline 0.001 -10"><span class='ocrx_word' id='word_1_603' title='bbox 512 4284 639 4339; x_wconf 81' lang='lat' dir='ltr'><strong>eum</strong></span> <span class='ocrx_word' id='word_1_604' title='bbox 666 4296 682 4337; x_wconf 88' lang='lat'><strong>:</strong></span> <span class='ocrx_word' id='word_1_605' title='bbox 717 4282 792 4338; x_wconf 89' lang='lat' dir='ltr'><strong>ita</strong></span> <span class='ocrx_word' id='word_1_606' title='bbox 819 4295 876 4338; x_wconf 87' lang='lat' dir='ltr'><strong>et</strong></span> <span class='ocrx_word' id='word_1_607' title='bbox 901 4282 1045 4339; x_wconf 88' lang='lat' dir='ltr'><strong>hunc</strong></span> <span class='ocrx_word' id='word_1_608' title='bbox 1071 4281 1664 4349; x_wconf 85' lang='lat' dir='ltr'><strong>divinitusabscondit,</strong></span> <span class='ocrx_word' id='word_1_609' title='bbox 1692 4292 1751 4338; x_wconf 90' lang='lat' dir='ltr'><strong>ut</strong></span> <span class='ocrx_word' id='word_1_610' title='bbox 1780 4300 1901 4340; x_wconf 91' lang='lat' dir='ltr'><strong>cum</strong></span> <span class='ocrx_word' id='word_1_611' title='bbox 1931 4299 2093 4341; x_wconf 85' lang='lat' dir='ltr'><strong>omne</strong></span> 
     </span>
    </p>
   </div>
   <div class='ocr_carea' id='block_1_87' title="bbox 2200 4279 3716 4370">
    <p class='ocr_par' dir='ltr' id='par_1_87' title="bbox 2200 4279 3716 4370">
     <span class='ocr_line' id='line_1_87' title="bbox 2200 4279 3716 4370; baseline -0.009 -25"><span class='ocrx_word' id='word_1_612' title='bbox 2200 4285 2490 4370; x_wconf 82' lang='lat' dir='ltr'><strong>gloriosius</strong></span> <span class='ocrx_word' id='word_1_613' title='bbox 2509 4284 2733 4340; x_wconf 88' lang='lat' dir='ltr'><strong>militem</strong></span> <span class='ocrx_word' id='word_1_614' title='bbox 2756 4299 2913 4339; x_wconf 90' lang='lat' dir='ltr'><strong>suum</strong></span> <span class='ocrx_word' id='word_1_615' title='bbox 2939 4283 3051 4352; x_wconf 88' lang='lat' dir='ltr'><strong>ipsa</strong></span> <span class='ocrx_word' id='word_1_616' title='bbox 3081 4282 3413 4338; x_wconf 83' lang='lat' dir='ltr'><strong>adversitate</strong></span> <span class='ocrx_word' id='word_1_617' title='bbox 3436 4279 3716 4370; x_wconf 67' lang='lat' dir='ltr'><strong>nobilitavit.</strong></span> 
     </span>
    </p>
   </div>
   <div class='ocr_carea' id='block_1_88' title="bbox 510 4365 3732 4447">
    <p class='ocr_par' dir='ltr' id='par_1_88' title="bbox 510 4365 3732 4447">
     <span class='ocr_line' id='line_1_88' title="bbox 510 4365 3732 4447; baseline -0.001 -17"><span class='ocrx_word' id='word_1_618' title='bbox 510 4382 727 4447; x_wconf 85' lang='lat' dir='ltr'><strong>pratum</strong></span> <span class='ocrx_word' id='word_1_619' title='bbox 753 4390 851 4446; x_wconf 78' lang='lat' dir='ltr'><strong>per</strong></span> <span class='ocrx_word' id='word_1_620' title='bbox 879 4390 1070 4445; x_wconf 62' lang='lat' dir='ltr'><strong>gyrum</strong></span> <span class='ocrx_word' id='word_1_621' title='bbox 1094 4375 1498 4436; x_wconf 88' lang='lat' dir='ltr'><strong>discurrissent.</strong></span> <span class='ocrx_word' id='word_1_622' title='bbox 1545 4370 1601 4432; x_wconf 83' lang='lat' dir='ltr'><strong>et</strong></span> <span class='ocrx_word' id='word_1_623' title='bbox 1628 4392 1724 4445; x_wconf 89' lang='lat' dir='ltr'><strong>per</strong></span> <span class='ocrx_word' id='word_1_624' title='bbox 1744 4378 1978 4434; x_wconf 90' lang='lat' dir='ltr'><strong>medium</strong></span> <span class='ocrx_word' id='word_1_625' title='bbox 2008 4393 2088 4434; x_wconf 61' lang='lat' dir='ltr'><strong>re.</strong></span> <span class='ocrx_word' id='word_1_626' title='bbox 2122 4372 2169 4432; x_wconf 93' lang='lat' dir='ltr'><strong>D</strong></span> <span class='ocrx_word' id='word_1_627' title='bbox 2211 4365 2219 4370; x_wconf 74' lang='grc'><em>’</em></span> <span class='ocrx_word' id='word_1_628' title='bbox 2280 4373 2542 4431; x_wconf 74' lang='lat' dir='ltr'><strong>XXXVII.</strong></span> <span class='ocrx_word' id='word_1_629' title='bbox 2569 4372 2906 4430; x_wconf 83' lang='lat' dir='ltr'><strong>Godefredus</strong></span> <span class='ocrx_word' id='word_1_630' title='bbox 2931 4372 3020 4427; x_wconf 79' lang='lat' dir='ltr'><strong>iiie</strong></span> <span class='ocrx_word' id='word_1_631' title='bbox 3041 4372 3406 4428; x_wconf 81' lang='lat' dir='ltr'><strong>Torennensis</strong></span> <span class='ocrx_word' id='word_1_632' title='bbox 3434 4385 3607 4428; x_wconf 87' lang='lat' dir='ltr'><strong>comes</strong></span> <span class='ocrx_word' id='word_1_633' title='bbox 3634 4365 3732 4439; x_wconf 77' lang='grc'><strong>(96).</strong></span> 
     </span>
    </p>
   </div>
   <div class='ocr_carea' id='block_1_89' title="bbox 587 4488 2096 4575">
    <p class='ocr_par' dir='ltr' id='par_1_89' title="bbox 587 4488 2096 4575">
     <span class='ocr_line' id='line_1_89' title="bbox 587 4488 2096 4575; baseline -0.004 -28"><span class='ocrx_word' id='word_1_634' title='bbox 587 4488 895 4575; x_wconf 44' lang='grc' dir='ltr'><strong>ςθξχυλξᾴθ</strong></span> <span class='ocrx_word' id='word_1_635' title='bbox 940 4488 1229 4575; x_wconf 44' lang='lat' dir='ltr'><strong>iidemque</strong></span> <span class='ocrx_word' id='word_1_636' title='bbox 1269 4488 1854 4575; x_wconf 42' lang='lat' dir='ltr'><strong>gemes..Pictavien_sis</strong></span> <span class='ocrx_word' id='word_1_637' title='bbox 1884 4505 2096 4575; x_wconf 41' lang='lat' dir='ltr'><strong>u‘empe,</strong></span> 
     </span>
    </p>
   </div>
   <div class='ocr_carea' id='block_1_90' title="bbox 553 4558 2101 4628">
    <p class='ocr_par' dir='ltr' id='par_1_90' title="bbox 553 4558 2101 4628">
     <span class='ocr_line' id='line_1_90' title="bbox 553 4558 2101 4628; baseline -0.002 -11"><span class='ocrx_word' id='word_1_638' title='bbox 553 4558 609 4618; x_wconf 86' lang='lat' dir='ltr'><strong>ui</strong></span> <span class='ocrx_word' id='word_1_639' title='bbox 649 4558 751 4616; x_wconf 89' lang='lat' dir='ltr'><strong>fuit</strong></span> <span class='ocrx_word' id='word_1_640' title='bbox 780 4559 923 4614; x_wconf 81' lang='lat' dir='ltr'><strong>ﬁlius</strong></span> <span class='ocrx_word' id='word_1_641' title='bbox 950 4559 1241 4613; x_wconf 87' lang='lat' dir='ltr'><strong>Emenonis</strong></span> <span class='ocrx_word' id='word_1_642' title='bbox 1269 4558 1588 4628; x_wconf 77' lang='lat' dir='ltr'><strong>Engolisma:</strong></span> <span class='ocrx_word' id='word_1_643' title='bbox 1618 4559 1858 4614; x_wconf 84' lang='lat' dir='ltr'><strong>comitis.</strong></span> <span class='ocrx_word' id='word_1_644' title='bbox 1897 4558 2101 4614; x_wconf 68' lang='lat' dir='ltr'><strong>Auctor</strong></span> 
     </span>
    </p>
   </div>
   <div class='ocr_carea' id='block_1_91' title="bbox 512 4577 2098 4700">
    <p class='ocr_par' dir='ltr' id='par_1_91' title="bbox 512 4577 2098 4700">
     <span class='ocr_line' id='line_1_91' title="bbox 553 4577 2098 4628; baseline -0.002 -11"><span class='ocrx_word' id='word_1_645' title='bbox 553 4578 607 4618; x_wconf 87' lang='grc' dir='ltr'><strong>ιιι</strong></span> <span class='ocrx_word' id='word_1_646' title='bbox 649 4577 751 4616; x_wconf 88' lang='grc' dir='ltr'>ιιιιι</span> <span class='ocrx_word' id='word_1_647' title='bbox 780 4577 923 4614; x_wconf 89' lang='lat' dir='ltr'><strong>unus</strong></span> <span class='ocrx_word' id='word_1_648' title='bbox 950 4577 1241 4613; x_wconf 75' lang='lat' dir='ltr'><strong>mnenonrs</strong></span> <span class='ocrx_word' id='word_1_649' title='bbox 1270 4577 1588 4628; x_wconf 73' lang='lat' dir='ltr'><strong>ungonsma:</strong></span> <span class='ocrx_word' id='word_1_650' title='bbox 1618 4577 1858 4614; x_wconf 83' lang='lat' dir='ltr'><strong>comins.</strong></span> <span class='ocrx_word' id='word_1_651' title='bbox 1897 4577 2098 4614; x_wconf 72' lang='lat' dir='ltr'><strong>numer</strong></span> 
     </span>
     <span class='ocr_line' id='line_1_92' title="bbox 512 4577 2098 4700; baseline -0.004 -11"><span class='ocrx_word' id='word_1_652' title='bbox 512 4577 769 4689; x_wconf 48' lang='lat' dir='ltr'><strong>glistoriae</strong></span> <span class='ocrx_word' id='word_1_653' title='bbox 806 4629 1061 4686; x_wconf 88' lang='lat' dir='ltr'><strong>comitum</strong></span> <span class='ocrx_word' id='word_1_654' title='bbox 1105 4627 1592 4700; x_wconf 79' lang='lat' dir='ltr'><strong>Engolismensium</strong></span> <span class='ocrx_word' id='word_1_655' title='bbox 1625 4642 1639 4681; x_wconf 91' lang='lat'><strong>:</strong></span> <span class='ocrx_word' id='word_1_656' title='bbox 1687 4647 1706 4680; x_wconf 73' lang='grc' dir='ltr'><strong>ι</strong></span> <span class='ocrx_word' id='word_1_657' title='bbox 1742 4629 1943 4700; x_wconf 84' lang='lat' dir='ltr'><strong>Emeno</strong></span> <span class='ocrx_word' id='word_1_658' title='bbox 1972 4629 2098 4684; x_wconf 81' lang='lat' dir='ltr'><strong>reli-</strong></span> 
     </span>
    </p>
   </div>
   <div class='ocr_carea' id='block_1_92' title="bbox 514 4699 2099 4774">
    <p class='ocr_par' dir='ltr' id='par_1_92' title="bbox 514 4699 2099 4774">
     <span class='ocr_line' id='line_1_93' title="bbox 514 4699 2099 4774; baseline 0 -19"><span class='ocrx_word' id='word_1_659' title='bbox 514 4704 631 4774; x_wconf 81' lang='lat' dir='ltr'><strong>quit</strong></span> <span class='ocrx_word' id='word_1_660' title='bbox 649 4701 816 4757; x_wconf 85' lang='lat' dir='ltr'><strong>filium</strong></span> <span class='ocrx_word' id='word_1_661' title='bbox 843 4713 1087 4774; x_wconf 62' lang='lat' dir='ltr'><strong>parvum,</strong></span> <span class='ocrx_word' id='word_1_662' title='bbox 1112 4699 1329 4754; x_wconf 80' lang='lat' dir='ltr'><strong>nomine</strong></span> <span class='ocrx_word' id='word_1_663' title='bbox 1356 4699 1702 4774; x_wconf 53' lang='lat' dir='ltr'><strong>Aqua-marum,</strong></span> <span class='ocrx_word' id='word_1_664' title='bbox 1729 4699 1819 4767; x_wconf 90' lang='lat' dir='ltr'><strong>qui</strong></span> <span class='ocrx_word' id='word_1_665' title='bbox 1848 4715 2099 4774; x_wconf 60' lang='lat' dir='ltr'><strong>processu</strong></span> 
     </span>
    </p>
   </div>
   <div class='ocr_carea' id='block_1_93' title="bbox 516 4764 2097 4844">
    <p class='ocr_par' dir='ltr' id='par_1_93' title="bbox 516 4764 2097 4844">
     <span class='ocr_line' id='line_1_94' title="bbox 516 4764 2097 4844; baseline -0.002 -17"><span class='ocrx_word' id='word_1_666' title='bbox 516 4764 819 4844; x_wconf 65' lang='lat' dir='ltr'><strong>temporum</strong></span> <span class='ocrx_word' id='word_1_667' title='bbox 847 4764 1107 4844; x_wconf 56' lang='lat' dir='ltr'><strong>&#39;_P_ictavis</strong></span> <span class='ocrx_word' id='word_1_668' title='bbox 1150 4783 1333 4824; x_wconf 86' lang='lat' dir='ltr'><strong>comes</strong></span> <span class='ocrx_word' id='word_1_669' title='bbox 1380 4767 1605 4844; x_wconf 57' lang='lat' dir='ltr'><strong>euectus</strong></span> <span class='ocrx_word' id='word_1_670' title='bbox 1651 4764 1762 4823; x_wconf 67' lang='lat' dir='ltr'><strong>est.</strong></span> <span class='ocrx_word' id='word_1_671' title='bbox 1790 4789 1808 4820; x_wconf 78' lang='grc' dir='ltr'><strong>ι</strong></span> <span class='ocrx_word' id='word_1_672' title='bbox 1852 4764 2097 4844; x_wconf 64' lang='grc' dir='ltr'>Ἐίῐςξςιιιε</span> 
     </span>
    </p>
   </div>
   <div class='ocr_carea' id='block_1_94' title="bbox 516 4836 2092 4908">
    <p class='ocr_par' dir='ltr' id='par_1_94' title="bbox 516 4836 2092 4908">
     <span class='ocr_line' id='line_1_95' title="bbox 516 4836 2092 4908; baseline -0.004 -9"><span class='ocrx_word' id='word_1_673' title='bbox 516 4836 696 4899; x_wconf 72' lang='lat' dir='ltr'><strong>autern</strong></span> <span class='ocrx_word' id='word_1_674' title='bbox 742 4841 811 4895; x_wconf 88' lang='lat' dir='ltr'><strong>ab</strong></span> <span class='ocrx_word' id='word_1_675' title='bbox 838 4839 1025 4896; x_wconf 89' lang='lat' dir='ltr'><strong>Odone</strong></span> <span class='ocrx_word' id='word_1_676' title='bbox 1073 4853 1197 4908; x_wconf 82' lang='lat' dir='ltr'><strong>rege</strong></span> <span class='ocrx_word' id='word_1_677' title='bbox 1227 4848 1348 4908; x_wconf 86' lang='lat' dir='ltr'><strong>post</strong></span> <span class='ocrx_word' id='word_1_678' title='bbox 1390 4836 1613 4908; x_wconf 12' lang='lat' dir='ltr'><strong>Banuiﬁi</strong></span> <span class='ocrx_word' id='word_1_679' title='bbox 1647 4847 1895 4893; x_wconf 87' lang='lat' dir='ltr'><strong>mortem.</strong></span> <span class='ocrx_word' id='word_1_680' title='bbox 1950 4838 2092 4893; x_wconf 87' lang='lat' dir='ltr'><strong>Idem</strong></span> 
     </span>
    </p>
   </div>
   <div class='ocr_carea' id='block_1_95' title="bbox 517 4907 2095 5000">
    <p class='ocr_par' dir='ltr' id='par_1_95' title="bbox 517 4907 2095 5000">
     <span class='ocr_line' id='line_1_96' title="bbox 517 4907 2095 5000; baseline 0 0"><span class='ocrx_word' id='word_1_681' title='bbox 517 4922 711 5000; x_wconf 61' lang='grc' dir='ltr'>ξιιςιρτ</span> <span class='ocrx_word' id='word_1_682' title='bbox 735 4907 1156 5000; x_wconf 56' lang='lat' dir='ltr'><strong>.Pi‘9l9-l&#39;2§‘.i</strong></span> <span class='ocrx_word' id='word_1_683' title='bbox 1169 4907 1550 5000; x_wconf 63' lang='lat' dir='ltr'><strong>_:;A:‘3=1&#39;.er.&quot;§</strong></span> <span class='ocrx_word' id='word_1_684' title='bbox 1583 4907 2095 5000; x_wconf 51' lang='lat' dir='ltr'><strong>fillf&#39;s._El&#39;1?&#39;.‘.&quot;.i&#39;}§i</strong></span> 
     </span>
    </p>
   </div>
   <div class='ocr_carea' id='block_1_96' title="bbox 2208 4482 3731 4566">
    <p class='ocr_par' dir='ltr' id='par_1_96' title="bbox 2208 4482 3731 4566">
     <span class='ocr_line' id='line_1_97' title="bbox 2208 4482 3731 4566; baseline -0.006 -23"><span class='ocrx_word' id='word_1_685' title='bbox 2208 4484 2665 4566; x_wconf 57' lang='lat' dir='ltr'><strong>ri’tegrgssusgne</strong></span> <span class='ocrx_word' id='word_1_686' title='bbox 2695 4484 2966 4566; x_wconf 39' lang='lat' dir='ltr'><strong>ahpalatio</strong></span> <span class='ocrx_word' id='word_1_687' title='bbox 2991 4482 3254 4566; x_wconf 46' lang='grc' dir='ltr'><strong>ρξε’-(μίξας</strong></span> <span class='ocrx_word' id='word_1_688' title='bbox 3287 4483 3432 4566; x_wconf 63' lang='lat' dir='ltr'><strong>claui</strong></span> <span class='ocrx_word' id='word_1_689' title='bbox 3465 4482 3731 4566; x_wconf 55' lang='lat' dir='ltr'><strong>subductus!</strong></span> 
     </span>
    </p>
   </div>
   <div class='ocr_carea' id='block_1_97' title="bbox 2205 4550 3730 4623">
    <p class='ocr_par' dir='ltr' id='par_1_97' title="bbox 2205 4550 3730 4623">
     <span class='ocr_line' id='line_1_98' title="bbox 2205 4550 3730 4623; baseline -0.005 -11"><span class='ocrx_word' id='word_1_690' title='bbox 2205 4550 2372 4614; x_wconf 71' lang='lat' dir='ltr'><strong>lilium</strong></span> <span class='ocrx_word' id='word_1_691' title='bbox 2403 4550 2615 4618; x_wconf 75' lang='lat' dir='ltr'><strong>Ranulii</strong></span> <span class='ocrx_word' id='word_1_692' title='bbox 2651 4573 2681 4611; x_wconf 89' lang='lat' dir='ltr'><strong>a</strong></span> <span class='ocrx_word' id='word_1_693' title='bbox 2727 4550 2965 4610; x_wconf 85' lang='lat' dir='ltr'><strong>Pictavis</strong></span> <span class='ocrx_word' id='word_1_694' title='bbox 3000 4552 3270 4610; x_wconf 81' lang='lat' dir='ltr'><strong>Willelmo</strong></span> <span class='ocrx_word' id='word_1_695' title='bbox 3309 4554 3434 4614; x_wconf 83' lang='lat' dir='ltr'><strong>duci</strong></span> <span class='ocrx_word' id='word_1_696' title='bbox 3462 4550 3730 4623; x_wconf 67' lang='lat' dir='ltr'><strong>Aquitania?1</strong></span> 
     </span>
    </p>
   </div>
   <div class='ocr_carea' id='block_1_98' title="bbox 2202 4620 3732 4695">
    <p class='ocr_par' dir='ltr' id='par_1_98' title="bbox 2202 4620 3732 4695">
     <span class='ocr_line' id='line_1_99' title="bbox 2202 4620 3732 4695; baseline -0.005 -12"><span class='ocrx_word' id='word_1_697' title='bbox 2202 4628 2386 4683; x_wconf 90' lang='lat' dir='ltr'><strong>comiti</strong></span> <span class='ocrx_word' id='word_1_698' title='bbox 2431 4627 2687 4683; x_wconf 80' lang='lat' dir='ltr'><strong>Arvernis</strong></span> <span class='ocrx_word' id='word_1_699' title='bbox 2713 4625 2944 4681; x_wconf 89' lang='lat' dir='ltr'><strong>credidit</strong></span> <span class='ocrx_word' id='word_1_700' title='bbox 2978 4625 3353 4691; x_wconf 85' lang='lat' dir='ltr'><strong>nutriendum,</strong></span> <span class='ocrx_word' id='word_1_701' title='bbox 3381 4620 3538 4695; x_wconf 81' lang='lat' dir='ltr'><strong>cujus</strong></span> <span class='ocrx_word' id='word_1_702' title='bbox 3559 4620 3732 4693; x_wconf 84' lang='lat' dir='ltr'><strong>propin-</strong></span> 
     </span>
    </p>
   </div>
   <div class='ocr_carea' id='block_1_99' title="bbox 2242 4706 2560 4752">
    <p class='ocr_par' dir='ltr' id='par_1_99' title="bbox 2242 4706 2560 4752">
     <span class='ocr_line' id='line_1_100' title="bbox 2242 4706 2560 4752; baseline -0.006 0"><span class='ocrx_word' id='word_1_703' title='bbox 2242 4714 2343 4752; x_wconf 82' lang='lat' dir='ltr'><strong>llllS</strong></span> <span class='ocrx_word' id='word_1_704' title='bbox 2369 4706 2505 4751; x_wconf 87' lang='lat' dir='ltr'><strong>erat.</strong></span> <span class='ocrx_word' id='word_1_705' title='bbox 2541 4716 2560 4750; x_wconf 70' lang='grc' dir='ltr'><strong>ι</strong></span> 
     </span>
    </p>
   </div>
   <div class='ocr_carea' id='block_1_100' title="bbox 2204 4714 3731 4839">
    <p class='ocr_par' dir='ltr' id='par_1_100' title="bbox 2204 4714 3731 4839">
     <span class='ocr_line' id='line_1_101' title="bbox 2204 4714 3731 4839; baseline -0.005 -14"><span class='ocrx_word' id='word_1_706' title='bbox 2204 4714 2750 4839; x_wconf 19' lang='grc' dir='ltr'><strong>ημυέξϐῗνὲἓάέίηιιεω</strong></span> <span class='ocrx_word' id='word_1_707' title='bbox 2786 4764 2876 4820; x_wconf 82' lang='lat' dir='ltr'><strong>ille</strong></span> <span class='ocrx_word' id='word_1_708' title='bbox 2895 4764 3253 4839; x_wconf 67' lang='lat' dir='ltr'><strong>_T_orenneu_sis</strong></span> <span class='ocrx_word' id='word_1_709' title='bbox 3281 4780 3471 4839; x_wconf 60' lang='lat' dir='ltr'><strong>comes.</strong></span> <span class='ocrx_word' id='word_1_710' title='bbox 3512 4760 3731 4839; x_wconf 72' lang='lat' dir='ltr'><strong>Toreana.</strong></span> 
     </span>
    </p>
   </div>
   <div class='ocr_carea' id='block_1_101' title="bbox 2204 4830 3729 4902">
    <p class='ocr_par' dir='ltr' id='par_1_101' title="bbox 2204 4830 3729 4902">
     <span class='ocr_line' id='line_1_102' title="bbox 2204 4830 3729 4902; baseline -0.006 -9"><span class='ocrx_word' id='word_1_711' title='bbox 2204 4830 2317 4893; x_wconf 77' lang='lat' dir='ltr'><strong>sive</strong></span> <span class='ocrx_word' id='word_1_712' title='bbox 2346 4830 2595 4892; x_wconf 50' lang='lat' dir='ltr'><strong>&#39;I‘urenua</strong></span> <span class='ocrx_word' id='word_1_713' title='bbox 2623 4877 2637 4902; x_wconf 88' lang='lat'><strong>,</strong></span> <span class='ocrx_word' id='word_1_714' title='bbox 2689 4835 3017 4892; x_wconf 83' lang='lat' dir='ltr'><strong>Lemoviciui</strong></span> <span class='ocrx_word' id='word_1_715' title='bbox 3067 4834 3323 4890; x_wconf 87' lang='lat' dir='ltr'><strong>territorii</strong></span> <span class='ocrx_word' id='word_1_716' title='bbox 3370 4833 3498 4889; x_wconf 84' lang='lat' dir='ltr'><strong>urbs</strong></span> <span class='ocrx_word' id='word_1_717' title='bbox 3519 4873 3535 4896; x_wconf 85' lang='lat'><strong>,</strong></span> <span class='ocrx_word' id='word_1_718' title='bbox 3576 4830 3633 4885; x_wconf 87' lang='lat' dir='ltr'><strong>de</strong></span> <span class='ocrx_word' id='word_1_719' title='bbox 3654 4840 3729 4894; x_wconf 66' lang='lat' dir='ltr'><strong>qui</strong></span> 
     </span>
    </p>
   </div>
   <div class='ocr_carea' id='block_1_102' title="bbox 2205 4904 3731 5000">
    <p class='ocr_par' dir='ltr' id='par_1_102' title="bbox 2205 4904 3731 5000">
     <span class='ocr_line' id='line_1_103' title="bbox 2205 4904 3731 5000; baseline -0.003 -39"><span class='ocrx_word' id='word_1_720' title='bbox 2205 4904 2483 5000; x_wconf 46' lang='lat' dir='ltr'><strong>iApse&#39;pdo,</strong></span> <span class='ocrx_word' id='word_1_721' title='bbox 2533 4906 2670 5000; x_wconf 57' lang='lat' dir='ltr'><strong>infra</strong></span> <span class='ocrx_word' id='word_1_722' title='bbox 2714 4922 2838 5000; x_wconf 63' lang='lat' dir='ltr'><strong>cap.</strong></span> <span class='ocrx_word' id='word_1_723' title='bbox 2876 4906 2949 5000; x_wconf 62' lang='lat'><strong>49</strong></span> <span class='ocrx_word' id='word_1_724' title='bbox 2990 4922 3002 4958; x_wconf 93' lang='lat'>:</span> <span class='ocrx_word' id='word_1_725' title='bbox 3041 4925 3058 4957; x_wconf 75' lang='grc' dir='ltr'><strong>ι</strong></span> <span class='ocrx_word' id='word_1_726' title='bbox 3092 4905 3342 5000; x_wconf 72' lang='lat' dir='ltr'><strong>Testatur</strong></span> <span class='ocrx_word' id='word_1_727' title='bbox 3378 4904 3493 4984; x_wconf 66' lang='grc' dir='ltr'><strong>Ἰιοο</strong></span> 
     </span>
    </p>
   </div>
   <div class='ocr_carea' id='block_1_103' title="bbox 3358 4969 3731 5000">
    <p class='ocr_par' dir='ltr' id='par_1_103' title="bbox 3358 4969 3731 5000">
     <span class='ocr_line' id='line_1_104' title="bbox 3358 4969 3731 5000; baseline 0 0"><span class='ocrx_word' id='word_1_728' title='bbox 3358 4973 3389 5000; x_wconf 72' lang='grc' dir='ltr'><strong>,ε</strong></span> <span class='ocrx_word' id='word_1_729' title='bbox 3426 4969 3560 5000; x_wconf 63' lang='grc' dir='ltr'><strong>ιη...]</strong></span> <span class='ocrx_word' id='word_1_730' title='bbox 3584 4969 3604 5000; x_wconf 78' lang='grc' dir='ltr'><strong>Ι</strong></span> <span class='ocrx_word' id='word_1_731' title='bbox 3621 4979 3731 5000; x_wconf 69' lang='grc' dir='ltr'><strong>..ωη-</strong></span> 
     </span>
    </p>
   </div>
   <div class='ocr_carea' id='block_1_104' title="bbox 2958 4990 3181 5000">
    <p class='ocr_par' dir='ltr' id='par_1_104' title="bbox 2958 4990 3181 5000">
     <span class='ocr_line' id='line_1_105' title="bbox 2958 4990 3181 5000; baseline 0 0"><span class='ocrx_word' id='word_1_732' title='bbox 2958 4990 3040 5000; x_wconf 57' lang='grc' dir='ltr'><strong>..ΔΑ</strong></span> <span class='ocrx_word' id='word_1_733' title='bbox 3050 4993 3075 5000; x_wconf 69' lang='grc' dir='ltr'>.ι</span> <span class='ocrx_word' id='word_1_734' title='bbox 3086 4993 3109 5000; x_wconf 69' lang='grc' dir='ltr'>.ι</span> <span class='ocrx_word' id='word_1_735' title='bbox 3121 4990 3181 5000; x_wconf 68' lang='grc' dir='ltr'><strong>Αι-</strong></span> 
     </span>
    </p>
   </div>
  </div>
