3964 5360
184 208 291 275 665

928 229 1015 286 DE
1056 231 1213 288 VITA
1256 233 1312 290 S.
1352 235 1653 293 GERALDI
1689 237 1968 299 COMITIS
2005 245 2619 316 AURILIAC.—'LIB.
2661 258 2702 314 l.

3335 266 3449 323 660i

181 324 422 440 qua‘dam
451 329 587 433 vice,
620 333 845 391 collecto
893 339 1125 396 militum
1184 346 1419 415 agmine,
1467 345 1772 409 festinabat,
1796 355 1848 412 Α
1870 355 2303 430 vociferantium,
2346 367 2546 425 milites
2582 370 2675 440 qui
2705 371 2772 427 ad
2810 372 3031 429 missam
3058 389 3183 431 cum
3225 377 3443 432 seniore

181 424 243 471 ut
282 416 428 476 hunc
475 422 652 479 virum
710 426 803 481 Dei
846 428 1094 507 bellando
1151 433 1465 506 lacessiret,
1507 446 1600 492 aut
1647 452 1769 507 qua:

180 515 341 599 erant
366 506 509 585 juris
534 511 677 569 itlius
704 506 1033 581 devastaret.
1064 520 1304 593 Contigit
1324 535 1529 593 autem,
1562 536 1620 585 ut
1651 506 1768 599 ipso

182 595 368 665 gladio
396 614 508 677 quo
541 616 601 658 se
649 611 1090 681 armaverat,‘ita
1138 613 1533 682 vulneraretur,
1570 627 1635 683 ut
1671 595 1767 673 ar-

183 696 404 757 reptum
435 690 540 748 iter
559 709 902 766 nequaquam
945 701 1164 775 explere
1192 713 1393 774 posset.
1421 705 1522 775 Qui
1551 709 1767 766 tandem

180 775 497 852 intelligens
516 786 659 855 quod
695 786 766 843 ob
792 788 1047 859 iniuriam
1076 793 1180 848 viri
1205 794 1301 850 Dei
1329 796 1644 854 vulneratus
1670 800 1764 867 sit,

179 880 215 921 a
268 869 479 932 malitia
510 888 607 929 sua
629 879 886 944 ceSSavit,
915 882 1108 938 merito
1144 882 1248 938 sibi
1285 884 1417 940 illud
1472 887 1765 951 Mosaicum

176 962 475 1023 convenire
498 968 867 1038 conspiciens:
895 970 1189 1046 Fugiaums
1210 974 1487 1045 Israelem,
1510 979 1765 1044 Dominus

173 1052 325 1111 enim
341 1066 539 1125 pugnat
559 1074 654 1127 pro
683 1060 756 1114 eis
782 1071 966 1116 contra
1011 1080 1105 1119 nos
1132 1062 1330 1137 (Exod.
1357 1084 1470 1136 XIV,
1496 1070 1616 1142 25).

247 1142 537 1203 XXXVIII.
564 1148 829 1221 Oppidum
854 1153 1227 1222 nihilominus,
1257 1159 1403 1227 quod
1434 1162 1766 1223 monasterio

170 1237 612 1313 superimminet,
672 1240 844 1299 frater
891 1246 1136 1315 priedicti
1205 1248 1461 1304 Ademari
1518 1252 1765 1311 clanculo

170 1325 414 1411 irrepsit.
450 1330 558 1387 Sed
583 1334 708 1403 quia
744 1334 857 1406 iam
892 1339 1281 1408 experimentis
1310 1341 1540 1398 aliorum
1563 1345 1764 1402 didice-

165 1426 258 1481 rat
285 1420 433 1489 quod
481 1414 764 1491 Geraldus,
813 1426 923 1483 Deo
952 1443 1050 1499 pro
1098 1445 1157 1485 se
1198 1442 1495 1503 pugnante,
1546 1451 1762 1507 semper

166 1508 425 1569 hostibus
443 1515 784 1584 praevaleret,
820 1534 926 1575 non
954 1536 1117 1578 ausus
1138 1533 1222 1578 est
1260 1524 1454 1581 ibidem
1478 1529 1759 1585 remorari.

167 1599 393 1669 Tamen,
441 1603 638 1663 ablatis
686 1609 936 1666 omnibus
986 1627 1108 1683 quae
1172 1616 1439 1685 asportari
1488 1627 1757 1687 poterant,

1866 459 2042 515 erant,
2076 454 2294 515 exsilire
2318 458 2588 516 volebant.
2628 461 2775 530 Quos
2821 464 2911 525 ille
2951 469 3307 527 sermonibus.
3331 469 3433 526 fre-

1865 539 1965 609 git,
1990 549 2046 598 et
2063 543 2236 601 donec
2290 561 2427 617 opus
2484 550 2580 605 Dei
2641 552 3035 623 compleretur._
3096 573 3438 629 nequaquam

1865 629 2017 685 exire
2068 635 2335 702 permisit.
2387 639 2606 694 interim
2656 655 2803 707 vero,
2851 645 3110 705 satellites
3171 647 3438 709 Adalclmi

1866 721 2127 777 ambitum
2164 726 2370 782 castelli
2415 740 2806 802 pervagantes.
2844 745 3051 805 septem
3108 752 3276 815 equos
3325 750 3415 796 tan

1866 822 1981 877 tum
2017 826 2356 886 repererunt,
2385 836 2521 891 quos
2570 830 2626 878 et
2674 825 2990 896 abegeruni.
3046 827 3113 883 Et
3157 829 3441 886 confestim

1866 905 2136 962 incassum
2164 924 2223 963 se
2252 908 2514 981 irrupisse
2537 913 3015 986 videntes,pudore
3042 919 3169 984 acti,
3196 935 3442 977 remeare

1864 1008 2168 1067 coeperunt.
2199 1000 2394 1057 Fertur
2422 1012 2603 1060 autem
2641 1006 2785 1076 quod
2829 1007 2911 1061 vir
2944 1006 3180 1073 Domini,
3219 1009 3441 1065 retentis

1864 1090 2147 1159 militibus,
2201 1109 2363 1165 supra
2413 1106 2624 1167 portam
2678 1107 2893 1173 sumpto
2944 1101 3206 1171 psalterio
3262 1101 3441 1159 conci-

1865 1190 1951 1244 tus
1985 1184 2314 1250 ascenderit,
2337 1193 2392 1241 et
2437 1188 2622 1249 nescio
2680 1190 2812 1259 quid
2863 1205 2895 1246 e
2942 1190 3166 1260 psalmis
3211 1190 3441 1247 Domino

1863 1273 2254 1331 decantaverit.
2310 1275 2483 1333 Porro
2535 1287 2795 1353 tyrannus
2830 1319 2845 1347 ,
2903 1280 2996 1353 qui
3073 1295 3305 1337 maerere
3346 1295 3442 1335 cor

1856 1362 1988 1433 iusti
2012 1362 2473 1432 fecerat,la:tatus
2519 1336 2861 1443 nequaquam
2920 1371 3098 1427 redire
3144 1370 3444 1442 permissus

1864 1463 1968 1510 est.
1994 1454 2129 1523 Mira
2172 1457 2418 1515 dicturus
2461 1470 2701 1528 sum,,et,
2734 1477 2879 1533 pene
2915 1462 3279 1528 incredibilia,
3335 1461 3441 1517 nisi

1862 1543 1978 1600 haec
2008 1558 2038 1598 a
2074 1552 2212 1602 teste
2236 1548 2369 1604 satis
2396 1548 3043 1620 idonebperhiberentur.
3075 1550 3211 1605 Nam
3237 1551 3302 1607 de
3341 1565 3439 1606 ca-

1861 1635 2019 1692 ballis
2042 1652 2230 1695 eorum
2253 1636 2426 1698 ferme
2450 1640 2730 1712 sexaginta
2750 1641 2850 1697 sub
2899 1641 3050 1697 brevi
3092 1642 3266 1712 spatio
3308 1649 3443 1697 tem-

165 1693 422 1759 concitus
449 1695 675 1769 aufugit.
703 1697 815 1763 Nec
842 1702 1068 1769 multum
1098 1719 1228 1760 vero
1258 1714 1402 1775 post,
1433 1708 1752 1778 quibusdam

1865 1726 2006 1795 poris
2032 1727 2294 1784 exstincti.
2339 1738 2488 1787 sunt.
2538 1693 2870 1791 Ardelelmus'
2896 1739 3077 1786 autem
3119 1693 3442 1801 postquar-

164 1786 419 1851 honestis
444 1790 577 1847 viris
612 1807 734 1851 sese
764 1795 834 1853 ob
861 1796 1002 1863 illius
1048 1799 1305 1866 facinoris
1328 1817 1546 1856 causam
1574 1800 1756 1869 obiur-

164 1881 429 1953 gantibus
459 1894 655 1945 cuncta
711 1887 963 1955 reddidit,
995 1899 1049 1946 et
1076 1893 1144 1947 ad
1173 1894 1348 1957 virum
1380 1893 1473 1949 Dei
1510 1894 1754 1961 veniens,

164 1968 563 2042 indulgentiam
611 1990 711 2054 pro
773 1992 870 2032 sua
929 1982 1233 2045 temeritate
1288 1983 1599 2054 postulavit.
1634 1983 1754 2038 Jam

159 2060 314 2126 enim
357 2063 502 2134 apud
550 2080 761 2133 omnes,
797 2069 889 2139 qui
939 2085 999 2126 se
1045 2081 1328 2140 noverant,
1360 2082 1566 2132 tantam
1600 2088 1755 2129 reve-

162 2153 406 2211 rentiam
445 2155 748 2224 obtinebat,
798 2167 856 2214 ut
897 2162 1145 2232 quisquis
1167 2180 1291 2219 eum
1322 2165 1567 2231 Iazsisset,
1602 2165 1756 2236 quasi

163 2243 519 2316 sacrilegium
572 2247 811 2317 fecisset,
841 2266 946 2306 non
978 2251 1078 2308 sibi
1108 2254 1160 2308 in
1198 2270 1519 2327 prosperum
1561 2257 1757 2313 cedere

163 2344 355 2391 certus
378 2346 545 2393 esset.
591 2336 735 2394 Sane
763 2343 1011 2411 quamvis
1062 2343 1158 2398 ﬁlii
1192 2346 1538 2402 tenebrarum
1577 2355 1631 2402 et
1661 2362 1758 2417 per

164 2426 275 2483 ista
317 2444 441 2500 qua:
492 2435 1063 2503 commemoravimus,
1102 2447 1157 2494 et
1192 2456 1288 2510 per
1332 2441 1436 2496 alia
1481 2441 1648 2497 multa
1692 2442 1755 2497 fi-

162 2516 304 2583 lium
335 2518 474 2577 lucis
504 2521 912 2595 inquietarent;
937 2526 1029 2584 ille
1060 2538 1239 2586 tamen
1282 2533 1588 2605 ubicunque
1608 2543 1759 2606 pote-

164 2620 566 2684 rat,pauperes
604 2617 744 2681 tueri
781 2633 889 2686 non
923 2620 1229 2686 omittebat.
1278 2622 1375 2691 llis
1402 2625 1546 2684 enim
1576 2625 1666 2703 qui
1699 2640 1759 2681 se

163 2704 464 2773 latebant,
494 2715 604 2775 tam
636 2707 794 2770 facile
825 2711 1157 2782 ignoscebat,
1181 2722 1240 2768 ut
1261 2723 1482 2784 putares
1504 2715 1646 2792 quod
1671 2714 1759 2772 ille

163 2794 346 2866 magis
372 2795 653 2866 ignoscere
704 2815 866 2870 quam
898 2801 973 2856 illi
1024 2803 1224 2871 vellent
1258 2805 1620 2860 reconciliari.
1653 2805 1759 2859 Du-

172 2885 293 2941 rior
326 2885 405 2941 illi
446 2901 611 2947 causa
650 2905 749 2958 pro
793 2892 1122 2970 pauperibus
1150 2904 1368 2965 semper
1414 2903 1551 2960 erat,
1595 2910 1757 2966 quam

167 2977 357 3041 anima
406 2977 525 3063 eius
563 2979 684 3062 illis
732 2983 1186 3059 compatiehatur,
1228 2984 1553 3056 faciliusque
1603 2971 1754 3041 suam

1858 1828 1971 1874 tum
2013 1820 2283 1876 decimum
2314 1820 2477 1889 diem,
2510 1829 2621 1877 tam
2653 1822 2964 1877 terribiliter
2997 1821 3151 1889 obiit,
3181 1828 3240 1876 ut
3278 1835 3441 1877 omne

1856 1909 1946 1964 ubi
1973 1908 2204 1980 iaceret,
2255 1912 2415 1968 turbo
2459 1911 2755 1968 vehemens
2797 1911 3206 1982 discooperiret.
3250 1909 3445 1966 Testa-

1858 2007 1945 2054 tur
1971 2001 2077 2056 hoc
2103 2017 2342 2072 przesens
2372 2002 2698 2060 Adalbertus
2719 2002 3151 2076 [Madalbertus],
3180 2001 3270 2057 ille
3288 2001 3443 2057 vide-

1857 2091 1983 2153 licet
2011 2094 2309 2149 monachus
2357 2094 2447 2164 ἰιιὶ
2505 2094 2649 2165 apud
2704 2094 3024 2149 Lemovicas
3078 2093 3301 2148 verbum
3345 2089 3443 2146 Dei
3533 2126 3548 2139 .

1857 2185 1992 2242 solet
2033 2184 2232 2255 populo
2274 2184 2593 2255 praedicare.
2638 2184 2978 2240 Thesaurum
3028 2183 3228 2254 quippe
3266 2180 3444 2239 sancti

1858 2276 2117 2332 Martialis
2153 2275 2416 2332 Torennaa
2461 2275 2820 2342 custodiebat,
2850 2276 2944 2346 qui
2966 2272 3200 2346 'pridem
3226 2274 3297 2329 ob
3329 2286 3448 2329 me-

1858 2358 1971 2423 tum
2001 2383 2223 2439 pagana:
2259 2367 2436 2435 gentis
2456 2366 2568 2422 illic
2607 2365 2786 2421 fuerat
2831 2366 3167 2437 deportatus.
3222 2362 3445 2419 Ablato-

1857 2474 1948 2516 res
1982 2467 2164 2513 autem
2188 2457 2263 2513 illi
2293 2457 2537 2513 videntes
2565 2456 2709 2527 quod
2744 2457 3015 2513 acciderat
3041 2495 3069 2523 ,_
3100 2453 3307 2512 homini
3345 2453 3446 2510 Dei

1858 2567 1986 2607 suos
2013 2564 2187 2621 equos
2208 2549 2560 2605 remiserunt.

1928 2641 2041 2708 XL.
2066 2640 2460 2711 Nonnunquam
2482 2640 2681 2697 invitus
2709 2640 3003 2711 cogebatur
3049 2636 3304 2709 potentia:
3332 2646 3444 2691 sua!

1858 2734 2005 2809 vires
2031 2748 2282 2798 exerere,
2313 2740 2368 2789 et
2392 2746 2681 2803 pravorum
2713 2731 2982 2787 cervicem
3006 2730 3061 2785 vi
3090 2728 3288 2784 bellica
3318 2742 3442 2782 cur-

1860 2840 2011 2891 vare,
2043 2825 2185 2880 sicut
2208 2823 2459 2879 videlicet
2491 2810 2673 2880 actum
2700 2832 2785 2879 est
2808 2822 2877 2879 de
2905 2820 3141 2892 quodam
3206 2818 3443 2890 pessimo

1860 2916 2101 2982 homine,
2140 2915 2230 2985 qui
2261 2915 2558 2970 vocabatur
2581 2913 2855 2970 Arlaldus.
2885 2911 2936 2968 is
2964 2924 3198 2982 namque
3222 2906 3445 2964 tenebat
3544 2906 3551 2911 ’

1862 3007 2132 3079 quoddam
2157 3005 2493 3077 oppidulum,
2529 3005 2674 3075 quod
2700 3003 2903 3060 dicitur
2931 3001 2999 3058 ad
3046 3008 3297 3057 sanctum
3345 2995 3448 3052 Se-

163 3069 447 3142 negligere
494 3087 714 3128 causam
767 3084 982 3144 p0terat
1023 3091 1184 3158 quam
1218 3075 1457 3139 illorum.
1501 3077 1571 3133 Ut
1610 3078 1756 3132 enim

1865 3069 2053 3154 renum
2083 3140 2099 3164 ,
2142 3069 2211 3161 exi
2257 3112 2364 3169 quo
2423 3096 2653 3159 scilicet.
2698 3094 2853 3166 quasi
2898 3093 3059 3163 lupus
3101 3087 3449 3161 vespertinus.

162 3161 537 3230 peritissimus
571 3163 789 3233 quidam
830 3167 1091 3231 medicus,
1124 3167 1215 3237 qui
1252 3166 1391 3223 forte
1442 3167 1757 3227 vulneratus

162 3251 339 3331 iacet,
376 3252 610 3309 aliorum
648 3256 960 3312 vulneribus
1005 3259 1211 3314 mederi
1247 3260 1498 3333 studeat:
1529 3260 1608 3316 sic
1657 3262 1762 3317 iste

166 3344 300 3399 dum
360 3345 672 3415 laederetur,
711 3358 891 3405 tamen
942 3351 1170 3423 impotes
1201 3354 1340 3409 tueri
1383 3369 1490 3410 non
1536 3355 1758 3411 omitte-

163 3435 284 3507 bat.

240 3525 489 3599 XXXIX.
525 3530 650 3585 Suis
699 3531 963 3603 siquidem
993 3533 1227 3592 inimicis
1257 3537 1333 3592 ita
1381 3537 1759 3609 insuperabilis

163 3625 309 3684 erat,
355 3626 418 3672 ut
458 3620 672 3690 malum
708 3621 758 3676 in
787 3610 884 3679 eos
928 3626 1109 3694 potius
1155 3627 1505 3693 redundaret,
1533 3631 1676 3699 quod
1703 3631 1754 3686 ei

164 3717 485 3789 perstruere
517 3712 859 3780 molirentur.
889 3699 1043 3783 Quod
1069 3731 1137 3773 ex
1156 3718 1479 3795 quibusdam
1507 3720 1761 3789 superius

165 3800 384 3869 relatis,
432 3810 490 3858 et
536 3818 609 3868 ex,
652 3807 905 3874 presenti
968 3807 1233 3878 probatur
1303 3809 1553 3879 exemplo
1621 3811 1757 3882 (97).

164 3896 368 3953 Frater
430 3897 684 3967 Ademari
732 3901 948 3957 comitis
989 3885 1320 3972 Adalclmus,
1363 3913 1564 3984 praeter
1611 3904 1757 3969 illam

170 3988 437 4059 iniuriam
512 4006 672 4061 quam
723 3993 897 4048 cidem
965 3994 1163 4051 domno
1222 3994 1452 4051 Geraldo
1516 3995 1761 4065 fecerat,

166 4098 298 4139 cum
349 4082 736 4140 Aureliacense
777 4095 1016 4143 castrum
1057 4097 1395 4157 pervaserat,
1427 4107 1588 4161 quam
1611 4090 1761 4146 vide-

140 4176 300 4247 licet
323 4176 580 4247 iniuriam
613 4177 727 4248 ipse
757 4171 988 4238 libenter
1014 4178 1063 4233 ei
1101 4179 1417 4247 indulserat,
1454 4177 1637 4237 adhuc
1676 4189 1759 4236 ta»

168 4284 301 4323 men
350 4266 469 4341 eius
513 4268 720 4338 malitia
765 4267 1067 4335 furebatur,
1097 4277 1151 4325 et
1178 4271 1247 4326 ad
1287 4270 1559 4341 iussionem
1586 4270 1761 4335 sancti

166 4356 277 4413 viri
312 4339 671 4429 pertinaciter
696 4358 1073 4433 instigabatur.
1102 4359 1344 4426 Collecto
1377 4339 1560 4432 itaciue
1597 4362 1761 4417 satel-

170 4449 334 4505 litum
383 4464 559 4506 cuneo
585 4492 600 4517 ,
650 4463 892 4508 castrum
922 4494 936 4518 ,
984 4452 1129 4523 quod
1169 4462 1297 4510 tunc
1337 4454 1479 4511 forte
1534 4456 1764 4513 domnus

175 4539 446 4597 Geraldus
492 4541 779 4596 missarum
817 4543 1096 4600 solemniis
1139 4545 1420 4613 intererat,
1464 4546 1767 4617 irrumpere

173 4634 429 4689 tentavit.
470 4633 577 4691 Sed
600 4635 674 4690 illi
705 4636 922 4706 quidem
953 4638 1044 4707 qui
1085 4638 1385 4695 forinsecus
1411 4651 1589 4706 erant,
1613 4640 1764 4696 illum

172 4723 229 4778 in
277 4738 517 4796 praeceps
557 4725 907 4796 gradientem,
936 4727 1150 4787 eminus
1194 4730 1514 4801 conspicati,
1545 4739 1761 4802 portam

176 4824 403 4887 repente
443 4817 777 4874 clausierunt.
817 4816 986 4875 Facto
1014 4830 1209 4883 autem.
1227 4822 1457 4893 strepitu
1487 4821 1540 4877 in
1581 4830 1779 4885 castro,

176 4926 449 5000 cumcirca
479 4928 532 4984 in
568 4929 674 4984 illis
708 4929 1015 4999 regionibus
1061 4933 1321 4989 exercuit.
1371 4931 1757 5000 Quamobrem,

177 4998 403 5073 veniens
433 4998 735 5073 Ludovicus
760 4998 930 5073 usque
956 5000 1221 5067 Turonos,
1246 4998 1612 5073 satagentibus
1641 4998 1767 5071 quié

178 5068 409 5122 busdam
439 5068 764 5138 consiliariis
791 5070 905 5124 suis
928 5112 943 5136 ,
980 5081 1035 5125 et
1071 5073 1259 5127 amicis
1286 5068 1524 5128 Goifridi
1550 5114 1564 5138 ,
1616 5068 1765 5127 venit

181 5139 247 5199 al
281 5151 405 5197 eum
442 5139 540 5206 iste
575 5136 869 5196 Gozfridus
898 5141 1170 5197 adducens
1205 5156 1385 5197 secum
1423 5136 1565 5198 filius
1594 5158 1758 5196 suos:

179 5222 241 5260 ea
271 5208 569 5279 conditione
619 5217 683 5262 ut
733 5208 1007 5279 eaStellum
1050 5220 1105 5266 et
1136 5212 1365 5266 honores
1390 5227 1527 5279 quos
1553 5214 1761 5267 invase-

178 5283 308 5352 rant
336 5275 596 5352 Ludovico
638 5276 756 5352 regi
788 5279 1089 5346 redderent,
1120 5292 1176 5336 et
1203 5292 1383 5351 postea
1408 5275 1518 5348 'per
1541 5296 1763 5337 conres-

1863 3189 2169 3261 egrediens,
2208 3187 2534 3258 irruptiones
2572 3185 2806 3243 faciebat
2835 3184 2888 3240 in
2941 3182 3205 3239 familiam
3257 3179 3446 3237 domui

1860 3279 2100 3339 Geraldi.
2133 3279 2266 3335 Cum
2289 3277 2505 3349 quidem
2536 3276 2625 3339 ille
2645 3277 2786 3331 sicut
2810 3274 3071 3353 pacificus
3111 3271 3442 3344 loquebatur

1861 3372 1911 3426 ei
1932 3371 2025 3442 qui
2051 3371 2238 3433 oderat
2263 3384 2472 3439 pacem,
2498 3368 2627 3441 quin
2658 3366 2819 3423 etiam
2851 3365 3098 3437 qumdam
3119 3360 3444 3420 munuscula

1862 3460 2135 3516 tribuebat
2160 3459 2234 3523 ei,
2263 3466 2318 3513 et
2338 3462 2490 3518 arma
2515 3456 2838 3522 militaribus
2865 3464 2992 3535 apta
3017 3494 3032 3520 ,
3063 3463 3336 3524 quatenus
3364 3450 3445 3507 fe-

1861 3552 2010 3606 rinos
2030 3549 2147 3619 eius
2173 3563 2354 3604 mores
2390 3563 2489 3618 per
2515 3547 2777 3609 beneficia
2811 3546 3084 3611 deliniret.
3111 3543 3218 3599 Sed
3244 3542 3443 3599 stultus

1862 3641 2025 3696 homo
2055 3655 2119 3695 ac
2149 3641 2364 3703 brutus,
2400 3639 2505 3693 hoc
2535 3654 2638 3692 non
2672 3636 2884 3707 pietati,
2913 3636 3008 3690 sed
3070 3632 3302 3711 ignavia;
3350 3631 3444 3685 de-

1862 3742 2082 3806 putans,
2105 3729 2365 3785 audacius
2394 3729 2446 3783 in
2492 3728 2748 3796 praedicta
2797 3724 3002 3783 familia
3059 3723 3437 3788 grassabatur.

1863 3821 2105 3878 Tandem
2143 3835 2273 3891 ergo
2302 3817 2567 3873 Geraldus
2593 3817 2946 3873 considerans
2969 3815 3112 3881 quod
3161 3810 3312 3867 stulti
3343 3809 3443 3865 ho-

1863 3914 2026 3970 minis
2051 3910 2273 3968 vesania
2311 3908 2428 3966 sinc
2451 3906 2663 3981 flagello
2709 3905 2891 3961 frenai
2935 3918 3041 3958 non
3064 3908 3298 3970 poterat,
3326 3897 3439 3953 col—

1864 4004 2012 4061 lecto
2042 4002 2284 4059 militum
2330 3998 2568 4069 agmine,
2601 3995 2829 4052 tetendit
2852 3994 2919 4048 ad
2939 3989 3245 4047 castellum.
3266 3986 3445 4055 Atque

1864 4092 2167 4161 incredibili
2197 4090 2440 4148 victoriae
2495 4096 2795 4160 proventu,
2845 4082 3072 4139 bestiam
3127 4080 3273 4138 illam
3325 4077 3445 4133 sine

1864 4186 2153 4257 cuiuslibet
2181 4181 2563 4238 interfectione
2590 4180 2658 4235 de
2688 4193 2786 4233 suo
2845 4174 3093 4231 cubiculo
3148 4170 3443 4242 protraxit.

1865 4274 2110 4348 Cumque
2131 4282 2256 4328 ante
2289 4271 2466 4343 ipsum
2491 4269 2681 4339 plenus
2722 4264 3045 4322 confusione
3092 4268 3283 4325 staret,
3337 4273 3444 4314 non

1865 4364 2273 4431 contumeliose,
2287 4377 2385 4417 seu
2400 4357 2771 4419 ratiocinando
2781 4363 3044 4427 quantum
3060 4352 3300 4424 oportuit
3319 4366 3444 4415 eum

1869 4460 2182 4531 alloquitur.
2227 4455 2362 4512 Cum
2405 4455 2495 4509 ille
2539 4462 2779 4507 tremens
2812 4445 3334 4504 verba=humillima
3377 4458 3450 4499 ac

1870 4551 2247 4624 deprecatoris
2275 4547 2674 4620 respondisset,
2698 4544 2783 4597 vir
2807 4540 3019 4596 Domini
3052 4539 3120 4595 ad
3138 4554 3262 4596 eum
3288 4554 3303 4591 :
3338 4536 3449 4603 En,

1868 4646 2069 4718 inquit.
2098 4649 2357 4713 expertus
2398 4654 2459 4694 es
2478 4638 2620 4708 quod
2643 4634 2752 4690 tuis
2780 4632 2984 4688 viribus
3007 4631 3296 4685 adversum
3346 4641 3437 4718 me

1874 4716 2178 4796 consistere
2205 4745 2444 4802 nequeas
2474 4749 2487 4784 :
2516 4740 2648 4784 cave
2666 4727 2829 4796 igitur
2874 4721 3080 4788 furere,
3122 4732 3255 4775 cave
3304 4716 3452 4771 ultra

1869 4829 2135 4885 malitiam
2157 4837 2440 4888 exercere,
2470 4835 2542 4876 ne
2571 4818 2788 4889 gravius
2835 4816 2951 4886 ipsa
2986 4813 3044 4868 in
3091 4814 3251 4879 caput
3298 4815 3456 4862 tuum

1945 4942 2058 5014 (97)
2093 4937 2287 5014 Frater
2308 4934 2546 5014 praedicti
2570 4930 2840 5014 Λιζεηιξιιοὶι
2851 4928 3176 5014 Ιᾼὰιιιθιιηιιξ
3186 4921 3470 5014 ᾖξε-ξιξ-

1869 4998 2088 5075 lelinus,
2125 5008 2215 5077 qui
2249 4998 2608 5077 postmodum
2633 5001 2686 5054 in
2719 4998 3482 5077 AuriliacenseicastrtLi‘mAir:

1870 5054 2215 5152 ῖεῑίίῑίίιηιιξξέ
2251 5054 2647 5152 arsisse
2689 5084 2810 5139 ευρ.
2863 5068 3108 5152 sequar“
3195 5054 3494 5152 isses

1867 5137 2134 5205 Ademari
2168 5143 2395 5200 comitis
2422 5137 2972 5211 Adalelmus,‘praeler
3000 5137 3147 5211 illam
3196 5137 3503 5211 iniuriam,

1868 5199 2254 5289 ﬁti'éiii'éidém
2295 5199 2505 5271 domno
2536 5206 2770 5289 Geraldo
2783 5199 3007 5289 'fecerat
3026 5247 3040 5270 ,
3060 5199 3512 5289 cun:

1869 5265 2313 5347 Esaiaéiiiiim
2344 5265 2670 5352 pervaserat
2691 5314 2706 5338 .
2759 5276 2933 5352 adhuc
2954 5265 3306 5352 -tainenxigﬁ
3321 5265 3519 5352 3m“;
