3964 5360
557 393 567 408 .
586 315 689 371 667

1547 311 1608 367 S.
1649 309 1900 367 ODONIS
1935 303 2157 361 ΛἙΒΑΤ

2267 302 2758 371 CLUNIACENSlS
2794 317 2834 372 ιι
3686 333 3757 388 068

587 429 868 488 redundet.
903 429 969 484 Et
995 429 1246 500 teipsum,
1275 427 1467 499 inquit,
1498 427 1570 482 ita
1593 428 1863 483 dimittam
1906 436 1967 481 ut
1989 439 2164 495 neque
2191 422 2246 483 Α
2269 428 2456 482 eodem
2481 443 2668 489 sancto
2694 435 2811 490 viro
2837 437 3116 508 dispergit,
3140 448 3200 494 ut
3223 441 3425 496 cautius
3447 457 3504 498 ac
3527 443 3761 517 diligentius

588 522 857 586 obsidem,
892 535 1066 592 neque
1101 521 1318 592 aliquod
1336 519 1707 590 juramentum
1746 535 1775 574 a
1807 528 1858 576 te
1888 521 2168 590 suscipere

587 630 794 670 curem.
837 613 944 670 Sed
974 629 1150 684 neque
1179 615 1247 670 de
1294 622 1384 668 tua
1427 612 1762 684 supellectile
1817 611 2008 668 saltem
2070 625 2170 681 pro

587 704 1028 775 compensatione
1049 705 1268 775 praedae,
1319 719 1479 773 quam
1523 716 1782 758 exercere
1835 701 2027 757 solitus
2085 715 2169 766 es,

586 799 882 870 quidquam
915 798 1131 854 auferre
1158 798 1466 870 permitam.
1494 797 1572 852 lta
1625 797 1920 853 coercitum
1967 795 2170 849 dimisit

587 887 881 954 hominem,
911 897 966 944 et
997 889 1086 943 ille
1133 888 1270 944 satis
1309 887 1569 957 deinceps
1615 888 1781 952 cavit,
1825 900 1894 941 ne
1949 883 2169 941 Geraldi

587 977 851 1033 familiam
875 978 1072 1035 lmderc
1102 979 1561 1051 praesumpsisset.

655 1067 792 1122 XLI.
816 1067 958 1134 Jam,
985 1078 1044 1124 ut
1076 1085 1238 1141 supra
1269 1070 1600 1133 dixeramus,
1619 1068 1906 1124 cessabant
1929 1068 2044 1138 ejus
2071 1069 2170 1124 ad-

586 1159 815 1215 versarii
859 1159 1043 1216 divino
1087 1169 1232 1215 metu
1289 1158 1644 1216 consternati.
1709 1157 1846 1212 Nam
1909 1158 2035 1214 licet
2101 1158 2170 1213 ad

589 1250 899 1319 exemplum
951 1248 1074 1316 Joh,
1129 1250 1298 1306 frater
1337 1250 1498 1306 fuerit
1544 1251 1838 1305 draconum
1883 1259 1938 1306 et
1987 1251 2170 1306 socius

588 1342 951 1398 strutliionum
979 1384 994 1408 ,
1027 1345 1215 1400 bestia:
1253 1353 1429 1400 tamen
1455 1345 1567 1414 agri
1597 1343 1840 1415 pacifica:
1861 1353 2019 1400 erant
2065 1343 2166 1398 illi.

588 1429 721 1486 Nam
755 1447 876 1486 cum
944 1432 1132 1488 alodus
1191 1434 1309 1504 ejus
1383 1442 1528 1490 esset
1573 1434 1868 1504 postomia,
1921 1442 1976 1488 et
2020 1434 2174 1488 dein-

587 1535 715 1590 ceps
750 1520 1035 1576 latifundia
1061 1522 1328 1591 ipsiusita
1377 1524 1480 1577 sibi
1537 1523 1908 1587 succederent,
1958 1530 2018 1578 ut
2073 1513 2170 1578 us-

587 1624 693 1678 que
749 1609 818 1664 ad
891 1620 1129 1667 montem
1197 1627 1449 1685 magnum
1489 1612 1756 1668 Greoncm
1790 1653 1806 1678 ,
1868 1621 2051 1683 posset
2115 1613 2170 1667 in

586 1700 766 1755 eundo
812 1708 869 1755 et
914 1701 1212 1768 redeundo,
1237 1718 1450 1775 semper
1478 1705 1530 1758 in
1580 1705 1817 1774 propriis
1874 1705 2172 1761 mansitare

2274 537 2489 577 causam
2517 517 2633 592 ejus
2663 536 2980 586 retractent.
3017 529 3149 584 Nam
3177 531 3222 586 si
3248 532 3349 586 hoc
3373 535 3568 590 obstare
3588 538 3759 608 videtur,

2273 615 2416 683 quod
2449 614 2500 669 in
2527 616 2723 672 saeculo
2751 626 2940 686 potens
2970 620 3096 685 fuit,
3124 623 3556 679 considerandum
3578 637 3644 682 est
3665 633 3762 699 quod

2273 705 2448 776 major
2473 716 2526 763 et
2553 708 2870 765 laudabilior
2895 713 3066 767 virtus
3095 713 3166 768 sit
3195 714 3472 769 materiam
3497 719 3762 786 superbiendi

2273 799 2544 866 habuisse,
2575 810 2630 856 et
2659 813 2836 859 tamen
2868 806 3121 874 potentia:
3148 807 3360 862 culmen
3391 808 3638 865 humiliter
3661 829 3764 867 com-

2271 893 2554 962 pressisse.
2599 894 2843 952 Potestas
2869 897 3012 951 cuim
3041 913 3146 952 non
3177 908 3260 954 est
3305 899 3478 953 nisi'a
3518 901 3630 955 Deo.
3671 903 3764 969 Qui,

2265 977 2420 1048 juxta
2457 981 2815 1054 Scripturam‘,
2849 985 3094 1055 potentes
3123 1003 3227 1040 non
3257 987 3456 1056 abjicit,
3485 1004 3594 1043 cum
3619 990 3703 1061 ipse
3723 992 3769 1044 sit

2272 1085 2482 1145 potens.
2535 1078 2795 1144 Quamvis
2833 1079 2998 1151 igitur
3035 1080 3279 1135 saeculari
3326 1081 3493 1152 gloria
3538 1081 3770 1153 fastigiatus

2273 1166 2454 1233 fuerit,
2489 1184 2596 1224 non
2626 1169 2786 1225 debet
2817 1169 3133 1226 incredibile
3157 1169 3363 1237 videri,
3414 1172 3456 1227 si
3506 1171 3630 1228 Deus
3666 1173 3767 1226 illum

2271 1259 2574 1330 gloriﬁcat,
2621 1260 2714 1331 qui
2759 1260 2904 1316 hunc
2951 1261 3002 1315 in
3049 1262 3445 1316 observantiam
3475 1263 3768 1316 mandatorum

2271 1349 2387 1420 ejus
2412 1352 2755 1423 glorificavit.
2787 1348 2982 1409 Annon
3017 1363 3262 1425 potentes
3287 1353 3500 1408 fuerunt
3528 1365 3578 1408 et
3599 1355 3771 1410 bellicosi

2272 1460 2369 1499 rex
2413 1445 2601 1511 David,
2644 1446 2929 1512 Ezechias,
2976 1457 3032 1501 et
3073 1445 3295 1502 Josias?
3342 1444 3602 1500 Modernis
3623 1461 3773 1516 quoque

2273 1534 2608 1604 temporibus
2634 1535 2700 1590 de
2722 1523 2996 1590 honuullis
3026 1536 3265 1590 auditum
3297 1543 3410 1598 est,
3463 1534 3593 1588 sicut
3629 1533 3681 1588 de
3700 1534 3771 1603 (98)

2271 1641 2399 1696 rege
2431 1626 2722 1694 Anglorum
2753 1625 3023 1690 Oswaldo,
3056 1642 3195 1696 quos
3222 1625 3362 1680 Deus
3393 1641 3486 1696 per
3509 1625 3640 1694 signa
3664 1627 3777 1695 glori-

2273 1717 2420 1782 iicat,
2451 1716 2540 1785 qui
2573 1716 2782 1772 scilicet
2811 1717 2862 1771 in
2893 1715 3295 1772 observantiam
3328 1715 3677 1791 mandatorum
3699 1715 3776 1783 ejus

587 1793 832 1863 capellis,
873 1803 1050 1850 tamen
1081 1811 1186 1852 non
1243 1795 1522 1866 indigebat
1577 1805 1636 1851 ut
1682 1797 1921 1867 aliquam
1981 1796 2166 1851 villain
2199 1781 2244 1840 Β
2274 1805 2421 1860 illum
2469 1781 2774 1876 gloriﬁcare
2824 1807 3169 1863 studuerunt.
3235 1805 3482 1875 Denique
3528 1789 3575 1860 in
3616 1781 3777 1876 singulis

585 1884 812 1940 cuilibet
882 1887 1091 1956 potenti
1174 1887 1241 1942 ad
1303 1887 1719 1943 custodiendum
1790 1888 2168 1944 commendas-

585 1986 666 2032 set
687 2018 703 2044 ,
741 1979 844 2033 nisi
873 1995 1036 2032 unum
1064 1979 1238 2035 solum
1266 1980 1582 2050 prauiiolum
1610 1980 1754 2052 quod
1790 1981 1991 2036 dicitur
2014 1980 2170 2036 Tala-

583 2066 852 2124 diciacus.
894 2068 1024 2123 Erat
1053 2070 1194 2124 enim
1228 2072 1475 2126 semotim
1505 2072 1646 2126 inter
1668 2072 1934 2142 pessimos
1961 2074 2169 2129 vicinos

585 2155 744 2227 longe
780 2174 810 2213 a
838 2159 1048 2215 caneris
1093 2161 1446 2231 disparatum.
1494 2162 1571 2216 De
1611 2161 1714 2218 hoc
1752 2161 2006 2218 ofﬁciales
2047 2180 2170 2234 per-

585 2247 853 2304 miserunt
891 2250 1058 2306 invito
1094 2259 1150 2305 et
1177 2251 1433 2317 nolenti,
1468 2261 1734 2322 quatenus
1780 2253 1910 2309 illud
1954 2257 2166 2311 cuidam

583 2335 858 2394 Bcrnardo
878 2339 944 2393 ad
967 2341 1374 2395 custodiendum
1399 2341 1823 2398 commendaret.
1850 2343 2001 2411 Quod
2023 2345 2168 2414 equi-

581 2427 703 2483 dem
738 2427 827 2485 ille
862 2445 986 2485 cttm
1031 2430 1262 2501 quadam
1309 2430 1583 2488 hilaritate
1621 2435 1888 2504 patienter
1919 2434 2168 2501 ferebat,

584 2520 772 2576 dicens
817 2540 830 2576 :
867 2521 1009 2578 Bene
1037 2523 1170 2578 mihi
1200 2525 1426 2594 contigit
1475 2534 1532 2578 ut
1562 2525 1764 2581 discam
1813 2528 1938 2597 quia
1967 2527 2165 2583 bonum

577 2619 662 2666 est
699 2611 972 2668 confidere
1021 2613 1074 2669 in
1122 2613 1374 2677 Domino,
1413 2629 1574 2684 quam
1621 2614 1675 2669 in
1724 2616 1961 2672 homine.
2014 2616 2168 2684 Quod

577 2701 787 2760 scilicet
813 2703 884 2758 ob
910 2705 1013 2760 hoc
1039 2703 1197 2760 libuit
1221 2721 1675 2769 commemorare,
1712 2715 1771 2760 ut
1799 2707 1925 2762 hinc
1949 2716 2160 2778 pateat,

576 2792 702 2860 quia
733 2793 947 2862 quoties
975 2794 1117 2850 Deus
1156 2793 1358 2865 aliquid
1392 2797 1458 2850 ad
1494 2795 1610 2865 ejus
1644 2797 2018 2866 probationem
2047 2798 2163 2854 fieri

573 2885 852 2951 permisit,
889 2884 976 2941 ille
1003 2901 1106 2942 non
1136 2888 1204 2943 ad
1233 2889 1510 2944 tristitiam
1529 2932 1544 2955 ,
1584 2890 1678 2946 sed
1705 2891 1772 2946 ad
1803 2891 2164 2947 humilitatem

577 2972 630 3028 id
661 2975 928 3030 retulerit.
959 2975 1064 3032 Per
1088 2977 1232 3048 quod
1257 2979 1423 3034 etiam
1453 2980 1877 3047 demonstratur,
1909 2982 2052 3052 quod
2080 2983 2165 3037 vir

577 3062 680 3118 iste
721 3082 788 3119 ex
832 3065 937 3123 [ide
977 3069 1208 3134 vixerit,
1249 3070 1341 3141 qui
1371 3080 1565 3126 cuncta
1596 3071 1792 3127 divina:
1818 3073 2157 3143 dispositioni

575 3152 863 3223 subjacere
893 3161 1237 3228 cognoverit,
1279 3169 1336 3214 et
1363 3163 1506 3231 quod
1554 3161 1607 3217 in
1655 3164 1818 3220 terris
1862 3165 1998 3220 nihil
2041 3165 2161 3222 sine

575 3262 760 3312 causa,
791 3259 850 3304 ut
875 3253 1134 3323 scriptum
1162 3263 1266 3321 est,
1295 3254 1412 3310 ﬁeri
1442 3271 1548 3310 non
1576 3256 1925 3328 ignoraverit.

645 3337 802 3394 XLll.
843 3340 924 3396 En
961 3344 1208 3413 quaedam
1236 3346 1303 3401 de
1329 3348 1692 3405 exterioribus
1729 3352 1896 3419 gestis
1929 3351 2067 3422 ejus,
2107 3363 2162 3410 et

571 3425 847 3484 'communi
880 3435 1294 3494 conversatione
1324 3437 1670 3508 digessimus,
1717 3456 1816 3512 per
1854 3459 1974 3513 quae
2017 3445 2162 3501 vide-

573 3515 702 3573 licet
731 3517 988 3579 facillime
1026 3535 1213 3594 patet,
1259 3529 1403 3597 quod
1450 3531 1534 3584 vir
1574 3531 1677 3588 iste
1717 3532 1942 3604 justitiae
1985 3537 2160 3593 cultor

575 3608 775 3677 fuerit,
819 3623 874 3669 et
897 3615 1054 3685 juxta
1090 3622 1442 3689 apostolicum
1473 3634 1834 3695 przeceptum,
1866 3630 2070 3696 sobrie,
2105 3640 2161 3687 et

519 3731 523 3739 ι
573 3706 684 3776 pie,
708 3717 762 3762 et
783 3706 928 3778 juste
954 3725 1305 3771 conversatus
1329 3725 1432 3772 est.
1464 3717 1596 3774 Cum
1628 3719 1792 3791 igitur
1818 3722 1871 3776 in
1893 3721 2161 3791 justifica-

574 3797 814 3854 tionibus
844 3801 1055 3857 Domini
1085 3803 1202 3860 sine
1229 3807 1450 3877 querela
1479 3823 1538 3863 se
1562 3814 1890 3879 exercuerit,
1925 3815 2160 3872 incredi-

571 3885 680 3941 bile
704 3903 810 3943 non
835 3891 997 3947 debet
1019 3894 1210 3961 videri,
1238 3897 1283 3952 si
1311 3898 1424 3970 ipse
1447 3899 1706 3958 Dominus
1733 3904 2158 3963 misericordiam

572 3993 728 4033 suam
761 3996 884 4036 cum
913 3998 980 4039 eo
1006 3987 1338 4058 magnificat.
1371 3990 1709 4061 Quapropter
1736 3996 2028 4051 suademus
2057 3998 2158 4064 eis,

573 4070 770 4137 quibus
798 4071 1117 4132 incredibile
1141 4079 1357 4135 videtur
1384 4096 1547 4138 omne
1575 4083 1720 4154 quod
1747 4101 1890 4142 nunc
1918 4087 2059 4142 fama
2093 4089 2161 4146 de

644 4183 756 4252 (98)
796 4184 889 4265 De
919 4205 1033 4265 rege
1091 4191 1378 4262 Anglorum
1429 4194 1692 4250 Oswaldo.
1755 4196 1925 4265 Quem
1976 4199 2154 4256 Penda

571 4268 815 4333 paganus
844 4257 1194 4315 Merciorum'
1213 4278 1312 4335 rex
1363 4266 1510 4335 gravi
1551 4266 1735 4335 praelia
1764 4257 1826 4322 Et
1855 4269 2070 4332 occidit,
2103 4281 2158 4327 et

569 4323 808 4409 occisum
834 4342 1040 4409 summa
1061 4345 1183 4409 cum
1212 4323 1861 4409 imtna'nitate'deccrpsit.
1892 4323 2153 4397 Cltristia;

571 4399 857 4450 nissimum
889 4407 944 4452 et
976 4399 1084 4455 Deo
1111 4400 1366 4457 dilectum
1397 4415 1555 4461 vocat
1578 4399 1748 4474 Beda,
1775 4410 1866 4482 qui
1898 4421 1954 4468 et
1977 4413 2158 4481 prodit

2271 1895 2429 1964 hujus
2455 1898 2578 1952 vitze
2605 1900 2853 1954 :etatibus
2880 1900 3045 1954 multa
3075 1900 3214 1971 gerit
3239 1899 3422 1953 divina
3449 1898 3677 1968 dignatio,
3698 1913 3776 1966 qua)

2271 1988 2336 2042 ad
2390 1988 2801 2044 incitamentum
2853 1990 3184 2046 conculcatae
3235 2000 3288 2044 ct
3337 1988 3520 2044 oblita:
3571 1989 3778 2055 religionis

2269 2079 2575 2149 proﬁciant.
2627 2078 2780 2135 Unde
2810 2080 2942 2134 dicit
2990 2079 3278 2150 Apostolus
3315 2080 3444 2150 quia
3481 2081 3609 2134 Deus
3635 2079 3776 2133 nullum

2270 2177 2480 2238 tempus
2503 2171 2619 2224 sine
2647 2171 2728 2224 sui
2759 2170 3067 2225 testimonio
3091 2170 3364 2239 relinquit.
3395 2170 3546 2238 Quod
3567 2171 3700 2224 etiam
3719 2186 3779 2236 per

2271 2261 2511 2331 ingratos
2552 2262 2844 2332 aliquando
2892 2261 2991 2329 fit,
3043 2262 3180 2316 sicut
3226 2261 3483 2331 equidem
3530 2261 3619 2316 sub
3656 2259 3781 2329 lloyse

2269 2355 2435 2410 multa
2466 2354 2617 2426 signa
2649 2370 2771 2410 cum
2802 2354 2909 2410 illis
2937 2361 3148 2424 patrata
3176 2361 3330 2416 sunt,
3379 2353 3451 2407 de
3491 2352 3664 2421 quibus
3689 2349 3780 2404 scri-

2267 2456 2417 2519 ptum
2449 2459 2530 2503 est
2551 2488 2565 2512 ,
2595 2449 2852 2519 quoniam
2884 2462 2988 2502 non
3021 2447 3074 2501 in
3106 2446 3350 2515 pluribus
3375 2462 3563 2501 eorum
3591 2444 3780 2512 benepla-

2268 2537 2437 2592 citum
2485 2537 2588 2592 fuit
2637 2537 2764 2593 Deo.
2818 2537 2887 2593 Et
2917 2536 3171 2592 nonnulla
3206 2536 3294 2589 vix
3325 2536 3600 2591 credibilia
3621 2549 3781 2589 veraces

2267 2637 2322 2684 et
2351 2628 2530 2684 idonei
2560 2637 2723 2685 testes
2754 2637 3005 2686 asserunt
3029 2673 3068 2696 ,_
3095 2629 3236 2685 sicut
3277 2630 3472 2685 beatus
3497 2628 3782 2701 Hieronymus

2267 2722 2335 2778 de
2359 2720 2591 2791 quodam
2619 2721 2888 2792 quondam
2919 2721 3156 2777 violento
3186 2729 3240 2776 et
3267 2720 3502 2786 latrone,
3533 2722 3616 2790 qui
3650 2726 3781 2789 postea

2267 2829 2564 2871 conversus
2606 2814 2673 2869 ad
2718 2813 3019 2879 Christum,
3054 2813 3218 2869 solem
3269 2815 3339 2868 ad
3385 2814 3683 2885 explendum
3715 2813 3782 2866 iter

2267 2923 2425 2963 suum
2453 2907 2545 2962 diu
2575 2915 2718 2963 stare
2750 2906 2897 2973 fecit,
2923 2922 2987 2962 ac
3015 2907 3208 2962 deinde
3232 2907 3422 2962 clauso
3447 2908 3580 2962 ostio
3600 2905 3658 2960 ad
3677 2903 3783 2958 disci-

2265 3000 2422 3071 pulos
2462 2999 2818 3069 corporaliter
2861 2999 3103 3055 intravit.
3159 2999 3217 3054 Si
3245 3015 3378 3071 ergo
3409 3001 3572 3064 Deus,
3600 2998 3674 3068 qui
3701 3011 3779 3051 curn

2267 3090 2512 3158 patribus
2539 3089 2812 3146 mirabilia
2842 3089 3006 3155 fecit,
3058 3090 3224 3144 etiam
3274 3091 3482 3145 nostris
3526 3087 3783 3160 temporibus

2268 3181 2334 3236 ad
2373 3182 2831 3238 ressuscitandum
2881 3181 3211 3238 conculcata:
3245 3181 3528 3252 religionis
3561 3181 3781 3239 allectum.

2263 3287 2361 3342 per
2389 3272 2682 3337 hominem,
2716 3270 2807 3341 qui
2839 3271 2979 3326 sicut
3008 3272 3061 3326 in
3094 3271 3284 3326 diebus
3306 3269 3442 3337 Noe,
3463 3270 3635 3339 justus
3657 3282 3783 3338 reper-

2266 3372 2352 3418 tus
2376 3371 2482 3428 est,
2507 3363 2663 3432 signa
2687 3363 2938 3434 dignatur
2961 3362 3198 3432 operari,
3222 3362 3541 3419 incredibile
3563 3377 3655 3416 non
3673 3359 3783 3414 debet

2262 3457 2456 3512 videri.
2491 3456 2597 3512 Sed
2629 3456 2742 3526 ipse
2770 3456 2950 3525 potius
2973 3463 3060 3510 est
3087 3454 3498 3527 gloriﬁcandus.
3526 3455 3611 3525 qui
3637 3451 3782 3508 nullum

2265 3558 2476 3620 tempus
2523 3549 2641 3604 sine
2692 3548 3005 3604 testimonio
3045 3548 3306 3604 bonitatis
3353 3562 3471 3602 sua:
3519 3547 3780 3616 relinquens.

2261 3660 2375 3700 sua:
2418 3643 2794 3714 promissionis
2840 3658 3068 3710 memor,
3119 3658 3226 3700 non
3274 3642 3479 3699 desinit
3523 3641 3778 3699 benefacere

2259 3734 2460 3805 populo
2491 3748 2608 3789 suo.
2639 3735 2714 3789 De
2742 3733 2912 3806 gestis
2937 3740 3117 3788 autem
3149 3732 3392 3800 eiusdem
3422 3733 3546 3798 viri,
3576 3747 3678 3803 quae
3694 3729 3782 3799 egit.

2262 3832 2548 3894 postquam
2579 3823 2745 3879 cultui
2779 3823 2974 3879 divinae
3013 3823 3311 3886 servitutis,
3345 3839 3414 3877 ex
3449 3830 3562 3878 toto
3587 3820 3783 3877 secohae-

2261 3917 2362 3982 sit,
2404 3933 2525 3987 quae
2550 3916 2776 3972 dicenda
2806 3923 2963 3980 sunt,
2995 3914 3242 3985 sequenti
3271 3914 3456 3971 libello
3486 3920 3782 3970 reservantes.

2262 4007 2350 4064 hic
2380 4009 2542 4064 istum
2571 4008 2626 4062 in
2656 4007 2750 4063 Dei
2779 4007 2994 4063 nomine
3021 4006 3395 4063 terminemus.

2266 4203 2522 4260 miracula
2550 4203 2810 4260 claruisse
2834 4203 2924 4258 ubi
2946 4203 3159 4266 cecidit.
3186 4211 3242 4258 et
3263 4201 3420 4272 plura
3450 4200 3528 4272 de
3547 4198 3629 4255 illo
3652 4177 3784 4251 scribi'

2264 4275 2358 4331 lib.
2403 4291 2441 4330 tt
2488 4274 2627 4329 Hist.
2663 4275 2810 4329 Eccl.
2862 4274 3020 4344 Angl.
3047 4314 3064 4340 ,
3112 4288 3230 4344 cap.
3269 4271 3428 4338 ’ult.;
3480 4271 3572 4326 lib.
3601 4283 3672 4332 Ill,
3698 4278 3782 4330 cap.

2267 4347 2317 4412 ι,
2344 4347 2398 4411 6,
2429 4345 2580 4412 9-15,
2610 4352 2665 4399 et
2688 4345 2784 4400 lib.
2822 4361 2897 4412 IV,
2929 4342 3048 4415 c‘ap.
3075 4342 3161 4398 M.

545 4582 3763 4621 ,———-—-———————___________—___h_._————t

1291 4764 1820 4848 PREFATIO
1881 4774 1992 4854 IN
2070 4775 2461 4852 LIBRUM
2527 4770 3111 4852 SECUNDUM.

633 5045 730 5102 His
772 5048 864 5117 qui
910 5046 978 5102 de
1019 5048 1230 5103 meritis
1257 5047 1439 5104 domni
1468 5049 1684 5108 Geraldi
1721 5063 1925 5110 temere
1953 5057 2142 5127 dispu-
2170 5060 2223 5120 D
2249 5058 2500 5114 Christus
2528 5057 2744 5127 operari
2776 5057 3049 5126 dignatur.
3083 5055 3256 5111 Porro
3283 5055 3366 5110 his
3394 5010 3489 5123 qui
3519 5050 3780 5125 gloriantur.

493 5145 496 5148 ί
566 5147 686 5194 tant
741 5139 1055 5197 satisfacere
1083 5148 1262 5210 potest
1286 5142 1624 5198 considerata
1654 5153 1708 5200 et
1739 5145 1981 5214 inspecta
2012 5165 2146 5219 qua-

2252 5149 2516 5213 dicentes,
2549 5147 2694 5218 quod
2721 5147 2984 5204 Geraldus
3013 5155 3206 5216 potens
3238 5145 3365 5210 fuit,
3404 5154 3462 5199 et
3492 5149 3690 5199 sanctus
3708 5143 3781 5193 est.

568 5229 691 5284 litas
737 5230 858 5284 vitae
904 5227 1038 5297 ejus.
1099 5230 1236 5284 Nam
1287 5230 1442 5299 quasi
1497 5231 1550 5286 in
1606 5233 1861 5291 tribunali
1911 5239 2144 5308 quodam
2252 5241 2543 5296 suademus
2571 5254 2637 5294 ne
2667 5239 2768 5294 sibi
2800 5238 2868 5294 de
2900 5238 3002 5294 hoc
3028 5238 3377 5309 applaudant,
3412 5237 3539 5307 quia
3573 5231 3664 5287 nisi
3689 5240 3782 5296 p3"-

568 5319 866 5360 recidantur:
941 5321 1233 5360 dannrnnnl
1283 5329 1464 5360 Illl‘llm
1515 5333 1735 5360 connlnc
1779 5328 1970 5360 Anium:
2026 5345 2145 5360 ιηοιι

2249 5344 2406 5360 και-ηιμ
2437 5331 2518 5360 an:
2529 5331 2568 5360 .ιῖ
2579 5338 2590 5360 Ι
2601 5345 2631 5360 η

3160 5337 3174 5360 ο
3207 5329 3298 5360 ειιη
3349 5341 3507 5360 cunni
3541 5316 3778 5360 mtnntiaut

2665 5329 2860 5360 ΙἎιηπιῖηι
2941 5337 2992 5360 nl
3037 5329 3149 5360 ’.υἷι-ιιι
