3964 5360
150 211 266 266 669

883 213 972 273 DE
1009 215 1168 273 “TA
1215 218 1272 274 S.
1315 207 1616 274 CERALD!
1654 219 1929 278 COMITIS
1964 225 2310 284 AUlllLlAC.
2353 263 2419 271 —
2455 233 2582 290 LIB.
2625 235 2687 290 Il.

3337 243 3441 301 670

151 324 570 396 professoribus
591 327 784 394 dicam,
802 328 891 398 qui
916 328 1016 385 sibi
1040 331 1418 386 excusationes
1445 331 1496 384 in
1523 333 1758 400 peccatis
1789 332 2076 405 A'portat,
2129 341 2213 394 vel
2261 340 2401 397 bona
2448 347 2684 415 gerendo
2735 347 2901 403 Deum
2953 350 3240 420 glorificat.
3297 351 3439 410 Deus

152 416 459 485 tingentes,
509 416 652 472 inter
688 419 877 486 poeula
917 417 1077 473 fateri
1120 419 1296 474 solent
1334 420 1458 489 quia
1486 420 1750 476 Gcraldus

151 505 429 559 carnibus
457 507 802 572 vescebatur,
837 516 892 562 et
929 516 1150 563 sanctus
1178 517 1259 563 est
1283 549 1296 572 ,
1346 524 1439 564 sua
1488 509 1752 580 professio

151 592 457 650 manifeste
488 596 735 652 revincit.
790 597 924 652 Nam
953 598 1092 653 laico
1120 599 1322 654 homini
1374 601 1539 655 multa
1587 601 1753 657 licent

150 699 285 754 qua!
313 687 584 742 monacho
615 703 722 742 non
752 688 935 744 licent.
983 690 1280 744 Damnatus
1310 699 1393 744 est
1420 691 1614 758 Adam,
1645 709 1750 748 non

150 775 308 844 quod
339 776 394 830 in
428 777 679 847 paradiso
710 779 847 833 mala
875 781 1042 834 arbor
1069 789 1252 847 esset,
1302 781 1395 836 sed
1444 783 1566 838 ideo
1610 785 1752 853 quod

154 863 460 919 interdicto
486 869 850 938 pra‘sumpsit.
887 868 1152 924 Geraldus
1177 871 1375 941 quippe
1400 871 1628 927 licenter
1655 890 1752 928 suo

152 955 344 1010 ordini
388 959 660 1014 concessis
709 961 980 1025 utebatur,
1032 963 1284 1031 quoniam
1332 971 1389 1018 et
1438 964 1506 1018 ab
1554 963 1753 1020 illicitis

155 1045 496 1112 abstinebat,
526 1057 580 1104 et
619 1064 740 1104 cum
772 1050 1096 1121 pauperibus
1125 1052 1468 1107 vescebatur.
1517 1052 1753 1109 Noverat

159 1138 312 1193 enim
338 1140 526 1195 vinum
553 1141 620 1195 ad
651 1143 1001 1198 sobrietatem
1033 1153 1293 1199 creatum.
1347 1143 1482 1200 Nam
1519 1156 1572 1200 et
1608 1146 1752 1202 Elias

160 1243 337 1286 carne
365 1241 554 1301 pastus
585 1241 667 1289 est
687 1274 702 1298 ,
742 1242 796 1289 et
825 1235 1019 1304 dignus
1050 1233 1150 1289 fuit
1195 1237 1246 1290 in
1291 1236 1548 1306 paradiso
1577 1246 1758 1292 trans-

161 1319 327 1376 ferri.
377 1321 481 1377 Per
511 1325 1004 1396 concupiscentiam
1039 1335 1216 1381 tamen
1243 1369 1256 1392 ,
1305 1343 1427 1397 qua:
1467 1327 1752 1382 nonnullos

161 1410 414 1483 instigat,
437 1413 579 1468 Esau
609 1416 966 1488 primogenita
996 1433 1090 1473 sua
1119 1419 1275 1474 lentis
1297 1417 1475 1478 edulio
1498 1419 1747 1488 perdidit.

161 1499 340 1572 Igitur
367 1503 471 1558 alia
506 1519 594 1560 res
621 1515 704 1560 est
731 1507 974 1574 Geraldi,
1004 1508 1106 1562 alia
1137 1510 1384 1564 istorum.
1423 1510 1494 1562 At
1521 1525 1648 1564 vero
1676 1509 1750 1564 illi

161 1593 258 1661 qui
294 1593 545 1659 delirant,
577 1597 717 1666 quod
752 1613 850 1652 nec
881 1609 1104 1670 martyr,
1138 1615 1236 1654 nec
1265 1599 1546 1655 confessor
1571 1599 1750 1654 valeat

165 1682 310 1747 dici,
355 1685 534 1739 sciant
561 1687 701 1756 quod
736 1695 1023 1758 utrumque
1050 1690 1152 1743 dici
1196 1693 1394 1759 possit,
1436 1705 1540 1743 non
1575 1689 1747 1744 solum
1781 1689 1824 1746 Β

165 1771 277 1839 ille,
307 1775 402 1830 sed
428 1777 592 1831 etiam
619 1778 813 1841 onmis,
840 1779 931 1850 qui
955 1789 1013 1835 ut
1032 1781 1178 1836 vitiis
1206 1782 1509 1837 resistendo
1531 1795 1746 1836 crucem

1855 427 2104 496 equidem
2136 429 2293 487 factis
2323 434 2636 501 confitetur,
2681 447 2910 494 testante
2945 441 3196 498 Joanne:
3237 443 3306 499 In
3341 446 3439 499 hoc

1854 518 2047 572 scimus
2073 519 2195 591 quia
2225 525 2579 592 cognoscimus
2607 543 2722 580 eum
2748 528 2796 600 (Ι
2818 528 2974 584 Joan.
3009 547 3070 597 ll,
3098 531 3175 604 5),
3209 533 3253 588 si
3286 550 3439 589 man-

1855 608 1979 664 data
2013 610 2130 680 ejus
2157 615 2542 682 observamus;
2580 617 2736 674 factis
2761 636 2974 692 quoque
3010 634 3259 696 negatur,
3297 627 3438 682 sicut

1855 701 2144 771 Apostolus
2190 707 2265 760 ait
2315 708 2380 762 de
2427 709 2788 779 quibusdam:
2833 712 3160 784 Conﬁtentur
3196 735 3251 773 se
3289 736 3438 775 nosse

1859 791 2046 857 Deum,
2087 797 2242 864 {actis
2271 809 2444 852 autem
2479 812 2666 871 negant
2702 801 2830 872 (Tit.
2862 819 2902 867 ι,
2936 805 3040 874 l6).
3095 805 3229 861 Cum
3274 808 3437 876 igitur

1856 886 2137 941 confessor
2177 904 2205 942 a
2253 891 2559 946 confitendo
2594 904 2834 959 vocetur,
2881 896 3023 953 Deus
3064 907 3244 953 atttem
3279 898 3437 956 factis

1857 989 1950 1034 aut
1985 991 2216 1052 negatur
2252 993 2344 1038 aut
2400 987 2726 1042 confitetur:
2760 987 3024 1044 Geraldus
3054 998 3203 1044 tanto
3233 993 3435 1045 rectius

1854 1071 2136 1128 confessor
2159 1073 2264 1129 dici
2292 1085 2489 1145 potest,
2521 1086 2723 1146 quanto
2740 1077 3059 1145 justioribus
3086 1079 3244 1135 factis
3267 1080 3436 1136 Deum

1853 1171 1938 1217 est
1963 1163 2262 1218 confessus.
2314 1164 2414 1233 Qui
2443 1181 2571 1221 vero
2597 1165 2942 1224 Judatzantes
2969 1169 3121 1241 signa
3153 1181 3433 1240 quaerunt,

1854 1255 1981 1324 quid
2011 1255 2215 1312 faciunt
2245 1259 2311 1311 de
2340 1257 2549 1314 Joanne
2587 1259 2828 1329 Baptista
2847 1302 2862 1326 ,
2909 1262 3002 1330 qui
3031 1271 3154 1330 post
3182 1263 3435 1317 nativita-

1857 1356 1960 1402 tem
1993 1363 2145 1402 suam
2175 1348 2376 1402 nullum
2415 1350 2625 1420 signum
2651 1351 2847 1423 legitur
2873 1353 3151 1409 edidisse?
3193 1353 3324 1407 Nam
3367 1354 3435 1410 de

1855 1438 1959 1492 isto
1989 1437 2113 1492 licet
2149 1437 2408 1492 miracula
2442 1454 2546 1494 non
2579 1441 2906 1497 omnimodis
2935 1443 3146 1507 desint,
3186 1443 3239 1498 id
3267 1458 3434 1498 unum

1855 1532 2280 1602 rcSpondemus,
2327 1531 2452 1600 quia
2495 1533 2619 1587 dum
2667 1549 2774 1588 non
2819 1536 3056 1604 speravit
3100 1536 3154 1590 in
3201 1535 3431 1605 pecunia

1853 1630 1908 1676 et
1941 1621 2231 1686 thesauris,
2259 1620 2406 1685 fecit,
2435 1630 2492 1675 ut
2519 1623 2778 1693 scriptum
2805 1631 2907 1688 est,
2936 1625 3200 1680 mirabilia
3239 1625 3292 1679 in
3319 1624 3454 1686 vita.

1853 1729 1971 1768 sua.

169 1961 3430 1987 Μ

1354 2117 1657 2194 LIBER
1706 2111 2278 2196 SECUNDUS.

257 2454 270 2469 .
307 2414 526 2472 Atltleta
549 2423 787 2471 coeleslts
809 2415 1013 2470 militiae
1041 2415 1238 2475 dudum
1265 2415 1318 2470 in
1340 2415 1572 2486 palestra
1595 2431 1758 2470 mun-

161 2507 321 2562 dana:
355 2507 788 2563 conversationis
820 2507 1134 2578 agonizans,
1165 2521 1364 2562 cuneos
1385 2507 1636 2560 vilior-um
1666 2507 1745 2561 vi-

163 2596 340 2651 riliter
359 2595 664 2651 debellavit.
701 2596 836 2650 Tum
868 2611 997 2650 vero
1026 2595 1250 2650 verbum
1277 2597 1402 2651 vitae
1458 2598 1742 2652 continens

1865 2417 1994 2471 dere
2032 2415 2269 2469 radicem
2303 2413 2559 2484 juniperi.
2593 2414 2644 2468 iu
2670 2423 2762 2468 est.
2805 2415 3150 2485 cupiditatem
3179 2414 3430 2486 punctio-

1851 2506 2011 2559 nibus
2035 2504 2269 2575 plenam.
2323 2503 2650 2558 Mundialem
2697 2504 2878 2574 itaque
2933 2505 3253 2575 potentiam,
3304 2517 3432 2575 qua

1849 2596 1950 2650 sibi
1981 2595 2182 2650 affatim
2208 2595 2550 2665 suppetebat,
2572 2595 2770 2650 mentis
2822 2595 3073 2666 despectu
3095 2594 3422 2651 calcaverat.

163 2687 218 2741 in
253 2687 426 2741 medio
463 2687 694 2742 nationis
715 2701 915 2756 pravae,
948 2687 1102 2755 quasi
1128 2687 1371 2756 quadam
1406 2687 1622 2742 lucerna
1653 2703 1742 2742 re-
1772 2700 1816 2761 ρ
1850 2683 1954 2738 Sed
1985 2693 2186 2748 tamen,
2211 2692 2270 2736 ut
2293 2683 2457 2737 astuti
2485 2691 2587 2746 est,
2621 2691 2811 2738 cuncta
2840 2683 2906 2737 ad
2930 2683 3218 2738 utilitatem
3259 2699 3419 2742 suam“

165 2775 425 2846 fulgebat.
463 2775 527 2829 Et
578 2775 832 2846 quoniam
873 2776 1158 2844 oportebat
1206 2784 1264 2830 ttt
1312 2777 1364 2830 in
1422 2778 1742 2832 abscondito

165 2867 503 2935 tempestatis
529 2865 871 2936 probaretur,
910 2865 1177 2936 malignus
1199 2866 1371 2928 hostis
1394 2866 1534 2920 hanc
1563 2866 1739 2921 lucer-

161 2972 286 3009 nam
314 2957 534 3026 quantis
561 2942 774 3027 poterat
800 2955 1098 3021 fraudibus,
1132 2966 1240 3011 tam
1265 2972 1360 3027 per
1384 2973 1443 3012 se
1462 2973 1622 3027 quam
1646 2973 1743 3028 per

161 3044 425 3099 satellites
452 3060 578 3100 suos
612 3044 844 3100 efl'ocare
873 3045 1136 3100 tentabat.
1162 3044 1269 3100 Sed
1301 3045 1556 3100 nimirum
1601 3047 1742 3100 sicut

160 3135 378 3190 flamma
403 3134 619 3190 flatibus
647 3135 847 3206 agitata
896 3134 1030 3190 solet
1083 3134 1313 3190 validius
1363 3137 1619 3200 accendi,
1661 3137 1739 3191 sic

160 3226 326 3280 divini
355 3225 559 3280 amoris
591 3224 874 3296 igniculus,
915 3225 1006 3292 qui
1060 3225 1114 3278 in
1171 3235 1392 3294 pectore
1443 3223 1659 3280 Geraldi
1704 3240 1738 3280 a

159 3329 326 3385 puero
353 3313 601 3379 incaluit,
644 3313 790 3368 nullo
831 3314 1144 3369 tentatiouis
1190 3314 1364 3369 imbre
1400 3315 1614 3369 valebat
1643 3329 1739 3369 ex-

158 3401 380 3472 stingui.
411 3401 551 3468 Quin
585 3403 788 3472 potius,
823 3411 1224 3458 maturescente
1247 3418 1358 3472 jam
1387 3412 1569 3469 aetate,
1621 3403 1738 3473 qui-

157 3493 389 3549 buslth
421 3493 567 3547 vitiis
590 3493 849 3562 paulatim
876 3494 1233 3562 compressis,
1275 3495 1516 3564 quotidie
1550 3495 1730 3565 seipso

157 3583 432 3638 robustior
456 3583 742 3638 virtutibus
769 3585 1167 3639 succrescebat.
1198 3583 1331 3640 Jam.
1369 3585 1420 3638 in
1455 3586 1618 3639 corde
1638 3601 1736 3640 suo

157 3674 419 3743 quasdam
449 3673 793 3728 ascensiones
815 3672 1148 3742 disponebat,
1187 3672 1302 3741 jam
1349 3688 1511 3744 super
1549 3673 1735 3728 altitu-

156 3762 311 3817 dines
342 3771 528 3826 terrae,
583 3759 737 3830 juxta
793 3761 922 3816 illud
984 3763 1382 3832 propheticum,
1437 3762 1731 3818 eminebat.

154 3851 424 3907 Cerneres
455 3866 709 3906 auroram
742 3853 1047 3908 sanctitatis
1067 3852 1184 3921 ejus
1225 3854 1278 3908 in
1335 3854 1478 3907 diem
1534 3853 1732 3909 festum

155 3941 484 4008 clarescere,
516 3956 771 3998 cerneres
812 3942 982 3996 lilium
1032 3943 1176 3998 inter
1230 3945 1416 4013 spinas
1471 3945 1728 4010 crevisse,

1847 2775 2072 2834 referre,
2098 2772 2374 2843 cogitabat
2399 2773 2631 2842 qualiter
2652 2788 2715 2828 ea
2744 2788 2863 2842 quae
2889 2773 3256 2844 temporaliter
3298 2789 3427 2844 pos-

1845 2864 2074 2928 sidebat,
2104 2863 2177 2917 ita
2208 2863 2542 2934 disponeret,
2573 2871 2634 2918 ut
2655 2863 2705 2918 ei
2755 2863 3144 2934 perpetualiter
3186 2863 3425 2933 profuis-

1847 2963 1988 3008 sent.
2361 2947 2364 2950 ’

1913 3045 1976 3099 lt.
2003 3044 2168 3116 lgitur
2193 3045 2551 3100 Gausbertum
2583 3044 2729 3117 (99),
2768 3045 3132 3100 venerabilem
3163 3053 3219 3101 et
3264 3044 3424 3102 laude

1843 3135 2060 3205 digumn
2090 3135 2248 3206 plane
2268 3135 2602 3204 episcopum,
2631 3150 2753 3189 cum
2801 3134 2920 3190 aliis
2949 3134 3275 3204 quibusdam
3315 3133 3420 3189 ho-

1843 3225 2012 3281 nestis
2043 3225 2172 3284 viris
2195 3225 2456 3287 evocavit,
2491 3234 2547 3279 et
2577 3239 2680 3294 qua
2733 3225 2931 3280 mentis
2978 3225 3308 3296 cogitatione
3331 3224 3418 3278 in-

1841 3316 2104 3369 citaretur
2137 3355 2152 3378 ,
2209 3315 2552 3369 familiariter
2603 3315 2880 3370 indicavit.
2935 3315 3147 3370 Etenim
3191 3315 3424 3370 domnus

1842 3407 1941 3461 iste
1965 3406 2302 3461 Gausbertus
2334 3407 2452 3460 viro
2483 3407 2578 3460 Dei
2629 3407 2986 3462 charissimus
3029 3414 3169 3472 erat,
3217 3413 3272 3461 et
3320 3420 3426 3476 pro

1840 3497 2115 3552 communi
2141 3497 2451 3560 sanctitate,
2477 3505 2720 3550 mutuum
2753 3497 2852 3551 sibi
2878 3497 3106 3552 invicem
3130 3497 3420 3551 contuber-

1839 3589 1988 3642 nium
2041 3587 2391 3658 praestabant.
2435 3587 2670 3658 Exponit
2735 3588 2917 3656 itaque
2971 3587 3251 3657 praesentis
3292 3588 3423 3640 vita:

1839 3678 1938 3732 sibi
1958 3678 2132 3732 inesse
2155 3677 2447 3740 fastidium,
2461 3685 2515 3732 et
2529 3676 2801 3746 religionis
2817 3677 3054 3732 habitum
3077 3677 3418 3741 desiderare;

1840 3767 2064 3822 Romam
2092 3767 2358 3837 proficisci
2382 3767 2540 3831 velle,
2569 3774 2624 3820 et
2649 3766 2848 3835 praedia
2888 3779 2985 3818 sua
3037 3765 3197 3819 beato
3249 3761 3418 3818 Petro

1839 3856 2200 3926 apostolorum
2232 3856 2461 3926 principi
2514 3854 2638 3924 jure
2687 3851 3093 3908 testamentario
3145 3850 3413 3920 delegare.

1839 3946 2078 4015 Cumque
2100 3947 2164 4000 de
2189 3948 2288 4001 hoc
2309 3946 2397 4001 diu
2427 3953 2714 4000 tractatum
2737 3953 2898 4007 esset,
2924 3939 3230 3996 virDomini
3248 3938 3396 3993 Gaus

154 4043 211 4088 et
231 4049 340 4104 quo
369 4033 597 4089 vicinior
616 4035 929 4089 maturitate
978 4033 1161 4100 flebat,
1210 4048 1276 4089 eo
1323 4050 1581 4106 repausos
1621 4037 1733 4091 vir—
1761 4052 1811 4111 D
1837 4038 2021 4092 bertus
2039 4037 2211 4092 altinri
2236 4036 2461 4092 oonsilio
2482 4033 3024 4104 causamiuspiciens,
3044 4031 3256 4086 tandem
3285 4045 3414 4085 sua-

152 4131 332 4177 tutum
361 4121 522 4178 ﬂores
543 4122 788 4178 diffusius
816 4124 1154 4193 espandisse.
1186 4123 1327 4194 Ergo
1383 4125 1522 4178 sicut
1543 4125 1594 4179 in
1641 4140 1731 4182 re-

153 4229 276 4269 rum
302 4215 509 4270 vertice
534 4214 691 4281 situs,
719 4214 771 4268 in
799 4213 888 4268 illa
923 4213 1252 4269 beatitudine
1271 4229 1503 4284 superna
1539 4216 1732 4270 mentis

151 4305 404 4362 affectum
438 4305 722 4362 defixerat.
752 4305 817 4360 Et
845 4305 1102 4376 quoniam
1129 4320 1228 4375 per
1254 4305 1472 4361 caeleste
1518 4305 1732 4361 deside-

151 4395 293 4451 rium
321 4396 513 4451 intima
552 4395 642 4448 lux
672 4395 818 4449 illum
848 4394 1164 4458 irradiabat,
1210 4393 1496 4447 mundana:
1534 4408 1732 4448 concu-

151 4487 430 4558 piscentiae
462 4488 713 4543 tenebras
736 4486 1039 4557 dijudicare
1062 4486 1294 4540 valebat.
1327 4484 1409 4537 An
1444 4499 1551 4538 non
1577 4494 1730 4539 tene-

151 4581 278 4635 bras
308 4580 540 4636 dixerim
574 4588 842 4634 terrenam
883 4577 1402 4648 concupiscentiam,
1433 4592 1529 4647 per
1568 4592 1729 4646 quam

152 4669 337 4726 mundi
359 4679 636 4724 amatores
685 4679 977 4732 caecantur,
1039 4675 1095 4720 ut
1129 4666 1354 4736 diligant
1391 4665 1730 4721 vanitatem?

151 4760 258 4816 Sed
279 4761 548 4816 Geraldus
583 4760 850 4815 didicerat
876 4759 1171 4828 pretiosum
1221 4772 1476 4828 separare
1532 4772 1561 4810 a
1609 4757 1727 4820 vili,

147 4861 202 4908 et
232 4853 388 4908 valde
413 4852 691 4923 indignum
733 4852 965 4906 ducebat
999 4861 1196 4905 terram
1228 4850 1456 4920 lingere,
1519 4850 1610 4920 qui
1642 4863 1732 4904 vo-

150 4953 332 4999 catum
362 4959 426 4999 se
460 4952 684 4998 noverat
711 4943 777 4996 ad
805 4954 1018 4995 cmnam
1068 4940 1310 4996 emlestis
1338 4941 1496 5011 Agni.
1554 4939 1731 5010 Super

149 5051 241 5090 eos
267 5034 443 5104 magis
470 5035 706 5098 dolebat,
733 5031 824 5102 qui
852 5046 948 5100 per
977 5031 1273 5085 amicitiam
1302 5031 1484 5085 mundi
1525 5029 1728 5086 inimici

150 5128 237 5182 Dei
262 5126 686 5184 constituuntur.
740 5124 808 5178 Et
869 5131 1156 5193 postquam
1205 5133 1517 5191 gustaverat
1563 5137 1727 5192 quam

404 5225 418 5234 ι
467 5215 503 5234 ἢ
599 5220 610 5233 ο
699 5232 716 5236 α
822 5213 1212 5242 ιιι-..εο-ησιιιηίιιοι
1266 5227 1430 5244 (nn-Iul!
1478 5213 1704 5246 'OIIOI:‘}"c

1833 4130 1904 4183 sit
1921 4130 1970 4184 in
1996 4129 2237 4184 smculari
2263 4128 2446 4182 habitu
2473 4142 2592 4183 sese
2615 4127 2794 4196 specie
2817 4134 2991 4192 tenus,
3015 4139 3116 4194 pro
3130 4122 3409 4178 communi

1831 4221 2001 4275 salute
2027 4218 2432 4290 provincialium
2483 4218 2770 4281 retineret,
2794 4229 2880 4270 res
2902 4228 3028 4268 vero
3053 4212 3192 4268 sicut
3221 4211 3404 4277 vellet,

1831 4309 1988 4362 beato
2012 4308 2172 4363 Petro
2197 4309 2421 4363 dicaret.
2466 4308 2536 4362 At
2567 4307 2656 4360 ille
2684 4319 2752 4360 ne
2780 4320 2892 4361 sua:
2917 4303 3216 4359 definitioni
3241 4304 3412 4374 perti-

1831 4396 2018 4450 nacius
2052 4397 2339 4461 inbasrcns,
2381 4395 2752 4450 iuobedienter
2791 4393 2967 4462 egisse
2993 4391 3287 4458 videretur,
3328 4407 3416 4448 as-

1831 4501 2024 4542 sensus
2071 4494 2168 4542 est.
2230 4486 2434 4541 Memor
2475 4495 2656 4540 tamen
2695 4483 2935 4556 Apostoli
2983 4483 3238 4550 dicentis,
3289 4483 3414 4553 quia

1829 4577 2044 4632 Judmus
2081 4576 2169 4646 qui
2203 4576 2466 4632 confitens
2496 4577 2900 4646 interpretatur,
2937 4574 3111 4644 majus
3138 4579 3194 4629 et
3223 4573 3422 4629 melius

1831 4667 1883 4720 in
1921 4667 2234 4722 abscondito
2265 4665 2378 4730 fiat,
2399 4681 2562 4736 quam
2591 4666 2646 4720 in
2673 4666 2874 4735 palam,
2921 4665 2998 4721 ita
3047 4673 3293 4718 attonsus
3335 4668 3421 4715 est

1832 4765 1890 4808 ut
1916 4755 2018 4810 hoc
2046 4755 2352 4810 hominibus
2380 4754 2598 4818 lateret,
2641 4768 2875 4822 superno
2905 4763 3084 4810 autem
3125 4749 3418 4818 inspectori

1833 4848 2176 4904 manifestum
2199 4856 2361 4903 esset.
2410 4847 2642 4904 Barbam
2686 4846 2786 4900 sibi
2824 4847 3075 4915 equidem
3104 4855 3225 4898 cum
3259 4853 3423 4893 nova-

1830 4938 1951 4991 cula
2000 4937 2288 5002 mutilavit,
2332 4952 2497 5006 quam
2525 4937 2594 4990 ad
2621 4935 2837 4990 modum
2869 4950 3106 4998 coronae,
3135 4942 3235 4999 per
3261 4939 3430 4997 caput

1831 5044 1986 5084 sumn
2015 5032 2236 5094 ducens,
2279 5027 2345 5082 de
2375 5029 2586 5102 capillis
2622 5041 2835 5094 quoque
2864 5041 3080 5096 partem
3130 5017 3434 5074 "Ridebat.

1834 5120 1904 5176 Ut
1925 5133 2104 5178 autem
2138 5123 2239 5175 hoc
2262 5121 2482 5190 penitus
2501 5119 2794 5180 celaretur,
2817 5122 3090 5186 quosdam
3116 5124 3188 5165 ex
3217 5107 3444 5162 cubicu-

1833 5208 1981 5250 l-u-iic
2032 5210 2120 5250 nni
2157 5210 2206 5250 ἰιΙ
2254 5221 2524 5250 unum-emt
2593 5215 2943 5250 sacramento
2990 5193 3339 5250 nonsll'lIIXll.
3390 5209 3453 5250 ιιι
