3964 5360
96 275 193 331 675

768 277 857 334 DE
897 279 1055 336 VITA
1096 278 1155 335 S.
1192 279 1495 336 GERALDI
1533 279 1810 337 COMITIS
1849 271 2195 335 AURILIAG.
2237 307 2307 319 -—
2343 272 2472 335 ΠΒ.
2514 279 2577 335 ll.

3236 278 3341 341 ϐπ

98 406 176 452 cet
211 395 538 468 appenditiis,
578 411 698 467 qua:
723 398 1025 464 monachis,
1048 413 1186 469 quos
1213 397 1409 454 ibidem
1437 413 1662 468 congre-
1692 410 1736 469 Α
1766 397 2053 461 fabricare,
2100 411 2261 466 quam
2288 406 2445 466 pater
2472 396 2589 465 ejus
2608 396 2809 451 dudum
2850 396 3137 452 iit—honore
3167 401 3344 455 sancti

97 500 213 555 gare
245 486 591 556 disposuerat,
623 486 689 544 ad
720 503 881 543 omne
914 490 1238 559 stipendium
1263 487 1508 545 sufficere
1537 505 1661 561 pos-

94 584 223 629 sent.
262 574 494 630 Ardebat
536 591 768 646 namque
787 592 940 632 mens
969 578 1112 633 illius
1154 576 1507 635 emnohialem
1557 580 1663 636 illic

91 665 455 721 habitationem
482 665 745 730 stabilire,
766 681 873 736 quo
900 667 1184 722 emnobita:
1236 683 1358 722 cum
1404 667 1486 722 sui
1519 669 1663 722 ordi-

90 758 169 811 nis
202 756 383 811 abbate
411 771 753 811 communem
804 757 1065 812 ducerent
1100 758 1266 812 vitam
1320 758 1487 829 (lOB).
1533 759 1665 813 Cen-

89 859 200 901 snm
229 854 433 916 quoque
458 844 765 917 delegavit,
792 847 884 918 qui
908 848 975 901 ad
1000 863 1189 902 urnam
1221 847 1364 902 beati
1394 847 1538 901 Petri
1568 864 1665 901 an-

87 936 281 990 nuatim
320 936 654 991 redderetur.
678 934 885 1005 Itaque,
911 943 972 990 ut
997 937 1177 991 animo
1208 934 1433 991 ferventi
1476 950 1666 990 concc-

85 1040 249 1099 perat,
273 1030 425 1101 quta
455 1029 760 1086 condictum
785 1027 1061 1099 profectus
1089 1036 1191 1094 est,
1220 1037 1275 1082 et
1304 1028 1445 1099 quod
1479 1028 1666 1083 decre-

87 1130 244 1185 verat,
303 1122 409 1175 Deo
456 1128 836 1190 prosperante,
882 1121 1111 1189 peregit.
1171 1119 1441 1174 Reversus
1484 1126 1664 1173 autem

86 1211 388 1281 lapidicinos
414 1220 469 1265 et
491 1209 640 1282 (HM)
669 1210 966 1265 mactiones
1002 1209 1359 1280 undecunque
1386 1207 1548 1277 jussit
1573 1224 1670 1279 ag-

86 1303 306 1373 gregari,
332 1311 387 1357 et
421 1304 488 1357 ad
527 1301 947 1358 construendam
986 1301 1038 1356 in
1082 1302 1289 1356 honore
1331 1301 1473 1356 beati
1520 1286 1665 1356 Petri

93 1395 362 1449 ecclesiam
405 1392 811 1449 fundamentum
835 1393 1094 1463 prmeepit
1116 1393 1333 1463 aperiri.
1376 1392 1481 1447 Sed
1511 1392 1668 1447 Sata—

90 1501 209 1552 nas,
239 1485 473 1541 omnium
502 1485 767 1541 bonorum
796 1485 1030 1550 invidus,
1063 1486 1241 1540 nescio
1268 1500 1372 1555 qua
1408 1496 1522 1541 arte
1552 1501 1668 1556 pro-

84 1576 361 1630 videntiam
388 1573 579 1630 fefellit
607 1577 1008 1645 magistrorum.
1043 1574 1477 1630 Fundamentum
1518 1588 1666 1630 nam-

80 1680 182 1734 que
230 1665 511 1722 infirmiter
552 1663 913 1731 locaverunt,
988 1673 1045 1721 et
1095 1681 1227 1720 eum
1285 1665 1400 1736 jam
1459 1667 1511 1719 in
1576 1673 1671 1720 ex-

1767 487 2061 559 Clementis
2116 496 2515 542 construxerat.
2561 486 2734 553 Nam,
2784 496 2844 542 ut
2900 488 3346 559 prtedixeramus,
3404 480 3407 483 ’

1766 576 1936 632 isdem
1964 585 2120 646 pater
2138 576 2256 645 ejus
2281 576 2566 647 religiosus
2588 576 2705 644 fuit,
2737 585 2923 649 utpote
2950 578 3041 650 qui
3063 574 3130 635 de
3158 594 3358 650 prosa-

1762 665 1851 735 pia
1877 664 2251 735 religiosorum
2281 666 2654 723 descenderat.

1837 754 1925 809 Vl.
1954 753 2091 810 Dum
2122 771 2254 811 vero
2280 756 2472 811 domus
2498 756 2753 811 fabricam
2776 758 3132 825 continuaret,
3165 759 3347 816 animo

1763 856 1979 915 semper
2019 845 2272 901 volvebat
2301 846 2534 916 qualiter
2569 857 2753 918 posset
2780 850 3022 919 reperire
3050 852 3348 908 monachos

1764 934 1855 1004 qui
1905 935 2041 989 bene
2090 935 2285 989 morati
2334 945 2554 1003 essent,
2598 946 2655 992 et
2714 937 2891 993 locum
2946 940 3048 995 sub
3111 940 3345 1014 regulari

1763 1025 2042 1095 proposito
2084 1024 2325 1080 incolere
2367 1027 2689 1096 potuissent.
2724 1026 2829 1084 Sed
2876 1044 2999 1083 cum
3046 1031 3351 1100 reperiendi

1766 1116 1964 1169 raritas
2036 1114 2404 1178 difﬁcultatem
2477 1117 2770 1181 intulisset,
2844 1119 3168 1175 anxiabatur
3239 1120 3350 1187 ille,

1766 1213 1819 1259 ct
1846 1204 2099 1274 quidnam
2141 1203 2340 1260 faceret
2387 1206 2535 1278 (l05)
2569 1205 2860 1262 nesciebat.
2899 1199 3037 1263 Tum
3084 1224 3213 1265 vero
3249 1226 3351 1265 no-

1765 1296 1901 1351 biles
1966 1298 2230 1369 quosdam
2302 1314 2500 1369 pueros
2563 1301 2630 1355 ad
2705 1299 2982 1357 Vabrense
3043 1303 3352 1357 ctenobium

1767 1385 1987 1449 direxit.
2051 1384 2187 1439 Nam
2254 1395 2383 1442 tunc
2442 1388 2708 1459 regularis
2758 1386 3117 1445 observantiae
3170 1391 3357 1446 fervor

1768 1473 2154 1540 inealescehat,
2209 1485 2270 1529 ut
2319 1475 2527 1531 scilicet
2572 1477 2710 1547 apud
2762 1474 3161 1534 fraternitatem
3206 1479 3355 1535 illam

1768 1568 1868 1624 sub
1915 1585 2105 1623 norma
2153 1568 2383 1640 regulari
2437 1565 2597 1625 iidem
2653 1571 2807 1642 pueri
2860 1555 3253 1627 imbuerentur.
3315 1573 3356 1628 E

1769 1662 1967 1730 quibus
2004 1676 2147 1716 nunc
2184 1677 2354 1732 usque
2379 1673 2626 1733 superest
2654 1680 2789 1717 unus
2808 1705 2821 1731 ,
2852 1664 2943 1734 qui
2971 1665 3159 1721 eodem
3193 1666 3357 1722 beato

81 1771 239 1826 pensa
292 1757 509 1827 grandis
557 1772 899 1811 nummorum
954 1772 1164 1812 summa
1220 1766 1362 1813 esset
1411 1757 1664 1829 proﬂiga-
1695 1751 2001 1824 B'Geraldo
2047 1769 2167 1822 quae
2217 1755 2613 1821 describimus,
2663 1757 2776 1810 visa
2816 1765 3037 1820 narrat,
3073 1766 3129 1813 et
3189 1773 3352 1813 manu

82 1856 131 1899 ta
167 1887 181 1910 ,
234 1846 567 1916 parietesque
617 1845 966 1902 nihilominus
1025 1848 1079 1902 in
1144 1847 1308 1902 altum
1363 1849 1604 1916 porrecti
1644 1889 1659 1915 ,

79 1935 485 2005 quadraminum
524 1949 813 2004 compages
843 1936 1022 1991 subito
1053 1937 1273 1991 dissuta:
1315 1943 1662 1992 corruerunt.

76 2025 190 2080 Nec
217 2034 391 2081 tamen
440 2024 525 2079 vir
567 2025 671 2079 iste
717 2026 881 2081 nimis
913 2027 983 2083 ob
1015 2027 1118 2081 hoc
1160 2027 1513 2082 contristatus
1559 2035 1661 2081 eSt.

81 2122 207 2177 Non
250 2124 384 2177 enim
409 2162 425 2188 ,
453 2130 514 2176 ut
549 2121 812 2192 scriptum
848 2133 951 2189 est,
983 2119 1256 2176 contristat
1271 2125 1478 2192 justum
1514 2120 1667 2193 quid-

70 2213 203 2282 quid
240 2213 287 2267 ei
311 2211 559 2267 acciderit
614 2210 798 2283 (Prov.
828 2229 925 2278 xu,
948 2211 1062 2285 2|).
1090 2213 1227 2268 Vere
1254 2214 1490 2268 confisus
1528 2226 1665 2283 quo-

75 2304 225 2358 niam
276 2303 398 2359 licet
447 2317 582 2374 Opus
631 2302 762 2359 illud
818 2304 918 2360 sub
965 2304 1065 2358 hac
1093 2303 1380 2357 occasione
1423 2300 1666 2357 retarda-

71 2402 268 2459 retur,
320 2408 531 2448 merces
581 2403 761 2449 tamen
825 2394 1020 2464 perditi
1081 2395 1266 2464 operis
1326 2407 1666 2463 nequaquam

68 2484 303 2555 periret.
337 2484 538 2539 Videns
584 2484 729 2554 quod
772 2483 870 2538 Dei
905 2481 1111 2551 judicio
1150 2483 1475 2553 permissum
1511 2482 1668 2537 situt

72 2577 198 2632 haec
242 2575 456 2646 jactura
504 2575 684 2641 fieret,
729 2576 834 2632 hoc
892 2585 1073 2631 tamen
1123 2577 1385 2633 usitatum
1417 2590 1556 2644 pene
1613 2575 1666 2629 in

73 2667 228 2721 omni
257 2666 471 2722 actione
495 2680 711 2737 semper
739 2675 845 2732 est,
884 2675 944 2720 ut
977 2664 1236 2736 quidquid
1258 2665 1523 2735 placidius
1554 2664 1667 2719 Deo

72 2757 386 2823 exhibetur,
434 2756 705 2811 diﬂiciiius
751 2767 1066 2828 peragatur.
1102 2756 1165 2809 Et
1219 2764 1366 2810 certe
1391 2754 1448 2810 in
1485 2769 1665 2809 rerum

72 2858 276 2902 natura
309 2848 455 2919 quod
478 2847 652 2903 citius
691 2856 1037 2918 augmentum
1077 2845 1258 2916 capit,
1285 2845 1444 2899 citius
1472 2845 1538 2899 ad
1577 2846 1669 2899 de-

67 2940 281 2995 fectum
327 2938 551 3011 vergit:
594 2938 738 3009 quod
792 2953 924 2995 vero
966 2936 1286 3004 diiliculter,
1359 2937 1667 2992 diuturnius

71 3028 348 3097 persistit.

1767 1843 1976 1899 scribit.
2022 1841 2195 1897 Porro
2236 1859 2359 1898 cum
2422 1844 2581 1899 iidem
2643 1845 2794 1914 pueri
2835 1848 3032 1901 reverti
3095 1845 3354 1916 juberen-

1766 1945 1877 2000 tur,
1907 1936 2034 2006 quia
2093 1937 2339 2007 magistri
2396 1935 2706 2002 defuerunt,
2760 1953 2885 1992 mox
2937 1937 3165 2009 puellari
3212 1939 3359 1995 mol-

1762 2025 1882 2079 litia
1941 2026 2187 2089 resoluti,
2235 2027 2470 2096 rigorem
2532 2026 2828 2096 disciplina:
2869 2026 3242 2098 neglexerunt.
3294 2027 3362 2082 Et

1769 2115 1843 2170 ita
1904 2116 2158 2186 contigit,
2216 2125 2277 2170 ut
2342 2131 2431 2172 res
2495 2117 2562 2171 ad
2629 2115 2880 2172 effectum
2940 2133 3048 2173 non
3107 2118 3356 2174 veniret:

1766 2221 1934 2260 unum
2015 2214 2191 2259 tamen
2256 2220 2444 2260 eorum
2519 2208 2846 2263 necessitate
2900 2208 3095 2265 ductus
3149 2208 3361 2265 caeteris

1768 2295 2030 2367 prazfecit.
2094 2295 2201 2351 Sed
2249 2312 2370 2351 cum
2421 2296 2511 2352 ille
2550 2297 2808 2352 dissolute
2838 2298 3076 2365 viveret,
3126 2300 3212 2355 vir
3256 2301 3362 2357 Do-

1770 2387 1901 2442 mini
1960 2386 2313 2441 vehementer
2371 2384 2746 2454 adiciebatur,
2802 2388 2927 2459 quia
2986 2387 3135 2444 illum
3183 2390 3361 2446 corri-

1769 2494 1897 2549 gere
1919 2494 2023 2534 non
2068 2479 2303 2545 valebat,
2350 2496 2524 2551 neque
2571 2480 2735 2538 alium
2774 2483 2999 2549 habere,
3030 2499 3189 2554 quem
3239 2484 3361 2541 loco

1770 2569 1913 2625 illius
1968 2572 2262 2642 subrogare
2310 2583 2513 2643 posset.
2552 2572 2687 2630 Cum
2735 2590 2865 2647 ergo
2906 2574 2993 2631 vel
3048 2575 3230 2642 illum,
3274 2576 3363 2633 vel
3458 2574 3461 2577 ’

1769 2660 2063 2732 complices
2114 2660 2250 2730 ejus,
2299 2672 2567 2734 corrupta:
2614 2664 2740 2719 vitae
2787 2664 3061 2720 tramitem
3108 2663 3362 2722 incedere

1768 2754 2022 2821 vidisset,
2067 2754 2196 2810 illud
2243 2755 2592 2822 Davidicum,
2619 2754 2884 2827 profunde
2933 2756 3244 2827 suspirans,
3277 2757 3361 2813 di-

1770 2847 1949 2901 cebat.
2030 2845 2074 2901 0
2124 2845 2389 2915 Domine,
2454 2848 2655 2919 dissipa
2700 2848 2977 2905 consilium
3050 2848 3359 2921 Achitopltef

1772 2937 1859 3011 (II
1887 2937 2015 3007 Reg.
2048 2954 2139 3004 xv,
2174 2939 2288 3011 54).

1843 3027 1953 3082 Vll.
2001 3028 2398 3100 Nonnunquam
2430 3046 2564 3088 vero
2589 3033 2641 3088 in
2673 3044 2861 3089 vocem
2889 3034 3161 3107 plangoris
3176 3050 3362 3097 erum-

151 3120 217 3175 V.
272 3118 747 3191 Quadragesimale
796 3127 1005 3189 tempus
1059 3117 1391 3183 advenerat,
1437 3131 1561 3171 cum
1612 3117 1665 3171 in
1696 3110 1737 3173 C
1768 3135 1902 3190 pens
1928 3135 2092 3191 super
2117 3122 2365 3178 homines
2402 3138 2538 3194 quos
2585 3124 2653 3180 ad
2682 3124 2883 3181 malum
2913 3127 3180 3197 proclives
3204 3127 3357 3184 vide.-

65 3210 462 3266 construendis
483 3209 725 3264 :edificiis
751 3207 976 3277 aerjam
1013 3208 1331 3264 clementior
1367 3207 1660 3264 arridebat.

64 3296 348 3353 Geraldus
375 3300 605 3371 quodam
630 3312 808 3364 mane,
834 3299 1108 3353 consuetis
1134 3298 1474 3354 orationibus
1488 3296 1668 3369 exple-

58 3390 162 3455 tis,
208 3391 353 3446 exiit
401 3392 472 3446 ab
537 3390 732 3461 oppido
795 3390 939 3461 quod
994 3391 1169 3446 eidem
1224 3391 1343 3446 loco
1398 3391 1665 3445 imminet.

60 3480 363 3535 Paululum
386 3480 502 3552 jam
534 3496 873 3554 progressus,
898 3481 1062 3551 coepit
1116 3480 1321 3536 visibus
1360 3479 1465 3536 huc
1508 3479 1664 3536 illuc-

55 3588 178 3641 quc
226 3573 502 3642 porrectis
576 3573 921 3628 considerare
988 3571 1202 3626 ubinam
1257 3580 1438 3640 posset
1487 3570 1666 3640 aptius

55 3661 326 3716 ecclesia:
368 3660 573 3717 fabrica
610 3660 845 3715 fundari.
896 3660 1136 3715 Tandem
1174 3659 1334 3730 elegit
1380 3659 1556 3714 locum
1588 3660 1667 3715 tli-

51 3754 201 3807 vina
239 3753 600 3823 diSposition'e
629 3752 741 3823 jam
772 3751 1105 3823 prmscitum.
1132 3749 1292 3805 Juhet
1327 3751 1492 3821 igitur
1537 3749 1668 3804 arti—

51 3845 203 3898 fiees
252 3857 447 3897 rursus
490 3842 700 3910 adesse,
747 3844 986 3899 studium
1038 3842 1309 3909 recalere,
1336 3858 1470 3914 opus
1501 3843 1668 3899 inter—

51 3936 307 3988 missum
331 3932 552 4003 aperiri,
581 3942 757 4003 erepto
778 3935 925 4003 operi
955 3933 1222 4003 sagaciter
1248 3934 1470 3999 instare,
1493 3935 1666 3989 eccle-

1770 3212 1886 3277 bat,
1938 3223 2200 3285 pertaesus
2269 3217 2699 3290 ingemiscebat,
2742 3222 2898 3290 quasi
2965 3221 3360 3292 querimoniam

1771 3303 1997 3372 faciens,
2036 3310 2178 3375 quod
2206 3308 2367 3364 iidem
2394 3310 2643 3366 homines
2665 3325 2764 3382 pro
2789 3326 2974 3368 amore
3018 3312 3204 3367 mundi
3236 3327 3362 3382 per-

1773 3394 1936 3461 irent,
1953 3399 2096 3465 quod
2118 3398 2290 3468 pietas
2310 3398 2585 3465 deficeret,
2607 3401 2747 3471 quod
2773 3400 3031 3471 iniquitas
3053 3402 3359 3469 inundaret,

1773 3487 1915 3556 quod
1942 3501 2079 3557 pene
2101 3488 2214 3557 jam
2245 3490 2485 3546 universi
2512 3492 2825 3547 amitterent
2852 3507 2881 3545 a
2912 3492 3077 3548 corde
3103 3492 3361 3548 innocen-

1774 3576 1928 3643 tiam,
1952 3577 2021 3632 ab
2040 3593 2135 3634 ore
2161 3581 2466 3636 veritatem.-
2495 3580 2722 3637 Nolebat
2743 3592 2921 3637 autem
2940 3582 3139 3653 jnrgiis
3163 3597 3357 3639 eorum

1772 3681 1832 3722 se
1858 3668 2182 3735 immiscere,
2216 3671 2311 3727 sed
2338 3674 2532 3727 orabat
2561 3682 2618 3727 ut
2646 3673 2786 3729 Deus
2806 3674 3148 3744 omnipotens
3167 3673 3359 3743 pacifi-

1772 3767 1927 3814 caret
1976 3775 2187 3827 omnes,
2235 3765 2558 3835 praecipiens
2606 3765 2891 3821 missarum
2935 3765 3196 3822 solemnia
3217 3766 3361 3823 cele-

1772 3852 1943 3919 brari,
1994 3854 2122 3911 illud
2156 3855 2405 3913 Ezechiae
2447 3857 2783 3928 frequentius
2814 3857 3017 3913 iterans
3046 3876 3059 3912 :
3103 3855 3147 3911 0
3175 3857 3363 3913 Domi-

1771 3958 1852 4007 ne,
1877 3944 1974 4012 ﬁat
2021 3956 2226 4002 tantum
2271 3958 2445 4018 paret
2482 3950 2673 4003 veritas
2710 3951 2766 4003 in
2803 3948 2986 4002 diebus
3026 3948 3154 4002 meis
3197 3946 3354 4020 (Isaf.

44 4024 212 4078 siam
237 4032 573 4094 competenti
605 4025 1014 4095 granditudine,
1054 4033 1109 4080 et
1142 4034 1364 4080 arcuato
1393 4026 1666 4083 schemate
1771 4049 1963 4102 xxxix,
1992 4036 2080 4108 8);
2135 4047 2190 4093 ct
2218 4037 2348 4094 illud
2384 4059 2397 4094 :
2438 4038 2482 4094 0
2527 4049 2781 4111 quantum
2822 4038 2997 4109 deﬁcit
3045 4038 3290 4093 sanctus!
3325 4054 3357 4093 o

45 4193 209 4251 tam,
249 4179 429 4251 ipsius
474 4188 781 4234 testamenti
828 4177 1150 4251 principittm
1191 4186 1247 4251 et
1298 4178 1457 4243 finis,
1501 4194 1663 4251 quam

40 4250 212 4321 quod
264 4247 468 4321 census
512 4251 579 4304 ad
628 4247 840 4321 urnam:
870 4249 1010 4321 beati
1059 4247 1204 4303 Petri
1247 4247 1534 4321 annuatim
1572 4252 1665 4305 de-

39 4318 237 4392 legati
272 4359 291 4384 ,
340 4320 483 4374 sicut
528 4320 771 4390 sequitur
822 4319 874 4373 in
913 4318 1099 4375 Odone
1131 4359 1146 4381 ,
1194 4318 1339 4374 nulla
1384 4320 1442 4373 fit
1494 4320 1548 4375 in
1598 4335 1663 4376 eo

36 4391 310 4446 mentio.

122 4460 306 4530 (105)
367 4457 591 4513 Consum
641 4474 856 4530 quoque
889 4458 1183 4530 delegavit,
1218 4459 1319 4530 qui
1360 4460 1429 4513 ad
1476 4476 1665 4514 urnam

33 4528 205 4586 beati
244 4528 402 4584 l’ctri
427 4530 700 4583 annuatim
731 4528 1053 4585 redderetur.
1092 4529 1182 4585 Sic
1214 4528 1515 4585 .Willelmus
1540 4529 1668 4585 Pius

33 4602 470 4657 Chmiacenses
517 4614 643 4654 suos
686 4616 719 4653 χ
767 4598 1057 4654 solidorum
1086 4615 1307 4656 censum
1355 4601 1669 4669 apostolica:

33 4672 172 4727 sedi
210 4670 431 4740 quinto
454 4683 665 4737 quoque
709 4684 863 4740 anno,
886 4671 1116 4737 pendere
1155 4669 1458 4735 constituit,
1490 4669 1669 4725 tutelae

33 4739 322 4797 nomine.
354 4758 383 4789 Α
414 4739 517 4809 Per
539 4739 962 4808 quinquennium
990 4748 1194 4803 autem,
1224 4741 1397 4809 inquit
1425 4741 1475 4794 in
1506 4748 1669 4795 testa-

33 4821 255 4866 mento
283 4808 642 4870 fundationis,
675 4809 860 4865 Romae
887 4809 954 4862 ad
980 4809 1162 4864 limina
1188 4808 1576 4879 apostolorum,
1601 4811 1669 4865 ad

33 4880 375 4936 luminaria
402 4881 634 4950 ipsorum
654 4879 1063 4950 concinnanda,
1090 4880 1273 4935 decem
1305 4880 1505 4950 solidos
1533 4895 1670 4949 prte-

33 4952 145 5006 fati
185 4948 466 5005 monachi
491 4948 1189 5020 pcrsolvant,_habeantque
1217 4948 1495 5020 tuitionem
1527 4948 1670 5020 ipso-

33 5037 174 5077 rum
208 5017 598 5090 apostolornm
628 5028 791 5089 atque
822 5017 1119 5073 Romanum
1153 5019 1460 5089 pentificem
1491 5017 1670 5077 defen-

33 5088 275 5168 zpreml
314 5110 336 5143 ι
364 5088 489 5168 __S_ic
513 5098 566 5168 et
587 5088 933 5145 constructor
955 5089 1280 5168 monasterii
1308 5089 1670 5168 Eindocinen-

1771 4183 1888 4268 _Odo
1912 4200 2097 4248 noster
2124 4197 2315 4268 senuit
2343 4196 2481 4252 infra
2512 4213 2631 4268 cap.
2662 4198 2726 4252 l7
2759 4199 2825 4253 de
2848 4212 3013 4252 censu
3039 4197 3266 4268 Romam
3290 4199 3359 4255 ab

1770 4255 1887 4340 hoc
1919 4273 2109 4318 sancto
2146 4264 2398 4340 Geraldo,
2440 4255 2679 4340 secundo
2707 4283 2937 4340 quoque
2981 4282 3125 4340 anno
3159 4267 3358 4323 deferri

1769 4328 2103 4407 solito,_cum
2141 4335 2263 4389 ait:
2302 4355 2321 4387 ι
2353 4336 2501 4393 Hanc
2550 4339 2651 4393 sibi
2702 4328 2875 4407 legem
2919 4338 3244 4406 prtefixerat,
3294 4349 3356 4393 ut

1692 4397 1742 4456 D
1770 4403 2007 4456 secundo
2042 4419 2259 4479 semper
2283 4423 2425 4463 anno
2452 4408 2515 4462 ad
2545 4397 2851 4479 sepulcrum
2878 4397 3244 4478 apostolorum
3270 4424 3358 4463 re-

1771 4483 2038 4549 curreret,
2070 4474 2367 4548 decemque
2405 4474 2699 4545 solidos'ad
2729 4474 3003 4549 proprium
3033 4479 3230 4534 collum
3260 4479 3358 4533 de-

1771 4540 2100 4624 pendentes,
2143 4540 2396 4624 tanquam
2443 4542 2664 4619 supplex
2709 4540 2939 4614 s'erv'us,
2987 4549 3208 4605 domino
3256 4563 3356 4604 suo

1771 4617 1923 4680 quasi
1952 4628 2173 4671 censum
2203 4617 2460 4674 deferret.
2497 4617 2516 4671 ι

1844 4660 2343 4763 iijou'iiii'éiaitiéli
2361 4660 2611 4745 verbum
2640 4688 2904 4745 Gallicum
2934 4660 2999 4745 et
3021 4689 3166 4760 quod
3190 4687 3356 4743 etiam

1770 4751 2273 4825 hodieretinemus,
2305 4776 2541 4825 magons.

1773 4894 1902 4965 dicti
1929 4894 2241 4965 dependens
2270 4914 2299 4952 a
2329 4901 2576 4955 (‘CBIIObiO
2605 4899 2775 4955 sancti
2808 4898 3039 4954 Victoris
3065 4894 3361 4952 Massilien-

1770 4963 1845 5019 sis
1871 4963 2107 5039 ,Aqu‘od‘
2132 4968 2346 5022 tandem
2394 4968 2634 5026 Joannes
2688 4968 2827 5023 XXII
2862 4970 2931 5039 in
2989 4971 3360 5039 episcopatum

1771 5033 1969 5114 erexit,
1994 5048 2049 5114 et
2074 5036 2368 5114 Gregorius
2394 5039 2508 5096 Xlll
2534 5040 2831 5114 monachos
2860 5033 3108 5093 habitum
3134 5033 3359 5114 ξριξιιξιιι

1772 5104 1825 5158 in
1855 5100 2218 5163 canonicalem
2250 5116 2465 5163 mutare
2494 5110 2754 5168 permisit.
2789 5106 2884 5160 Est
2915 5116 3095 5164 autem
3134 5100 3362 5156 Vabrin-

1844 4822 1991 4896 (l05)
2027 4827 2108 4880 Ad
2142 4822 2729 4884 Vabrense'cwnobium.
2752 4827 3165 4887 Ordinissancli
3188 4825 3361 4896 Bene-
3452 4876 3457 4879 .
