3964 5360
567 410 670 465 6ῖὸ

1552 405 1609 460 S.
1652 401 1902 460 ODOMS
1939 400 2230 457 ABBATIS
2264 395 2760 456 CLUNIACENSIS
2800 395 2837 449 ll

3737 392 3828 446 6ἷὸ

571 529 824 592 quantum
873 518 1148 571 diminutio
1196 526 1315 571 sunt
1351 516 1590 570 veritates
1637 533 1667 569 a
1697 515 1823 584 [iliis
1853 511 2160 568 hominum!
2192 517 2237 576 Α
2268 518 2374 563 tam
2417 507 2743 579 psalmorum
2786 522 3049 561 summam
3092 521 3306 576 semper
3353 504 3575 575 explere
3601 504 3829 561 voluerit.

573 609 747 680 (Psal.
779 623 854 673 XI,
880 607 962 678 ‘2.)

651 699 778 754 Vill.
821 697 1161 771 Desiderium
1215 714 1344 754 sane
1381 714 1488 769 quo
1531 698 1598 752 ad
1643 698 1885 752 cmlestia
1935 696 2168 767 flagrans

576 799 795 847 terrena
834 789 1158 860 despexerat
1197 789 1270 843 ita
1307 805 1365 844 se
1399 803 1554 857 posse
1589 789 1858 844 consolari
1896 789 2166 859 sperabat,

575 881 620 936 si
650 879 830 936 socios
869 877 1114 950 ejusdem
1159 879 1244 933 sui
1282 878 1537 934 desiderii
1582 879 1891 948 reperissct.
1935 877 2171 933 Proinde

590 971 682 1025 ditt
710 980 981 1040 noctuque
1006 984 1160 1024 meus
1191 969 1330 1024 illitis
1357 970 1645 1034 :estuabat,
1667 978 1721 1024 et
1745 970 1810 1024 de
1839 983 2172 1040 congregan-

577 1061 660 1114 dis
702 1058 979 1114 monachis
1008 1058 1259 1114 aficctuiu
1307 1059 1548 1114 oblivisci
1580 1075 1686 1113 non
1718 1068 1949 1129 poterat,
1979 1059 2173 1130 saepius

580 1164 706 1203 eum
751 1148 1066 1204 domesticis
1115 1156 1171 1202 et
1219 1146 1577 1202 familiaribus
1649 1147 1774 1203 inde
1841 1147 2171 1218 colloquens.

579 1238 760 1293 Tanto
782 1238 926 1292 enim
960 1237 1012 1292 in
1045 1238 1098 1294 id
1131 1235 1326 1294 affectu
1357 1238 1657 1308 agebatur,
1698 1249 1754 1292 ut
1789 1253 2173 1309 nonnunquam

560 1328 951 1384 exclamaret:
1003 1328 1112 1384 Osi
1135 1328 1260 1400 quis
1304 1328 1437 1384 mihi
1477 1329 1632 1386 daret
1663 1338 1720 1384 ut
1765 1330 1864 1384 sub
1896 1329 1987 1383 tali
2020 1337 2176 1399 pacto

583 1420 870 1492 religiosos
901 1421 1195 1477 monachos
1218 1421 1552 1478 invenirem!
1577 1437 1684 1492 quo
1706 1437 1806 1492 ego
1832 1421 1937 1477 illis
1960 1433 2174 1488 cuncta,

585 1526 707 1582 qua:
768 1511 1023 1583 possideo
1062 1510 1363 1578 dedissem,
1414 1522 1468 1567 et
1517 1512 1772 1582 deinceps
1821 1505 2178 1570 mendicando

585 1605 754 1658 vitam
778 1604 919 1659 hanc
948 1604 1246 1674 exegissem
1272 1606 1287 1659 ι
1326 1605 1407 1660 Ad
1439 1605 1542 1661 hoc
1570 1606 1712 1660 enim
1742 1616 1957 1676 pactum
1995 1606 2179 1662 ineun-

585 1697 714 1753 dum
755 1697 890 1753 nihil
925 1711 1152 1767 prorsus
1193 1712 1462 1754 morarer.
1499 1698 1634 1754 Cum
1674 1699 1856 1756 itidem
1890 1699 2180 1769 aliquando

587 1785 887 1842 familiares
921 1785 972 1841 ei
997 1788 1426 1856 respondissent,
1458 1788 1702 1843 dicentes
1732 1803 1747 1842 :
1780 1786 1967 1842 Nonne
2001 1789 2181 1858 plures

2270 600 2576 654 Praesertim
2624 615 2746 654 cum
2783 598 2916 653 alias
2961 597 3341 667 occupationes
3374 595 3649 651 interdum
3684 610 3832 667 expe-

2269 691 2458 746 disset.
2493 689 2607 743 Non
2655 689 2800 743 enim
2844 699 2962 743 erat
2990 687 3325 748 obstinatus,
3357 696 3418 739 ut
3445 685 3630 740 causis
3665 701 3833 741 neces-

2269 781 2430 835 sariis
2459 797 2516 835 sc
2565 779 2789 833 nimium
2818 780 3164 834 obsentaret:
3217 777 3311 832 sed
3345 777 3432 831 his
3472 791 3572 846 pro
3598 786 3834 846 opportu-

2272 872 2439 927 nitate
2524 871 2796 941 paululqu
2859 871 3140 936 intentus,
3197 885 3322 924 mox
3386 869 3454 924 ad
3519 869 3836 937 degustatam

2271 965 2582 1034 psalmodia:
2628 964 2970 1020 dulcedinem
3025 978 3144 1018 sese
3191 961 3439 1018 concitus
3489 960 3838 1032 recolligebat.

2275 1056 2446 1122 Quam
2497 1066 2809 1112 reverenter
2850 1072 2980 1112 sane
3012 1056 3066 1110 in
3093 1054 3325 1110 ecclesia
3351 1062 3554 1117 staret,
3584 1069 3692 1107 non
3731 1054 3842 1108 satis

2277 1147 2470 1203 referri
2522 1157 2723 1218 potest,
2757 1148 2850 1203 sed
2877 1159 3100 1219 putares
3126 1145 3273 1201 illum
3304 1145 3461 1216 quasi
3492 1146 3738 1200 divinum
3765 1145 3842 1198 ali-

2275 1242 2402 1311 quid
2438 1241 2826 1312 contemplari,
2863 1249 3025 1310 atque
3053 1239 3182 1296 illud
3224 1239 3607 1310 propheticum
3642 1239 3844 1291 attonito

2275 1334 2424 1388 vultu
2451 1333 2672 1388 imitari.
2718 1330 2850 1387 Vivit
2889 1331 3145 1386 Dominus
3165 1373 3179 1394 ,
3208 1331 3265 1385 in
3303 1330 3457 1400 cujus
3485 1336 3762 1396 conspectu
3784 1339 3845 1382 sto

2279 1427 2421 1499 (111
2476 1427 2605 1497 Reg.
2667 1442 2801 1490 xvii,
2875 1425 2946 1494 i).
3015 1423 3148 1478 Nam
3217 1432 3275 1477 ut
3309 1424 3414 1478 hoc
3477 1421 3585 1476 sub
3627 1419 3847 1490 exemplo

2277 1527 2501 1592 pateat,
2532 1517 2760 1574 festivus
2813 1516 2931 1571 dies
3001 1515 3292 1570 Dominica:
3352 1511 3721 1568 Ascensionis
3775 1511 3848 1562 ad-

2277 1619 2528 1673 venerat,
2585 1623 2708 1664 cum
2744 1607 2960 1678 quidem
3019 1606 3107 1661 ille
3151 1605 3517 1660 Sollemniaco
3569 1602 3722 1673 (106)
3759 1618 3848 1654 mo-

2279 1701 2540 1766 nasterio,
2594 1710 2652 1754 ut
2691 1708 2775 1756 est
2820 1697 2962 1768 juris
3016 1698 3309 1764 solemnis,
3358 1696 3750 1752 celebraturus
3785 1709 3852 1746 ac-

2281 1792 2538 1848 cucurrit.
2625 1790 2741 1846 Nou
2828 1791 2973 1845 enim
3044 1790 3388 1860 patiebatur,
3469 1797 3644 1840 tanta:
3728 1784 3851 1838 fes'i-

587 1877 845 1936 monachi
871 1878 924 1932 in
950 1878 1036 1933 his
1067 1879 1382 1950 regionibus
1405 1880 1780 1950 reperiuntur,
1809 1898 1840 1935 e
1876 1882 2072 1950 quibus
2108 1885 2173 1936 ad
2199 1864 2251 1957 _B
2279 1884 2467 1940 vitatis
2518 1882 2775 1948 otiicium,
2815 1882 2919 1938 nisi
2989 1881 3187 1937 festive
3239 1876 3565 1952 [infestivo]
3628 1889 3853 1931 recense-

584 1976 770 2022 votum
824 1983 1158 2040 congregare
1206 1970 1470 2039 potestis?
1519 1969 1592 2025 At
1636 1971 1725 2027 ille
1768 1971 1963 2027 fortem
2015 1973 2177 2028 nimis

588 2058 912 2113 sententiam
943 2057 1226 2128 proferens
1253 2076 1266 2112 :
1310 2059 1390 2124 Si,
1437 2061 1636 2130 inquit,
1668 2061 1919 2116 monachi
1949 2062 2176 2132 perfecti

590 2157 737 2213 sunt,
771 2147 946 2203 beatis
970 2147 1176 2220 angelis
1198 2149 1566 2205 assimilantur
1591 2169 1604 2205 :
1645 2151 1727 2206 sin
1750 2167 1881 2208 vero
1906 2153 1974 2208 ad
2003 2168 2175 2208 sarcu-

589 2238 706 2296 lare
742 2240 1069 2296 desiderium
1098 2251 1463 2309 revertuntur,
1493 2243 1807 2315 apostaticis
1829 2246 2057 2316 angelis,
2087 2246 2178 2316 qui

593 2347 748 2386 suum
777 2330 1106 2387 domicilium
1141 2349 1246 2388 non
1277 2344 1655 2401 servaverunt,
1681 2350 1780 2407 per
1807 2353 1962 2392 suam
1994 2339 2180 2408 utique

593 2423 942 2492 apostasiam,
987 2423 1109 2493 jure
1147 2436 1552 2497 comparantur.
1585 2428 1780 2484 Fateor
1823 2430 1965 2484 enim
2003 2431 2178 2496 vobis,

594 2515 848 2584 quoniam
891 2515 1386 2587 incomparabiliter
1421 2519 1612 2574 melior
1672 2529 1753 2576 est
1795 2519 1967 2576 bonus
2015 2521 2182 2578 laicus

593 2618 758 2673 quam
813 2605 893 2660 sui
937 2606 1197 2676 propositi
1254 2616 1625 2677 transgressor
1657 2609 1971 2664 monachus.
2021 2609 2181 2666 Cum-

596 2712 702 2766 que
747 2697 796 2752 ei
852 2696 1295 2767 subjunxissent:
1347 2697 1484 2767 Quid
1533 2715 1664 2772 ergo
1705 2709 1853 2756 tanta
1897 2701 2180 2767 beneficia,

601 2801 710 2842 non
759 2787 931 2842 solum
963 2789 1174 2854 vicinis,
1228 2790 1322 2844 sed
1347 2790 1510 2845 etiam
1551 2789 1857 2862 longinquis
1897 2794 2182 2848 cmuoliitis

599 2889 860 2948 praestare
903 2880 1305 2935 consuevistis?
1344 2881 1416 2934 At
1455 2880 1542 2936 ille
1571 2892 1830 2937 consueta
1878 2882 2184 2940 humilitate

603 2966 744 3022 facta
788 2982 884 3023 sua
929 2969 1272 3039 despiciens:
1315 2971 1448 3040 Ego,
1502 2972 1694 3043 inquit,
1745 2972 1879 3028 nihil
1926 2973 2086 3030 facio.
2125 2975 2182 3030 Si

604 3066 810 3124 tamen,
834 3067 893 3113 ut
918 3057 1124 3125 dicitis,
1162 3061 1362 3133 aliquid
1390 3063 1655 3127 facerem,
1690 3073 1872 3120 certus
1908 3081 2027 3121 sum
2057 3067 2182 3136 quia

602 3164 768 3204 verus
809 3159 892 3205 est
932 3151 1227 3219 promissor
1259 3152 1349 3223 qui
1395 3154 1620 3209 calicem
1657 3170 1810 3225 aqua:
1857 3155 2062 3226 frigidae
2087 3172 2184 3228 pro

605 3256 707 3296 suo
758 3242 977 3298 nomine
1019 3243 1204 3298 datum
1244 3234 1590 3300 remunerare
1632 3247 1896 3316 promisit.
1943 3247 2186 3303 Viderint
2215 3220 2258 3280 (ἶ

607 3331 708 3401 ipsi
743 3332 929 3402 quales
952 3333 1004 3388 in
1035 3335 1207 3391 oculis
1235 3335 1326 3391 Dei
1360 3344 1506 3391 sunt.
1539 3336 1698 3392 Certe
1723 3351 1909 3391 verum
1935 3346 2037 3404 est,
2061 3338 2186 3410 quia

607 3427 700 3496 qui
733 3429 922 3499 recipit
951 3428 1155 3496 justum
1185 3432 1237 3486 in
1268 3433 1486 3487 nomine
1525 3431 1688 3502 justi,
1719 3432 2022 3488 mercedem
2055 3431 2186 3501 justi

610 3518 858 3587 accipiet.
908 3519 1081 3576 Porro
1147 3521 1201 3576 in
1249 3523 1354 3589 his,
1400 3532 1454 3577 et
1492 3521 1795 3591 hujusmodi
1843 3523 2022 3578 verbis
2074 3521 2190 3592 ejus

610 3619 854 3678 apparet,
903 3613 1045 3680 quod
1077 3612 1202 3667 vitae
1252 3615 1535 3684 praesentis
1581 3613 1992 3670 delectationem
2033 3613 2188 3670 fasti-

610 3699 788 3764 diret,
848 3702 989 3772 quod
1061 3703 1270 3759 cmlesti
1353 3705 1624 3760 desiderio
1699 3703 1995 3776 flagraret,
2048 3703 2190 3774 quod

609 3792 792 3846 omnia
849 3807 946 3847 sua
1017 3793 1318 3849 relineuere
1383 3794 1572 3856 vellet,
1629 3794 1676 3848 si
1751 3811 1855 3849 non
1897 3793 2193 3848 defuissent

612 3881 809 3949 quibus
839 3896 899 3935 ea
941 3883 1332 3937 rationabiliter
1359 3883 1688 3938 tradidisset.
1723 3882 1915 3938 Verum
1945 3893 2028 3937 est
2066 3883 2192 3937 illud

611 3977 836 4048 vulgare
897 3977 1278 4046 proverbium,
1340 3977 1464 4045 quia
1552 3976 1799 4031 voluntas
1859 3992 1958 4046 pro
2030 3993 2194 4046 opere

615 4076 979 4136 computatur.
1035 4066 1182 4121 Unde
1212 4075 1265 4120 et
1313 4066 1399 4120 ille
1441 4065 1532 4135 qui
1582 4065 1800 4120 fratrem
1844 4067 1974 4130 odit,
2025 4069 2196 4122 homi-

617 4158 738 4212 eida
785 4173 905 4213 esse
949 4157 1284 4227 perhibetur.
1328 4156 1396 4211 Et
1435 4157 1666 4212 Joannes
1695 4157 2027 4228 Evangelista
2074 4174 2197 4227 pas-

619 4248 788 4302 sionis
854 4247 1079 4304 calicem
1148 4247 1298 4314 bibit,
1365 4263 1486 4302 cum
1558 4256 1734 4302 tamen
1798 4247 1850 4302 in
1890 4263 2022 4319 pace
2050 4249 2198 4320 quic'

618 4336 698 4390 vit
758 4338 812 4392 Si
853 4353 981 4408 ergo
1035 4337 1285 4393 voluntas
1324 4354 1421 4408 pro
1458 4353 1622 4408 opere
1678 4348 2054 4409 computatur,
2105 4356 2198 4395 ne-

617 4441 886 4496 quaquam
923 4427 1184 4484 Geraldus
1233 4429 1735 4484 abrenuntiatorum
1785 4431 2032 4486 mercede
2083 4431 2197 4502 pri-

619 4525 793 4572 vatur.

693 4607 783 4663 IX.
824 4607 1024 4662 Invitus
1055 4609 1233 4678 itaque
1273 4610 1554 4666 tenebatur
1588 4610 1640 4666 in
1672 4611 1886 4667 smculo.
1923 4611 1986 4665 Et
2008 4626 2198 4682 quam-

621 4699 702 4754 vis
725 4699 972 4754 deessent
1022 4701 1153 4755 socii
1190 4716 1310 4756 cum
1349 4703 1541 4772 quibus
1591 4704 1764 4758 cidem
1805 4704 2000 4758 saeculo
2037 4705 2196 4760 abre-

623 4787 920 4853 nuntiaret,
950 4790 1146 4844 mirum
1177 4799 1354 4844 tamen
1389 4791 1442 4844 in
1477 4793 1690 4845 modum
1722 4792 1772 4844 in
1805 4793 1892 4846 [)ei
1920 4808 2081 4862 opere
2121 4802 2202 4849 to-

630 4888 742 4934 tum
770 4895 829 4935 se
869 4882 1188 4950 occupabat.
1234 4880 1534 4951 Tantoperc
1563 4882 1707 4938 enim
1753 4881 2071 4939 lectionibus
2111 4901 2205 4938 au-
2240 4905 2247 4912 ·

623 4969 852 5033 diendis,
891 4978 946 5023 et
989 4969 1229 5025 vicissim
1265 4970 1631 5032 orationibus,
1684 4985 1829 5024 nunc
1871 4985 1996 5025 cum
2061 4973 2204 5036 aliis,

623 5073 767 5113 nunc
787 5059 1038 5113 semotim
1081 5068 1204 5114 erat
1250 5060 1504 5125 intentus,
1529 5069 1588 5114 ut
1616 5060 1812 5115 mirum
1838 5062 1907 5115 sit
1937 5065 2206 5132 quomodo

624 5150 708 5205 vel
739 5159 945 5206 tantum
968 5153 1206 5207 studium
1235 5150 1288 5205 in
1315 5152 1399 5206 his
1427 5151 1625 5206 habere
1654 5152 1894 5222 potuerit
1918 5193 1933 5219 ,
1967 5153 2050 5208 vel
2083 5162 2201 5209 tan-

2282 1975 2348 2040 ri,
2388 1988 2580 2043 neque,
2623 1981 2680 2027 ut
2720 1972 2990 2043 plerisque
3019 1987 3134 2027 mos
3161 1980 3266 2035 est,
3301 1984 3527 2024 cursum
3556 1967 3856 2023 celebrando

2282 2065 2570 2122 decurtari.
2625 2064 2756 2118 Cum
2786 2065 2949 2136 igitur
2972 2064 3096 2120 illuc
3117 2063 3389 2118 venissent
3431 2060 3719 2123 monachi,
3750 2059 3856 2112 sicut

2284 2167 2445 2214 tantae
2475 2175 2535 2211 ae
2563 2157 2649 2211 tali
2680 2171 2924 2227 persona:
2953 2157 3326 2220 conveniebat,
3357 2155 3408 2212 ei
3451 2154 3636 2210 sedile
3655 2163 3715 2209 et
3735 2152 3858 2207 recli-

2282 2251 2550 2305 natorium
2603 2251 2936 2306 ornamentis
2991 2257 3324 2304 constratum
3381 2257 3753 2319 paraverunt.
3800 2246 3859 2298 Ad

2290 2342 2431 2412 quod
2480 2357 2601 2396 cum
2654 2340 2744 2396 ille
2793 2349 2915 2410 post
2991 2349 3176 2412 gyrata
3237 2341 3478 2396 oratoria
3538 2339 3859 2397 divertisset.

2281 2433 2479 2489 fratres
2505 2432 2858 2488 solemnizare
2898 2440 3178 2504 cmperunt
3206 2431 3462 2497 oﬂicium,
3494 2440 3562 2484 ut
3587 2430 3759 2484 moris
3781 2439 3861 2487 est,

2284 2524 2336 2578 in
2380 2523 2597 2593 longum
2629 2521 2978 2592 protelantes.
3013 2521 3208 2576 Senior
3233 2535 3362 2576 vero
3389 2521 3577 2576 donec
3604 2518 3858 2589 impletum

2282 2620 2446 2678 esset,
2482 2612 2554 2667 ita
2596 2627 2886 2681 suspensus
2911 2612 2962 2666 in
2986 2609 3438 2680 contemplatione
3470 2615 3654 2674 stetit,
3690 2620 3748 2662 ut
3788 2625 3864 2662 nec

2282 2707 2516 2772 sederet,
2547 2721 2647 2762 nec
2677 2705 2758 2759 vel
2787 2704 3057 2774 paululum
3100 2703 3153 2757 in
3200 2703 3542 2772 autipodinm
3577 2702 3859 2756 recubaret.

2285 2797 2397 2868 ipsa
2451 2796 2694 2866 corporis
2743 2795 3116 2850 immobilitate
3171 2792 3368 2847 mentis
3422 2792 3778 2864 devotionem
3821 2802 3862 2842 et

2283 2887 2644 2942 constantiam
2671 2872 3064 2941 demonstrans.
3115 2883 3186 2938 At
3218 2897 3318 2938 nos
3356 2897 3468 2937 non
3520 2882 3624 2948 ita,
3667 2883 3760 2952 qui
3797 2880 3862 2933 fa-

2284 2978 2420 3032 ciem
2452 2977 2568 3042 Dei,
2595 2976 2738 3031 velut
2768 2977 2820 3031 in
2850 2973 3162 3031 abscondito
3184 2981 3426 3036 orantes,
3458 2988 3730 3043 pompas]
3759 2987 3862 3026 voce

2286 3064 2479 3135 magis,
2513 3080 2676 3134 quam
2717 3063 2947 3135 simplici
2984 3062 3143 3118 corde
3184 3061 3394 3116 divinas
3431 3060 3628 3133 laudes
3669 3061 3860 3132 proferi-

2290 3171 2429 3210 mus.
2484 3155 2698 3210 Etcum
2730 3153 3059 3210 debeatvoci
3084 3151 3278 3207 mentis
3300 3151 3667 3220 intelligentia
3695 3167 3866 3208 come.

2291 3244 2430 3310 nire,
2480 3260 2577 3300 nos
2627 3243 2853 3300 facimus
2904 3258 3121 3299 currere
3171 3256 3360 3297 vocem
3417 3250 3548 3311 post
3609 3242 3864 3296 levitatem

2291 3335 2506 3389 mentis.
2545 3335 2808 3390 Geraldus
2832 3350 2957 3390 vero
2994 3331 3342 3404 apostolicum
3369 3331 3502 3386 illud
3535 3333 3863 3402 recogitans:

2289 3423 2401 3480 Deo
2444 3437 2616 3480 autem
2651 3425 2912 3496 manifesti
2954 3441 3133 3479 sumus
3175 3421 3259 3493 (II
3289 3421 3412 3477 Cor.
3445 3437 3502 3488 ν,
3535 3422 3654 3496 il),
3710 3424 3786 3478 sic
3825 3437 3867 3475 se

2291 3519 2521 3588 agebat,
2567 3527 2818 3588 tanquam
2860 3518 2912 3572 in
2948 3525 3238 3586 conspectu
3281 3513 3484 3585 judicis
3528 3524 3732 3569 cuncta
3777 3528 3864 3568 cer

2291 3609 2485 3664 nentis.

2363 3699 2430 3754 Χ.
2479 3698 2548 3754 Ut
2591 3707 2769 3753 autem
2819 3697 2999 3753 divina
3050 3695 3289 3767 dignatio
3344 3710 3534 3750 coram
3583 3694 3868 3750 hominibus

2294 3804 2414 3844 eum
2441 3788 2766 3858 glorificaret
2793 3801 2806 3839 :
2831 3787 2920 3857 qui
2953 3789 3115 3841 Deum
3146 3787 3197 3839 in
3228 3785 3595 3856 exsequendis
3625 3784 3868 3840 mandatis

2294 3879 2410 3949 ejus
2446 3894 2626 3933 coram
2658 3878 2875 3933 discoiis
2914 3875 3268 3948 glorificabat,
3319 3875 3446 3931 licet
3495 3875 3744 3930 instante
3777 3875 3866 3942 jam

2299 3981 2536 4040 tempore
2561 3970 2876 4025 Antichristi
2908 3956 3165 4025 miracula
3191 3978 3505 4023 sanctorum
3545 3983 3768 4024 cessare
3798 3968 3870 4020 de-

2296 4065 2480 4125 beant.
2512 4077 2716 4116 memor
2744 4070 2919 4116 tamen
2949 4076 3059 4116 sua:
3091 4060 3489 4130 promissionis,
3518 4076 3630 4130 qua
3651 4061 3866 4114 dicitur:

2300 4153 2403 4219 Qui
2458 4152 2754 4224 gloriﬁcent
2806 4168 2904 4217 me,
2954 4151 3258 4221 gloriﬁcabo
3296 4166 3382 4204 eos
3420 4149 3473 4220 (1
3506 4149 3636 4220 Reg.
3677 4166 3738 4213 tt,
3777 4150 3868 4206 ὅθι.

2296 4244 2441 4299 hunc
2477 4243 2730 4296 famulum
2761 4257 2913 4296 suum
2955 4256 3052 4312 per
3085 4240 3372 4312 quamdam
3422 4241 3731 4295 curationis
3773 4255 3873 4310 gra-

2300 4337 2428 4392 tiam
2457 4335 2758 4406 glorif‘tcare
2787 4335 3036 4404 dignatus
3067 4342 3166 4388 est.
3214 4333 3366 4400 Quod
3395 4349 3571 4405 genus
3597 4332 3868 4388 curationis

2301 4425 2404 4481 tale
2445 4424 2567 4490 fuit,
2608 4432 2666 4478 ut
2698 4424 2944 4494 quamvis
2968 4438 3063 4492 per
3087 4423 3445 4479 humilitatem
3475 4425 3758 4494 imponere
3778 4438 3870 4476 nia-

2303 4533 2430 4571 num
2461 4515 2686 4570 infirmis
2715 4514 2998 4586 refugeret,
3040 4515 3118 4570 eis
3163 4524 3338 4571 tamen
3370 4515 3693 4588 frequenter
3716 4526 3767 4570 et
3791 4515 3868 4567 ah-

2303 4621 2449 4671 sens,
2476 4614 2546 4661 et.
2571 4605 2758 4662 nolens
2800 4607 3123 4662 subveniret.
3181 4607 3390 4675 Aquam
3437 4623 3661 4678 nempe,
3696 4609 3759 4663 de
3785 4622 3868 4676 qua

2305 4711 2497 4750 manus
2543 4696 2761 4751 abluere
2807 4695 2995 4751 solitus
3031 4707 3166 4762 erat,
3195 4696 3392 4752 infirmi
3425 4699 3681 4754 solebant
3709 4699 3866 4754 furan'.

2305 4798 2361 4843 et
2396 4787 2638 4858 plerique
2666 4789 3016 4844 sanabantur.
3062 4789 3212 4856 Quod
3257 4789 3388 4845 licet
3427 4800 3492 4845 ut
3529 4792 3868 4862 magiscredi—

2304 4877 2413 4932 bile
2439 4877 2705 4941 videatur,
2746 4893 3006 4948 personas
3047 4880 3305 4948 quasdam
3337 4883 3756 4937 commemorari
3779 4881 3866 4950 pl:—

2308 4977 2413 5024 cet.
2469 4967 2601 5023 Nam
2651 4970 2955 5024 rusticanus
3004 4970 3220 5040 quidam
3262 4969 3419 5039 juxta
3472 4972 3864 5028 Sollemniacam

2311 5060 2698 5116 monasterium
2726 5059 2955 5114 habebat
2979 5061 3147 5116 filium
3179 5077 3402 5128 carcum,
3442 5065 3539 5132 qui
3577 5065 3770 5118 diutius
3806 5062 3867 5114 ia-

2308 5151 2631 5220 gemiscens,
2665 5149 2806 5219 quod
2847 5164 2972 5204 eum
3011 5152 3224 5206 edacitas
3259 5160 3315 5206 et
3357 5165 3664 5222 paupertas
3705 5153 3867 5224 pariter
