3964 5360
106 303 208 358 677

834 301 922 356 DE
963 256 1124 358 V'ITA
1163 299 1220 357 S.
1262 279 1879 357 CERALDICOMITIS
1918 293 2264 352 AURILIAC.
2307 325 2376 335 --
2415 293 2543 348 LIB.
2585 293 2647 348 ll.

3281 299 3386 356 678

104 413 480 484 opprimeret,
530 414 766 469 monitus
818 423 904 470 est
949 429 1045 483 per
1089 414 1264 469 visum
1311 420 1578 484 quatenus
1623 411 1690 467 ad
1722 416 1768 472 Α
1797 424 1948 476 cens,
1998 409 2126 480 quia
2188 410 2326 464 forte
2381 417 2572 465 contra
2615 408 2946 464 voluntatem
3004 409 3098 467 Dei
3156 411 3384 479 faceret,

106 509 359 562 domuum
407 505 697 561 Geraldum
728 517 1000 578 pergeret,
1042 515 1098 562 et
1138 522 1300 578 aqua,
1339 507 1480 563 unde
1507 521 1699 561 manus

105 596 228 666 ejus
262 597 456 652 abluta:
499 597 746 664 fuissent,
795 599 981 654 oculos
1029 599 1122 654 ﬁlii
1166 601 1250 655 sui
1288 598 1695 670 superfudisset.

106 689 346 744 Credidit
383 690 546 744 homo
573 690 790 755 visioui,
818 691 1024 760 etquid
1069 690 1436 747 'somniavcrat
1478 690 1700 744 veniens

106 779 382 834 indicavit.
438 779 557 846 Quo
595 781 778 836 senior
827 782 1033 845 audito,
1085 789 1267 838 mente
1324 765 1703 836 consternatus

102 869 404 937 intremuit,
431 887 493 926 ac
523 887 847 941 praesumere
867 872 918 928 id
938 872 1381 943 refugiens,dixit
1399 871 1702 927 illusionem

105 961 294 1028 fuisse,
324 978 444 1032 qua:
467 971 523 1016 et
543 963 689 1017 illum
730 963 1026 1032 deciperet,
1052 972 1108 1017 et
1135 963 1282 1017 illum
1323 962 1570 1032 decipere
1599 961 1706 1014 vcl-

109 1051 206 1117 Iet,
248 1061 304 1106 ut
343 1052 659 1108 inconcessa
687 1061 920 1108 tentaret
954 1071 965 1105 :
1005 1067 1192 1108 errare
1240 1052 1514 1107 hominem
1557 1050 1701 1104 inani

111 1158 204 1212 spe
254 1143 378 1197 talia
428 1143 815 1213 postulantem.
872 1142 1136 1212 Ingemuit
1180 1150 1353 1212 pater,
1400 1155 1558 1211 quem
1609 1139 1702 1194 ﬁlii

109 1234 325 1289 caecitas
383 1233 660 1299 anxiabat,
705 1242 760 1288 et
815 1233 1124 1304 intelligens
1173 1234 1318 1302 quod
1366 1234 1448 1286 vir
1493 1230 1704 1286 Domini

109 1338 272 1378 causa
324 1323 648 1378 humilitatis
694 1340 1036 1394 nequaquam
1088 1324 1511 1393 acquiesceret,
1553 1323 1706 1376 abire

109 1429 168 1469 se
223 1411 503 1479 simulans,
550 1414 619 1468 ab
673 1428 781 1484 uno
829 1414 897 1468 de
940 1413 1296 1469 servitoribus
1347 1428 1544 1482 aquam
1599 1412 1704 1465 im-

106 1505 360 1576 petravit.
410 1505 512 1572 Qui
567 1506 788 1562 domum
837 1507 1072 1570 rediens,
1139 1506 1408 1562 exstincta
1470 1504 1564 1559 filii
1625 1504 1709 1558 lu-

110 1595 256 1648 mina
293 1634 310 1659 ,
363 1609 560 1649 nomen
612 1595 814 1650 Christi
881 1596 1138 1651 invocans
1170 1637 1184 1660 ,
1248 1596 1465 1660 abluit,
1515 1603 1571 1650 et
1619 1593 1708 1649 ille

107 1703 291 1742 .umen
338 1687 561 1757 recepit.
623 1687 776 1755 Quod
816 1687 1020 1742 factum
1068 1688 1212 1742 aliud
1258 1688 1525 1757 quoddam
1569 1701 1705 1757 opus

107 1789 355 1837 secutum
407 1789 509 1835 εει.

181 1871 274 1926 XI.
331 1871 557 1939 Quidam
597 1870 856 1942 puerulus
899 1870 1039 1942 apud
1086 1870 1430 1926 Aureliacum
1483 1866 1706 1924 claudus

110 1963 466 2028 morabatur,
516 1963 608 2033 qui
657 1963 810 2019 fabro
859 1964 1070 2020 cuidam
1120 1964 1532 2019 commendatus
1581 1970 1705 2026 est,

108 2066 172 2109 ut
219 2050 393 2108 artem
439 2053 672 2109 disceret
703 2093 720 2121 ,
777 2068 884 2124 qua
935 2054 1184 2114 victitare
1234 2053 1506 2109 valuisset.
1572 2053 1706 2106 Cum

108 2145 330 2201 interim
375 2160 564 2200 somno
611 2147 972 2204 commonitus
1019 2157 1139 2210 est,
1196 2155 1254 2202 ut
1299 2162 1495 2216 aquam
1559 2144 1710 2200 simi-

108 2236 239 2292 liter
297 2239 626 2308 expetisset,
692 2239 844 2294 faber
892 2255 1022 2296 vero
1063 2240 1157 2310 qui
1216 2241 1355 2295 hanc
1409 2240 1710 2313 impetrare

110 2333 367 2399 debebat,
421 2333 600 2389 sciens
641 2333 784 2404 quod
839 2333 893 2389 in
943 2333 1046 2388 hac
1093 2348 1150 2388 re
1192 2333 1276 2387 vir
1311 2331 1520 2387 Domini
1548 2330 1710 2384 nimis

109 2431 366 2482 austeras
413 2435 578 2492 esset,
622 2441 818 2495 aquam
867 2439 972 2478 non
1024 2431 1107 2479 est
1142 2438 1306 2477 ausus
1338 2420 1513 2492 palam
1543 2433 1708 2489 expe-

109 2525 280 2580 tere,
348 2517 444 2572 sed
505 2531 626 2570 eam
694 2531 793 2585 per
845 2514 1126 2570 ministros
1177 2512 1316 2568 clam
1383 2511 1707 2581 impetravit.

110 2607 219 2674 Qui
276 2608 576 2672 nimirum,
637 2615 698 2662 ut
756 2605 1050 2662 inofficiosa
1109 2603 1349 2659 membra
1395 2604 1460 2657 de
1520 2602 1708 2656 eadem

109 2712 257 2768 aqua
304 2698 580 2768 respersit,
636 2711 762 2751 mox
808 2696 896 2750 illa
929 2696 1110 2750 divina
1147 2695 1320 2748 virtus
1355 2694 1408 2747 in
1434 2693 1709 2763 proprium

107 2787 348 2842 officium
419 2787 714 2858 reparavit.
793 2786 948 2852 Quod
1014 2785 1263 2840 videlicet
1325 2785 1524 2839 factum
1588 2799 1711 2838 cum

111 2876 261 2932 fama
325 2877 584 2948 paulatim
651 2883 978 2948 spargeret,
1042 2875 1107 2930 ad
1177 2875 1424 2930 notitiam
1481 2873 1711 2928 senioris

109 2965 450 3022 tantumdem
495 2968 761 3036 pervenit.
817 2965 1018 3020 Atille
1070 2966 1147 3021 rei
1214 2965 1451 3021 novitate
1503 2963 1712 3033 percul-

1800 502 1926 557 dum
1974 502 2075 556 sub
2104 501 2326 556 obtentu
2382 500 2684 555 indiscreta:
2724 500 3078 567 humilitatis,
3125 502 3388 559 indultam

1800 594 2015 650 ctelitus
2044 592 2272 664 gratiam
2306 591 2664 662 neglexisset,
2689 600 2745 648 et
2765 607 2876 658 eos,
2911 592 3108 663 quibus
3135 593 3391 664 prodesse

1799 694 2038 757 poterat,
2067 686 2120 738 in
2148 685 2394 756 angustia
2423 684 2716 738 dIIIIISISSCI.
2747 701 2759 737 :
2794 684 2964 739 satius
2985 699 3106 740 esse
3133 685 3389 756 gratiam,

1800 792 1920 847 quae
1949 775 2087 831 forte
2120 785 2342 846 prOpter
2371 773 2491 829 illos
2510 774 2559 828 ei
2591 774 2714 828 data
2753 773 2946 838 fuerat,
2980 776 3290 845 impendere
3311 777 3393 832 eis

1801 885 1920 940 quae
1945 868 2241 924 necessitas
2270 866 2438 937 exigit
2483 865 2911 936 supplicantibus
2948 875 3209 937 praestare
3234 885 3248 921 :
3278 866 3392 922 ela-

1804 961 2003 1016 tionem
2026 975 2131 1014 non
2171 974 2291 1014 esse
2321 958 2716 1012 formidandam
2737 997 2750 1023 ,
2779 974 2903 1013 cum
2932 957 3105 1014 laudis
3130 959 3219 1016 ille
3241 959 3394 1031 mpi-

1803 1052 1902 1108 dus
1932 1068 2036 1107 non
2063 1060 2208 1107 esset
2238 1068 2251 1104 :
2286 1067 2460 1121 neque
2485 1049 2961 1121 prtesumptionem
2993 1053 3230 1121 quidem,
3257 1067 3388 1122 quo-

1805 1143 1949 1198 niam
1975 1144 2066 1213 qui
2093 1151 2440 1212 reposcerent
2465 1156 2642 1210 opem,
2670 1155 2791 1196 sese
2811 1140 3069 1195 divinitus
3089 1141 3394 1196 admonitos

1804 1240 2358 1288 commemorassent:
2391 1232 2628 1286 maxime
2651 1271 2664 1296 ,
2700 1247 2821 1286 cum
2871 1232 2985 1302 jam
3019 1232 3396 1302 experimento

1805 1327 2095 1396 probatum
2141 1334 2323 1389 esset,
2355 1326 2480 1396 quia
2510 1326 2833 1381 benellcium
2885 1327 3159 1390 sanitatis,
3191 1327 3334 1396 quod
3367 1343 3398 1381 a

1805 1430 1864 1471 se
1887 1414 2175 1484 quazsitum
2198 1415 2396 1481 fuerat,
2415 1415 2483 1469 ad
2507 1415 2775 1480 effectum,
2800 1414 2926 1470 licet
2947 1416 3063 1484 ipso
3091 1416 3394 1479 nesciente,

1801 1509 1911 1575 jam
1953 1522 2056 1561 non
2100 1506 2264 1563 semel
2309 1508 2565 1563 venisset.
2617 1509 2682 1561 Et
2720 1507 2811 1562 ille
2841 1507 3056 1577 quidem
3101 1507 3202 1563 hoc
3233 1508 3401 1562 ratio-

1807 1598 2058 1652 nabilitcr
2122 1599 2569 1667 prosequebatur.
2623 1598 2889 1654 Geraldus
2939 1613 3068 1654 vero
3118 1599 3401 1669 suspirans

1809 1690 1968 1745 flebat
1997 1731 2012 1754 ,
2044 1699 2206 1760 atque
2237 1691 2421 1744 dicens
2448 1730 2462 1754 ,
2519 1691 2644 1758 quia
2695 1691 2908 1746 timeret
2957 1691 3099 1761 quod
3128 1689 3398 1745 diabolica

1740 1764 1782 1822 Β
1812 1778 1958 1835 fraus
1977 1780 2154 1848 potius
2176 1789 2338 1841 esset,
2363 1794 2482 1848 qua:
2506 1781 2603 1834 sub
2625 1779 2910 1834 occasione
2936 1779 3186 1849 decipere
3212 1777 3396 1840 vellet;

1808 1871 1927 1926 etsi
1971 1870 2097 1940 quid
2126 1869 2415 1948 aliquando
2472 1869 2598 1924 boni
2651 1870 2867 1925 fecisset
2895 1911 2909 1935 ,
2937 1869 3185 1925 mercede
3231 1868 3400 1938 ipsius

1809 1963 1933 2018 boni
1965 1963 2178 2032 privare
2214 1963 2626 2033 perstruxissct.
2658 1961 2896 2018 Tandem
2945 1963 3127 2032 itaque
3161 1960 3244 2015 vel
3273 1974 3400 2032 pre-

1810 2053 1962 2108 cibus
1986 2093 2000 2117 ,
2030 2053 2112 2108 vel
2147 2053 2358 2107 ratione
2385 2052 2559 2107 victus
2586 2093 2600 2115 ,
2631 2051 2903 2122 abjectum
2935 2051 3139 2122 recepit
3163 2089 3178 2115 ,
3203 2059 3256 2107 et
3285 2064 3403 2103 tnu-

1809 2146 1927 2201 lieri
1965 2144 2247 2199 duodecim
2278 2158 2530 2198 nummos
2555 2143 2671 2197 dari
2691 2143 2872 2212 jussit.

1880 2237 2021 2294 XIV.
2059 2236 2253 2292 Sciens
2286 2251 2415 2290 vero
2442 2235 2584 2305 quod
2611 2245 2785 2292 status
2813 2234 3011 2292 mentis
3040 2235 3141 2290 hac
3169 2235 3404 2292 alterna-

1811 2329 1958 2384 tione
1997 2327 2192 2383 melius
2219 2326 2526 2381 custoditur
2551 2367 2565 2391 ,
2610 2326 2655 2380 si
2705 2326 2978 2382 interdum
3027 2325 3244 2382 lectioni
3283 2335 3406 2398 post

1809 2419 2108 2476 orationem
2159 2412 2390 2488 quisque
2444 2417 2766 2482 intenderit;
2824 2417 3044 2472 recitari
3099 2401 3284 2471 coram
3343 2432 3405 2473 se

1810 2514 1975 2570 verba
2017 2512 2220 2574 divina,
2249 2519 2306 2564 ut
2336 2525 2500 2581 supra
2554 2509 2811 2575 diximus,
2862 2508 3118 2564 faciebat.
3170 2507 3409 2566 Unde'et

1809 2622 1967 2662 usum
1996 2604 2308 2675 assumpsit,
2353 2613 2411 2658 ut
2433 2603 2500 2658 ad
2529 2603 2812 2673 prandium
2846 2603 2963 2674 ejus
2992 2603 3280 2673 legeretur,
3305 2617 3408 2659 nec

1811 2700 2086 2756 omitteret
2113 2700 2215 2754 hoc
2241 2697 2430 2763 lector,
2456 2697 2674 2752 etiamsi
2705 2696 2947 2767 hospites
2983 2696 3255 2752 adessent.
3296 2695 3402 2750 Pro

1812 2789 2266 2845 condescensione
2293 2804 2422 2845 vero
2455 2789 2693 2843 Iectoren
2727 2786 2955 2856 jubebat
2983 2786 3252 2842 interdum
3281 2787 3410 2842 sub-

1811 2881 2029 2944 sistere,
2058 2887 2112 2934 et
2139 2881 2206 2935 ab
2239 2879 2321 2934 his
2351 2879 2441 2950 qui
2471 2877 2610 2934 forte
2654 2881 2876 2942 scirent,
2905 2891 3124 2931 sensum
3157 2875 3408 2932 lectionis

1812 2968 2106 3040 inquirere.
2148 2967 2282 3023 Cum
2315 2967 2536 3038 quidem
2568 2967 2666 3033 illi,
2689 2981 2827 3037 quos
2855 2965 3249 3036 interrogabat,
3287 2979 3410 3035 pre-

107 3073 235 3121 sus,
291 3057 505 3112 dicebat
546 3057 688 3126 quod
739 3071 846 3110 non
895 3070 994 3111 suo
1049 3056 1266 3121 merito,
1309 3056 1403 3110 sed
1456 3054 1559 3109 fide
1595 3054 1711 3109 illo—
1741 3118 1781 3140 η
1814 3061 1926 3115 cari
1949 3061 2190 3115 solerent
2217 3101 2232 3126 ,
2266 3068 2326 3114 ut
2358 3061 2473 3129 ipse
2497 3060 2676 3131 potius
2705 3058 3049 3128 loqueretur,
3083 3057 3298 3136 tandem
3330 3056 3414 3112 di-

107 3163 238 3203 rum
277 3147 369 3218 qui
404 3163 599 3218 aquam
643 3147 790 3201 illam
821 3145 973 3202 fabro
997 3146 1294 3211 dedissent,
1337 3146 1480 3216 quod
1509 3146 1559 3198 ei
1587 3159 1708 3199 cer-
1739 3121 1784 3177 (ἶ
1816 3161 1957 3206 serte
1983 3159 2038 3204 et
2068 3121 2303 3206 scienter
2338 3121 2721 3206 si-culi‘doctus
2747 3121 3194 3217 ,-re3|xondebat;
3230 3133 3303 3200 ita
3331 3154 3412 3199 ta-

105 3241 272 3295 tatim
311 3241 545 3296 celatum
592 3250 706 3305 est;
739 3254 970 3309 cumque
1020 3239 1264 3294 datorem
1312 3237 1553 3307 reperire
1603 3251 1709 3291 non

105 3342 336 3405 posset,
363 3332 672 3388 vehementi
701 3331 1138 3387 interminatione
1164 3338 1468 3386 commotus
1511 3337 1613 3394 est,
1645 3342 1713 3382 ne

106 3422 386 3493 quispiam
434 3421 540 3476 tale
569 3423 823 3491 deinceps
868 3436 1103 3490 unquam
1139 3427 1528 3489 pnesumeret,
1565 3431 1709 3472 asse-

107 3528 246 3567 rens
275 3512 424 3581 quia,
460 3511 506 3566 si
553 3526 743 3566 servus
787 3511 1024 3574 faceret,
1053 3510 1308 3565 membris
1335 3515 1710 3570 truncaretur;

106 3603 156 3658 si
194 3617 326 3657 vero
355 3601 513 3665 liber,
549 3609 737 3672 postea
768 3617 898 3656 suus
927 3616 1030 3656 non
1053 3608 1217 3655 esset.
1251 3597 1393 3652 Nihil
1423 3601 1565 3652 enim
1597 3613 1714 3650 am~

106 3693 262 3765 plius
298 3691 526 3749 timebat
569 3707 731 3762 quam
779 3693 984 3747 Iaudes.
1035 3691 1101 3745 Et.
1159 3706 1280 3746 cum
1327 3689 1560 3744 inimicis
1603 3690 1716 3744 suis

105 3792 265 3840 esset
312 3783 586 3840 beneﬁcus
615 3823 630 3849 ,
672 3782 1043 3838 laudatoribus
1086 3793 1266 3838 tamen
1309 3781 1594 3836 videbatur
1621 3797 1716 3836 au-

107 3886 326 3932 ειετυε.

184 3967 306 4023 XII.
354 3969 514 4039 Apud
558 3967 889 4023 Postomium
943 3965 1090 4037 (107)
1141 3965 1221 4021 sui
1261 3963 1402 4034 juris
1451 3964 1715 4035 insignem

106 4056 358 4122 alodum,
384 4058 631 4127 quaedam
665 4057 857 4110 mulier
887 4070 1029 4110 caeca
1069 4055 1136 4110 de
1165 4070 1304 4125 aqua
1345 4069 1538 4109 manus
1574 4053 1718 4108 illius

103 4148 306 4203 lumen
334 4150 559 4220 recepit.
589 4147 741 4214 Quod
764 4147 906 4218 apud
931 4161 1121 4202 omnes
1145 4146 1362 4215 quidem
1386 4145 1717 4213 divulgatum

105 4250 203 4296 est
230 4279 246 4305 ,
285 4241 379 4296 scd
420 4240 494 4294 illi
526 4254 738 4294 summo
785 4238 962 4294 studio
991 4237 1288 4302 celabatur,
1323 4236 1557 4305 maxime
1593 4253 1719 4305 pro-

101 4339 241 4400 pter
268 4330 559 4400 quemdam
589 4329 658 4383 de
687 4327 1043 4383 servitoribus
1068 4368 1082 4391 ,
1111 4326 1201 4395 qui
1251 4341 1447 4396 aquam
1495 4325 1720 4380 dederat

105 4422 358 4477 mulieri.
387 4421 506 4477 Non
548 4421 691 4477 enim
726 4419 1114 4492 parvipendere
1150 4419 1232 4473 sui
1279 4427 1528 4489 poterant
1553 4417 1718 4472 inter-

104 4513 451 4569 necionem.
485 4529 647 4585 quam
699 4529 818 4584 pro.
851 4514 953 4566 hac
1005 4527 1064 4567 re
1115 4511 1314 4565 dudum
1360 4510 1720 4564 comminatus

101 4609 299 4665 fuerat
325 4647 340 4671 ,
373 4606 608 4662 scientes
636 4603 779 4674 quod
812 4603 1029 4674 impune
1074 4618 1183 4656 non
1212 4601 1470 4666 cederet,
1501 4599 1545 4655 si
1569 4599 1723 4654 dato-

102 4715 236 4755 rem
270 4683 744 4768 deprehendisset.

186 4789 331 4852 XIII.
360 4791 492 4845 Item
536 4790 588 4844 in
637 4788 839 4859 capella
879 4803 999 4858 qua:
1031 4795 1114 4843 est
1163 4785 1316 4856 juxta
1367 4785 1548 4840 villam
1601 4800 1723 4856 qua:

103 4883 324 4938 dicitur
353 4880 638 4936 Crucicula
668 4920 682 4946 ,
706 4880 1090 4934 demorabatur
1116 4895 1129 4944 ;
1159 4896 1280 4935 cum
1329 4878 1578 4947 equidem
1615 4877 1721 4932 alia

104 4972 343 5038 mulier,
378 4986 501 5040 quae
551 4986 616 5026 ex
667 4970 878 5026 ancillis
931 4970 1049 5040 ejus
1095 4981 1236 5034 erat,
1269 4969 1335 5024 de
1363 4985 1501 5040 aqua
1533 4982 1726 5024 manus

106 5063 482 5119 nihilominus
511 5062 807 5119 illuminata
829 5069 930 5115 est.
956 5062 1070 5128 Quo
1099 5062 1348 5118 videlicet
1371 5062 1458 5115 ille
1482 5063 1723 5135 cognito,

106 5154 298 5221 illum,
328 5155 421 5226 qui
453 5169 644 5224 aquam
681 5153 954 5218 dederat,
989 5155 1207 5210 nomine
1247 5153 1600 5221 Ilalboldum,
1633 5169 1730 5208 ur-

100 5257 318 5320 genter
350 5245 687 5316 investigavit
718 5287 734 5312 ,
770 5251 824 5298 et
857 5244 1092 5312 reperit,
1124 5254 1180 5299 et
1211 5260 1331 5299 mox
1359 5260 1388 5298 a
1426 5262 1484 5300 se
1511 5245 1725 5318 rejecit.

1814 3259 1934 3296 men
1964 3249 2022 3296 ut
2048 3257 2148 3298 nec
2178 3242 2391 3298 clericis
2423 3241 2804 3295 verecundiam
2834 3238 3084 3293 inferret.
3115 3238 3408 3293 Disceden-

1815 3332 1955 3386 tibus
1984 3342 2164 3388 autem
2221 3342 2346 3404 post
2397 3331 2746 3387 refectionem
2801 3329 3108 3400 quibusque
3154 3329 3222 3384 ad
3257 3344 3356 3384 sua
3390 3368 3407 3392 ,

1813 3422 2129 3492 legebantur
2163 3422 2354 3477 itidem
2384 3437 2568 3478 coram
2599 3436 2666 3475 eo
2690 3435 2753 3474 ea
2788 3421 3024 3474 maxime
3064 3419 3252 3484 verba,
3285 3432 3407 3489 qua:

1813 3511 2192 3581 superfuerant
2239 3512 2564 3567 lectionibus
2620 3511 2671 3564 in
2704 3509 2932 3564 ecclesia
2981 3508 3241 3563 recitatis.
3274 3506 3413 3560 Dum

1813 3617 1942 3656 vero
1990 3603 2206 3658 lectioni
2274 3602 2620 3667 intenderet,
2675 3601 2852 3656 nullus
2906 3615 3028 3655 eum
3083 3599 3241 3655 facile
3306 3611 3407 3668 pro

1816 3709 1979 3749 causa
2058 3695 2299 3765 qualibet
2379 3693 2724 3764 interpellare
2812 3692 3194 3762 praesumebat.
3269 3689 3410 3745 Nam

1811 3782 1963 3852 juxta
2006 3784 2134 3838 illud
2186 3783 2326 3852 Job,
2388 3784 2618 3840 subditis
2661 3792 2783 3838 erat
2830 3785 3163 3850 tremendus,
3218 3791 3273 3838 et
3313 3784 3408 3838 lux

1817 3872 1996 3928 vultus
2015 3871 2132 3941 ejus
2156 3890 2260 3928 non
2292 3875 2517 3929 cadebat
2541 3875 2592 3928 in
2620 3882 2842 3928 terram.
2878 3874 2952 3930 De
2980 3874 3323 3930 sermonibus
3353 3881 3412 3928 et

1817 3963 2254 4022 confabulatio:.e
2293 3967 2410 4033 ejus
2454 3967 2589 4022 mira
2617 3968 3060 4023 commemoratio
3101 3976 3203 4022 est.
3233 3965 3290 4022 In
3323 3966 3412 4023 his

1819 4059 1964 4114 enim
1993 4074 2114 4129 qua:
2145 4058 2267 4114 lmto
2293 4058 2474 4113 animo
2504 4058 2840 4127 loquebatur,
2876 4057 3033 4114 valde
3055 4058 3401 4130 gratissimus

1819 4157 1956 4204 erat.
2003 4149 2136 4217 Quae
2164 4158 2342 4203 autem
2392 4149 2722 4218 iucrepative
2756 4147 3090 4218 proferebat,
3132 4149 3287 4219 quasi
3319 4148 3420 4204 sti-

1823 4242 1953 4296 muli
1978 4242 2325 4306 videbantur,
2359 4249 2417 4296 ut
2448 4256 2584 4310 pene
2620 4241 2743 4311 plus
2769 4256 2929 4309 quam
2959 4243 3125 4297 verba
3159 4242 3416 4297 timeren-

1829 4343 1936 4388 tur.
1965 4333 2022 4386 In
2052 4335 2228 4388 dando
2254 4341 2434 4386 autem
2481 4331 2703 4401 aliquid,
2749 4331 2976 4391 multum
3001 4339 3120 4388 erat
3144 4347 3416 4388 morosus.

1824 4424 1894 4478 At
1918 4433 2202 4494 postquam
2233 4422 2400 4478 semel
2425 4423 2683 4488 dedisset,
2715 4438 2821 4477 non
2849 4421 3147 4480 auferebat.
3175 4422 3233 4479 Si
3263 4423 3420 4480 malae

1828 4516 2100 4587 opinionis
2143 4516 2482 4570 sacerdotem
2533 4515 2804 4580 audisset,
2867 4531 2974 4571 non
3024 4524 3203 4571 tamen
3235 4515 3419 4571 missae

1829 4609 2064 4678 ofﬁcium
2089 4610 2156 4664 ab
2187 4609 2277 4664 illo
2309 4609 2663 4678 despiciebat,
2696 4609 2819 4678 quia
2843 4609 3010 4664 sciret
3039 4609 3168 4665 illud
3199 4623 3420 4664 sacrum

1830 4701 2146 4772 mysterium
2178 4714 2286 4754 non
2323 4714 2481 4770 posse
2512 4715 2607 4769 per
2638 4699 2909 4754 hominem
2941 4707 3288 4769 peccatorem
3321 4696 3422 4750 de-

1833 4790 2100 4846 teriorari.
2132 4790 2198 4844 Et
2225 4805 2347 4844 cum
2384 4789 2436 4840 in
2469 4787 2841 4844 discernendis
2881 4786 3108 4842 aliorum
3153 4783 3314 4838 factis
3340 4782 3428 4836 vel

1832 4892 2023 4939 acutus
2067 4899 2163 4954 pro
2193 4883 2390 4937 merito
2442 4894 2755 4942 causarum,
2801 4878 2888 4932 vel
2931 4877 3103 4931 dulcis
3126 4880 3302 4934 esset,
3330 4886 3434 4926 sua

1836 4982 2016 5028 tamen
2049 4988 2213 5042 opera
2264 4970 2660 5038 vilipendehat.
2694 4965 2824 5031 Qua:
2860 4966 3118 5019 nimirum
3149 4965 3305 5017 tanto
3342 4972 3443 5011 su-

1832 5079 2001 5134 perno
2050 5061 2343 5131 inspectori
2404 5062 2708 5129 pretiosius
2749 5055 3195 5119 commendabat,
3235 5057 3453 5118 quanto

1835 5154 1950 5210 hate
1977 5153 2119 5223 apud
2142 5166 2202 5206 se
2235 5150 2398 5204 vilius
2427 5151 2766 5212 mstimabat.

1905 5245 2025 5299 XV.
2064 5241 2330 5312 Quoniam
2363 5253 2505 5297 vero
2546 5242 2767 5303 cccleste
2793 5228 3115 5288 desiderium
3160 5226 3460 5294 undatius,
