3964 5360
543 349 647 408 685

1543 355 1601 411 s.
1643 355 1894 433 onotvts
1930 355 2220 414 ABBATIS
2257 355 2757 414 CLUNIACENSIS
2792 355 2834 411 ιι
3200 315 3239 327 ﬂ
3703 358 3789 417 es;

542 464 789 535 pulcrum
815 463 1066 524 vndelic‘et
1093 467 1423 525 sanctissimi
1465 470 1647 526 domui
1692 470 1906 526 Martini
1953 471 2127 544 (ne),
2160 481 2207 542 Α
2237 469 2474 527 monitus
2501 470 2552 524 in
2580 485 2771 526 somno
2800 486 2940 536 sum,
2970 478 3030 523 nt
3054 469 3157 525 huc
3172 470 3433 538 venirem,
3459 471 3790 529 Cthraldum

542 569 753 611 necnon
785 567 842 610 et
866 556 1010 612 beati
1037 556 1319 623 Martialis,
1342 559 1506 615 alacri
1527 560 1811 617 devotione
1831 561 2127 632 perlustra»

540 646 657 701 bat.
706 646 882 703 Credo
926 649 1396 721 contemplabatur
1427 650 1479 706 in
1508 652 1700 724 spiritu
1727 693 1743 718 ,
1771 652 2002 725 qualiter
2037 652 2124 708 illa

538 736 821 794 beatorum
851 740 1084 811 agmina,
1130 742 1183 796 in
1223 743 1442 813 superni
1485 740 1731 816 Capitolii
1761 744 1910 799 curia
1941 744 2128 799 laetan-

542 822 651 882 tur.
681 827 888 898 Quibus
935 833 1118 903 itaque
1170 842 1293 903 post
1337 833 1610 905 paululum
1638 836 1947 902 sociaudus,
1988 850 2123 906 gau-

518 922 573 979 di
603 938 691 977 um
722 922 935 978 Domini
967 924 1051 980 sui
1076 924 1187 995 jam
1215 925 1555 996 aliquatenus
1575 928 1962 998 praegustabat.

612 1013 796 1070 XXIII.
844 1015 1132 1086 Scirposus
1145 1032 1275 1085 ager
1289 1017 1521 1074 habetur
1535 1018 1673 1073 ultra
1691 1018 1949 1091 Sutriam,
1970 1018 2124 1089 juxta

518 1103 553 1157 b
578 1098 774 1177 uigum
813 1106 1085 1179 videlicet,
1129 1109 1218 1181 qui
1260 1119 1522 1166 vocantur
1543 1111 1716 1166 sancti
1751 1110 1991 1177 Martini,
2018 1126 2126 1181 quo

541 1195 737 1253 Bomei
768 1200 1146 1254 castrametari
1174 1199 1369 1256 solent.
1402 1198 1537 1255 Cum
1569 1215 1697 1272 ergo
1724 1200 1854 1256 inibi
1894 1202 2125 1256 tentoria

539 1273 778 1343 ministri
798 1290 1167 1358 paravissent,
1198 1300 1327 1346 tunc
1362 1289 1501 1346 forte
1525 1292 1708 1347 senior
1740 1307 1985 1349 seorsum
2017 1302 2126 1349 sta-

540 1377 670 1445 bat,
704 1379 773 1435 ad
801 1394 961 1451 quem
988 1395 1146 1438 secus
1169 1382 1388 1453 quidam
1434 1396 1493 1437 se
1532 1382 1724 1438 deduci
1773 1383 1923 1439 fecit.
1952 1383 2124 1452 Quem

541 1468 860 1541 suppliciter
887 1485 1153 1554 exorans,
1194 1470 1549 1529 nihilominus
1585 1472 1830 1547 rogabat,
1859 1483 2127 1544 quatenus

541 1556 738 1630 aquam
771 1560 884 1616 suis
912 1562 1165 1616 manilius
1192 1569 1393 1617 tactam
1424 1562 1600 1618 eidem
1651 1562 1889 1618 tribuere
1935 1563 2127 1633 digna-

537 1663 714 1707 retur.
744 1652 844 1720 Qui
884 1654 1049 1725 jussit
1094 1654 1245 1709 illum
1298 1655 1498 1710 ibidem
1526 1664 1696 1722 stare,
1735 1665 1898 1728 atque
1922 1665 2124 1712 tacere.

533 1744 747 1801 ‘Dehinc
797 1747 1093 1802 tentorium
1126 1746 1404 1819 ingressus
1428 1763 1612 1804 coram
1646 1750 1848 1827 sanctis
1888 1748 2127 1820 pignori-

2234 560 2405 615 sancti
2436 559 2582 615 Petri
2605 560 2951 631 peregrinum
2983 574 3307 631 quaererem,
3332 570 3391 615 ut
3416 578 3617 617 manus
3637 564 3793 620 ablue-

2235 658 2315 705 ret
2341 650 2703 720 postularem;
2750 658 2980 706 czecatos
3012 667 3142 708 vero
3176 651 3363 708 oculos
3409 652 3498 706 illa
3532 669 3667 722 aqua
3698 669 3797 724 per-

2232 739 2535 797 funderent.
2568 742 2687 810 Quo
2730 742 2820 799 ille
2873 743 3103 799 clericus
3136 746 3342 810 audito,
3393 747 3659 811 substitit,
3694 762 3797 802 cum

2234 833 2448 887 interim
2475 833 2558 887 vir
2584 834 2794 888 Domini
2824 831 3086 889 Gcraldus
3131 835 3465 904 supervenit.
3501 834 3674 890 Porro
3705 853 3799 892 IIIOS

2231 921 2477 988 erat'illi,
2508 933 2568 976 ut
2619 933 2878 993 cooperto
2929 926 3108 995 capite
3154 941 3303 983 sums
3352 928 3655 996 cquitaret,
3712 944 3801 997 quo

2230 1013 2544 1083 psalmodia:
2567 1015 2789 1071 tiberinus
2818 1028 3055 1072 vacaret.
3078 1017 3216 1072 Cum
3238 1012 3370 1090 ergo
3393 1021 3798 1090 supervenisset,

2231 1104 2463 1161 clericus
2492 1121 2636 1162 croco
2661 1107 2890 1163 silenter
2913 1124 2927 1160 :
2950 1107 3051 1173 En,
3076 1108 3269 1179 inquit,
3302 1111 3476 1165 adest.
3505 1111 3577 1163 At
3617 1110 3704 1166 ille
3729 1126 3803 1166 ro-

2232 1195 2410 1265 gabat,
2442 1205 2502 1250 ut
2530 1196 2806 1266 paululum
2862 1204 3010 1251 stare
3057 1197 3393 1267 dignaretur.
3446 1199 3519 1253 Et
3547 1200 3805 1267 subiunxit

2231 1285 2362 1354 quid
2410 1300 2511 1354 per
2553 1286 2824 1341 somnium
2865 1287 3112 1342 vidisset.
3170 1288 3306 1342 Cum
3365 1289 3591 1358 quidem
3648 1291 3806 1345 senior

2232 1376 2579 1443 erubescens,
2630 1385 2686 1432 et
2730 1378 3031 1434 mutatione
3059 1378 3241 1434 vultus
3293 1380 3347 1434 id
3398 1381 3547 1450 quod
3580 1381 3811 1435 audierat

2232 1478 2546 1533 exsecraris,
2571 1467 2724 1523 abire
2741 1469 2928 1540 etrapit.
2972 1469 3161 1526 Caecus
3205 1486 3334 1527 vero
3364 1474 3654 1528 tremenda
3687 1488 3811 1542 quae-

2234 1557 2358 1612 dam
2385 1556 2762 1626 adjurameuta
2804 1559 3110 1630 proterens,
3149 1563 3376 1635 rogabat
3404 1574 3463 1618 nt
3504 1574 3703 1630 staret,
3731 1566 3811 1619 mi-

2234 1663 2359 1703 sero
2384 1649 2719 1717 subveniret,
2744 1659 2799 1706 et
2839 1661 3054 1722 sperata
3091 1654 3351 1709 beneﬁcia
3402 1669 3513 1710 non
3580 1664 3811 1727 negaret.

2233 1738 2311 1793 Illi
2343 1748 2525 1794 autem
2556 1741 2649 1810 qui
2687 1742 2933 1806 aderant,
2971 1743 3074 1799 hoc
3100 1744 3243 1800 idem
3279 1745 3609 1816 suppliciter
3636 1762 3813 1803 exora-

537 1835 640 1893 bus
670 1834 1063 1908 aliquantulum
1104 1839 1299 1894 oravit.
1337 1838 1690 1895 lntendebant
1727 1838 1923 1910 singuli
1970 1838 2131 1895 mini-
2160 1836 2206 1897 Β
2237 1832 2388 1887 bant.
2432 1833 2505 1887 At
2549 1833 2638 1889 ille
2676 1847 2868 1906 parum
2916 1835 3243 1903 deliberans,
3276 1853 3511 1905 meumr.
3555 1849 3619 1894 ut
3649 1842 3814 1905 credo.

537 1936 776 1983 atrorum
817 1928 885 1983 ad
918 1943 1055 1999 opus
1083 1927 1227 1997 quod
1252 1937 1370 1983 erat
1398 1930 1479 1985 eis
1520 1930 1836 2000 gerendum.
1866 1928 1975 1985 Illis
1999 1944 2128 2001 ergo

513 2020 678 2078 .alias
704 2023 1017 2093 occupatis,
1065 2022 1258 2078 videns
1302 2022 1447 2094 quod
1475 2033 1742 2079 secretum
1781 2023 1897 2079 ﬁeri
1922 2033 2127 2095 posset,

537 2115 826 2186 quemdam
859 2115 1088 2180 vocavit,
1114 2116 1205 2186 qui
1228 2115 1465 2172 Iatenter
1483 2131 1607 2172 eum
1632 2116 1944 2174 adduceret.
1974 2117 2129 2174 Tunc

537 2221 733 2262 manus
759 2207 1048 2279 diligenter
1072 2207 1261 2273 abluit,
1311 2191 1365 2263 et
1405 2207 1460 2262 in
1512 2208 1714 2265 recenti
1759 2224 1897 2280 aqua
1926 2208 2130 2281 digitos

518 2297 781 2364 .intinxit,
831 2307 999 2369 atque
1043 2299 1111 2354 de
1154 2299 1360 2356 sanctis
1394 2284 1720 2372 pignoribus
1763 2302 2021 2373 signavit.
2052 2302 2130 2359 De

536 2407 640 2463 qua
664 2407 841 2448 cmcus
880 2404 938 2447 ut
972 2393 1162 2448 orbata
1190 2393 1393 2449 lumina
1420 2392 1741 2465 superfudit,
1783 2410 1904 2450 mox
1941 2395 2130 2451 videre

533 2483 770 2547 meruit.
811 2483 976 2556 Cujus
1010 2500 1202 2541 vocem
1240 2486 1320 2540 vir
1360 2487 1573 2541 Domini
1624 2502 1656 2540 a
1698 2485 1936 2545 clamore
1978 2501 2128 2542 com-

530 2575 763 2646 pressit,
801 2584 855 2631 et
884 2577 999 2648 ipse
1036 2575 1307 2645 maiestati
1360 2578 1557 2634 divina:
1601 2578 1807 2648 gratias
1852 2594 1981 2637 cum
2035 2578 2127 2635 illo

2231 1924 2384 1996 quia,
2435 1925 2588 1997 juxta
2617 1927 2958 1998 Apostolum,
3007 1931 3191 1986 datam
3228 1932 3332 1987 sibi
3369 1934 3611 2003 gratiam
3670 1937 3817 2006 negli-

2226 2028 2358 2089 gere
2381 2032 2487 2072 non
2511 2017 2750 2083 deberet,
2788 2030 3103 2076 consuetum
3132 2023 3233 2079 sibi
3262 2024 3489 2079 verbum
3520 2028 3812 2096 respondit,

2229 2107 2459 2164 dicens:
2495 2107 2810 2177 Subvenite,
2843 2110 3021 2166 sancti
3078 2112 3194 2178 Dei,
3242 2121 3300 2167 et
3350 2115 3528 2169 stetit.
3583 2114 3657 2169 Et
3709 2116 3815 2185 quia

2230 2198 2372 2254 sicut
2395 2198 2450 2253 in
2474 2198 2582 2255 illis
2609 2199 2876 2256 colliculis
2910 2201 3134 2269 assolet,
3160 2204 3368 2266 rivulus
3389 2204 3811 2274 praeterﬂuebat.

2228 2290 2383 2361 Aqua
2437 2292 2684 2361 protinus
2731 2293 2892 2348 allata
2930 2302 3035 2350 est.
3070 2294 3204 2348 Tum
3263 2295 3354 2351 ille
3405 2297 3719 2362 descendit,
3769 2306 3814 2351 et

2230 2379 2363 2435 lavit
2386 2396 2599 2447 manus,
2629 2383 2816 2438 dicens
2843 2398 2856 2435 :
2889 2383 3012 2438 Fiat
3039 2383 3284 2441 voluntas
3329 2385 3449 2441 Dei.
3484 2387 3557 2449 Et
3581 2388 3817 2443 concitus

2232 2471 2384 2543 abire
2426 2474 2610 2544 coepit.
2655 2472 2845 2530 Cmcus
2896 2488 3025 2530 vero
3066 2476 3147 2530 ‘nil
3179 2485 3471 2532 cunctatus
3497 2492 3708 2549 aquam
3731 2479 3819 2533 sibi

2235 2562 2487 2635 ingessit,
2520 2577 2620 2619 nec
2648 2562 2838 2620 fefellit
2893 2580 3017 2620 eum
3048 2565 3265 2621 virtutis
3293 2577 3551 2623 eventus.
3581 2568 3723 2623 Tam
3748 2586 3818 2623 re-

516 2669 673 2736 tegit;
703 2684 864 2739 quem
894 2677 950 2724 et
988 2669 1055 2725 de
1090 2683 1193 2725 suo
1233 2670 1467 2740 quodam
1497 2669 1850 2736 vestimento,
1878 2669 2123 2727 videlicet

2230 2665 2392 2728 pente
2418 2657 2562 2712 enim
2590 2659 2767 2713 visum
2813 2659 3042 2729 recepit,
3074 2668 3131 2713 ut
3160 2660 3344 2714 statim
3390 2669 3524 2731 post
3547 2677 3679 2717 eum
3705 2678 3817 2717 cur-

516 2758 886 2815 -curcinbaldo
909 2740 1191 2826 indutum,
1225 2758 1459 2815 latenter
1487 2770 1643 2814 extra
1672 2759 1907 2816 tentoria
1934 2760 2127 2819 deduci
2228 2758 2393 2812 Γενθῑ»
2432 2750 2621 2805 dicens
2650 2767 2663 2803 ε
2695 2749 2740 2805 ο
2769 2756 2958 2807 8³³³01⁸
2987 2749 3236 2817 θετεηάθν
3268 2766 3304 2807 ο
3348 2760 3547 2809 “mele
3580 2752 3815 2816 (ἶοηωεν

530 2850 680 2908 fecit.
2154 2877 2163 2883 -
2228 2839 2342 2896 Deo
2376 2839 2600 2911 gratias,
2628 2855 2694 2894 en
2726 2841 2911 2895 video!
2957 2840 3052 2895 Ille
3088 2855 3216 2896 vero
3267 2841 3478 2896 mulum
3527 2845 3820 2899 calcaribus

564 3006 567 3009 η
605 2942 793 2999 XXIV.
833 2943 966 2999 Item
998 2943 1123 2999 dum
1151 2944 1217 2999 ab
1252 2946 1386 3000 urbe
1422 2942 1656 3011 rediret,
1706 2943 1854 3001 venit
1893 2942 2123 3002 Sabbato

2230 2928 2477 3001 urgebat,
2505 2928 2575 2985 ne'
2605 2942 2763 2984 voces
2791 2928 3126 2983 laudantium
3155 2930 3392 2997 audiret,
3426 2939 3484 2986 et
3514 2932 3819 2987 Abricolatn

533 3034 603 3090 ad
664 3036 955 3106 quamdam
1015 3035 1358 3102 Ecclesiam,
1419 3035 1575 3105 juxta
1634 3034 1810 3092 locum
1876 3034 2123 3102 scilicet,

2231 3022 2504 3089 transivit,
2552 3036 2731 3091 neque
2763 3021 2959 3076 dehinc
2986 3022 3244 3091 perendie
3267 3030 3450 3093 potuit
3478 3040 3511 3078 a
3549 3026 3817 3080 eonviato-

524 3126 626 3181 Aubi
672 3125 952 3197 sulphurei
1001 3126 1255 3182 videntur
1308 3125 1512 3181 acervi.
1558 3124 1692 3181 Cum
1739 3133 1919 3181 autem
1968 3123 2123 3181 vellet

2230 3110 2382 3167 ribus
2422 3110 2634 3181 attingi.
2691 3111 2972 3185 Siquidem
3025 3111 3389 3168 animadverti
3445 3124 3658 3183 potest,
3693 3114 3819 3186 quod

533 3192 839 3289 populus—in
859 3217 1161 3273 crastinum
1186 3217 1481 3288 proﬁcisci,
1512 3218 1736 3274 retinuit
1761 3232 1878 3285 eos,
1934 3218 2123 3294 dicens

2230 3215 2427 3258 manus
2448 3202 2552 3256 illas
2574 3214 2675 3274 per
2699 3216 2836 3273 quas
2873 3201 2976 3257 ista
3011 3203 3267 3258 sanitatis
3303 3204 3483 3258 virtus
3511 3207 3819 3260 conferetis.

535 3311 682 3383 quod
730 3311 801 3366 ob
850 3309 1216 3366 reverentiam
1247 3309 1514 3366 Dominici
1553 3310 1685 3377 diei,
1720 3311 1914 3367 saltem
1954 3327 2127 3383 usque

533 3406 605 3466 ad
658 3402 870 3461 Nonum
925 3402 1358 3459 demorarentur.
1410 3401 1520 3459 Nec
1560 3402 1652 3459 illa
1690 3402 2128 3460 demoratioluit

534 3496 699 3551 etiam
754 3495 873 3549 sine
909 3492 1176 3549 benelicio
1211 3491 1513 3564 temporali,
1557 3492 1843 3547 missarum
1892 3508 2127 3565 namque

524 3586 709 3659 Oﬁlcio
737 3584 1052 3655 solemniter
1079 3583 1318 3659 espleto,
1349 3598 1473 3638 cum
1514 3582 1626 3653 jam
1659 3593 1781 3655 post
1816 3583 1996 3639 cibum
2020 3585 2125 3640 iter

533 3656 984 3748 aggrederentur,
1030 3656 1181 3729 venit
1217 3672 1436 3744 quidam
1479 3672 1674 3728 sedens
1708 3672 2000 3738 caballum,
2030 3673 2125 3744 qui

529 3767 586 3823 in
644 3766 823 3824 eundo
876 3766 1120 3838 perditus
1164 3763 1364 3830 fuerat,
1412 3779 1571 3837 quem
1603 3764 1836 3821 domnus
1859 3763 2127 3822 Geraldus

530 3840 655 3917 sine
678 3859 910 3916 sessoris
935 3858 1132 3930 injuria
1157 3858 1324 3927 recipi
1350 3855 1537 3926 jussit.
1563 3857 1867 3929 Antequam
1898 3873 2029 3914 vero
2052 3859 2122 3915 ad

526 3948 841 4005 Abricolam
870 3946 1269 4020 pervenissent,
1301 3961 1477 4002 caecus
1527 3947 1745 4018 quidam
1786 3946 1942 4016 juxta
1979 3949 2124 4006 viam

529 4041 746 4104 sedens,
769 4037 1044 4109 quaerebat
1071 4052 1102 4092 a
1135 4037 1543 4093 transeuntibus
1567 4036 1613 4093 si
1635 4037 1830 4108 aliquis
1857 4039 1909 4094 in
1935 4040 2124 4096 eadem

531 4118 692 4197 turba
730 4131 963 4197 veniret,
1006 4130 1098 4201 qui
1138 4129 1404 4186 Geraldus
1455 4139 1763 4188 vocaretur.
1806 4131 1940 4188 Cum
1983 4132 2124 4189 torte

532 4206 752 4296 quidam
781 4224 846 4277 de
889 4224 1092 4278 nostris
1122 4223 1383 4279 fratribus
1426 4231 1554 4279 tunc
1603 4223 1778 4279 adhuc
1806 4225 2122 4293 canonicos,

534 4313 589 4366 in
622 4311 846 4368 collecta
877 4313 1058 4368 domui
1102 4310 1318 4368 Geraldi
1349 4312 1720 4384 gradiebatur,
1753 4314 1846 4384 qui
1880 4314 2123 4372 devotio-

529 4402 616 4458 nis
640 4417 807 4457 causa
836 4403 1086 4472 pedester
1117 4402 1396 4468 incedens,
1439 4403 1506 4458 ad
1535 4403 1850 4473 praedictum
1875 4402 1989 4473 jam
2020 4419 2124 4461 ca:-

529 4508 654 4547 cum
703 4491 877 4548 lassus
947 4493 1212 4563 pervenit.
1260 4492 1430 4560 Quem
1495 4509 1619 4548 cum
1660 4494 1750 4550 ille
1800 4496 1867 4550 de
1922 4496 2121 4552 domno

528 4580 761 4643 Geraldo
814 4585 1129 4656 inquireret,
1160 4601 1283 4640 cum
1312 4603 1371 4643 se
1408 4588 1635 4659 vestigio
1682 4597 1996 4644 secuturum
2028 4605 2117 4646 re-

529 4678 765 4750 spondit.
804 4679 911 4736 Sed
941 4695 1084 4750 quaa,
1112 4680 1311 4751 inquit,
1338 4696 1500 4738 causa
1542 4691 1646 4748 est,
1670 4684 1812 4753 quod
1841 4698 1963 4739 eum
2006 4692 2116 4739 tam

529 4770 760 4827 sollicite
784 4771 1056 4842 requiris?
1079 4772 1147 4826 At
1176 4771 1265 4827 ille
1290 4791 1303 4826 :
1330 4771 1555 4838 Novem,
1586 4774 1781 4844 inquit,
1812 4776 1937 4830 anui
1968 4783 2116 4842 sunt,

528 4877 595 4919 ex
624 4878 731 4932 quo
760 4862 1026 4918 caecitatis
1061 4864 1307 4935 angustia
1335 4878 1583 4934 premor;
1618 4864 1719 4919 hac
1745 4874 1926 4919 autem
1957 4873 2117 4921 nocte

529 4997 708 5069 Magni
754 5016 767 5051 :
807 4998 983 5073 clude
1008 5013 1107 5073 per
1135 4998 1286 5054 littus
1313 4997 1513 5054 Oceani
1544 4998 2119 5073 Rothomagumgcivi-

532 5068 698 5106 ιςιιιὲιη
730 5068 1027 5106 ηιιηεοοιικιί
1058 5070 1326 5106 gon-annon
1350 5085 1510 5106 canna
1552 5072 1873 5106 languentia-in
1947 5072 2092 5106 Tum

2231 3302 2341 3361 tur,
2371 3282 2635 3348 munditia
2661 3292 2940 3359 t‘ulscrint,
2971 3302 3029 3347 et
3065 3293 3119 3347 iu
3154 3293 3234 3348 eis
3262 3294 3479 3349 macula
3506 3310 3620 3351 non
3646 3296 3817 3350 adha-

2226 3387 2382 3458 serit,
2434 3387 2527 3443 sed
2578 3401 2673 3443 eas
2720 3386 2790 3441 ab
2845 3387 2991 3441 omni
3045 3401 3269 3442 munere
3311 3389 3656 3443 excusserit.
3716 3389 3821 3457 Quo

2226 3491 2415 3537 contra
2445 3481 2608 3536 nimis
2636 3478 2879 3536 infelices
2913 3488 3039 3536 sunt
3063 3479 3159 3540 illi,
3197 3495 3437 3550 quorum
3479 3481 3715 3536 dextera
3736 3497 3811 3537 re

2222 3575 2371 3646 pleta
2420 3583 2503 3631 est
2551 3573 2887 3629 muneribus.
2941 3572 3231 3641 Quoniam,
3283 3582 3344 3627 ut
3398 3575 3674 3646 scriptum
3718 3585 3814 3638 est.

2224 3665 2364 3739 ignis
2405 3666 2631 3723 devorat
2659 3680 2755 3723 eos
2790 3666 2880 3737 qui
2918 3681 3144 3721 munera
3179 3664 3421 3722 libenter
3451 3669 3754 3740 accipiunt.

2296 3755 2465 3813 XXV.
2497 3757 2605 3813 Sed
2633 3766 2689 3813 et
2733 3757 2838 3814 alia
2881 3757 3134 3814 nonnulla
3176 3757 3391 3814 itineris
3420 3758 3822 3816 referuntnrde

2223 3863 2313 3916 eo,
2340 3865 2461 3920 quae
2493 3864 2592 3905 nos
2635 3851 2704 3905 ob
2738 3843 3106 3920 prolixitatem
3159 3851 3405 3908 studiose
3460 3852 3815 3908 trausilimns.

2225 3941 2333 3998 Sed
2365 3957 2531 3997 unum
2561 3955 2661 4013 pro
2703 3953 2771 3996 eo
2800 3941 2942 4013 quod
2993 3941 3169 3996 virtus
3197 3940 3429 3996 alterius
3473 3945 3700 4015 generis
3723 3953 3819 4009 est,

2225 4037 2404 4093 adhuc
2426 4040 2833 4096 subnectamus.
2864 4039 3000 4096 Cum
3030 4041 3322 4112 aliquando
3365 4041 3608 4099 Romam
3633 4060 3818 4117 perge—

2225 4138 2330 4196 ret,
2352 4128 2466 4197 jam
2498 4130 2552 4185 in
2582 4128 2735 4184 Italia
2777 4131 3009 4200 positus,
3038 4132 3327 4202 quamdam
3363 4133 3419 4188 in
3467 4149 3605 4190 aera
3635 4150 3817 4190 vocas

2223 4220 2431 4275 audivit
2485 4218 2810 4275 clamantem
2832 4234 2912 4286 se,
2945 4229 3107 4292 atque
3128 4221 3439 4279 discessum
3463 4238 3628 4278 suum
3656 4225 3708 4279 ei
3744 4225 3820 4279 in-

2223 4310 2553 4367 sinuantem.
2613 4309 2912 4367 Videbatur
2947 4320 3127 4367 autem
3182 4312 3260 4367 illi
3287 4313 3435 4383 quod
3467 4325 3617 4372 esset
3644 4315 3818 4386 cujus-

2221 4402 2347 4459 dam
2373 4403 2609 4460 bominis
2638 4405 2858 4461 nomine
2884 4402 3153 4473 Girbaldi,
3181 4422 3344 4478 quem
3389 4407 3445 4463 in
3478 4410 3657 4479 patria
3692 4409 3817 4465 reli-

2224 4504 2437 4568 querat.
2471 4498 2658 4568 Itaque
2700 4498 2912 4553 vocavit
2939 4498 3204 4567 quosdam
3249 4514 3319 4554 ex
3349 4501 3489 4566 suis,
3535 4504 3815 4573 requirens

2224 4600 2404 4656 utrum
2434 4590 2502 4645 de
2527 4590 2787 4647 Girbaldo
2815 4590 3018 4660 aliquid
3043 4592 3268 4648 scirent.
3299 4593 3373 4650 At
3413 4594 3497 4652 illi
3528 4597 3817 4667 responde-

2223 4692 2371 4751 runt,
2397 4684 2541 4754 quod
2571 4699 2696 4740 eum
2726 4683 3070 4755 languentem
3094 4686 3443 4744 dimiserant.
3467 4689 3639 4757 lubet
3659 4691 3817 4762 igitur

2225 4786 2438 4847 tempus
2485 4777 2756 4841 adnotari,
2802 4777 3244 4850 psalmoruqu
3284 4781 3561 4853 obsequia
3607 4799 3705 4855 pro
3756 4799 3817 4838 es

2222 4865 2510 4924 celebrari.
2542 4865 2778 4922 Rediens
2806 4882 2958 4934 vero,
2984 4877 3041 4923 et
3082 4869 3148 4924 de
3192 4871 3460 4940 pnedicto
3490 4873 3709 4930 homine
3737 4888 3821 4927 re-

2226 5003 2448 5106 misi?
2473 5003 2786 5106 uersa“?
2828 5003 3086 5106 eam
3095 5006 3626 5106 Samae-3.1m:
3648 5014 3815 5106 ευεεσ

2225 5074 2441 5106 Πηιιίῖηἷ
2498 5090 2598 5106 Anna
2652 5076 2709 5106 ΔΙ
2763 5093 2777 5106 ο
2836 5093 2854 5106 α
2905 5074 3136 5106 "nonI-:0

3494 5085 3725 5106 “--I-_‘.
