3964 5360
154 364 250 425 835

880 361 969 419 DE
1008 350 1268 418 VITA‘S.
1308 358 1606 419 CERALDI
1643 357 1923 418 COMITIS
1963 359 2399 417 AURILIAC.—
2424 363 2549 419 LIB.
2591 364 2653 420 lI.

3301 362 3443 422 668'

153 493 385 550 qmrens,
436 462 638 548 reperit
687 475 830 545 quod
876 475 965 531 illa
999 476 1087 531 die
1118 474 1449 545 migraverit,
1479 488 1583 544 qua
1635 472 1724 528 ille
1755 472 2085 536 Aniendum
2165 476 2364 543 nepoti.
2437 475 2775 532 Raimundus
2836 482 3016 532 autem
3098 479 3405 549 protelabat

157 585 326 624 vocem
355 569 408 623 in
432 582 558 623 aera
597 566 819 622 audivit.

220 658 400 713 XXVI.
436 658 667 728 Expleto
712 666 894 711 autem
929 667 1129 710 saucue
1158 670 1270 710 sum
1299 655 1595 711 devotionis
1629 655 1723 710 iti-

153 764 291 814 nere,
336 748 450 818 jam
492 747 785 804 secretiora
838 746 956 802 loca
1012 745 1361 816 frequentare
1399 746 1720 810 delectabat,

153 841 298 912 quasi
331 854 520 896 vocem
569 837 715 893 illam
763 837 1063 895 Psalmista:
1113 846 1352 903 secutus,
1389 853 1495 907 qua
1550 837 1721 899 dicit:

155 929 401 1001 Elongavi
427 931 716 1002 fugiens,et
741 931 913 985 mansi
943 931 997 984 in
1027 929 1309 984 solitudine
1329 926 1503 998 (Prol.
1522 944 1629 993 LIV,
1647 928 1724 999 8).

152 1019 224 1074 Ibi
254 1020 401 1074 enim
453 1036 482 1074 a
537 1020 880 1076 saecularium
931 1020 1253 1090 frequentia,
1306 1019 1391 1074 vel
1439 1034 1726 1075 causarum

154 1111 369 1181 strepitu
400 1113 679 1181 quiescere
724 1113 965 1179 volebat,
996 1121 1058 1167 ut
1083 1112 1306 1169 liberius
1332 1112 1527 1168 divinae
1556 1113 1729 1168 servi-

157 1201 248 1255 tuti
271 1212 510 1257 vacaret.
555 1204 687 1259 Cum
720 1204 902 1274 itaque
930 1204 1030 1259 sub
1069 1203 1172 1266 hoc
1207 1203 1432 1259 obtentu
1476 1203 1614 1273 apud
1644 1217 1732 1259 ca-

151 1293 335 1361 pellam
376 1310 497 1364 qum
545 1295 740 1350 dicitur
771 1294 1081 1351 Catuserias
1129 1295 1525 1362 demorarelur,
1579 1296 1731 1351 festi-

153 1383 285 1439 vitas
310 1382 539 1441 Joannis
586 1394 642 1441 et
671 1380 827 1441 Pauli
873 1387 1202 1458 supervenit.
1258 1388 1516 1455 Quaedam
1546 1397 1729 1443 autem

153 1477 422 1531 rusticana
481 1478 677 1533 mulier
721 1478 994 1533 hortulum
1046 1478 1312 1551 ingressa,
1362 1481 1547 1535 nescio
1598 1481 1728 1551 quid

149 1569 493 1638 cperabatur,
539 1586 664 1626 cum
717 1580 935 1640 repente
982 1572 1202 1642 grandis
1247 1580 1399 1642 gutta
1450 1572 1732 1643 sanguinis

148 1670 309 1728 super
337 1674 554 1713 manum
584 1659 727 1715 illius
754 1662 1021 1730 apparuit,
1058 1677 1180 1733 qua:
1208 1678 1331 1716 mox
1365 1663 1733 1719 intumescere

150 1749 330 1819 carpit.
382 1749 721 1805 Tremefacta
764 1753 956 1806 mulier
984 1753 1050 1807 ad
1084 1753 1172 1807 Dei
1204 1752 1478 1808 hominem
1523 1752 1733 1822 ejnlans

1827 574 2043 617 causam
2094 564 2373 629 reddendi,
2423 564 2560 621 clam
2617 574 2866 638 satagens
2928 567 3280 626 Benedictum
3308 572 3407 627 de-

1827 670 1935 710 nuo
1955 670 2170 725 capere,
2209 665 2268 711 ct
2309 657 2499 712 ambos
2547 665 2749 716 tenere.
2793 658 2911 715 Jam
2945 669 3150 731 septem
3192 677 3406 720 menses

1826 746 2114 813 tinxerant,
2142 757 2195 803 et
2217 748 2300 802 vir
2327 748 2538 804 Domini
2569 749 2831 806 Geraldus
2862 752 2914 807 in
2939 754 3219 824 ereptione
3242 760 3408 828 nepo-‘

1829 839 1898 893 tis
1936 838 2070 893 nihil
2129 838 2394 908 proiicere
2426 849 2659 909 poterat.
2710 841 2952 908 Quadam
2991 859 3119 899 vero
3148 846 3236 901 die
3282 861 3407 902 cum

1827 943 2014 984 sorore
2051 944 2147 985 sua
2177 928 2446 1000 Avigcrna
2492 931 2558 985 de
2590 931 2689 985 bac
2730 947 2788 987 re
2820 948 2973 1002 quasr
3014 935 3407 1003 querimoniam

1827 1016 2033 1072 faciens
2064 1036 2078 1071 :
2109 1018 2247 1085 Quid
2280 1030 2356 1084 tu,
2392 1021 2597 1092 inquit,
2633 1038 2816 1079 cessas
2842 1023 3117 1080 Christum
3158 1040 3257 1096 pro
3301 1025 3412 1082 lilio

1828 1115 1924 1162 tuo
1960 1108 2273 1179 deprecari!
2301 1118 2450 1165 certe
2477 1121 2569 1167 aut
2594 1128 2693 1168 nos
2715 1114 2768 1168 in
2801 1114 2905 1169 fide
2932 1114 3266 1183 dubitamus,
3291 1126 3406 1181 aut,

1822 1196 1971 1265 quod
2001 1198 2180 1253 verius
2216 1207 2321 1265 est,
2352 1201 2596 1257 exaudiri
2636 1203 2926 1275 dignimon
2956 1220 3161 1263 sumus.
3194 1209 3259 1264 Et
3294 1210 3412 1268 huic

1828 1284 2034 1349 dicens,
2068 1286 2439 1344 resolvebatur
2473 1291 2526 1345 in
2564 1291 2834 1365 lacrymis.
2868 1294 2988 1363 Quo
3027 1298 3245 1367 quidem
3276 1308 3415 1355 tem-

1827 1388 1977 1445 pore,
2012 1376 2339 1443 medullitus,
2365 1387 2422 1433 ut
2448 1379 2520 1434 ita
2557 1380 2766 1447 dicam,
2807 1399 2929 1440 sese
2960 1387 3188 1443 Domino
3214 1389 3269 1444 in
3291 1402 3416 1459 pre-

1824 1466 1984 1523 cibus
2008 1470 2350 1541 man‘cipavit.
2384 1471 2451 1528 Et
2478 1473 2654 1529 adhuc
2694 1472 2981 1532 Rodult‘um
3024 1480 3277 1539 abbatem
3323 1496 3415 1540 se-

1830 1557 1937 1612 mel
1989 1560 2056 1614 ad
2103 1559 2725 1633 Raimundumdirexit,
2778 1568 2868 1639 qui
2922 1571 3148 1626 necdum
3193 1574 3413 1643 quidem

1830 1649 2099 1719 prolicere
2135 1653 2429 1722 quidquam
2459 1656 2667 1724 valens,
2698 1659 2839 1715 haud
2875 1659 3031 1734 longe
3067 1664 3133 1716 ad
3174 1673 3415 1722 meatum

1830 1757 2081 1801 reversus
2102 1754 2204 1801 est.
2230 1746 2397 1803 Nocte
2416 1763 2547 1806 vero
2568 1752 2807 1809 insecuta
2830 1757 3088 1825 prtedicto
3111 1756 3417 1817 Raimundo

148 1840 410 1905 σειιειιιτίιν
448 1840 514 1897 ἐι
560 1842 852 1897 ostendens
884 1859 1125 1910 manum,
1160 1844 1403 1899 misereri
1437 1842 1538 1898 sibi
1568 1858 1729 1915 τομ-
1760 1830 1807 1890 B
1833 1849 1929 1906 per
1952 1836 2225 1893 somnium
2254 1839 2571 1906 videbatur,
2597 1845 2739 1913 quod
2784 1847 2867 1901 vir
2908 1847 3118 1904 Domini
3150 1849 3419 1907 Geraldus

149 1928 258 1986 bat.
285 1931 355 1986 At
386 1931 474 1988 ille
502 1934 749 2002 protinus
765 1932 998 1989 clericos
1020 1933 1232 1998 adesse,
1266 1934 1599 2003 missamque
1627 1950 1729 2004 pro

149 2038 213 2078 ea
247 2022 507 2078 celebrari
551 2024 726 2094 jubet,
759 2024 954 2080 dehinc
991 2039 1188 2095 aquam
1229 2025 1557 2090 exorcizari,
1583 2026 1735 2081 etde

149 2116 334 2171 eadem
356 2130 495 2185 aqua
515 2114 722 2186 guttam
744 2116 1025 2186 sanguinis
1050 2115 1225 2181 ablui;
1250 2131 1372 2170 eum
1405 2125 1584 2171 tamen
1617 2116 1731 2186 ipse

152 2206 473 2262 humilitatis
498 2223 660 2262 causa
706 2222 952 2262 seorsum
993 2207 1194 2268 stabat.
1223 2222 1304 2288 ne.
1341 2208 1487 2263 forte
1514 2209 1733 2264 virtutis

150 2297 291 2353 iliitts
314 2299 527 2369 signum
544 2300 594 2355 ei
621 2300 993 2369 deputaretur.
1022 2298 1092 2355 Ut
1115 2309 1295 2354 autem
1323 2315 1516 2355 manus
1540 2300 1729 2356 mulie-

148 2387 230 2441 ris
258 2388 443 2443 abluta
472 2398 575 2455 est,
610 2389 752 2446 illico
801 2390 1023 2461 sanguis
1066 2398 1122 2445 et
1169 2399 1349 2445 tumor
1374 2390 1658 2461 disparuit,
1679 2398 1736 2446 et

147 2477 237 2532 illa
266 2495 398 2534 sana
427 2481 670 2537 recessit.

221 2568 433 2625 XXVII.
458 2571 605 2628 Sane
625 2573 753 2643 quia
780 2571 931 2628 locus
951 2572 1062 2637 ille,
1103 2573 1247 2629 sicut
1272 2589 1395 2629 eum
1419 2574 1556 2631 velle
1584 2575 1737 2656 dixe-

145 2674 357 2728 ramus,
410 2663 671 2717 remotior
719 2672 820 2727 est,
854 2672 910 2718 et
962 2672 1226 2729 secretus,
1260 2664 1575 2735 frequenter
1603 2666 1735 2723 inihi

142 2752 503 2809 mansitabat.
529 2755 664 2811 Cum
693 2757 857 2827 igitur
884 2759 1119 2826 quadam
1151 2760 1270 2814 vice
1292 2758 1734 2832 Assumptionem

142 2852 352 2899 sancta:
380 2846 475 2900 Dei
498 2847 779 2917 genitricis
810 2848 991 2903 Maria:
1014 2851 1154 2920 apud
1177 2852 1421 2906 eamdem
1446 2853 1735 2909 ecclesiam

138 2937 510 3004 celebrasset,
540 2940 830 2995 missarum
858 2941 1136 2997 solemniis
1161 2941 1274 3011 jam
1306 2945 1560 3013 expletis,
1593 2945 1738 3002 foras

140 3027 216 3083 ad
236 3043 366 3083 suos
395 3029 551 3084 exiit.
586 3028 709 3085 Mox
742 3032 939 3102 quippe
972 3032 1023 3086 ei
1066 3031 1267 3100 fuerat,
1303 3043 1363 3089 ut
1395 3043 1519 3105 post
1548 3035 1736 3106 longas

144 3131 215 3171 ac
235 3117 401 3187 juges
429 3133 643 3188 preces,
676 3121 745 3174 ad
771 3134 1059 3176 commune
1081 3123 1356 3193 eloquium
1385 3138 1506 3180 sese
1533 3125 1735 3196 imper-

143 3207 302 3273 tiret,
326 3219 389 3264 ut
424 3200 676 3280 quisquis
703 3211 918 3267 dicendi
955 3227 1178 3268 causam
1210 3214 1456 3282 haberet,
1485 3217 1738 3287 loquendi

138 3313 370 3369 quoque
399 3300 815 3369 possibilitatem
842 3301 1136 3359 obtineret.
1165 3305 1298 3360 Cum
1342 3321 1473 3378 ergo
1501 3310 1569 3362 ad
1613 3324 1740 3365 suos

136 3393 377 3458 exisset,
403 3393 649 3463 quidam,
676 3382 768 3464 qui
798 3398 1170 3466 praeparandis
1209 3400 1347 3456 cibis
1386 3412 1641 3470 praeerat,
1672 3404 1739 3457 ad

138 3495 277 3536 eum
303 3482 441 3538 dixit
470 3501 483 3536 :
513 3481 837 3552 'I‘ristamur,
865 3487 1114 3554 Domine,
1136 3490 1392 3558 quoniam
1415 3489 1479 3545 ad
1505 3502 1738 3547 vestram

139 3569 511 3629 refectionem
544 3574 784 3643 reperire
819 3576 871 3630 in
903 3576 1006 3631 hac
1032 3576 1379 3635 solemnitate
1412 3595 1515 3634 non
1548 3596 1740 3650 possu-

136 3677 301 3729 mus,
338 3663 444 3720 nisi
470 3680 668 3722 carnes
697 3666 904 3723 salitus.
924 3668 997 3722 At
1017 3667 1137 3722 ille:
1155 3668 1230 3724 Ne
1252 3670 1344 3735 sit,
1372 3670 1569 3741 inquit,
1590 3671 1741 3727 vobis

135 3768 324 3818 cura},
347 3755 476 3825 quia
505 3757 549 3810 si
575 3757 669 3812 Dei
699 3756 947 3828 genitrici
975 3757 1235 3827 placeret,
1265 3774 1438 3830 neque
1459 3761 1563 3816 hoc
1585 3761 1741 3818 nobis

137 3842 203 3897 in
230 3841 357 3911 ejus
384 3843 522 3900 festo
543 3844 1031 3913 deesset.DixeraI,
1059 3857 1114 3903 et
1139 3850 1205 3904 de
1234 3865 1384 3919 rupe,
1416 3866 1536 3921 qua:
1562 3854 1738 3908 eidem

134 3930 279 3987 ioco
325 3934 595 4001 imminet,
634 3951 829 3992 cervus
864 3951 987 3991 sese
1024 3938 1400 4009 praecipitavit.
1434 3940 1604 4008 Quem
1636 3945 1739 3998 mi-

132 4021 319 4076 nistri
364 4025 663 4095 gaudentes
710 4028 915 4098 pariter
960 4037 1015 4083 et
1073 4030 1333 4087 mirantes
1389 4018 1647 4099 tulerunt,
1687 4043 1743 4090 et

131 4110 309 4180 inde,
339 4115 481 4169 sicut
512 4126 638 4172 tunc
666 4131 949 4172 cervorum
979 4132 1109 4173 caro
1137 4121 1438 4189 temporina
1477 4132 1584 4189 est,
1610 4123 1743 4178 deli-

131 4212 342 4259 catum
370 4206 607 4262 edulium
639 4208 839 4263 seniori
875 4220 1223 4279 paraverunt.
1258 4211 1445 4282 Neque
1487 4215 1631 4270 enim
1663 4216 1744 4269 in-

126 4297 423 4354 credibile
449 4299 607 4354 debet
642 4300 830 4365 videri,
863 4301 1006 4370 quod
1030 4302 1076 4357 ei
1106 4303 1287 4357 divina
1315 4303 1540 4375 largitas
1561 4304 1740 4360 cibum

128 4406 220 4446 ex
255 4390 557 4462 improvisu
585 4395 937 4460 concesserit,
966 4410 1088 4449 cum
1126 4395 1214 4449 ille
1255 4397 1321 4450 ad
1366 4396 1457 4451 Dei
1489 4397 1739 4467 gloriam,

122 4479 313 4548 juxta
339 4481 676 4550 Apostolum,
708 4481 933 4548 faciens,
977 4485 1242 4540 bucellam
1281 4501 1432 4540 suam
1463 4502 1585 4541 cum
1611 4503 1744 4554 pau-

1833 1934 1960 1980 ante
1997 1927 2114 1997 ejus
2145 1927 2343 1984 lectum
2391 1939 2579 1997 staret,
2623 1950 2855 2005 eumque
2887 1953 3046 1992 manu
3098 1939 3417 2009 pulsaverit.

1833 2011 1992 2080 Quid,
2027 2017 2297 2087 inquiens,
2320 2029 2372 2074 tu
2394 2036 2501 2076 non
2527 2025 2683 2080 audis
2707 2040 2792 2080 me
2828 2028 2987 2084 toties
3004 2029 3420 2099 deprecantem?

1833 2102 1992 2159 Certe
2020 2106 2179 2168 scias,
2214 2109 2467 2176 quoniam
2496 2112 2539 2166 si
2576 2114 2715 2169 ultra
2758 2119 2996 2173 tenueris
3037 2121 3424 2190 obsidem,ne-

1832 2209 2106 2277 quaquam
2137 2198 2232 2253 tibi
2279 2200 2434 2255 cedet
2463 2202 2512 2255 in
2541 2219 2879 2275 prosperum.
2921 2207 3051 2265 Post
3096 2212 3210 2283 hate
3256 2211 3423 2269 verba

1834 2280 2169 2341 Raimundus
2198 2290 2606 2360 expergefactus
2634 2303 2746 2359 est,
2778 2304 2831 2351 et
2863 2280 3213 2356 considerans
3251 2302 3420 2358 visio-

1836 2388 1983 2441 nem,
2017 2375 2297 2432 intremuit
2331 2398 2342 2434 :
2367 2383 2686 2454 vocavitque
2706 2401 2853 2455 suos,
2881 2397 2936 2443 et
2964 2390 3092 2458 quid
3120 2390 3425 2449 somniave-

1837 2462 1911 2518 rit
1950 2464 2226 2522 indicavit.
2276 2467 2410 2524 Nam
2462 2480 2517 2527 et
2565 2474 2782 2545 quidam
2826 2493 2891 2532 ex
2944 2480 3074 2550 ipsis
3115 2496 3213 2551 per
3259 2498 3424 2554 quem

1839 2558 2077 2612 maxime
2105 2573 2276 2629 usque
2309 2570 2438 2618 tunc
2484 2565 2801 2624 adversatus
2841 2568 3037 2634 fuerat,
3091 2574 3276 2629 nescio
3314 2589 3424 2645 qua

1837 2658 2003 2701 causa
2031 2647 2284 2704 similiter
2333 2654 2626 2711 exterritus
2674 2659 3056 2727 persuadebat,
3096 2669 3157 2716 ut
3201 2662 3424 2731 petitio-

1842 2737 2180 2835 nem-domui
2210 2738 2428 2797 Geraldi
2458 2746 2702 2802 concitus
2725 2746 2928 2804 faceret
2976 2766 2990 2805 :
3028 2751 3275 2835 alioqqin
3306 2770 3426 2812 mo-

1840 2826 2088 2884 riendum
2129 2830 2234 2887 illis
2260 2846 2380 2889 esse
2406 2849 2816 2895 commemorat.
2861 2826 3215 2900 Raimundus‘
3239 2848 3427 2905 confe-

1840 2918 1965 2973 stim
1989 2920 2056 2975 ad
2095 2921 2388 2992 hospitium
2416 2925 2630 2983 Rodulil
2652 2930 2866 2987 abbatis
2903 2936 3237 3003 transmisit,
3268 2954 3430 2994 eum-

1840 3023 1948 3079 que
1970 3011 2145 3071 redire
2166 3012 2346 3083 jussit.
2398 3016 2518 3083 Quo
2548 3018 2805 3076 redeunte
2842 3022 3075 3092 qualiter
3102 3025 3185 3080 vir
3213 3026 3427 3083 Domini

1844 3113 1903 3153 se
1940 3114 2041 3170 per
2082 3101 2255 3156 visum
2292 3112 2585 3173 terruerat,
2616 3109 2795 3180 palam
2831 3114 3105 3167 enarravit
3136 3132 3151 3168 :
3182 3116 3429 3172 obsidem

1768 3188 1814 3250 C
1846 3189 1989 3246 illico
2009 3193 2260 3261 reddidit,
2282 3205 2340 3250 et
2362 3206 2421 3251 ut
2441 3200 2675 3271 gratiam
2704 3202 2888 3257 domui
2923 3204 3140 3262 Geraldi
3178 3208 3280 3264 sibi
3317 3210 3425 3264 Ro‘

1840 3281 2019 3338 dulfus
2058 3286 2482 3354 reconciliasset,
2522 3290 2800 3347 humiliter
2844 3297 3155 3364 postulavit.
3203 3300 3278 3354 Ita
3325 3301 3432 3357 Geo

1843 3375 2023 3431 raldus
2053 3393 2149 3448 per
2172 3378 2413 3436 divinum
2458 3383 2715 3439 auxilium
2762 3388 3106 3456 przevalebat,
3139 3401 3195 3446 et
3233 3407 3429 3449 secun-

1840 3465 1968 3521 dum
2004 3469 2134 3525 illud
2162 3469 2483 3541 Scripturze,
2520 3473 2785 3546 gloriosos
2820 3487 2979 3535 terra:
3005 3482 3346 3540 humiliabat.

1912 3560 2101 3617 XXIX.
2142 3563 2386 3631 Quodam
2428 3567 2616 3624 itidem
2673 3580 2947 3641 tempore,
2995 3589 3116 3629 cum
3158 3577 3225 3631 ad
3257 3577 3425 3633 collo-

1840 3651 2024 3719 quium
2056 3652 2296 3722 ejusdem
2323 3656 2606 3715 liaimundi
2636 3662 2853 3717 comitis
2880 3677 3213 3734 properaret,
3242 3667 3426 3734 ﬂuvio,

1841 3742 1934 3812 qui
1964 3744 2269 3800 Avarionus
2298 3747 2528 3814 dicitur,
2557 3752 3019 3822 appropinquans,
3063 3758 3264 3811 mentio
3290 3760 3428 3815 inci-

1842 3833 1920 3888 dit
1947 3836 2089 3904 quod
2128 3836 2218 3891 illa
2266 3838 2353 3893 die
2404 3840 2607 3907 piscem
2648 3842 2715 3894 ad
2753 3857 2909 3897 esum
2946 3860 3054 3901 non
3087 3846 3330 3903 haberet.
3360 3848 3424 3905 Hi

1841 3939 1971 3979 vero
1994 3925 2311 3995 quiseniori
2333 3930 2773 3997 obambulabant,
2807 3949 2930 3990 cum
2954 3937 3020 3991 de
3044 3937 3148 3994 hoc
3167 3942 3430 3997 sermoci-

1842 4029 2124 4086 narentur,
2160 4023 2413 4077 viderunt
2433 4025 2636 4093 piscem
2668 4028 2756 4096 qui
2796 4030 2977 4098 capito
3021 4042 3262 4097 vocatur,
3297 4049 3427 4090 con-

1844 4115 2010 4165 trase
2038 4119 2245 4167 natare.
2281 4112 2432 4168 Unus
2481 4122 2680 4181 autem,
2732 4118 2826 4187 qttl
2868 4120 2970 4175 hoc
3012 4123 3186 4191 ipsum
3237 4124 3427 4192 refert,

1839 4199 2086 4254 extendit
2109 4200 2412 4270 dragulutn,
2429 4214 2485 4257 et
2506 4204 2816 4261 vulneravit
2841 4209 3063 4279 piscem.
3079 4210 3179 4279 Qui
3207 4225 3432 4286 accepto
3458 4212 3486 4235 ⁹

1843 4287 2065 4345 vulnere
2090 4291 2363 4359 paululum
2389 4302 2692 4351 retroactus
2747 4298 2930 4368 .ripam
2957 4303 3024 4357 ad
3073 4320 3235 4374 quam
3264 4319 3426 4363 antea

1845 4378 2120 4445 tendebat,
2152 4381 2349 4436 iterum
2391 4385 2625 4454 repetiit,
2686 4400 2930 4444 moratus
2976 4409 3255 4463 quousque
3301 4411 3428 4450 euut

1848 4482 1987 4522 unus
2014 4479 2237 4525 extensa
2269 4487 2431 4526 manu
2472 4479 2900 4545 comprehendit.
2953 4483 3082 4536 Erat
3124 4486 3267 4540 enim
3320 4502 3429 4542 non

128 4536 403 4637 paribus.
416 4536 752 4625 comedebat.
786 4571 886 4638 Qui
916 4536 1211 4643 nunquam,
1231 4575 1370 4629 sicut
1399 4536 1746 4645 alumnirejus
1777 4536 1823 4596 υ
1849 4574 2031 4628 Ρπνίθ
2074 4562 2478 4631 ¹¹¹³8¹¹ίιυάί⁰ί⁸ο
2513 4567 2700 4637 “mine
2730 4570 2812 4624 νίν
2844 4573 3057 4628 θοῐηίηί
3087 4578 3292 4645 gratias
3321 4581 3432 4635 Deo

131 4671 462 4732 praesentes
482 4670 828 4729 attestantur,
852 4679 1035 4718 aurern
1063 4681 1215 4720 suam
1263 4683 1292 4720 a
1333 4667 1571 4723 clamore
1608 4684 1743 4738 pau-

127 4751 310 4820 peris
363 4753 664 4807 avertebat.
699 4753 800 4821 Qui
832 4754 1083 4809 videlicet
1129 4767 1374 4822 sanctus,
1411 4756 1565 4827 juxta
1616 4760 1745 4815 illud

128 4843 496 4899 Psalmistte:
516 4842 711 4898 Beatus
734 4847 823 4915 qui
852 4845 1090 4916 intelligit
1120 4864 1276 4920 super
1302 4867 1519 4921 egenum
1544 4865 1589 4907 et
1616 4870 1749 4922 pau-

126 4932 537 5004 peremﬂ’sal.
563 4950 650 5001 η,
673 4934 890 5005 2;,cum
920 4951 1079 4990 voces
1103 4939 1455 4995 clamantium
1484 4943 1748 5006 audisset,

129 5024 496 5097 profundum
520 5027 811 5096 suspirare,
836 5035 892 5081 et
916 5027 1078 5081 verba
1099 5032 1487 5102 compatientis
1516 5050 1747 5106 respon-

128 5116 292 5170 dere
317 5113 555 5169 solebat.

218 5203 476 5260 XXVIII.
531 5204 883 5261 Iiaimundutn
937 5212 1216 5266 noveratis
1265 5210 1537 5280 comitem,
1570 5214 1747 5271 tilium

125 5294 420 5352 videlicet
476 5290 695 5348 Odonis.
770 5291 868 5350 Hic
949 5306 1201 5360 nepotem
1274 5300 1455 5357 domui
1522 5299 1748 5360 Geraldi

1847 4650 2111 4715 referens,
2149 4663 2398 4717 czeleros,
2442 4658 2536 4726 qui
2589 4660 2694 4717 hoc
2742 4669 2801 4714 ut
2838 4662 3161 4719 miraculum
3209 4666 3438 4721 extolle-

1849 4741 2000 4807 bant,
2028 4758 2374 4813 compescere
2392 4734 2670 4814 stnddat,
2710 4751 2864 4819 quasi
2910 4752 2968 4809 id
3016 4754 3237 4809 fortuitu
3266 4756 3445 4810 conti-

1850 4832 2036 4902 gisset.
2062 4835 2129 4889 Et
2166 4834 2306 4893 forte
2330 4835 2534 4904 aliquis
2563 4839 2721 4896 fateri
2750 4850 2949 4907 potest,
2984 4844 3124 4914 quod
3144 4841 3284 4896 istud
3313 4856 3452 4899 casu

1850 4926 2166 4998 contingere
2189 4926 2397 4996 possit;
2422 4935 2602 4986 credo
2639 4938 2816 4983 tamen
2839 4945 2952 4989 non
2986 4930 3214 4994 recolet,
3238 4930 3452 4998 piscem

1853 5016 2145 5090 aliquando
2199 5019 2436 5083 vidisse,
2509 5027 2617 5099 qui
2683 5023 2737 5076 in
2789 5025 3042 5090 spatioso
3091 5024 3341 5088 numine,
3395 5034 3465 5079 ut

1853 5109 2158 5171 Avarionus
2212 5120 2318 5176 est,
2377 5111 2588 5182 ripam
2637 5127 2795 5183 super
2836 5113 3096 5178 homines
3139 5114 3276 5170 ultro
3321 5114 3471 5167 irru-

1855 5203 2050 5269 pisset.

1934 5294 2103 5351 XXX.
2145 5293 2433 5360 Siquidem
2458 5311 2594 5360 pro
2614 5290 2871 5355 miraculo
2888 5291 3034 5360 jure
3051 5299 3317 5356 censetur,
3340 5292 3490 5360 quod
