3964 5360
551 381 653 443 087

1624 378 1873 438 ODONIS
1908 380 2200 437 ABBATIS
2238 379 2733 439 (ZLUNIACENSlS
2765 381 2807 439 ll
3661 395 3734 451 εδδ

550 495 884 552 monasterio
944 494 1094 550 vicus
1149 504 1232 548 cst
1291 494 1343 549 in
1395 494 1601 548 honore
1652 492 1711 548 S.
1758 489 2007 563 Gregorii
2053 507 2138 545 sa-
2164 496 2212 554 Α
2243 499 2343 556 est,
2372 492 2617 547 eamdem
2659 491 3002 548 festivitatem
3032 494 3441 550 sotemnizabat.
3463 496 3604 555 Porro
3632 520 3734 572 qum.

551 597 778 651 cratus,
850 587 936 643 cui
997 585 1207 642 scilicet
1276 586 1559 656 presbyter
1637 584 1860 655 quidam
1920 582 2136 638 nomine

549 679 818 734 Geraldus
873 678 1286 758 praeerattqui
1320 677 1514 732 'eidem
1582 676 1698 732 viro
1756 675 1850 731 Dei
1903 673 2137 730 Geraldo

548 770 707 825 valde
728 785 828 840 pro
854 785 950 824 sua
969 770 1261 826 sanctitate
1280 769 1552 823 charuset
1567 765 1857 822 familiaris
1880 773 2017 828 erat,
2042 764 2153 833 qui.

549 861 712 916 etiam
737 869 865 916 ante
890 862 1013 917 vita:
1034 878 1146 918 sme
1173 863 1466 917 terminum
1488 876 1608 917 sese
1621 875 1719 931 pro
1740 874 1927 916 amore
1952 859 2136 915 divino

2238 584 2361 639 dam
2387 598 2453 639 ex
2480 583 2689 640 ancillis
2720 599 2838 653 ejus
2878 585 3123 655 graviter
3163 586 3294 640 inibi
3326 590 3610 646 vexabatur.
3639 594 3735 650 Cum

2237 677 2406 749 igitur
2447 677 2537 734 ille
2578 694 2679 749 per
2704 678 3005 734 orationem
3032 679 3099 734 ad
3128 694 3249 734 eam
3280 683 3609 752 respexisset,
3632 698 3672 740 et
3692 691 3735 742 in

2235 769 2433 835 medio,
2467 779 2527 824 ut
2550 778 2690 835 erat,
2714 771 2897 842 populi
2922 773 3188 828 acerrime
3218 770 3486 829 frenderet
3507 816 3521 839 ,
3544 785 3593 831 et
3625 793 3739 833 vesa-

2236 863 2399 929 niret,
2418 864 2682 934 rogabant
2721 878 2933 930 omnes,
2988 872 3050 919 ut
3090 879 3212 920 eam
3246 865 3328 918 vir
3364 867 3558 921 Domini
3585 869 3741 938 signare

550 951 827 1007 reclausit.
860 950 945 1008 Ad
979 952 1123 1008 hunc
1155 968 1286 1025 ergo
1323 950 1437 1021 jam
1476 951 1654 1008 dictus
1683 950 1765 1005 vir
1790 949 2005 1006 Domini
2031 948 2137 1004 Ge-
2234 953 2572 1025 dignaretur.
2606 953 2761 1023 Quod
2798 954 2885 1010 ille
2921 970 3019 1024 per
3053 959 3367 1010 consuetam
3410 956 3504 1011 sibi
3532 959 3740 1016 humilita-

551 1042 734 1099 raldus
788 1042 1080 1113 aliquando
1129 1043 1385 1109 divertit,
1441 1058 1603 1113 quem
1649 1050 1779 1112 post
1830 1041 2133 1097 Orationem

549 1137 872 1195 deosculans
894 1179 909 1202 ,
939 1137 1077 1192 dixit
1113 1156 1126 1194 :
1175 1138 1315 1206 Quid
1341 1138 1498 1193 nobis
1523 1177 1539 1203 ,
1571 1135 1803 1193 Geralde
1828 1134 1998 1190 frater
2020 1175 2035 1200 ,
2067 1134 2134 1189 ad

549 1227 898 1284 refectionem
930 1228 1155 1284 daturus
1208 1229 1305 1283 es?
1333 1228 1412 1282 En
1457 1226 1599 1298 apud
1648 1236 1702 1282 te
1734 1228 2000 1298 prandere
2044 1239 2136 1280 ve-

547 1319 748 1373 nimus.
779 1317 1004 1374 Dicebat
1030 1317 1173 1374 enim
1204 1318 1306 1373 hoc
1332 1333 1431 1388 pro
1460 1316 1716 1372 familiari
1754 1315 2132 1381 contubernio,

547 1409 693 1478 quod
747 1408 889 1478 apud
926 1406 1076 1464 illum
1132 1407 1301 1463 isdem
1342 1407 1597 1463 sacerdos
1641 1407 1896 1463 habebat.
1937 1407 2009 1461 At
2044 1405 2135 1462 ille

548 1500 795 1571 gaudens
841 1518 856 1555 :
891 1498 972 1566 Si,
1020 1499 1225 1571 inquit,
1263 1499 1527 1565 Domine,
1562 1506 1668 1554 tuae
1691 1498 1881 1568 pietati
1915 1498 2130 1569 placet,

550 1605 660 1645 non
696 1589 874 1647 abibis
911 1587 1156 1659 jejunus.
1214 1588 1596 1645 Verumtamen
1642 1602 1750 1643 non
1780 1588 1958 1643 habeo
2004 1587 2132 1659 quid

545 1694 809 1751 apponam
855 1680 958 1735 nisi
998 1694 1192 1752 panem
1235 1687 1291 1735 et
1346 1678 1532 1734 vinum
1559 1718 1576 1744 ,
1626 1678 1722 1733 sed
1758 1677 2037 1747 inquiram
2082 1677 2130 1732 si

2242 1051 2349 1099 tem
2384 1043 2587 1099 diutius
2628 1044 2854 1099 distulit.
2907 1044 3012 1099 Sed
3062 1044 3153 1099 illa
3199 1045 3511 1100 debacchari
3534 1062 3633 1101 cum
3669 1064 3741 1103 non

2234 1144 2514 1201 cessaret,
2571 1137 2886 1207 rogantibus
2927 1136 3015 1191 his
3074 1138 3175 1207 qui
3237 1138 3465 1193 aderant
3526 1140 3744 1197 instantius

2237 1228 2452 1284 tandem
2496 1227 2703 1283 elevata
2744 1244 2947 1294 manu,
2976 1229 3133 1300 signo
3156 1230 3338 1285 crucis
3382 1245 3497 1286 eam
3549 1231 3741 1300 signavit.

2232 1318 2306 1376 At
2365 1319 2453 1376 illa
2508 1320 2866 1390 purulentum
2935 1321 3252 1390 sanguinem
3322 1336 3603 1387 evomens,
3660 1338 3751 1377 con-

2243 1412 2396 1469 tinuo
2427 1422 2617 1469 sanata
2661 1422 2766 1470 est.
2792 1412 2929 1469 Cum
2952 1426 3142 1469 omnes
3187 1412 3242 1467 in
3274 1411 3367 1467 Dei
3405 1412 3630 1468 laudibus
3661 1429 3749 1483 per-

2234 1512 2512 1570 sonarent,
2542 1518 2782 1576 eumque
2825 1503 3275 1576 magnificarent,
3316 1502 3407 1559 ille
3465 1519 3635 1573 magna
3665 1505 3749 1558 ani.

2236 1594 2611 1651 madversione
2647 1610 2749 1652 eos
2792 1595 3131 1667 compescuit
3169 1596 3390 1662 dicens,
3427 1596 3563 1666 quod
3593 1595 3667 1650 Dei
3693 1610 3757 1650 so-

2235 1683 2513 1742 lummodo
2557 1686 2940 1753 clementiam,
2987 1695 3152 1758 atque
3198 1687 3371 1742 sancti
3424 1687 3595 1752 Petri,
3642 1684 3751 1754 cuius

545 1767 686 1826 forte
717 1785 961 1836 caseum,
1015 1769 1097 1825 vel
1138 1785 1240 1826 ova
1282 1782 1555 1840 reperero.
1582 1767 1721 1823 Tum
1767 1767 1954 1823 senior
1999 1784 2014 1821 :
2055 1766 2132 1822 Ne
2168 1846 2195 1848 ᾉ
2234 1775 2461 1832 ecclesia
2493 1785 2617 1843 est,
2656 1777 3086 1848 magniﬁcarem,
3128 1776 3245 1848 Ipsa
3271 1787 3357 1833 es;
3405 1787 3574 1832 ευιθω
3602 1777 3759 1832 illaec.

547 1871 624 1927 te,
659 1861 858 1932 inquit,
889 1860 1082 1935 fatiges
1106 1902 1121 1928 ,
1158 1862 1414 1933 quoniam
1446 1862 1786 1918 abstinentiae
1808 1863 1924 1919 dies
1949 1871 2055 1927 est,
2078 1873 2135 1918 et
2166 1846 2210 1906 Β
2236 1868 2400 1925 clesia
2445 1882 2553 1939 qua
2591 1876 2721 1924 tunc
2756 1846 3109 1933 imorabatur,
3152 1846 3379 1938 quando
3436 1867 3612 1923 mulier
3654 1880 3755 1922 ctera

543 1955 745 2011 bonum
772 1954 900 2017 erit,
938 1955 985 2011 si
1016 1954 1121 2021 vel,
1146 1955 1274 2025 quia
1302 1954 1499 2010 desunt
1537 1954 1730 2025 epulae,
1764 1955 1984 2024 parcius
2031 1955 2132 2010 sub

544 2048 646 2104 hac
668 2047 954 2104 occasione
983 2048 1398 2104 comederimus.
1426 2046 1559 2102 Cum
1593 2061 1726 2117 ergo
1749 2048 2037 2118 presbyter
2060 2047 2131 2103 ad

544 2139 961 2209 prteparandum
990 2138 1341 2204 discurreret,
1366 2137 1686 2194 conclarum
1711 2137 1987 2207 ingressus
2008 2178 2024 2204 ,
2052 2136 2137 2193 vi-’

546 2229 626 2287 dit
653 2229 856 2300 piscem
888 2228 941 2285 in
975 2228 1201 2285 ferculo.
1235 2229 1389 2285 Tunc
1426 2228 1758 2300 stupefactus
1792 2229 1934 2285 clam
1965 2230 2132 2285 inter-

544 2319 751 2390 rogavit
776 2319 1106 2385 ministrum,
1131 2320 1378 2390 quisnam
1394 2320 1595 2390 piscem
1614 2320 1760 2376 illum
1786 2320 2046 2375 attulerit.
2062 2320 2130 2374 At

544 2410 635 2466 ille
678 2411 890 2467 nescire
922 2425 983 2466 se
1012 2412 1181 2481 dixit,
1212 2427 1464 2469 asserens
1501 2410 1643 2482 quod
1685 2411 1862 2468 nullus
1901 2412 1973 2467 ibi
2021 2410 2133 2466 fue-

550 2503 653 2569 rit,
684 2502 775 2572 qui
794 2502 1011 2572 .piscem
1042 2501 1190 2558 illum
1221 2501 1461 2558 afferret.
1492 2501 1780 2574 Presbyter
1802 2501 2133 2575 ergoexiens

550 2594 620 2652 ad
653 2594 925 2651 seniorem
963 2593 1233 2665 supplicat
1260 2593 1397 2648 utin
1443 2593 1686 2649 conclavi
1716 2593 1917 2649 intrare
1942 2593 2129 2664 digna-

541 2695 712 2743 retur.
741 2686 1170 2758 Quo~sequentc,
1200 2687 1409 2757 piscem
1438 2687 1701 2743 ostendit.
1742 2686 1837 2741 Ille
1866 2686 2128 2742 attonitus

540 2788 597 2838 et
617 2781 915 2837 admiratus
936 2822 953 2849 ,
981 2782 1184 2851 gratias
1210 2782 1321 2838 Deo
1347 2798 1481 2839 cum
1522 2783 1805 2839 sacerdote
1832 2781 2126 2839 referebat.

541 2872 710 2941 Quem
742 2852 918 2929 tamen
948 2913 965 2940 ,
1005 2882 1060 2928 et
1086 2872 1256 2944 ipsius
1308 2874 1615 2928 ministrum
1638 2871 1949 2942 jnramento
1993 2886 2127 2929 con-

542 2966 782 3031 strinxit,
808 2966 979 3032 neid,
1003 2965 1131 3021 dum
1166 2965 1255 3021 ille
1280 2966 1698 3033 viveret,alicui
1726 2964 2123 3036 prodidissent.

548 3056 659 3113 Sed
702 3058 893 3113 eadem
947 3072 1036 3113 res
1087 3055 1332 3127 pluribus
1379 3056 1639 3127 paulatim
1680 3056 1958 3123 innotuit,
1995 3069 2131 3126 quo-

542 3149 688 3205 niam
719 3149 902 3205 divina
929 3149 1260 3220 dispensatio
1286 3191 1302 3216 ,
1329 3165 1450 3221 qua:
1477 3160 1699 3206 sanctos
1724 3163 1969 3222 quosque
2016 3149 2129 3218 glo-

547 3239 766 3306 rillcat,
807 3255 901 3295 eos
925 3240 1091 3296 etiam
1133 3249 1324 3296 contra
1355 3256 1513 3295 suum
1560 3240 1698 3296 velle
1745 3255 2130 3310 nonnunquam

546 3331 881 3388 manifestat.
912 3331 1051 3387 Vere
1074 3331 1338 3387 Dominus
1382 3331 1559 3389 adhuc
1595 3346 1705 3387 suae
1754 3331 2131 3403 promissionis

547 3433 633 3480 est
657 3438 899 3489 memor,
929 3428 986 3477 et
1026 3422 1362 3492 inquirentes
1386 3437 1512 3478 eum
1540 3436 1646 3477 non
1689 3421 1941 3477 deficient
1982 3420 2126 3477 omni

543 3514 711 3570 bono.
754 3514 1023 3571 Cancrum
1071 3511 1389 3570 incredibile
1432 3527 1540 3568 non
1583 3513 1745 3568 debet
1798 3511 1899 3567 hoc
1926 3510 2125 3576 videri,

539 3608 666 3663 dum
696 3606 1011 3678 frequenter
1038 3605 1302 3678 legamus,
1326 3606 1468 3677 quod
1493 3605 1636 3660 Deus
1668 3603 1737 3658 ad
1782 3602 2127 3674 supplemen-

545 3708 660 3759 tum
687 3699 862 3755 servis
891 3697 1004 3752 suis
1033 3706 1127 3752 aut
1154 3704 1358 3767 potum,
1387 3702 1482 3751 aut
1502 3694 1690 3751 cibum
1724 3694 1982 3750 divinitus
2025 3694 2129 3753 mi-

543 3792 780 3848 nistrare
807 3790 1061 3861 dignatus
1083 3789 1171 3844 sit.
1852 3778 1855 3783 ’

617 3881 811 3936 XXXI.
874 3880 1051 3952 Pagus
1107 3895 1212 3934 non
1260 3879 1418 3950 longe
1472 3878 1541 3933 ab
1574 3877 1860 3933 Anreliaco
1914 3874 2126 3931 Marcu-

536 3974 704 4028 liscns
732 3979 991 4035 vocatur,
1022 3967 1174 4038 juxta
1204 3983 1366 4039 quem
1394 3968 1533 4038 lapis
1560 3967 1780 4038 quidam
1806 3965 2126 4020 naturaliter

536 4066 800 4123 rotundus
846 4064 1065 4119 insidet.
1093 4060 1227 4116 Cum
1274 4058 1563 4130 aliquando
1598 4057 1826 4112 domnus
1856 4055 2125 4111 Gcraldus

537 4172 569 4213 e
620 4156 837 4225 regione
893 4152 1246 4215 transitaret,
1294 4147 1513 4219 quidam
1568 4148 1637 4203 de
1684 4146 1804 4217 ejus
1858 4145 2123 4201 comitatu

536 4244 806 4299 Adraldns
834 4242 1071 4307 nomine,
1094 4238 1498 4295 conviatoribus
1526 4236 1838 4300 asserebat,
1865 4235 2009 4305 quod
2037 4250 2125 4290 su-

538 4351 639 4407 per
682 4334 912 4403 lapidem
964 4332 1112 4387 illum
1159 4330 1297 4386 saltu
1325 4328 1689 4385 conscendere
1712 4334 1915 4397 posset.
1966 4324 2121 4393 Quod

537 4426 788 4497 protinus
816 4426 1025 4479 cunctis
1063 4423 1385 4477 mirantibus
1434 4420 1582 4475 fecit.
1612 4419 1909 4475 Ferebatur
1936 4428 2119 4474 autem

532 4522 678 4593 quod
746 4521 917 4576 isdem
970 4518 1241 4574 Adraldns
1290 4517 1682 4573 incantationes
1731 4532 1795 4572 ac
1854 4516 2115 4571 maleficia

531 4621 737 4668 nosset.
775 4609 1150 4680 Subsequente
1191 4617 1368 4663 autem
1401 4608 1636 4673 seniore,
1670 4608 1891 4663 stabant
1918 4607 1993 4662 illi
2023 4608 2115 4677 qui

531 4703 819 4774 praeibam,
846 4702 964 4757 etei
989 4700 1186 4757 saltum
1203 4700 1344 4755 illius
1367 4699 1697 4755 indicabant.
1727 4698 1818 4753 Ille
1840 4714 1969 4754 vero
1987 4714 2118 4754 con-

532 4794 781 4849 siderans
802 4793 943 4862 quod
992 4792 1096 4846 hoc
1121 4805 1219 4862 per
1261 4806 1414 4846 suam
1464 4790 1764 4861 agilitatem
1811 4791 2117 4846 nullatenus

532 4886 713 4941 facere
738 4896 919 4956 posset
950 4926 965 4952 ,
1014 4885 1221 4940 elevata
1260 4900 1422 4938 manu
1456 4883 1666 4953 signum
1710 4883 1888 4938 crucis
1924 4882 2111 4938 edidit.

532 4974 741 5030 Dehinc
770 4975 859 5031 ille
878 4990 1000 5030 cum
1043 4974 1095 5028 id
1123 4973 1312 5029 multis
1341 4973 1549 5028 vicibus
1577 4971 1914 5037 tentavisset,
1945 4972 2116 5026 nulla-

2234 1959 2485 2032 superius
2530 1959 2810 2016 nominata
2859 1959 2926 2016 de
2971 1973 3114 2031 aqua
3145 1975 3338 2015 manus
3378 1958 3494 2029 ejus
3524 1958 3758 2014 lumcnra-

2235 2053 2397 2123 cepit.

2303 2142 2540 2198 XXXIII.
2568 2143 2796 2212 Quidam
2829 2144 2912 2200 vir
2938 2145 3157 2201 nomine
3192 2144 3527 2201 Herloardus
3571 2144 3628 2199 de
3660 2156 3759 2211 eque

2232 2231 2414 2304 lapsus
2444 2272 2459 2299 ,
2498 2250 2665 2289 unum
2714 2251 2852 2305 genu
2903 2236 3005 2292 sibi
3056 2236 3233 2291 valide
3286 2236 3509 2291 collisit.
3540 2235 3616 2291 0b
3644 2233 3760 2301 Venias

2232 2323 2472 2380 dolorem
2500 2340 2598 2394 per
2623 2339 2720 2380 sex
2747 2326 2863 2382 dies
2882 2325 2995 2395 jam
3034 2326 3152 2382 sine
3179 2327 3301 2383 cibo
3330 2327 3577 2398 degebat.
3603 2326 3758 2380 Etcum

2232 2411 2366 2468 nihil
2422 2412 2521 2467 sibi
2550 2412 2614 2468 ad
2645 2414 2941 2470 remedium
2989 2416 3227 2486 reperire
3255 2426 3482 2486 posset,
3508 2416 3569 2470 ad
3589 2415 3764 2485 Captet:-

2233 2519 2427 2559 nacum
2481 2505 2855 2561 transmittens
2889 2547 2903 2572 ,
2956 2522 3153 2577 aquam
3213 2507 3280 2561 de
3335 2508 3586 2562 manibus
3626 2502 3762 2559 domui

2231 2593 2448 2652 Geraldi
2473 2595 2612 2652 clam
2643 2596 2747 2652 sibi
2775 2596 2977 2653 deferri
3002 2596 3149 2653 fecit.
3182 2596 3378 2653 Mirum
3412 2599 3583 2662 dictu,
3608 2613 3705 2652 mox
3726 2606 3764 2647 ut

2233 2686 2544 2755 prtedictam
2591 2703 2789 2758 aquam
2832 2704 2994 2759 super
3020 2704 3155 2760 genu
3200 2690 3428 2760 sparsit,
3460 2690 3597 2745 onmi
3632 2688 3764 2744 dolore

2233 2776 2492 2836 liberatus
2518 2779 2802 2835 incolumis
2835 2783 3093 2838 surrexit.
3129 2782 3248 2838 Alia
3278 2784 3541 2839 nonnulla
3580 2783 3765 2838 refcntn-

2235 2881 2322 2931 tur
2368 2872 2435 2928 de
2471 2887 2538 2928 eo
2581 2889 2703 2945 quas
2735 2875 2817 2930 vel
2860 2875 3029 2931 relatu
3054 2917 3071 2941 ,
3101 2875 3183 2932 vel
3247 2876 3608 2933 admiratione
3650 2875 3767 2945 digna

2230 2973 2379 3021 sunt.
2408 2963 2518 3022 Sed
2545 2967 2689 3022 enim
2711 3008 2726 3031 ,
2762 2967 2888 3038 quia
2917 2968 3214 3039 vulgariter
3238 3010 3254 3035 ,
3281 2978 3340 3024 et
3386 2986 3497 3025 non
3527 2985 3557 3024 a
3582 2967 3767 3038 praefatis

2231 3062 2464 3124 quatuor
2507 3056 2736 3113 testibus
2761 3068 3083 3114 asseruntur
3096 3098 3120 3122 ι,
3153 3072 3215 3114 ea
3254 3059 3493 3115 reticere
3520 3057 3767 3116 malumus,

2231 3158 2357 3200 cum
2398 3154 2578 3202 tamen
2617 3162 2726 3203 non
2779 3147 3091 3218 ignoremus
3135 3147 3261 3218 quia
3290 3148 3466 3203 multa
3495 3148 3659 3219 gessit,
3685 3159 3768 3214 qua“

2237 3234 2321 3291 vel
2345 3236 2549 3303 nullus,
2582 3236 2662 3291 vel
2691 3238 2851 3308 pauci
2887 3238 3254 3309 cognorerint.
3289 3236 3576 3309 Siquidem
3601 3237 3770 3292 dceou—

2231 3328 2523 3384 suetudine
2575 3329 2787 3399 piorum
2817 3337 2871 3384 et
2918 3330 3182 3385 bonorum
3233 3330 3567 3393 hominum,
3610 3338 3770 3394 semper

2228 3418 2589 3475 humilitatem
2633 3419 2779 3476 velut
2825 3419 3006 3476 cordis
3027 3420 3241 3476 oculum
3270 3436 3505 3475 servare
3553 3417 3769 3474 studebat.

2228 3510 2299 3565 Ει
2328 3510 2448 3569 ideo
2472 3519 2755 3587 quantum
2782 3518 3016 3582 poterat,
3058 3525 3223 3580 opera
3248 3525 3349 3566 sua
3380 3511 3612 3566 celabat.
3639 3507 3699 3561 De
3713 3504 3769 3556 itis

2227 3615 2356 3657 vero
2385 3615 2507 3670 quae
2550 3601 2668 3671 ipso
2697 3599 2915 3656 nolente
2940 3599 3221 3670 patebant,
3259 3598 3456 3656 laudes
3498 3615 3602 3655 non
3641 3594 3769 3666 patie-

2227 3692 2388 3747 batur
2417 3680 2628 3748 audiré.

2297 3781 2537 3839 XXXIV.
2577 3782 2692 3840 Hoc
2738 3783 2924 3855 itaque
2953 3782 3021 3839 de
3055 3783 3332 3839 miraculis
3373 3784 3499 3855 ejus
3547 3781 3767 3838 sufficiat.

2224 3887 2346 3942 quae
2384 3871 2729 3928 satisfaciant
2755 3873 2835 3929 eis
2864 3873 2956 3944 qui
3003 3873 3231 3945 gloriam
3272 3873 3573 3944 cujuslibet
3606 3867 3771 3930 sancti.

2226 3978 2331 4020 non
2359 3978 2427 4019 ex
2455 3965 2760 4034 quantitate
2802 3965 3068 4021 bonorum
3095 3980 3322 4036 operum
3341 4005 3356 4032 ,
3390 3966 3495 4021 sed
3537 3980 3605 4020 ex
3629 3973 3772 4017 nume

2224 4054 2448 4110 rositate
2494 4054 2790 4109 metiuntur
2824 4055 3123 4123 signorum.
3146 4054 3303 4126 Apud
3334 4070 3494 4124 quos
3529 4055 3774 4109 fortem-

2222 4143 2385 4199 ctitas
2410 4140 2527 4211 ejus
2556 4143 2715 4199 vilior
2738 4143 3066 4211 haberetur,
3093 4144 3139 4201 si
3178 4145 3244 4200 de
3272 4144 3561 4200 miraculis
3582 4157 3689 4214 qua:
3714 4138 3773 4191 τίη

2224 4251 2357 4306 gens
2386 4245 2631 4307 gesserat
2678 4236 2812 4291 nihil
2853 4237 3151 4292 audissent.
3180 4236 3290 4292 Illis
3334 4252 3478 4292 sane
3508 4237 3599 4308 qui
3633 4243 3774 4288 amore

2223 4326 2341 4396 ejus
2378 4326 2466 4396 pie
2497 4333 2771 4393 tenentur,
2797 4341 3032 4397 eumque
3062 4327 3295 4382 discreta
3340 4327 3631 4384 dilectione
3653 4335 3777 4379 vene-

2222 4426 2437 4481 rantur,
2461 4432 2625 4488 opera
2663 4415 2892 4487 justitize
2921 4433 3042 4487 quae
3082 4419 3357 4483 exercuit,
3385 4420 3566 4491 magis
3590 4419 3774 4489 placeat.
3878 4418 3879 4493 ξ

2219 4509 2290 4564 At
2311 4523 2441 4564 vero
2465 4523 2590 4563 cum
2614 4517 2903 4578 utrumque
2930 4508 3094 4565 simul
3130 4509 3185 4564 in
3227 4524 3294 4565 eo
3321 4511 3629 4573 concurrit,
3650 4503 3777 4572 etjl-

2223 4600 2367 4657 stitia
2398 4599 2672 4666 videlicet,
2700 4609 2757 4655 et
2800 4600 3181 4668 sanctiﬁcatio,
3205 4609 3262 4657 et
3301 4601 3591 4674 signorum
3615 4595 3775 4671 glorii.

2225 4692 2367 4748 catio
2388 4733 2403 4757 ,
2432 4692 2677 4748 securius
2704 4693 2846 4748 hunc
2872 4733 2887 4758 ,
2929 4701 2987 4749 et
3016 4693 3265 4750 alacriori
3294 4695 3594 4751 devotione
3613 4692 3776 4750 colam.
3878 4728 3879 4777 ξ

2224 4783 2358 4839 Nam
2380 4785 2425 4839 si
2450 4785 2680 4841 fortasse
2707 4785 3003 4856 prophetia:
3028 4786 3277 4856 spiritum
3304 4789 3612 4852 habuisset,
3640 4781 3777 4838 nullas

2222 4892 2370 4940 eum,
2395 4887 2455 4931 ut
2476 4886 2628 4948 puto,
2655 4887 2903 4933 sanciunt
2931 4894 3054 4935 esse
3079 4889 3321 4951 negaret.
3347 4880 3461 4936 Sed
3492 4876 3778 4948 utiqneplﬁS

2222 4970 2372 5034 fecit,
2390 4970 2515 5039 quia
2538 4970 2819 5025 avaritiam
2841 4971 2990 5026 vicit.
3024 4969 3156 5026 Nam
3185 4971 3316 5041 quid
3336 4971 3552 5042 pmfuit
3576 4968 3776 5025 Βιιωιι.
