3964 5360
198 258 308 323 εεθ

906 274 991 329 DE
1034 273 1193 329 VITA
1238 272 1295 330 S.
1337 273 1636 329 GERALDI
1676 273 1952 329 COMITIS
1988 277 2332 337 AljfllLlAC.
2376 246 2445 322 -ἠ
2516 283 2642 338 LIB.
2685 284 2769 339 111.

3360 276 3464 344 '690

197 378 570 435 Laudahimus
599 395 721 436 eum
746 421 760 445 ,
793 381 927 438 fecit
959 385 1104 438 enim
1138 383 1403 438 mirabilia
1433 384 1485 438 in
1522 385 1630 438 vita
1662 401 1778 440 sua.
1814 394 2030 454 A'neat,
2062 391 2203 462 quod
2234 409 2401 464 usque
2426 396 2477 451 in
2504 407 2840 454 senectutem
2870 408 3049 456 castus
3075 406 3460 472 perseveravit.

198 470 356 538 Quod
386 473 531 527 enim
578 472 845 529 Geraldus
888 473 1191 543 hujusmodi
1242 475 1512 530 mirabilia
1554 475 1779 541 fecerit,

196 561 388 616 multa
415 562 735 618 documenta
777 573 921 619 sunt.
952 564 1230 636 Siquidem
1264 576 1479 622 constat
1506 581 1627 621 eum
1663 583 1782 638 qua:

196 667 227 706 a
255 653 572 721 parentibus
605 655 691 710 vel
729 655 946 726 regibus
970 657 1019 711 ei
1047 657 1240 712 collata
1269 667 1393 712 sunt
1415 658 1495 713 sic
1524 659 1779 726 tenuisse,

193 751 257 796 ut
281 758 346 799 ea
374 761 479 799 non
510 755 568 799 ut
598 747 787 811 servis,
815 748 909 802 sed
931 749 1084 817 quasi
1111 749 1346 803 dominis
1371 750 1739 819 dispensassct
1764 768 1775 803 :

190 836 360 890 rebus
391 836 443 890 in
489 846 633 892 terra
681 840 799 893 sine
833 840 1063 910 alicujus
1103 838 1321 896 laesione
1363 844 1685 909 excrevisse,
1724 845 1778 899 in

191 925 543 981 coelistamcn
571 930 963 984 thesaurisasse
983 947 1010 996 ς’
1022 934 1260 999 potentia
1284 933 1568 989 sublimem
1589 934 1775 1001 fuisse,

193 1023 376 1072 tanien
430 1020 623 1090 spiritu
673 1035 961 1091 pauperem
994 1024 1377 1105 permansisse.
1419 1024 1779 1095 Quapropter,

192 1117 257 1161 ut
294 1108 387 1165 ille
433 1112 681 1181 sequitur
708 1153 721 1177 ,
752 1128 927 1182 neque
973 1112 1169 1167 mirum
1196 1155 1210 1176 ,
1264 1128 1439 1184 neque
1470 1116 1784 1173 incredibile

193 1200 356 1256 debet
389 1203 580 1266 videri,
612 1204 655 1259 si
688 1204 927 1259 stabilita
956 1212 1085 1260 sunt
1119 1207 1257 1259 bona
1292 1205 1435 1261 illius
1456 1206 1509 1259 in
1534 1207 1777 1262 Domino.

203 1288 467 1356 Quamvis
507 1292 637 1347 illud
664 1293 1163 1365 incomparabiliter
1190 1294 1243 1349 in
1286 1294 1404 1364 ejus
1431 1293 1584 1351 factis
1610 1295 1783 1351 immi-

1887 478 2121 535 Castitas
2164 483 2306 537 enim
2358 485 2468 539 sola
2498 496 2582 539 est
2611 502 2731 557 quae
2767 488 3010 544 imitatur
3039 491 3332 562 angelicam
3367 510 3465 564 pu-

1887 569 2122 627 ritatem.
2144 572 2277 628 Cum
2300 574 2481 645 itaque
2511 577 2597 631 hic
2619 575 2747 632 vicit
2769 576 3066 646 libidinem,
3087 596 3207 650 qua:
3227 584 3462 640 maxima

1886 660 2061 716 virtus
2094 671 2178 718 est
2208 664 2442 730 Sataute,
2476 666 2671 721 mirqu
2703 684 2808 723 non
2843 678 2924 722 est
2951 669 2994 723 si
3025 685 3124 726 nec
3148 671 3322 725 cidem
3367 672 3466 728 Sa-

1888 757 2030 805 tanae
2070 752 2339 824 imperat,
2374 770 2531 825 quem
2581 759 2846 812 servando
2896 760 3198 827 castitatem
3245 763 3463 819 devicit.

1885 843 2205 901 Incredibile
2229 862 2334 902 non
2361 856 2442 902 est
2464 848 2606 918 quod
2636 865 2777 905 nunc
2797 850 3049 907 obsessus
3073 868 3101 906 α
3131 852 3463 919 daemonibus

1886 932 2079 989 liberat
2108 935 2199 1004 qui
2242 952 2562 992 mammona:
2606 939 2900 1010 principem
2933 959 2961 995 a
2988 958 3085 998 suo
3117 944 3278 998 corde
3298 985 3314 1010 ,
3345 945 3464 999 vin-

1885 1025 2057 1081 cendo
2093 1027 2401 1096 avaritiam,
2434 1027 2643 1099 rejecit.
2672 1028 2801 1086 Jure
2824 1032 2967 1087 enim
2997 1028 3464 1106 spiritum'super-

1883 1115 1988 1174 biae
2029 1133 2173 1173 nunc
2200 1118 2500 1191 subjectum
2541 1121 2734 1188 habet,
2771 1123 2862 1192 qui
2894 1123 2946 1178 in
2977 1110 3352 1195 ipso’terrenae
3374 1142 3464 1197 po-

1887 1210 2097 1265 testatis
2119 1208 2354 1266 culmine
2383 1212 2567 1268 mitem
2594 1228 2655 1269 se
2681 1213 2946 1270 exhibuit.

303 1478 3322 1503 Μ

1373 1683 1376 1687 -
1436 1632 1736 1711 LIBER
1792 1629 2307 1711 TERTIUS.”

257 1943 528 2012 Quoniam
555 1944 831 2015 signorum
864 1943 1153 1999 virtutibus
1201 1943 1462 2013 insignem
1494 1939 1662 1996 fuisse
1690 1956 1773 1996 ve-
1806 1944 1851 2002 Β
1878 1938 2165 1995 Aureliaco
2194 1938 2459 2003 imminet,
2492 1937 2786 2009 respiciens
2830 1938 2897 1993 ad
2945 1938 3205 1996 fabricam
3245 1942 3458 2002 domus.

186 2036 483 2092 nerabilem
530 2036 702 2091 virum
735 2035 1023 2091 Geraldum
1073 2033 1383 2105 prtelibatus
1407 2045 1587 2087 sermo
1631 2047 1768 2086 enu-

182 2128 417 2185 cleatius
456 2128 752 2194 disseruit,
786 2135 958 2182 restat
990 2140 1133 2181 nunc
1161 2133 1220 2179 ut
1246 2124 1477 2194 qualiter
1512 2138 1540 2178 a
1576 2138 1769 2193 corpo-

180 2237 279 2279 reo
310 2221 550 2292 tegmine
592 2220 925 2291 spiritualem
964 2217 1269 2275 essentiam
1321 2217 1581 2280 emiserit,
1632 2214 1772 2287 stylo

180 2312 437 2369 titulante
483 2313 869 2384 exprimamus.
904 2310 1124 2367 Certum
1172 2311 1316 2366 enim
1363 2317 1616 2375 constat,
1645 2308 1770 2379 quia

179 2406 353 2462 isdem
396 2405 503 2472 vir,
536 2420 840 2477 quanquam
890 2405 1150 2475 parcitate
1203 2402 1530 2473 frugalitatis
1573 2416 1768 2472 corpo-

176 2496 352 2552 ralem
406 2498 701 2568 appetitum
753 2497 1058 2561 domuerit,
1098 2497 1269 2568 viguit
1319 2504 1496 2550 tamen
1544 2494 1767 2549 viribus.

180 2589 295 2645 Nec
334 2589 606 2659 impotens
634 2588 1033 2645 roborecaruit
1053 2587 1105 2641 vi
1133 2586 1480 2642 fortitudinis”.
1512 2585 1618 2641 Sed
1645 2599 1768 2640 cum

170 2680 287 2752 jam
317 2681 633 2752 contiguum
671 2690 817 2736 esset
839 2721 854 2747 ,
875 2688 996 2737 .ut'a
1034 2679 1299 2750 completa
1325 2678 1514 2733 militia
1543 2718 1558 2742 ,
1586 2686 1769 2748 utpote

177 2786 444 2839 annosus,
476 2772 640 2828 eximi
680 2766 1000 2839 deberetur,
1031 2774 1195 2844 coepit
1222 2789 1251 2828 a
1283 2772 1441 2828 solito
1468 2772 1654 2843 vigore
1683 2781 1767 2825 at—

177 2871 441 2921 tenuatus
460 2863 621 2920 elabi.
653 2864 856 2920 Verum
886 2878 987 2919 nec
1015 2863 1188 2935 ipsum
1219 2863 1398 2930 latuit,
1429 2864 1556 2933 quin
1590 2862 1769 2934 potius

175 2953 422 3024 ipsarum
452 2954 649 3009 virium
677 2953 961 3010 evacuatio
996 2953 1065 3008 ad
1111 2952 1429 3009 defectionis
1476 2953 1592 3023 ejus
1627 2951 1770 3020 judi-

174 3047 323 3103 cium
367 3047 715 3116 panderetur.
746 3045 989 3118 Cumque
1016 3056 1307 3116 praesentes
1334 3044 1619 3116 plerosque
1646 3059 1763 3100 cer-

174 3150 337 3197 neret
363 3182 376 3206 ,
410 3142 503 3211 qui
543 3141 617 3196 ei‘
650 3140 961 3210 diligentius
1005 3140 1285 3195 adhaerere
1327 3145 1764 3203 consueverant,

174 3234 334 3305 quasi
384 3232 722 3306 profundiori
773 3241 823 3289 et
863 3233 1054 3289 intimo
1107 3232 1340 3305 singultu
1391 3248 1455 3288 ac
1505 3230 1767 3288 defectiva

1875 2029 2108 2085 ubertim
2137 2027 2315 2083 flebat.
2345 2026 2480 2099 Cum
2518 2044 2657 2083 unus
2699 2043 2763 2085 ex
2800 2028 3156 2088 familiaribus
3204 2034 3460 2104 inquisis~

1873 2129 1957 2177 set
1976 2135 2204 2177 curnam
2248 2118 2445 2175 ﬂeret?
2468 2121 2798 2189 respondens
2817 2120 2894 2176 ait
2916 2135 2931 2175 :
2955 2121 3091 2189 Quia
3112 2123 3451 2180 desiderium

1873 2211 2069 2283 inquit,
2103 2227 2282 2268 meum
2319 2212 2464 2283 quod
2489 2212 2557 2267 de
2583 2211 2704 2268 loco
2732 2213 2836 2269 isto
2856 2213 3174 2284 jamdudum
3203 2217 3452 2288 concepi,

1873 2304 1943 2360 ad
1987 2301 2241 2358 etIectum
2297 2302 2447 2359 nullo
2476 2313 2637 2374 pacto
2687 2304 2984 2374 perducere
3032 2322 3273 2378 possum.
3325 2309 3464 2369 Nam

1872 2395 1992 2451 haec
2027 2393 2244 2464 requies
2287 2409 2407 2450 mea
2433 2434 2450 2461 ,
2476 2394 2567 2451 hic
2592 2396 2869 2452 habitabo.
2913 2396 2972 2453 Si
3012 2399 3230 2469 quidem
3265 2411 3462 2458 caetera
3546 2392 3551 2399 ’

1872 2501 1996 2556 qua:
2037 2485 2426 2541 monachorum
2473 2485 2662 2543 usibus
2713 2496 2837 2558 apta
2886 2488 3177 2554 videntur,
3235 2491 3455 2551 favente

1873 2578 2002 2645 Deo,
2053 2575 2208 2633 facile
2243 2577 2575 2648 prteparavi;
2628 2577 2728 2633 soli
2776 2580 3023 2635 monachi
3067 2581 3305 2646 desunt,
3361 2585 3459 2639 soli

1871 2669 2102 2725 inveniri
2158 2684 2269 2724 non
2314 2678 2562 2738 possunt.
2611 2670 2677 2725 Et
2734 2671 2935 2727 idcirco
2984 2672 3149 2728 veluti
3207 2676 3355 2730 solus
3406 2687 3463 2733 et

1869 2760 2137 2824 orbatus,
2196 2772 2432 2815 πλαξε-ονε
2495 2759 2791 2827 conficior;
2858 2776 3018 2831 spero
3077 2772 3255 2819 tamen
3316 2766 3461 2834 quod

1869 2850 2212 2920 omnipotens
2245 2851 2388 2906 Deus
2408 2892 2425 2916 ,
2463 2851 2681 2922 quando
2724 2852 2774 2907 ei
2807 2852 3101 2922 placuerit,
3129 2855 3456 2911 desiderium

1871 2956 2049 2997 meum
2094 2942 2320 3012 implere
2369 2943 2639 3013 dignetur.
2673 2941 2785 2999 Nec
2816 2944 3056 3010 mirum,
3108 2945 3154 3000 si
3204 2961 3303 3017 ego
3333 2961 3459 3017 pcc-
3544 2974 3547 2979 -

1867 3040 2020 3088 calor
2074 3032 2131 3086 in
2190 3033 2292 3089 hoc
2346 3048 2467 3089 meo
2524 3033 2793 3090 desiderio
2857 3034 3178 3106 prolongor;
3211 3038 3456 3108 quando-

1867 3126 2095 3196 quidem
2158 3140 2263 3181 rex
2317 3125 2485 3181 David
2552 3126 2853 3196 prohibitus
2926 3139 3009 3184 est
3072 3143 3141 3185 ne
3188 3128 3449 3201 templum

1867 3217 2095 3277 Domino
2117 3218 2442 3283 aedificaret,
2474 3234 2595 3273 cum
2642 3227 2822 3274 tamen
2867 3210 2998 3288 ipse'
3023 3219 3169 3289 dedit
3190 3222 3281 3291 qui
3309 3237 3446 3293 opus

176 3326 350 3384 aifatu
377 3343 606 3382 exorsus
632 3336 715 3382 est
741 3325 1086 3396 compellare.
1114 3325 1210 3383 Eia
1228 3367 1242 3393 ,
1276 3324 1519 3381 clientuli
1542 3365 1558 3390 ,
1578 3332 1651 3381 .et
1677 3337 1766 3379 c0-

1874 3308 2000 3365 illud
2026 3317 2150 3380 post
2172 3323 2298 3365 eum
2324 3309 2586 3380 expleret.
2615 3310 2686 3364 Et
2712 3325 2812 3379 ego
2839 3310 2966 3367 licet
2982 3311 3081 3367 hoc
3110 3313 3164 3367 in
3203 3313 3306 3369 hac
3335 3313 3443 3370 vita

172 3416 339 3473 mites
370 3416 682 3472 amabillimi
709 3457 723 3481 ,
754 3431 933 3471 nonne
963 3415 1204 3486 aspicitis
1246 3431 1274 3471 a
1305 3414 1533 3486 pristino
1563 3429 1647 3469 me
1676 3413 1768 3469 de-

172 3511 430 3568 stitutum
486 3510 723 3565 robore?
788 3509 1212 3564 Animadvertite
1271 3506 1589 3562 viciniorem
1648 3522 1768 3562 esse

172 3602 535 3674 depositionis
564 3617 697 3659 mere
736 3611 961 3671 sortem,
990 3619 1099 3676 quo
1129 3598 1383 3676 spiritus,
1411 3600 1640 3660 dUCente
1669 3612 1768 3657 suo

172 3705 406 3750 auctore
436 3735 451 3760 ,
511 3696 871 3751 transferatur
919 3697 985 3751 ad
1043 3696 1369 3752 destinatum
1417 3695 1768 3751 habitationis

173 3784 585 3855 receptaculum
611 3827 626 3849 ,
654 3796 847 3840 natura
894 3785 1175 3857 fragillima
1212 3785 1484 3856 redigatur
1505 3783 1771 3855 inpulve-

172 3891 317 3930 rem.
360 3874 477 3931 Non
533 3876 684 3931 illum
722 3877 999 3933 cruciatus
1046 3876 1283 3944 langoris
1325 3877 1394 3933 ab
1440 3876 1764 3932 abstinentia

169 3966 338 4023 solita
363 3968 603 4023 arcebat.
639 3967 770 4024 Mira
802 3984 921 4025 res:
953 3984 1058 4023 non
1104 3967 1191 4022 illa
1227 3966 1442 4034 saltem,
1468 3983 1589 4038 quae
1615 3974 1768 4023 vote.-

170 4071 342 4111 ranes
384 4056 705 4128 compellere
743 4059 881 4114 solet
920 4057 1277 4125 imbecillitas,
1311 4068 1508 4129 praeter
1540 4071 1767 4115 consue-

170 4158 293 4203 tum
329 4163 554 4215 morem,
586 4151 863 4206 adhaesum
889 4151 1124 4206 animum
1160 4150 1300 4207 illius
1326 4151 1652 4222 persuadere
1674 4165 1767 4219 po-

169 4248 345 4296 terat.
406 4238 671 4295 Nimirum
726 4242 851 4312 quia
914 4241 1111 4297 lenitas
1167 4243 1399 4298 carnalis
1448 4242 1769 4312 nequiverat

169 4330 423 4387 emollire
447 4331 680 4403 rigorem
706 4333 923 4388 mentis.
954 4332 1243 4403 Cumergo
1270 4332 1354 4388 his
1381 4343 1435 4387 et
1459 4331 1763 4401 huiusmodi

171 4421 475 4478 virtutibus
532 4424 712 4478 anima
751 4425 1125 4495 saginaretur,
1178 4424 1422 4494 corporis
1468 4422 1764 4480 efﬁcaciam

168 4516 482 4571 amittebat.
510 4515 617 4571 Sed
649 4516 774 4586 quia
814 4532 872 4572 se
899 4517 951 4571 in
977 4518 1088 4573 suis
1127 4516 1296 4571 oculis
1325 4517 1623 4586 despiciens
1655 4517 1766 4570 vir-

170 4607 387 4662 tutibus
439 4606 714 4662 hominem
769 4608 1045 4664 nesciebat
1074 4625 1088 4661 :
1117 4623 1224 4662 non
1264 4607 1399 4662 satis
1435 4606 1764 4679 intelligebat

167 4698 321 4754 unde
345 4697 448 4753 sibi
483 4698 733 4754 debilitas
760 4699 954 4753 virium
978 4700 1302 4768 irrepsisset.
1337 4697 1454 4753 Jam
1483 4714 1612 4756 vero
1646 4699 1758 4768 spi-

169 4789 353 4845 ritalis
378 4790 554 4846 virtus
577 4832 590 4852 ,
621 4807 740 4861 quae
784 4790 1012 4862 pleniter
1042 4789 1095 4844 in
1123 4807 1188 4846 eo
1231 4799 1574 4847 succreverat
1596 4833 1611 4858 ,
1644 4806 1762 4845 cor-

170 4892 373 4947 poreas
397 4879 543 4934 vires
568 4894 704 4950 pene
731 4879 1112 4934 trucidaverat.
1141 4878 1348 4950 Quippe
1370 4896 1492 4934 cum
1517 4880 1620 4936 iste
1645 4894 1762 4934 mos

171 4981 492 5026 sanctorum
524 4973 610 5040 sit,
645 4972 771 5040 quia
796 4973 969 5027 virtus
993 4973 1170 5028 divina
1202 4974 1381 5029 miutts
1405 4974 1456 5029 in
1480 4974 1559 5030 eis
1583 4970 1759 5026 valida

171 5058 393 5127 fuisset,
442 5062 485 5116 si
531 5076 850 5139 corporeum
902 5063 1065 5118 robur
1104 5079 1210 5118 non
1245 5072 1598 5122 attenuassel.
1628 5061 1765 5117 Hinc

174 5147 368 5176 “an:.n'
402 5150 636 5176 ...ιο-..Που-
692 5149 900 5176 ιιίι-ἶΛ-ηλ
953 5158 1230 5176 ΛΑιιΑυςΑοιίιι
1284 5167 1382 5176 σι-..
1416 5154 1521 5176 4.3--

1569 5150 1763 5176 ..ενι-..ΙΛΑ

1870 3416 1975 3454 non
2016 3400 2249 3467 videam,
2293 3401 2569 3471 praestabit
2603 3409 2784 3457 tamen
2818 3401 3021 3459 Christi
3067 3404 3451 3461 misericordia

1869 3495 2014 3563 quod
2037 3504 2256 3566 exopto,
2278 3494 2497 3565 quando
2523 3493 2573 3550 ei
2603 3493 2886 3564 placuerit.
2921 3495 3093 3552 Velim
3116 3512 3248 3554 sane
3269 3503 3459 3553 noscas

1872 3588 1960 3652 tis,
1994 3588 2123 3657 quia
2151 3589 2403 3644 maceriae
2456 3586 2618 3657 hujus
2648 3588 2841 3643 domus
2870 3588 3184 3660 frequenter
3211 3600 3456 3662 angusta:

1869 3697 2039 3743 erunt
2055 3688 2288 3758 populis,
2309 3685 2401 3757 qui
2438 3684 2505 3741 ad
2535 3698 2656 3742 eam
2697 3683 3013 3741 conventuri
3041 3692 3188 3738 sunt.
3217 3684 3459 3751 Qualiter

1870 3785 2051 3833 autem
2095 3778 2211 3833 hoc.
2248 3777 2543 3841 didicerit,
2575 3776 2797 3831 minime
2827 3775 3102 3830 indicavit.
3147 3774 3241 3831 llis
3277 3782 3455 3829 autem

1868 3870 1960 3942 qui
1992 3872 2096 3927 hoc
2126 3870 2272 3925 illum
2304 3870 2508 3924 dixisse
2539 3876 2739 3922 norunt
2767 3905 2783 3932 ,
2815 3883 2938 3922 cum
2972 3866 3329 3938 frequentiam
3355 3882 3454 3938 po-

1870 3964 2157 4035 pulorum;
2172 3963 2317 4018 sicut
2339 3963 2430 4017 ille
2448 3960 2717 4032 praedixit,
2759 3960 2813 4014 in
2851 3959 3043 4016 eodem
3082 3960 3199 4015 loco
3222 3960 3339 4015 fieri
3371 3960 3453 4013 vi-

1869 4056 2018 4120 dent,
2048 4054 2163 4110 haec
2185 4054 2371 4122 opinio
2403 4052 2626 4107 suborta
2651 4059 2755 4115 est,
2794 4050 2937 4121 quod
2960 4064 3022 4104 ea
3045 4064 3165 4119 qua:
3185 4049 3343 4115 dixit,
3375 4050 3451 4103 di-

1867 4146 2070 4201 vinitus
2104 4146 2430 4216 agnovisset.
2471 4141 2589 4197 Jam
2631 4158 2763 4198 vero
2786 4157 2852 4197 os
2881 4140 2997 4210 ejus
3046 4143 3125 4199 sic
3158 4157 3226 4198 ex
3277 4144 3451 4198 abun-

1869 4238 2054 4294 dantia
2068 4237 2247 4293 cordis
2278 4236 2609 4307 replebatur,
2640 4236 2803 4291 utlcx
2833 4234 3043 4292 Domini
3062 4249 3276 4305 semper
3296 4234 3451 4304 plene
3544 4258 3545 4261 η

1869 4331 1922 4386 in
1951 4344 2019 4386 eo
2056 4335 2352 4384 resonaret.
2379 4327 2669 4396 Caeterum,
2698 4328 2851 4398 juxta
2882 4327 3186 4397 exemplum
3228 4325 3448 4388 praefati

1867 4422 2035 4477 David
2064 4462 2078 4487 ,
2115 4435 2451 4492 quaecunque
2493 4421 2798 4489 necessaria
2826 4419 3025 4476 futuris
3056 4419 3450 4476 habitatoribus

1867 4512 2211 4583 przevidebat,
2242 4522 2297 4567 et
2325 4512 2376 4566 in
2407 4513 2719 4584 pignoribus
2742 4524 3075 4579 sanctorum,
3101 4523 3158 4569 et
3188 4513 3241 4568 in
3267 4511 3443 4569 eccle-

1867 4602 2102 4658 siasticis
2151 4601 2478 4658 utensilibus
2531 4611 2605 4657 et.
2635 4602 3005 4667 indumentis,
3053 4619 3147 4659 seu
3198 4613 3346 4657 certe
3395 4601 3447 4655 in

1866 4707 2117 4763 agrorum
2149 4692 2447 4748 redditibus
2476 4706 2780 4763 praeparare
2808 4693 3038 4746 curavit.

1935 4780 1997 4836 ll.
2025 4780 2096 4835 At
2123 4780 2450 4846 vero,sicut
2476 4781 2760 4849 Scriptura
2801 4781 2970 4843 dicit,
3015 4790 3074 4836 ut
3119 4779 3208 4851 qui
3234 4789 3452 4833 sanctus

1868 4878 1951 4926 est
1971 4912 1986 4938 ,
2015 4871 2390 4928 sanctificetur
2414 4871 2610 4937 adhuc,
2640 4871 2928 4939 oportebat
2954 4872 3095 4927 hunc
3128 4869 3225 4925 Dei
3277 4869 3451 4924 homi-

1870 4977 1993 5018 nem
2024 4972 2150 5018 ante
2174 4963 2380 5019 obitum
2414 4980 2511 5034 per
2534 4959 2812 5032 ﬂagellum
2838 4962 3110 5032 eXspolit'i.
3133 4961 3200 5016 Et
3234 4960 3283 5012 ei
3314 4958 3455 5013 sicut

1864 5055 2025 5112 beato
2079 5053 2180 5111 Job
2216 5056 2448 5125 contigit
2478 5098 2494 5124 ,
2539 5065 2593 5112 et
2628 5051 2823 5105 Tobiae
2850 5094 2865 5118 ,
2916 5053 3168 5123 quoniam
3207 5057 3462 5118 acceptus

2671 5140 2866 5176 llunnn
2893 5158 2987 5176 nun
3029 5151 3229 5176 cenulam
3306 5148 3355 5176 al
3400 5154 3465 5176 on

1862 5155 1976 5176 ιιι-ιιι
2019 5145 2314 5176 οΛηΙηΙῖΛημ
2360 5147 2583 5176 ηειΛΙηι-οἶ
