3964 5360
962 144 999 153 ...-

462 162 560 220 691

1392 220 1399 227 .
1454 164 1512 221 S.
1551 164 1800 227 ODONIS
1836 165 2128 225 ABBATIS
2165 166 2665 229 CLULVIACENSIS
2696 173 2738 229 ll

456 283 540 365 cst
567 273 709 330 ﬁlius
744 274 835 344 qui
864 289 969 330 non
1002 274 1319 365 ﬂagelletur.
1348 275 1415 331 Et
1442 276 1545 333 hoc
1568 286 1687 332 erat
1715 278 1768 334 ei
1800 275 2046 333 consola-
2074 288 2123 348 Α
2150 290 2294 347 sunt,
2323 297 2444 352 quae
2481 286 2858 356 emancipavit.
2892 286 3248 365 Qttampittres
3274 298 3457 346 autem
3485 302 3549 344 ex
3589 290 3718 361 ipsis

458 364 557 429 tio,
587 367 730 436 quod
763 377 1029 434 supernus
1048 363 1213 433 judex
1233 380 1450 421 manum
1479 383 1631 423 suam
1660 367 2043 445 adpl‘eriendmn

460 457 608 513 hunc
633 456 871 521 solverit,
897 465 954 510 et
985 467 1206 526 peccata
1249 458 1365 514 sine
1402 460 1602 529 quibus
1636 460 1723 515 bie
1773 476 1879 516 non
1912 458 2046 514 vivi-

459 554 551 601 tur
580 586 596 611 ,
647 546 702 601 in
749 546 1000 617 przesenti
1056 548 1292 618 puniret.
1332 546 1449 603 Jam
1496 549 1678 621 itaque
1721 551 1788 606 de
1838 548 2048 605 miseri-

458 636 643 691 cordia
690 637 900 692 Domini
952 652 1215 706 securus,
1265 638 1571 695 confidebat
1601 639 1742 710 quod
1798 653 1921 694 eum
1978 636 2048 695 ab

459 736 673 783 aeterno
701 729 928 785 verbere
958 727 1194 786 liberare
1238 729 1570 800 dignaretur,
1604 747 1766 802 quem
1802 731 1857 786 in
1908 745 2048 803 prae-

460 822 601 877 senti
635 822 736 878 sub
759 822 971 894 ﬂagello
999 836 1247 893 premere
1275 821 1531 894 dignatus
1552 823 1642 878 sit.
1675 822 1733 878 Si
1783 822 1913 894 quid
1955 837 2050 877 au-

461 922 573 965 tem
611 912 807 968 studiis
849 911 1138 969 retroactis
1184 911 1384 969 addere
1410 914 1676 985 potuisset
1704 954 1720 980 ,
1751 921 1955 985 quanto
1981 912 2053 968 ab

462 1004 727 1060 exteriori
784 1005 1153 1076 implicatione
1202 1006 1463 1063 caecitatis
1489 1021 1652 1062 causa
1700 1011 2045 1072 cessaverat,
2084 1044 2089 1049 -

465 1092 618 1151 tanto
648 1096 909 1153 attentius
937 1096 1172 1153 orationi
1196 1096 1570 1153 incumbebat.
1616 1095 1682 1150 Et
1707 1111 1816 1167 quo
1862 1094 2047 1150 mundi

464 1189 691 1260 tiguram
725 1190 922 1246 intueri
974 1190 1265 1261 nequibat,
1299 1204 1364 1246 eo
1416 1190 1596 1246 cordis
1625 1189 1691 1244 ad
1724 1202 1911 1244 verum
1964 1187 2047 1241 lu-

463 1291 590 1333 men
617 1280 1092 1352 contemplandum
1141 1281 1340 1336 clarius
1383 1279 1717 1336 intendebat.
1759 1279 1933 1334 Causa
1981 1277 2049 1332 ab

465 1354 830 1434 exterioribus
882 1370 1042 1426 factis
1088 1368 1382 1435 cessabat,
1412 1378 1583 1426 totum
1614 1384 1673 1425 se
1715 1368 1782 1424 ad
1813 1366 2049 1425 studiqu

465 1462 752 1531 orationis,
783 1462 870 1518 vel
899 1462 1272 1519 assiduitatem
1299 1462 1550 1520 lectionis
1580 1462 1904 1535 applicabat.

532 1594 620 1651 lll.
646 1594 874 1651 Biennio
906 1595 1220 1667 priusquam
1250 1597 1466 1664 obiret,
1498 1598 1781 1654 ecclesiam
1813 1597 1940 1653 fecit
1961 1612 2050 1653 so-

463 1687 721 1744 lemniter
764 1689 1025 1746 dedicari.
1067 1689 1126 1745 ln
1159 1690 1427 1746 altaribus
1469 1705 1596 1746 vero
1635 1699 1781 1745 tanta
1824 1690 2047 1763 pignera

2148 388 2337 430 amore
2356 375 2473 444 ejus
2499 378 2768 447 perstricti
2803 379 3105 437 libertatem
3153 392 3485 447 recusantes,
3512 398 3722 453 pennas»

2149 482 2281 522 nere
2326 468 2498 539 magis
2546 469 2598 525 in
2632 472 2892 527 servitute
2936 473 3054 544 ejus
3085 473 3412 530 maluerunt.
3438 474 3557 542 Quo
3584 475 3721 531 facta

2149 557 2416 629 pervideri
2448 569 2643 630 potest,
2674 576 2835 632 quam
2860 561 3017 619 dulce
3042 563 3336 620 dominium
3375 566 3544 621 ineas
3575 581 3723 620 exer-

2150 650 2349 716 cuerit,
2375 650 2810 722 quandoquidem
2841 668 2952 708 sua:
2980 653 3215 711 libertati
3239 657 3558 713 servitutem
3588 657 3727 715 illius

2148 738 2405 811 prmfcrre
2431 740 2758 797 maluerunt.
2796 742 3114 801 Monebatur
3137 758 3315 803 autem
3343 764 3374 803 a
3410 749 3726 825 Quibusdam

2151 831 2284 897 suis,
2316 834 2595 902 quatenus"
2623 833 2689 889 de
2713 833 2936 901 familia,
2984 853 3104 908 qua:
3153 838 3371 895 sibimet
3408 838 3617 894 aﬂatim
3645 855 3731 894 sn-

2151 922 2583 993 perabundabat,
2610 924 2869 996 majorem
2908 924 3300 986 multitudinem
3341 932 3471 1002 jugo
3500 932 3732 987 servitu-

2154 1012 2222 1069 tis
2249 1012 2569 1070 absolveret.
2598 1014 2804 1083 Quibus
2850 1017 2965 1073 ait:
3017 1017 3255 1085 Justum,
3281 1022 3478 1091 inquit,
3528 1031 3637 1087 est,
3677 1033 3732 1076 ut

2152 1103 2237 1159 lex
2268 1104 2554 1161 mundialis
2592 1107 2644 1161 itt
2679 1106 2782 1162 hoc
2817 1109 3160 1176 observetur,
3203 1121 3259 1167 et
3296 1112 3417 1167 ideo
3446 1128 3733 1167 numerum

2154 1196 2207 1251 in
2228 1198 2415 1253 eadem
2439 1198 2554 1269 lege
2599 1200 2960 1271 praestitutum
3002 1205 3350 1275 prmtergredi
3381 1221 3489 1260 nou
3515 1205 3732 1261 debere.

2155 1286 2310 1354 Quod
2341 1288 2409 1341 ad
2463 1290 2566 1345 hoc
2617 1291 2689 1345 sit
2735 1303 3238 1361 commemoratum,
3274 1305 3333 1349 ut
3369 1296 3500 1351 hinc
3561 1307 3735 1367 pateat

2154 1390 2489 1451 quantopere
2540 1380 2741 1438 divinis
2788 1386 3077 1455 prteceptis
3134 1387 3472 1444 adlneserat:
3520 1390 3737 1460 quando

2153 1468 2314 1523 etiam
2344 1468 2605 1542 legalibus
2627 1473 2701 1528 ita
2731 1489 2793 1530 se
2820 1476 3151 1544 submiserit,
3181 1488 3238 1533 et
3265 1480 3544 1536 humanis.

2225 1560 2292 1617 ν.
2321 1562 2561 1620 intrante
2591 1580 2720 1620 vero
2756 1564 2872 1635 jam
2913 1583 3027 1624 sua:
3080 1571 3420 1643 migrationis
3468 1583 3738 1645 tempore,

2080 1645 2125 1704 Β
2152 1654 2468 1711 morabatur
2511 1658 2653 1727 apud
2699 1657 3079 1716 Cezerviacum
3123 1662 3170 1733 (l
3186 1662 3271 1735 li)
3317 1666 3618 1734 quamdam
3662 1668 3737 1721 sui

463 1789 781 1836 sanctorum
824 1782 974 1854 (H5)
1012 1781 1174 1838 insita
1218 1791 1387 1848 sunt,
1424 1791 1484 1837 ut
1528 1742 2049 1838 scientibus’ni’irum

2163 1745 2286 1804 turis
2305 1746 2610 1813 ecclesiam,
2657 1764 2777 1819 qua:
2825 1750 2880 1805 in
2926 1751 3184 1809 honorem
3209 1755 3388 1810 sancti
3414 1757 3585 1811 Cirici
3617 1772 3737 1812 eoo-

464 1870 560 1928 sit.
593 1871 690 1928 His
716 1881 897 1929 autem
934 1874 1027 1944 qui
1052 1873 1195 1930 forte
1228 1888 1259 1928 a
1289 1873 1594 1930 scientibus
1615 1873 1870 1937 audiunt,
1914 1886 2051 1943 pene

463 1962 789 2022 incredibile
811 1966 1083 2024 videatur.
1112 1966 1246 2022 Nam
1290 1968 1344 2022 in
1384 1968 1473 2024 bis
1511 1968 1868 2037 undecunque
1903 1964 2053 2021 colli.

467 2057 661 2129 genuis
692 2066 850 2129 pater
874 2058 963 2115 iile
982 2068 1228 2126 sanctus,
1256 2061 1471 2130 quoties
1512 2074 1633 2116 sese
1670 2057 2053 2130 opportunitas

469 2148 817 2219 praebuisset,
847 2150 1192 2212 omnimodis,
1216 2150 1393 2220 quoad
1427 2150 1585 2216 vixit,
1615 2163 1835 2221 operam
1884 2148 2050 2205 dedit.

466 2241 605 2311 Quae
632 2242 840 2298 scilicet
871 2251 927 2299 et
954 2246 1095 2312 apud
1120 2244 1372 2309 Romam,
1398 2252 1449 2299 et
1474 2242 1676 2314 ubique
1705 2242 1946 2298 locorum
1977 2241 2056 2297 sic

469 2334 805 2405 impetrabat
843 2353 857 2389 :
884 2337 1023 2391 sicut
1051 2335 1302 2390 nimirum
1334 2334 1423 2389 ille
1448 2376 1463 2402 ,
1492 2334 1584 2405 qui
1613 2344 1667 2390 et
1701 2334 1755 2389 in
1784 2346 2053 2397 sermone,

473 2439 533 2485 et
567 2429 714 2485 vultu
769 2438 888 2485 erat
920 2430 1192 2501 gratiosus
1221 2437 1314 2483 :et
1346 2428 1400 2484 in
1423 2428 1616 2484 dandis
1645 2428 1837 2498 pretiis
1880 2425 2057 2481 muni-

470 2520 632 2587 ﬁcus,
662 2530 718 2576 et
745 2522 887 2592 quod
922 2521 1096 2592 majus
1119 2529 1239 2585 est,
1282 2520 1335 2575 in
1368 2519 1421 2575 id
1447 2519 1592 2590 quod
1613 2518 1880 2590 agendum
1914 2523 2054 2582 erat,

471 2612 655 2668 divina
703 2615 875 2684 gratia
909 2612 1099 2669 fretus.
1147 2611 1484 2682 Frequenter
1510 2611 1658 2666 enim
1707 2625 1807 2681 pro
1850 2609 2057 2665 eisdem

469 2703 792 2775 pignoribus
831 2702 1219 2773 impetrandis,
1259 2710 1315 2757 et
1350 2702 1589 2773 pretiosa
1634 2699 1886 2765 tentoria,
1937 2713 2060 2754 nec-

473 2808 584 2849 non
611 2794 956 2865 corpulentos
968 2807 1160 2864 equos,
1184 2801 1240 2848 et
1262 2793 1429 2848 multa
1450 2791 1802 2863 pecuniarum
1823 2789 2058 2860 pondera

472 2893 689 2941 constat
715 2900 840 2940 eum
887 2883 1120 2941 dedisse.
1171 2885 1393 2941 Dentem
1439 2897 1673 2954 namque
1705 2881 1880 2938 sancti
1918 2879 2060 2934 Mar—

457 2974 628 3047 ‘tialis
682 2977 736 3037 in
799 2976 995 3032 dextro
1029 2975 1235 3043 altari,
1289 2991 1411 3031 cum
1459 2974 1706 3045 reliquiis
1759 2970 2056 3029 beatissimi
2087 2997 2133 3060 ρ

478 3066 663 3122 domui
697 3066 934 3133 Martini,
966 3083 1177 3124 necnon
1224 3075 1280 3122 et
1306 3067 1480 3123 sancti
1502 3065 1695 3121 Hilarii
1736 3063 2059 3129 collocavit;

478 3173 641 3228 quem
690 3174 720 3212 a
751 3172 940 3214 sancto
989 3174 1219 3231 corpore
1247 3159 1428 3216 nullus
1466 3175 1535 3215 ex
1586 3157 1935 3231 largitoribus
1961 3197 1977 3221 ,
2031 3170 2062 3211 a

477 3256 669 3304 sancta
696 3248 933 3313 maxilla,
975 3264 1097 3304 cum
1125 3250 1214 3305 diu
1252 3258 1596 3313 conarentur,
1628 3264 1821 3306 eruere
1857 3256 2060 3319 posset,

476 3337 572 3393 ille
608 3341 885 3410 ptmtuissa
911 3342 1157 3396 oratione
1183 3342 1429 3411 protinus
1455 3357 1577 3396 eum
1609 3340 1824 3396 avulsit.
1864 3339 1938 3393 De
1966 3353 2061 3393 eoo

476 3427 605 3483 dem
663 3431 908 3499 profecto
962 3430 1131 3487 altare
1176 3433 1369 3485 mirum
1417 3431 1619 3501 aliquid
1676 3432 1793 3503 ipso
1852 3428 2066 3485 dedica-

479 3520 647 3577 tionis
697 3522 785 3577 die
836 3523 1062 3594 contigit
1125 3523 1410 3579 accidisse.
1478 3523 1704 3590 Quidam
1765 3523 1910 3580 enim
1974 3522 2062 3595 ju-

481 3617 779 3682 venculus,
840 3633 964 3673 cum
1020 3617 1189 3674 turba:
1250 3629 1423 3673 semet
1490 3618 1902 3690 imprimerent,
1956 3616 2065 3687 pal-

459 3702 623 3763 1lium
676 3709 908 3779 desuper
961 3709 1119 3775 tulit,
1174 3719 1236 3765 ιιι
1284 3709 1430 3764 illum
1481 3711 1728 3764 tntuistro
1780 3707 2062 3771 redderet,

480 3814 608 3853 eum
637 3800 853 3870 quidam
891 3799 939 3856 ei
980 3800 1231 3855 dicerent
1249 3801 1685 3865 circumstantes,
1720 3814 1786 3854 ne
1833 3799 1883 3853 id
1927 3812 2061 3867 pm

483 3901 747 3947 sumeret.
781 3892 889 3948 Sed
917 3892 1173 3962 quoniam
1206 3893 1294 3951 ille
1326 3892 1514 3948 tollere
1560 3905 1666 3947 non
1699 3890 1868 3955 misit,
1901 3890 2067 3961 proti-

484 3995 589 4035 nus
623 3980 925 4035 vehementi
956 3982 1204 4051 angustia
1230 3982 1659 4051 comprehensus
1683 3990 1789 4045 est,
1808 3995 1874 4035 ac
1893 3979 2067 4050 primo

484 4087 679 4128 manus
724 4073 842 4143 ejus
880 4073 1168 4129 excoriatte
1212 4082 1357 4128 sunt.
1405 4073 1556 4127 'l‘une
1612 4072 1868 4143 paulatim
1909 4086 2069 4127 omne

464 4146 685 4235 corpus
714 4165 850 4234 pelle
873 4166 1154 4230 nudatum,
1187 4175 1248 4221 ut
1292 4164 1379 4219 vix
1410 4173 1532 4234 post
1561 4178 1654 4219 sex
1705 4161 2068 4218 hebdomadas

480 4260 862 4318 convalescere
896 4270 1095 4331 posset.
1138 4262 1362 4325 Locum,
1404 4260 1543 4314 sicut
1569 4257 1699 4314 olim
1731 4258 2065 4320 decreverat,

481 4354 874 4408 monachorum
923 4354 1112 4407 ditioni
1161 4352 1449 4423 delegavit,
1511 4351 1599 4406 ttbi
1651 4359 1826 4404 tamen
1875 4348 2071 4403 deltiuc
2102 4372 2149 4430 ι)

480 4458 674 4513 parum
695 4442 1095 4497 demorabatur.

555 4581 648 4638 IV.
685 4580 873 4652 Spatio
910 4597 1017 4652 quo
1066 4582 1382 4652 supervixit,
1433 4594 1774 4650 summopere
1813 4590 2070 4646 procura-

486 4673 588 4740 vit,
619 4681 678 4726 ut
707 4688 897 4728 omnes
927 4673 990 4727 ad
1040 4687 1098 4727 se
1125 4672 1459 4743 pertinentes
1498 4673 1550 4726 iu
1577 4684 1709 4741 pace
1754 4667 2073 4728 dimitteret,

484 4777 554 4818 ne
579 4762 717 4818 forte
746 4763 855 4820 litis
899 4760 1115 4819 Occasio
1164 4775 1344 4834 posset
1372 4764 1514 4819 inter
1560 4776 1654 4817 eos
1688 4760 1839 4815 oriri.
1866 4756 2074 4812 Praedia

486 4854 575 4911 vel
601 4857 888 4928 mancipia,
917 4874 1035 4927 quae
1058 4857 1215 4912 beato
1248 4856 1409 4912 Petro
1445 4871 1549 4910 non
1603 4852 1965 4921 delegaverat,
1996 4846 2078 4901 in—

484 4953 573 5004 ter
613 4949 875 5017 quosdam
907 4947 1239 5018 propinquos
1268 4963 1331 5002 ac
1362 4944 1581 5007 milites.
1613 4942 1696 4998 vel
1741 4949 1889 4996 certe
1912 4936 2080 4995 servi-

488 5035 701 5091 toribus
747 5037 968 5091 dimisit.
1027 5035 1307 5092 Nonnullis
1375 5045 1552 5089 tamen
1598 5050 1663 5091 eo
1693 5042 1881 5086 tenore
1909 5070 1923 5094 ,
1973 5040 2081 5098 quo

486 5131 779 5195 postquam
801 5126 1057 5189 obisseul,
1091 5126 1157 5181 ad
1183 5125 1524 5180 Aureliacutn
1547 5132 1763 5192 accepta
1792 5119 2077 5175 redissent.

493 5214 721 5271 Centum
751 5234 818 5272 ex
844 5218 1131 5287 mancipiis
1159 5225 1367 5271 tantum
1412 5216 1660 5270 libertate
1691 5221 1818 5268 tunc
1840 5209 2079 5265 donavit.

492 5301 629 5360 Nam
678 5307 812 5360 alias
844 5308 1073 5360 diversis
1125 5308 1256 5360 locis
1297 5322 1360 5360 ae
1418 5305 1750 5360 temporibus
1797 5303 2078 5356 innumera

2152 1848 2364 1895 secrata
2400 1848 2507 1895 est.
2563 1840 2711 1896 Cum‘
2739 1842 2956 1912 quidem
3003 1844 3125 1915 plus
3177 1848 3338 1904 solito
3383 1861 3743 1920 compunctus

2151 1928 2474 2000 profundius
2505 1932 2837 2002 suspirabat,
2879 1934 2952 1990 ita
2975 1947 3027 1990 ut
3074 1938 3207 1993 satis
3229 1949 3442 2008 pateret
3476 1941 3630 2011 quod
3659 1943 3742 1998 de-

2151 2020 2412 2077 siderium
2437 2023 2618 2079 cordis
2644 2024 2764 2095 ejus
2787 2025 2894 2083 alio
2915 2027 3179 2097 tenderet,
3207 2031 3743 2104 consolationequ

2154 2111 2207 2166 in
2239 2115 2495 2184 praesenti
2540 2133 2879 2189 nequaquam
2911 2121 3154 2177 haberet.
3178 2106 3331 2180 inter
3353 2127 3596 2197 suspiria
3622 2143 3743 2183 vero

2154 2201 2410 2275 lacrymis
2438 2204 2864 2273 suliundebatur,
2888 2218 2944 2265 et
2970 2212 3169 2267 erectis
3196 2214 3248 2267 in
3280 2214 3483 2270 omium
3515 2216 3743 2273 subinde

2154 2291 2357 2350 visibus
2380 2297 2593 2363 orabat,
2622 2307 2682 2352 ut
2708 2299 2777 2353 ab
2806 2297 2907 2354 hoc
2948 2301 3144 2358 seculo
3169 2303 3524 2372 liberaretur,
3550 2308 3742 2377 saepius

2156 2393 2409 2454 repetens
2448 2395 2609 2457 atque
2657 2388 2872 2446 dicens:
2908 2390 3208 2459 Subvenite,
3237 2396 3411 2450 sancti
3432 2382 3580 2451 ‘Dei.
3640 2397 3744 2455 Hoc

2156 2488 2390 2545 namque
2422 2477 2645 2532 verbum
2675 2482 2999 2550 semper‘ori
3045 2484 3162 2554 ejus
3203 2483 3474 2541 familiare
3528 2486 3739 2542 fuerat.

2157 2562 2262 2619 boc
2310 2564 2377 2619 ad
2410 2574 2659 2620 eventum
2711 2568 2996 2637 cujuslibet
3029 2573 3190 2629 subiti
3238 2590 3399 2630 casus
3447 2576 3745 2634 inclamare

2157 2650 2382 2735 solebat.
2425 2653 2543 2711 Non
2595 2657 2822 2713 multum
2865 2676 2994 2717 vero
3020 2672 3142 2732 post
3183 2665 3367 2720 vitalis
3397 2666 3556 2737 vigor
3584 2669 3745 2739 erepit

2157 2759 2375 2815 spasmo
2424 2748 2659 2817 quodam
2716 2750 3074 2821 intabescere,
3128 2767 3455 2828 artuumque
3500 2761 3652 2816 vires
3689 2777 3745 2816 ac

2160 2836 2324 2892 totius
2352 2840 2594 2908 corporis
2623 2840 2905 2898 harmonia
2934 2846 3192 2915 paulatim
3236 2848 3481 2905 dissolvi.
3511 2850 3744 2907 Dissolu.

2160 2925 2364 2982 tionem
2396 2927 2559 2999 igitur
2577 2929 2657 2985 sui
2673 2930 2784 2999 jam
2807 2932 3014 2989 instare
3037 2952 3369 3007 cognoscens
3392 2941 3745 2998 Amblardum

2166 3019 2477 3090 episcopum
2527 3021 2673 3093 (H5)
2710 3023 2865 3094 jubet
2897 3029 3144 3094 evocari,
3189 3040 3249 3084 ut
3289 3032 3409 3101 ejus
3462 3035 3744 3089 transitum

2165 3110 2279 3167 'suis
2308 3111 2644 3167 orationibus
2674 3116 2934 3184 muniret,
2960 3134 3229 3192 ovemque
3256 3125 3503 3192 paradisi
3553 3142 3745 3197 pascua

2166 3210 2518 3273 repetentem,
2554 3205 2759 3273 pastori
2788 3208 3027 3263 omnium
3076 3209 3297 3267 Christo
3334 3224 3533 3282 pastor
3573 3216 3742 3271 consi-

2166 3301 2372 3363 gnaret.
2402 3293 2619 3349 interim
2660 3310 2789 3353 vero
2824 3308 3017 3355 cuncta
3049 3318 3169 3377 qua;
3215 3302 3298 3362 vel
3331 3303 3546 3366 funeris
3562 3322 3743 3377 eam,

2165 3382 2249 3438 vel
2289 3386 2679 3444 remanentium
2710 3393 3006 3450 necessitas
3053 3398 3414 3467 poposcisset,
3468 3417 3608 3455 sano
3636 3417 3746 3456 sen-

2165 3491 2249 3545 su,
2297 3489 2347 3534 et
2405 3480 2613 3552 integra
2668 3487 2929 3541 memoria
2963 3487 3221 3560 disponit.
3265 3490 3402 3547 Cum
3460 3495 3644 3550 subito
3667 3509 3747 3548 ve-

2167 3566 2253 3623 lox
2325 3569 2466 3623 fama
2540 3586 2806 3629 rumorem
2890 3577 3312 3650 circumquaque
3378 3582 3744 3653 disparserat,

2168 3658 2309 3729 quod
2360 3661 2442 3715 vir
2493 3659 2706 3717 Domini
2753 3662 3017 3723 Geraldus
3065 3669 3131 3724 ad
3188 3671 3483 3727 transitum
3538 3675 3748 3745 propin—

2167 3760 2399 3822 quaret,
2475 3752 2901 3815 accucurrerunt
2966 3776 3156 3817 omnes
3227 3764 3393 3820 veluti
3471 3782 3749 3821 commune

2169 3842 2508 3913 dispendium
2566 3845 2853 3918 lugentes,
2926 3851 3248 3909 clericorum
3329 3870 3396 3910 ac
3455 3857 3748 3913 monacho-

2170 3949 2287 3988 rum
2321 3934 2488 3990 turba:
2541 3938 2810 3997 nobilibus
2849 3943 2980 3999 viris
3023 3947 3290 4012 admistze,
3334 3957 3578 4005 caterva:
3624 3966 3745 4021 pau-

2169 4038 2377 4095 perum,
2409 4036 2464 4082 et
2508 4030 2828 4100 pagensium
2856 4033 3060 4104 plebes,
3106 4035 3415 4110 lugentibus
3470 4040 3597 4097 istis
3624 4041 3745 4095 alio-

2170 4133 2290 4173 rum
2334 4118 2488 4176 ﬂetus
2551 4121 2935 4181 incitabantur.
2991 4127 3136 4185 lnter
3198 4129 3470 4204 singultus
3523 4149 3655 4189 vero
3700 4142 3747 4186 et

2169 4208 2437 4280 lacrymas
2467 4225 2833 4285 erumpentes,
2880 4221 3033 4290 quasi
3101 4222 3501 4291 querimoniam
3560 4224 3748 4279 facien—

2175 4308 2290 4364 tes;
2326 4304 2700 4375 unusquisque
2748 4308 2815 4362 de
2837 4308 2955 4378 ejus
2998 4310 3222 4381 pietate,
3269 4313 3337 4368 de
3377 4314 3749 4379 cbaritate,de

2178 4409 2309 4449 cura
2350 4409 2672 4467 pauperum,
2704 4401 2772 4456 de
2817 4403 3044 4461 tuitione
3084 4405 3489 4477 impotentium,
3533 4407 3747 4477 plango-

2176 4483 2252 4539 ris
2273 4499 2435 4541 voces
2461 4486 2888 4559 ingeminabant.
2918 4493 3132 4552 Flentes
3158 4495 3323 4567 igitur
3343 4496 3434 4552 isti
3462 4497 3747 4553 dicebant:

2176 4574 2223 4630 Ο
2283 4577 2442 4646 quale
2492 4579 2745 4638 solatium
2800 4587 3033 4643 mundus
3089 4588 3327 4643 amittit!
3378 4588 3459 4643 llli
3510 4605 3666 4645 vem:
3711 4586 3749 4643 0

2178 4665 2432 4735 Geralde,
2485 4671 2576 4740 qui
2628 4675 2820 4731 merito
2849 4676 3020 4735 bonus
3046 4680 3278 4746 vocaris,
3336 4681 3462 4750 quis
3491 4681 3609 4752 jam
3634 4680 3746 4743 erit,

2178 4756 2321 4813 sicut
2361 4769 2439 4826 tu,
2499 4772 2831 4823 sustentatur
2889 4768 3282 4841 indigentium?
3329 4770 3465 4838 Quis
3512 4772 3739 4826 nutritor

2177 4847 2501 4915 pupillorum
2532 4892 2545 4917 ,
2590 4854 2672 4908 vel
2717 4856 2970 4914 defensor
3024 4860 3354 4916 viduarum?
3403 4862 3530 4930 quis
3576 4862 3748 4917 dolen-

2170 4935 2311 5023 tium
2359 4941 2705 4999 consolator?
2760 4947 2921 5004 Certe
2971 4952 3109 5020 quis.r
3145 4952 3402 5023 potentiae
3467 4962 3573 5009 tua:
3642 4951 3748 5007 cul-

2177 5043 2300 5083 men
2379 5032 2452 5086 ita
2502 5040 2828 5107 pauperibus
2884 5042 3197 5099 inclinabit?
3265 5042 3361 5098 Vel
3423 5045 3568 5113 quis,
3620 5044 3746 5100 sicut

2178 5124 2264 5181 tu,
2323 5119 2655 5193 singulorum
2721 5132 3073 5188 necessitates
3100 5133 3412 5203 perpendet,
3451 5143 3548 5188 aut
3595 5146 3747 5203 expe-

2178 5208 2320 5264 dict?
2359 5213 2823 5289 lndulgenlissime
2871 5235 3055 5294 pater,
3086 5241 3245 5295 quam
3276 5224 3509 5280 blandus
3532 5266 3549 5288 ν
3594 5236 3746 5293 (imm

2176 5306 2357 5360 suaVis
2432 5326 2645 5360 setmmr
2713 5314 2890 5360 fniclil
2951 5317 3276 5360 Cunnlnrnm
3328 5316 3564 5360 gratiam
3622 5316 3749 5360 Itan-
