3964 5360
203 268 310 334 693

928 276 1017 335 nr:
1061 276 1218 336 vm
1256 274 1314 335 s.
1358 273 1660 333 GERALM
1701 237 1980 333 centris
2016 272 2371 332 AUltlldAC.
2400 271 2470 321 .L.
2506 274 2635 332 ua.
2677 272 2763 331 Ill.

3366 268 3475 332 694

202 393 405 458 riebas,
442 393 746 464 ignotorum
776 382 941 450 etiam
992 393 1219 450 affectus
1257 392 1402 449 fama
1435 403 1596 449 tanta:
1635 392 1790 447 boni-
1816 398 1863 456 Α
1893 390 2058 446 etiam
2083 392 2250 446 horas
2274 390 2378 445 diei
2405 391 2718 459 compleret.
2744 387 2881 443 Tum
2910 402 3039 442 vero
3062 384 3475 457 completorium

201 488 332 543 tatis
366 489 435 544 ad
463 501 515 546 te
541 498 805 546 traxeras.
832 488 959 545 Haec
974 498 1028 545 et
1057 488 1385 559 huiusmodi,
1404 503 1524 559 qua:
1545 488 1791 543 dolorum

200 578 288 633 vis
338 578 483 634 inter
511 578 778 651 singultus
816 594 1150 652 exaggerare
1197 578 1354 645 solet,
1388 578 1791 634 tam-luctuosis

201 670 516 744 planctibus
543 672 909 739 inundabant,
965 680 1026 727 ut
1060 680 1281 744 putares
1309 670 1451 742 quod
1481 671 1589 726 illa:
1614 669 1792 742 lacry-

200 780 307 821 mze
344 780 621 836 nunquam
644 774 866 836 possent
890 779 1126 821 cessare.
1171 764 1248 820 lta
1285 779 1384 836 per
1410 761 1649 836 singulos
1674 764 1791 819 dies

202 857 488 927 agebatur,
515 855 689 911 donec
728 857 795 912 ad
822 856 997 926 ipsum
1027 853 1328 911 vocationis
1348 854 1466 927 eius
1496 853 1786 908 terminum

198 946 501 1003 veniretur.
549 947 620 1002 At
657 962 785 1002 vero
832 946 921 1003 ille
968 962 1175 1002 ntorem
1218 961 1398 1010 suum,
1446 959 1548 1001 nec
1591 944 1645 999 in
1682 942 1788 1001 fine

195 1045 416 1107 poterat
464 1037 737 1102 deserere,
771 1037 901 1108 quin
933 1037 1163 1109 singulis
1190 1038 1436 1108 accipere
1482 1035 1787 1094 volentibus

192 1142 360 1183 omne
397 1128 724 1198 stipendium
774 1128 889 1183 dari
910 1127 1146 1199 iuberet.

272 1218 357 1274 Vl.
402 1216 542 1275 Vere
581 1220 803 1275 beatum
852 1228 907 1274 et
965 1220 1178 1276 felicem
1224 1219 1477 1284 dixerim,
1523 1220 1615 1291 qui
1662 1218 1786 1275 talis

188 1310 317 1376 fuit,
347 1319 408 1366 ut
433 1311 755 1367 charitatcm
777 1313 893 1367 suis
939 1312 1195 1384 Operibus
1246 1312 1482 1367 debitam
1503 1326 1624 1383 .non
1659 1310 1783 1367 reli-

188 1405 380 1475 querit
413 1404 468 1459 in
498 1406 679 1469 terris,
717 1414 774 1460 et
806 1405 859 1461 in
894 1406 1163 1462 charitate
1188 1412 1501 1459 sanctorum
1534 1414 1785 1474 receptus

156 1498 267 1554 'sit
312 1497 369 1554 in
416 1498 587 1555 caelis.
626 1497 762 1554 Vere
797 1497 949 1567 felix,
977 1500 1067 1570 qui
1117 1499 1242 1555 licet
1269 1499 1510 1569 potentia
1538 1497 1781 1554 saeculari

188 1586 447 1643 sublimis
473 1598 642 1655 esset,
657 1589 861 1646 nullum
885 1598 1063 1645 tamen
1081 1590 1240 1657 laesit,
1266 1589 1469 1645 nullum
1487 1589 1778 1661 oppressit,

186 1692 296 1733 nec
329 1677 526 1749 aliquis
549 1679 632 1735 vel
663 1694 885 1751 parvam
926 1680 1203 1751 querelam
1234 1680 1494 1737 adversus
1537 1697 1659 1736 eum
1695 1693 1782 1735 re-

1897 484 2113 548 liniens,
2142 483 2297 554 signo
2326 498 2386 537 se
2409 492 2613 537 sanctae
2638 480 2816 536 crucis
2839 477 3095 544 armavit,
3113 486 3169 536 et
3198 476 3476 548 subiunxit

1895 578 2022 633 illud
2049 577 2271 631 verbum
2302 576 2445 645 quod
2474 571 2523 631 ei
2556 587 2769 644 semper
2799 572 3066 628 familiare
3089 571 3213 636 fuit,
3237 572 3425 643 dicens
3453 582 3470 626 ι

1891 669 2188 735 Subvenite,
2218 670 2387 723 sancti
2416 667 2534 721 Dei.
2563 666 2677 722 Hoc
2706 666 2762 721 in
2792 665 2981 721 ultimo
3011 664 3243 728 locutus,
3284 661 3473 719 oculos

1892 773 2080 819 tacens
2107 758 2321 815 clausit.
2352 755 2609 812 Videntes
2630 770 2762 812 vero
2799 754 2891 824 qui
2939 755 3189 818 aderant,
3216 751 3362 821 quod
3393 751 3471 806 lo«

1889 854 1981 928 qui
2025 859 2285 916 cessaret,
2335 849 2648 920 episcopum
2693 847 3044 901 advocarent.
3093 841 3241 915 (116)
3268 841 3471 897 Sancta

1890 959 2103 1019 quoque
2131 943 2372 999 membra
2403 940 2632 995 illiusin
2662 938 2839 993 cilicio
2866 943 3186 1010 posuerunt,
3224 934 3469 991 caeteris-

1888 1055 1994 1112 que
2015 1053 2114 1111 pro
2154 1037 2303 1092 exitu
2352 1032 2709 1105 psallentibus
2748 1031 2970 1102 quidam
2999 1029 3067 1084 de
3096 1027 3471 1084 sacerdotibus

1887 1133 2104 1189 missam
2156 1126 2403 1183 concitus
2442 1122 2783 1186 celebravit,
2850 1128 3012 1190 atque
3056 1124 3466 1177 sacrosanctum

1887 1222 2204 1296 mysterium
2231 1217 2445 1277 attulit.
2470 1217 2605 1273 Cum
2634 1229 2765 1269 vero
2795 1212 3013 1284 quidam
3055 1211 3294 1267 dicerent
3326 1207 3470 1278 quod

1880 1317 1994 1389 iam
2035 1311 2395 1374 discessisset,
2428 1308 2518 1363 ille
2546 1322 2766 1363 sensum
2792 1304 2970 1359 adhuc
2995 1303 3256 1365 retinens,
3287 1297 3472 1353 oculos

1886 1408 2114 1482 aperuit,
2142 1414 2197 1462 et
2225 1405 2327 1460 hoc
2355 1400 2563 1471 iudicio
2586 1399 2820 1455 nondum
2850 1410 2910 1451 se
2948 1394 3281 1453 discessisse.
3317 1406 3472 1444 ruon-

1885 1504 2097 1561 stravit.
2129 1499 2266 1554 Tum
2317 1509 2447 1551 vero
2484 1492 2823 1549 Dominicum
2868 1501 3068 1557 corpus
3092 1484 3237 1554 quod
3280 1495 3472 1551 exspe-

1885 1590 2090 1656 ctabat,
2124 1602 2221 1643 sua
2250 1593 2442 1656 sponte
2472 1580 2729 1652 suscepit,
2756 1587 2812 1632 et
2834 1578 2906 1632 ita
2933 1576 3062 1630 felix
3097 1574 3188 1627 illa
3207 1571 3388 1626 anima
3401 1568 3469 1627 ad

1886 1682 2055 1741 oculos
2086 1679 2362 1750 migravit.
2407 1678 2474 1732 Et
2502 1675 2649 1730 velut
2689 1675 2807 1744 ipso
2836 1670 3094 1737 feriarum
3132 1680 3362 1723 numero
3384 1662 3470 1720 sui

182 1767 468 1824 clamavit.
505 1768 639 1825 Nam
683 1771 727 1826 si
760 1770 1061 1827 Natbanael
1100 1788 1231 1828 vere
1258 1772 1505 1829 Israelita
1530 1782 1775 1840 vocatur,
1809 1759 1856 1819 Β
1883 1789 2109 1833 causam
2138 1772 2443 1836 insinuans,
2479 1769 2678 1823 bonum
2711 1779 2869 1835 opus,
2907 1762 3047 1840 quod
3085 1760 3153 1815 ad
3192 1757 3468 1814 senarium

181 1875 254 1914 eo
282 1860 429 1931 quod
458 1859 614 1918 dolus
639 1862 693 1918 in
718 1878 783 1919 eo
810 1878 916 1920 non
945 1863 1130 1931 fuerit,
1154 1863 1279 1934 iure
1306 1874 1362 1920 et
1396 1867 1539 1923 hunc
1568 1865 1778 1923 Israeli-

183 1962 301 2006 tam
332 1952 585 2021 dixerim,
631 1970 792 2026 quem
832 1956 981 2012 auris
1004 1956 1233 2013 audiens
1257 1956 1550 2025 beatiﬁcat,
1587 1967 1642 2015 et
1665 1958 1776 2028 cui,

180 2042 255 2097 ad
287 2044 597 2117 exemplum
624 2048 767 2103 beati
794 2047 917 2115 Job,
956 2048 1143 2105 oculus
1184 2050 1374 2107 videns
1408 2050 1775 2106 testimonium

180 2135 388 2191 reddit.
440 2136 575 2193 Cum
606 2138 773 2208 igitur
819 2156 1011 2197 omnes
1056 2156 1163 2196 una
1204 2128 1473 2211 lugerent,
1504 2141 1649 2199 solus
1688 2141 1777 2198 ille

181 2229 469 2297 perstabat
510 2228 870 2288 laetabundus.
916 2233 1123 2305 Quippe
1179 2235 1271 2305 qui
1316 2242 1582 2302 noverat,
1633 2236 1776 2305 quod

176 2319 536 2388 sperantibus
583 2321 639 2377 in
680 2320 911 2378 Domino
952 2325 1288 2380 meridianus
1311 2325 1487 2397 fulgor
1508 2326 1561 2382 in
1592 2342 1778 2399 vespe-

178 2425 307 2464 rum
346 2421 659 2483 consurget,
713 2424 768 2470 et
821 2415 949 2470 dum
983 2417 1193 2473 dederit
1229 2418 1311 2473 eis
1357 2434 1630 2485 somnum,
1659 2420 1776 2476 haec

175 2509 266 2559 est
292 2504 603 2562 luereditas.
635 2506 895 2574 Qudmvis
922 2526 1051 2581 ergo
1072 2525 1170 2581 pro
1203 2512 1419 2567 mortali
1464 2513 1775 2570 conditione

172 2600 318 2651 caro
342 2594 480 2652 forte
510 2598 748 2665 timeret,
781 2608 958 2656 tamen
989 2602 1211 2672 spiritus
1246 2605 1297 2656 in
1332 2613 1551 2675 aSpectu
1590 2603 1775 2677 gloria:

174 2687 396 2745 deﬁxus
421 2690 747 2758 exsultabat,
781 2703 966 2765 utpote
1018 2694 1110 2763 qui
1160 2710 1309 2765 spent
1350 2696 1440 2751 diu
1492 2696 1773 2752 desidera-

175 2787 297 2833 tam
337 2793 397 2834 se
434 2780 548 2851 iam
602 2781 656 2836 in
710 2797 769 2837 re
824 2784 1105 2855 percipere
1166 2785 1487 2841 confidebat.
1534 2787 1689 2853 Nam,
1716 2796 1775 2841 ut

170 2870 448 2942 scriptum
474 2880 574 2934 cst,
609 2873 734 2943 quia
759 2874 938 2945 iustus
964 2876 1019 2930 in
1054 2885 1229 2931 morte
1255 2892 1352 2931 sua
1405 2878 1648 2941 conlidit,
1679 2894 1772 2948 pu-

142 2967 329 3016 tares
361 2961 510 3017 illum
564 2963 617 3019 in
671 2965 859 3020 eadem
897 2981 991 3036 spe
1039 2966 1334 3032 confixum,
1363 2977 1417 3024 et
1466 2968 1773 3025 nullatenus

173 3059 417 3107 mortem
465 3053 684 3108 timere.
716 3054 1081 3113 Lmtabundus
1112 3042 1293 3129 itaque
1316 3059 1619 3126 videbatur,
1642 3075 1769 3116 cum

171 3158 284 3199 nec
314 3142 533 3214 quidem
560 3160 749 3216 parum
795 3146 998 3217 aliquid
1026 3120 1315 3214 fateretur,
1349 3149 1406 3203 in
1433 3164 1541 3220 quo
1572 3120 1771 3222 pavere
1799 3120 1845 3185 ο

170 3247 242 3287 se
286 3234 375 3288 vel
426 3235 665 3290 tenuiter
699 3235 1125 3293 demonstraret.
1173 3238 1279 3293 Per
1318 3254 1481 3295 omne
1508 3256 1638 3297 vero
1686 3242 1771 3297 sui

173 3322 423 3394 tangeris
466 3333 698 3395 tempus,
759 3326 832 3381 ita
882 3327 1195 3383 futisccntes
1238 3328 1305 3382 ad
1334 3329 1573 3384 divinum
1614 3330 1776 3387 obse-

168 3414 368 3483 quium
422 3415 731 3486 impellebat
755 3428 929 3485 artus,
986 3428 1170 3474 utnec
1197 3435 1364 3475 unum
1413 3420 1629 3490 quidem
1671 3437 1771 3478 ηοω

169 3504 428 3559 cturnale
447 3504 705 3572 ollicium,
723 3508 825 3563 nisi
852 3509 904 3562 in
929 3508 1159 3564 ecclesia
1176 3518 1456 3579 pateretur
1469 3511 1767 3577 celebrare;

170 3594 408 3648 missam
452 3584 585 3650 vero
634 3612 796 3652 unam
832 3598 938 3653 diei
981 3609 1404 3669 competentem,
1448 3607 1505 3654 et
1542 3599 1769 3655 alteram

165 3700 282 3757 pro
310 3687 581 3744 defunctis
631 3704 814 3745 coram
863 3690 1022 3745 altari
1069 3690 1281 3761 positus
1334 3692 1566 3747 audiret.
1620 3692 1772 3748 Sane

167 3794 304 3835 cum
344 3781 606 3837 membris
627 3780 740 3851 iam
771 3783 932 3839 nimis
965 3785 1648 3856 rigeseentibusdressutn
1674 3802 1772 3856 per

166 3888 235 3929 se
255 3888 361 3929 nec
385 3883 720 3931 sustentatus
750 3876 965 3946 quidem
992 3876 1243 3948 progredi
1280 3878 1565 3947 potuisset,
1593 3877 1769 3933 adhuc

171 3972 365 4020 tamen
395 3966 617 4037 spiritus
645 3967 697 4022 itt
726 3964 809 4023 s'ui
859 3968 1072 4023 fervore
1101 3970 1401 4039 perdurans
1428 3969 1679 4040 cogebat,
1711 3977 1771 4023 ut

169 4057 563 4126 corpusculum
608 4060 858 4115 manibus
887 4060 1192 4132 baiulorum
1224 4070 1537 4129 portaretur
1561 4061 1615 4116 in
1645 4076 1771 4116 ora-

168 4148 379 4204 torium
408 4164 423 4203 :
448 4150 727 4218 nimirum,
760 4159 818 4206 ut
843 4152 967 4207 boni
1013 4154 1193 4223 operis
1225 4138 1463 4208 tunicam
1497 4167 1669 4223 usque
1698 4152 1769 4207 ad

170 4240 350 4296 talum
396 4243 716 4311 extendens,
767 4243 987 4300 virtutis
1017 4260 1128 4301 suae
1159 4245 1371 4300 laudern
1396 4245 1450 4301 in
1495 4244 1602 4301 line
1629 4246 1770 4302 ceci-

166 4333 368 4388 uisset.

1880 1871 2138 1943 pertinet,
2162 1867 2303 1923 bene
2321 1875 2749 1923 consummasse,
2771 1867 2826 1913 et
2850 1858 2918 1912 ad
2939 1835 3123 1911 νένιιιιι
3148 1852 3468 1943 Sabbatutn,

1878 1940 2025 2037 quod
2053 1968 2137 2018 est
2169 1958 2406 2031 requies,
2445 1970 2504 2011 se
2562 1951 2977 2022 transmigrasse
3021 1943 3374 2037 monstravit.
3402 1940 3472 1995 Et

1880 2033 2219 2127 ille'quidem
2248 2050 2390 2121 quod
2438 2047 2719 2118 cupiebat.
2747 2054 2807 2097 ut
2828 2041 3121 2100 credimus,
3146 2035 3256 2105 iam
3281 2033 3437 2127 videt
3450 2046 3479 2097 ς’

1882 2122 2036 2218 quod
2077 2141 2317 2214 speravit
2358 2139 2472 2208 iam
2525 2144 2694 2192 tenet.
2724 2132 2904 2188 Multis
2939 2139 3118 2185 tamen
3156 2141 3263 2182 non
3292 2122 3469 2180 modi-

1879 2252 2004 2295 cum
2039 2234 2283 2290 dolorem
2314 2228 2625 2299 dereliquit.
2650 2226 2786 2291 Nam
2814 2224 2945 2279 licet
2964 2222 3079 2292 ipse
3100 2228 3313 2275 mror
3335 2229 3469 2287 qua-

1881 2331 2002 2387 dam
2033 2324 2317 2383 dulcedine
2358 2334 2639 2392 respersus
2659 2323 2828 2379 esset,
2860 2329 2961 2385 pro
2980 2322 3054 2369 'eo
3074 2310 3216 2382 quod
3241 2308 3481 2370 scirent,

1878 2420 2004 2492 quia
2053 2416 2177 2472 talis
2207 2414 2328 2477 fuit,
2379 2420 2438 2466 ut
2481 2411 2549 2465 de
2572 2409 2664 2463 ille
2695 2406 2870 2477 magis
2910 2402 3276 2492 gaudendum,
3304 2410 3469 2492 quam

1881 2488 2207 2580 lugendum;
2240 2504 2477 2559 clamore
2507 2511 2690 2555 tatnen
2714 2495 2920 2569 ingenti
2948 2491 3299 2565 plangebant,
3322 2488 3471 2580 quod

1878 2579 1995 2672 eius
2017 2594 2377 2654 contubernio
2404 2592 2770 2664 privarentur,
2809 2585 2966 2656 cuius
2996 2582 3232 2639 similem
3257 2579 3481 2647 vultum»

1881 2711 1985 2748 nun
2012 2705 2069 2746 se
2107 2690 2292 2745 videre
2320 2681 2741 2757 sperarentJlli
2772 2676 3131 2735 humanitatis
3160 2688 3328 2731 causa
3369 2674 3468 2728 tri-

1878 2787 2182 2848 stabantur,
2207 2780 2303 2838 sed
2328 2778 2531 2851 angeli,
2558 2785 2616 2831 ut
2642 2773 2938 2837 credimus,
2960 2769 3304 2825 ltetabantur.
3326 2765 3479 2821 Nam.

1878 2878 1922 2934 si
1960 2891 2142 2935 coram
2174 2874 2380 2930 eisdem
2410 2869 2618 2942 angelis
2638 2865 2892 2939 gaudium
2915 2872 3001 2920 est
3022 2876 3188 2933 super
3212 2875 3320 2917 uno
3340 2874 3465 2930 μεε-
3544 2882 3551 2888 -

1879 2978 2064 3027 calore
2109 2968 2200 3038 qui
2255 2964 2627 3037 pmtiitentiam
2659 2960 2787 3032 agit,
2842 2965 3049 3029 quanto
3092 2955 3266 3027 magis
3299 2968 3465 3024 super

1879 3062 1981 3117 hoc
2013 3059 2231 3114 homine
2258 3055 2425 3126 iusto,
2470 3052 2562 3126 qui
2601 3053 2746 3109 inter
2767 3064 2933 3122 opera
2976 3049 3242 3103 virtutum
3272 3060 3463 3101 conse-

1876 3153 2030 3208 nuit?
2056 3151 2163 3207 Sed
2190 3142 2443 3221 gaudium
2499 3144 2712 3201 Domini
2739 3142 2845 3209 sui,
2897 3156 3008 3215 quo
3037 3140 3104 3195 ab
3132 3137 3338 3194 eisdem
3365 3152 3465 3192 an-

1874 3244 2006 3315 gelis
2035 3250 2293 3311 exceptus
2322 3247 2438 3303 est,
2464 3224 2597 3292 fides
2645 3232 3050 3304 contemplatur
3072 3246 3088 3296 ;
3110 3228 3304 3286 oculis
3333 3240 3473 3286 vero

1874 3334 2156 3406 corporeis
2194 3332 2414 3388 interim
2459 3329 2615 3394 latet,
2641 3327 2733 3398 qui
2759 3321 3274 3393 videbant'quidem
3300 3319 3461 3376 cada-

1870 3445 1985 3494 ver,
2033 3426 2179 3497 quod
2227 3423 2537 3480 exsolverat
2589 3418 2831 3476 debitum
2876 3416 3088 3482 mortis,
3119 3424 3175 3471 et
3221 3413 3461 3469 nondum

1872 3520 2169 3592 apparebat
2217 3527 2482 3588 quantum
2528 3514 2709 3571 anima
2736 3511 3136 3585 glorificaretur
3183 3509 3235 3562 in
3284 3505 3460 3563 cmlis.

1872 3613 2020 3685 (117)
2054 3610 2285 3666 Moritur
2321 3624 2454 3680 ergo
2481 3606 2767 3672 Geraldus,
2796 3604 2891 3660 sed
2915 3603 3069 3672 iuxta
3124 3600 3251 3656 illud
3300 3598 3461 3653 Davi-

1871 3704 2073 3767 dicum,
2098 3714 2441 3769 nequaquam
2498 3706 2557 3751 ut
2598 3695 2779 3763 ignavi
2808 3694 3003 3757 solent,
3028 3690 3283 3762 quoniam
3314 3688 3457 3743 inter

1872 3800 2091 3849 sanctos
2137 3804 2258 3846 sors
2287 3788 2433 3843 illius
2460 3796 2561 3841 est.
2595 3786 2661 3840 Et
2690 3785 2735 3840 si
2791 3782 3054 3854 persolvit
3078 3779 3206 3837 illud
3230 3778 3460 3833 Psalmi-

1869 3893 1967 3939 sta:
2021 3901 2033 3936 :
2096 3878 2198 3935 Vos
2252 3888 2427 3934 autem
2464 3878 2596 3932 sicut
2649 3875 2884 3930 homines
2932 3871 3230 3928 moriemini
3280 3867 3467 3942 (Paul.

1870 3988 2057 4038 um,
2084 3970 2165 4042 7),
2196 3980 2377 4025 tamen
2406 3968 2475 4023 ad
2499 3982 2622 4023 eum
2655 3964 2889 4037 pertinet
2923 3962 3027 4017 hoc
3053 3960 3198 4030 quod
3222 3957 3295 4014 ibi
3320 3972 3458 4029 pra:-

1870 4065 2106 4120 mittitur
2135 4081 2148 4117 :
2176 4060 2291 4133 Ego
2341 4060 2453 4116 dixi
2483 4075 2500 4113 :
2534 4057 2621 4112 Dii
2649 4057 2793 4121 estis,
2835 4063 2886 4108 et
2910 4052 3009 4123 ﬁlii
3040 4049 3250 4106 Excelsi
3278 4063 3455 4103 omnes

1870 4155 2043 4227 (Paul.
2097 4168 2287 4218 Lxxxr,
2332 4151 2410 4222 6).
2466 4149 2723 4204 Testatur
2770 4137 3302 4215 evangelistazl’ilii
3360 4136 3465 4192 Dei

1869 4262 2071 4311 sumus,
2119 4244 2209 4299 sed
2240 4245 2474 4297 nondum
2503 4247 2718 4310 apparet
2753 4235 2881 4307 quid
2918 4235 3113 4289 erimus
3153 4231 3341 4303 (Jama.
3373 4247 3453 4296 tit,

1869 4336 1947 4407 2).
1987 4335 2135 4391 Felix
2184 4335 2367 4403 itaque
2396 4329 2661 4387 Geraldus
2700 4328 2793 4398 qui
2830 4326 3109 4398 separavit
3154 4323 3454 4395 pretiosum

248 4425 364 4482 Vll.
408 4426 573 4482 Sexta
612 4443 848 4498 namque
878 4426 1013 4483 feria
1042 4427 1406 4484 dilucescente
1434 4428 1543 4494 die,
1588 4429 1771 4499 ingra-
1798 4485 1840 4499 λ
1871 4444 1900 4482 a
1928 4428 2040 4484 vili.
2073 4424 2366 4495 Postquam
2412 4422 2557 4478 enim
2587 4420 2818 4493 gustavit
2857 4434 3021 4489 quam
3043 4417 3219 4473 dulcis
3247 4425 3331 4472 est
3353 4414 3463 4469 Do-

164 4531 399 4572 vescere
451 4520 771 4585 seseuticns,
816 4518 979 4587 iussit
1037 4528 1097 4574 ut
1135 4519 1452 4575 uocturnale
1493 4535 1679 4575 coram
1707 4536 1766 4577 se
1795 4506 1845 4544 υ
1871 4520 2067 4585 minus,
2122 4530 2463 4588 nequaquam
2526 4514 2685 4585 huius
2738 4512 2862 4568 vita:
2903 4509 3338 4574 delectamentis,
3387 4506 3455 4561 ad

170 4606 447 4676 eapellani
476 4608 832 4678 peregissent,
877 4608 1133 4680 episcopo
1162 4623 1285 4664 cum
1313 4611 1427 4665 suis
1456 4610 1511 4664 iu
1533 4610 1768 4669 ecclesia
1869 4609 2109 4680 eiusdem
2134 4605 2347 4663 Domini
2379 4611 2750 4675 contemptum
2785 4616 2844 4657 se
2866 4601 3137 4658 submisit.
3176 4598 3284 4654 Sed
3315 4598 3456 4652 lianc

175 4697 313 4751 illud
364 4698 717 4765 celebrante;
753 4715 873 4755 cum
913 4684 1271 4771 psallentibus
1326 4712 1504 4756 autem
1546 4710 1604 4757 et
1655 4702 1769 4773 ipse
1869 4702 2060 4766 vitam,
2091 4715 2213 4770 quae
2258 4697 2508 4768 reprobis
2542 4695 2778 4767 pretiosa
2805 4703 2911 4759 est,
2938 4693 3100 4749 vilem
3132 4690 3236 4746 sibi
3284 4688 3455 4757 depu-

168 4788 466 4859 psallcbat,
507 4791 679 4847 donec
719 4801 842 4862 post
890 4792 1210 4848 matutinale
1260 4792 1528 4860 ollicium,
1578 4808 1769 4849 omnes
1872 4794 2026 4862 tavit,
2072 4800 2129 4847 et
2181 4798 2433 4854 mortem,
2464 4805 2586 4860 qua:
2632 4787 2737 4843 illis
2758 4786 2995 4858 pessima
3020 4794 3124 4850 est,
3160 4781 3463 4852 pretiosam

248 4903 632 4980 (liliisuneta
668 4921 871 4974 quoque
904 4907 1135 4980 membra
1171 4905 1426 4980 incilicia
1452 4916 1757 4977 posuerunt.
1863 4906 2000 4965 situs
2037 4906 2286 4980 iaceret,
2332 4912 2496 4974 atque
2539 4904 2731 4959 horam
2779 4901 3079 4956 vocationis
3127 4910 3238 4951 suae
3265 4907 3459 4963 exspe-

166 4971 343 5048 Vetus
367 4971 821 5048 Christianorum,
848 4987 909 5048 et
930 4977 1166 5031 maxime
1193 4971 1512 5032 clericorum
1544 4991 1609 5031 ac
1645 4991 1762 5048 mo-
1864 4971 2058 5043 ctaret:
2094 4997 2113 5031 ι
2146 5046 2190 5048 η
2266 5046 2273 5048 ᾗ
2408 4971 2424 4974 ’
2551 5041 2580 5048 _
2685 5040 2733 5048 ,,
2863 5041 2874 5048 ,
3217 5031 3310 5048 ,ιη
3367 5032 3380 5045 .
3419 5034 3455 5048 ,.

166 5044 472 5119 ttacliurum
501 5061 642 5119 “mos
667 5086 706 5119 ,_
742 5031 819 5098 in.
845 5047 1034 5119 cilicio
1073 5055 1131 5099 et
1176 5048 1359 5119 cinere
1412 5050 1570 5103 mori.
1639 5031 1760 5103 Vita
1875 5031 2092 5119 "—(il'ﬁ)
2133 5046 2365 5119 Moritur
2385 5058 2510 5119 e_rgo
2539 5040 3007 5119 Οεζαιξέω-ᾈιηὶο
3030 5031 3458 5119 ssi‘icel‘Fh’iéll

164 5103 1287 5192 sanctidrigiiWapineensisepiscupi:e
1314 5117 1764 5192 Nudatoctirpore
1867 5103 2023 5186 90:7,
2074 5103 2180 5192 qui
2252 5114 2355 5192 fuit
2400 5103 2735 5192 Fitlbertidl
2798 5110 3027 5192 abbatis
3065 5103 3476 5192 ιλειιιριιίε-..ὶγι

165 5134 347 5170 δειιιαιι
368 5134 532 5186 Brlgll
557 5134 930 5184 waptncensts
953 5134 1195 5187 eptscopt
1222 5137 1236 5173 ζ
1260 5135 1287 5169 6·
1314 5134 1764 5187 ιωαθιοεοτρονθ
1867 5134 1969 5176 υυΊ
1997 5163 2023 5186 ,ν
2126 5135 2180 5173 ιιι
2252 5134 2355 5170 ιυιι
2401 5134 2431 5170 ιε
2449 5134 2645 5173 ιιιυετιι
2693 5134 2735 5164 ιι
2798 5134 3011 5164 animus
3065 5134 3332 5187 DCIII?VILo
3408 5134 3465 5158 η

165 5193 300 5258 ante
335 5184 504 5240 altare
532 5185 707 5242 sancti
746 5183 962 5243 Eusebii
1003 5187 1056 5241 in
1087 5187 1269 5243 cinere
1296 5198 1350 5243 et
1379 5187 1554 5244 cilicio
1576 5188 1765 5257 iacens
1867 5134 2196 5247 sextusfgic
2221 5185 2368 5257 enim
2397 5178 2984 5258 auctorgCllmiiulogim
3008 5178 3274 5258 Lemovtc.
3300 5172 3465 5257 abbag
