  <div class='ocr_page' id='page_1' title='image "/cluster/home/n/w/nwhite01/storage/ocr_20150623/133/hvd.32044010035673/351.png"; bbox 0 0 3964 5360; ppageno 0'>
   <div class='ocr_carea' id='block_1_1' title="bbox 522 211 659 270">
    <p class='ocr_par' dir='ltr' id='par_1_1' title="bbox 522 211 659 270">
     <span class='ocr_line' id='line_1_1' title="bbox 522 211 659 270; baseline 0.015 -2"><span class='ocrx_word' id='word_1_1' title='bbox 522 211 537 251; x_wconf 66' lang='grc' dir='ltr'><strong>ι’</strong></span> <span class='ocrx_word' id='word_1_2' title='bbox 555 214 659 270; x_wconf 82' lang='grc'><strong>695</strong></span> 
     </span>
    </p>
   </div>
   <div class='ocr_carea' id='block_1_2' title="bbox 1474 217 2804 293">
    <p class='ocr_par' dir='ltr' id='par_1_2' title="bbox 1474 217 2804 293">
     <span class='ocr_line' id='line_1_2' title="bbox 1474 217 2804 293; baseline 0.004 -20"><span class='ocrx_word' id='word_1_3' title='bbox 1474 221 1480 227; x_wconf 78' lang='grc'><em>’</em></span> <span class='ocrx_word' id='word_1_4' title='bbox 1526 218 1585 274; x_wconf 87' lang='lat' dir='ltr'><strong>S.</strong></span> <span class='ocrx_word' id='word_1_5' title='bbox 1623 218 1872 277; x_wconf 74' lang='lat' dir='ltr'><strong>ODONIS</strong></span> <span class='ocrx_word' id='word_1_6' title='bbox 1909 217 2197 275; x_wconf 55' lang='lat' dir='ltr'><strong>ABBA&#39;i‘lS</strong></span> <span class='ocrx_word' id='word_1_7' title='bbox 2231 217 2727 278; x_wconf 64' lang='lat' dir='ltr'><strong>CLUSIACENSLS</strong></span> <span class='ocrx_word' id='word_1_8' title='bbox 2762 220 2804 293; x_wconf 80' lang='lat' dir='ltr'><strong>ll</strong></span> 
     </span>
    </p>
   </div>
   <div class='ocr_carea' id='block_1_3' title="bbox 3674 226 3788 284">
    <p class='ocr_par' dir='ltr' id='par_1_3' title="bbox 3674 226 3788 284">
     <span class='ocr_line' id='line_1_3' title="bbox 3674 226 3788 284; baseline 0 0"><span class='ocrx_word' id='word_1_9' title='bbox 3674 226 3788 284; x_wconf 64' lang='grc'><strong>’696</strong></span> 
     </span>
    </p>
   </div>
   <div class='ocr_carea' id='block_1_4' title="bbox 517 332 3791 415">
    <p class='ocr_par' dir='ltr' id='par_1_4' title="bbox 517 332 3791 415">
     <span class='ocr_line' id='line_1_4' title="bbox 517 332 3791 415; baseline 0.004 -30"><span class='ocrx_word' id='word_1_10' title='bbox 517 345 521 349; x_wconf 93' lang='grc'><strong>·</strong></span> <span class='ocrx_word' id='word_1_11' title='bbox 558 334 781 390; x_wconf 86' lang='lat' dir='ltr'><strong>invenit.</strong></span> <span class='ocrx_word' id='word_1_12' title='bbox 814 332 950 391; x_wconf 85' lang='lat' dir='ltr'><strong>Vere</strong></span> <span class='ocrx_word' id='word_1_13' title='bbox 979 334 1168 391; x_wconf 86' lang='lat' dir='ltr'><strong>beatus</strong></span> <span class='ocrx_word' id='word_1_14' title='bbox 1196 337 1350 408; x_wconf 86' lang='lat' dir='ltr'><strong>cujus</strong></span> <span class='ocrx_word' id='word_1_15' title='bbox 1391 336 1507 393; x_wconf 86' lang='lat' dir='ltr'><strong>dies</strong></span> <span class='ocrx_word' id='word_1_16' title='bbox 1537 339 1590 393; x_wconf 90' lang='lat' dir='ltr'><strong>in</strong></span> <span class='ocrx_word' id='word_1_17' title='bbox 1613 337 1819 403; x_wconf 84' lang='lat' dir='ltr'><strong>dolore,</strong></span> <span class='ocrx_word' id='word_1_18' title='bbox 1843 347 1901 393; x_wconf 89' lang='lat' dir='ltr'><strong>et</strong></span> <span class='ocrx_word' id='word_1_19' title='bbox 1927 338 2054 393; x_wconf 85' lang='lat' dir='ltr'><strong>anni</strong></span> <span class='ocrx_word' id='word_1_20' title='bbox 2081 336 2133 391; x_wconf 85' lang='lat' dir='ltr'><strong>in</strong></span> <span class='ocrx_word' id='word_1_21' title='bbox 2164 345 2207 399; x_wconf 75' lang='grc' dir='ltr'><strong>Α</strong></span> <span class='ocrx_word' id='word_1_22' title='bbox 2239 348 2384 394; x_wconf 88' lang='lat' dir='ltr'><strong>ctum</strong></span> <span class='ocrx_word' id='word_1_23' title='bbox 2417 340 2671 397; x_wconf 74' lang='lat' dir='ltr'><strong>Ecclesia:</strong></span> <span class='ocrx_word' id='word_1_24' title='bbox 2694 344 2876 400; x_wconf 84' lang='lat' dir='ltr'><strong>vident</strong></span> <span class='ocrx_word' id='word_1_25' title='bbox 2901 345 3040 400; x_wconf 82' lang='lat' dir='ltr'><strong>oculi</strong></span> <span class='ocrx_word' id='word_1_26' title='bbox 3074 346 3173 411; x_wconf 86' lang='lat' dir='ltr'><strong>tui,</strong></span> <span class='ocrx_word' id='word_1_27' title='bbox 3200 354 3255 400; x_wconf 89' lang='lat' dir='ltr'><strong>et</strong></span> <span class='ocrx_word' id='word_1_28' title='bbox 3282 343 3492 414; x_wconf 78' lang='lat' dir='ltr'><strong>lapides</strong></span> <span class='ocrx_word' id='word_1_29' title='bbox 3518 349 3667 397; x_wconf 70' lang='lat' dir='ltr'><strong>terrae</strong></span> <span class='ocrx_word' id='word_1_30' title='bbox 3686 343 3791 415; x_wconf 73' lang='lat' dir='ltr'><strong>ejus</strong></span> 
     </span>
    </p>
   </div>
   <div class='ocr_carea' id='block_1_5' title="bbox 518 424 2131 504">
    <p class='ocr_par' dir='ltr' id='par_1_5' title="bbox 518 424 2131 504">
     <span class='ocr_line' id='line_1_5' title="bbox 518 424 2131 504; baseline 0.002 -25"><span class='ocrx_word' id='word_1_31' title='bbox 518 456 521 459; x_wconf 97' lang='lat'><strong><em>-</em></strong></span> <span class='ocrx_word' id='word_1_32' title='bbox 557 424 758 495; x_wconf 79' lang='lat' dir='ltr'><strong>gemitu</strong></span> <span class='ocrx_word' id='word_1_33' title='bbox 805 425 1136 480; x_wconf 90' lang='lat' dir='ltr'><strong>transierunt</strong></span> <span class='ocrx_word' id='word_1_34' title='bbox 1181 440 1198 481; x_wconf 89' lang='lat'><strong>:</strong></span> <span class='ocrx_word' id='word_1_35' title='bbox 1248 427 1374 496; x_wconf 85' lang='lat' dir='ltr'><strong>quia</strong></span> <span class='ocrx_word' id='word_1_36' title='bbox 1394 426 1513 504; x_wconf 79' lang='lat' dir='ltr'><strong>jam</strong></span> <span class='ocrx_word' id='word_1_37' title='bbox 1544 438 1803 498; x_wconf 82' lang='lat' dir='ltr'><strong>expertus</strong></span> <span class='ocrx_word' id='word_1_38' title='bbox 1856 437 1940 483; x_wconf 89' lang='lat' dir='ltr'><strong>est</strong></span> <span class='ocrx_word' id='word_1_39' title='bbox 1968 444 2131 497; x_wconf 86' lang='lat' dir='ltr'><strong>quant</strong></span> 
     </span>
    </p>
   </div>
   <div class='ocr_carea' id='block_1_6' title="bbox 558 512 2135 591">
    <p class='ocr_par' dir='ltr' id='par_1_6' title="bbox 558 512 2135 591">
     <span class='ocr_line' id='line_1_6' title="bbox 558 512 2135 591; baseline 0.003 -20"><span class='ocrx_word' id='word_1_40' title='bbox 558 533 746 589; x_wconf 84' lang='lat' dir='ltr'><strong>magna</strong></span> <span class='ocrx_word' id='word_1_41' title='bbox 778 516 1065 573; x_wconf 91' lang='lat' dir='ltr'><strong>multitudo</strong></span> <span class='ocrx_word' id='word_1_42' title='bbox 1109 519 1432 587; x_wconf 84' lang='lat' dir='ltr'><strong>dulcedinis,</strong></span> <span class='ocrx_word' id='word_1_43' title='bbox 1476 535 1639 591; x_wconf 88' lang='lat' dir='ltr'><strong>quam</strong></span> <span class='ocrx_word' id='word_1_44' title='bbox 1683 520 1826 576; x_wconf 87' lang='lat' dir='ltr'><strong>Deus</strong></span> <span class='ocrx_word' id='word_1_45' title='bbox 1852 512 2135 578; x_wconf 75' lang='lat' dir='ltr'><strong>abscondit</strong></span> 
     </span>
    </p>
   </div>
   <div class='ocr_carea' id='block_1_7' title="bbox 514 607 2130 684">
    <p class='ocr_par' dir='ltr' id='par_1_7' title="bbox 514 607 2130 684">
     <span class='ocr_line' id='line_1_7' title="bbox 514 607 2130 684; baseline 0.003 -23"><span class='ocrx_word' id='word_1_46' title='bbox 514 618 527 645; x_wconf 66' lang='grc' dir='ltr'><strong>ε’</strong></span> <span class='ocrx_word' id='word_1_47' title='bbox 556 607 872 663; x_wconf 81' lang='lat' dir='ltr'><strong>timentibus</strong></span> <span class='ocrx_word' id='word_1_48' title='bbox 919 623 999 663; x_wconf 90' lang='lat' dir='ltr'><strong>se.</strong></span> <span class='ocrx_word' id='word_1_49' title='bbox 1059 610 1161 677; x_wconf 79' lang='lat' dir='ltr'><strong>Qui</strong></span> <span class='ocrx_word' id='word_1_50' title='bbox 1216 612 1383 672; x_wconf 86' lang='lat' dir='ltr'><strong>etiam</strong></span> <span class='ocrx_word' id='word_1_51' title='bbox 1442 612 1495 669; x_wconf 86' lang='lat' dir='ltr'><strong>in</strong></span> <span class='ocrx_word' id='word_1_52' title='bbox 1553 622 1847 684; x_wconf 81' lang='lat' dir='ltr'><strong>conspectu</strong></span> <span class='ocrx_word' id='word_1_53' title='bbox 1898 612 2130 669; x_wconf 71' lang='lat' dir='ltr'><strong>filiorum</strong></span> 
     </span>
    </p>
   </div>
   <div class='ocr_carea' id='block_1_8' title="bbox 557 700 2131 776">
    <p class='ocr_par' dir='ltr' id='par_1_8' title="bbox 557 700 2131 776">
     <span class='ocr_line' id='line_1_8' title="bbox 557 700 2131 776; baseline 0.004 -24"><span class='ocrx_word' id='word_1_54' title='bbox 557 700 871 764; x_wconf 85' lang='lat' dir='ltr'><strong>hominum,</strong></span> <span class='ocrx_word' id='word_1_55' title='bbox 948 700 1088 756; x_wconf 86' lang='lat' dir='ltr'><strong>hanc</strong></span> <span class='ocrx_word' id='word_1_56' title='bbox 1141 701 1484 773; x_wconf 80' lang='lat' dir='ltr'><strong>aliquatenus</strong></span> <span class='ocrx_word' id='word_1_57' title='bbox 1534 719 1634 775; x_wconf 91' lang='lat' dir='ltr'><strong>per</strong></span> <span class='ocrx_word' id='word_1_58' title='bbox 1698 704 1911 776; x_wconf 87' lang='lat' dir='ltr'><strong>singula</strong></span> <span class='ocrx_word' id='word_1_59' title='bbox 1981 706 2131 774; x_wconf 87' lang='lat' dir='ltr'><strong>signa</strong></span> 
     </span>
    </p>
   </div>
   <div class='ocr_carea' id='block_1_9' title="bbox 553 790 2135 861">
    <p class='ocr_par' dir='ltr' id='par_1_9' title="bbox 553 790 2135 861">
     <span class='ocr_line' id='line_1_9' title="bbox 553 790 2135 861; baseline 0.007 -22"><span class='ocrx_word' id='word_1_60' title='bbox 553 792 909 845; x_wconf 83' lang='lat' dir='ltr'><strong>demonstrat.</strong></span> <span class='ocrx_word' id='word_1_61' title='bbox 963 790 1008 846; x_wconf 90' lang='lat'><strong>0</strong></span> <span class='ocrx_word' id='word_1_62' title='bbox 1028 800 1231 861; x_wconf 88' lang='lat' dir='ltr'><strong>quanta</strong></span> <span class='ocrx_word' id='word_1_63' title='bbox 1256 794 1545 850; x_wconf 81' lang='lat' dir='ltr'><strong>diversitas</strong></span> <span class='ocrx_word' id='word_1_64' title='bbox 1569 805 1654 850; x_wconf 87' lang='lat' dir='ltr'><strong>est</strong></span> <span class='ocrx_word' id='word_1_65' title='bbox 1698 795 1843 850; x_wconf 91' lang='lat' dir='ltr'><strong>inter</strong></span> <span class='ocrx_word' id='word_1_66' title='bbox 1869 794 2039 861; x_wconf 91' lang='lat' dir='ltr'><strong>illum,</strong></span> <span class='ocrx_word' id='word_1_67' title='bbox 2079 804 2135 850; x_wconf 91' lang='lat' dir='ltr'><strong>et</strong></span> 
     </span>
    </p>
   </div>
   <div class='ocr_carea' id='block_1_10' title="bbox 557 880 2133 957">
    <p class='ocr_par' dir='ltr' id='par_1_10' title="bbox 557 880 2133 957">
     <span class='ocr_line' id='line_1_10' title="bbox 557 880 2133 957; baseline 0.007 -26"><span class='ocrx_word' id='word_1_68' title='bbox 557 880 758 944; x_wconf 87' lang='lat' dir='ltr'><strong>vedios,</strong></span> <span class='ocrx_word' id='word_1_69' title='bbox 785 880 837 934; x_wconf 88' lang='lat' dir='ltr'><strong>id</strong></span> <span class='ocrx_word' id='word_1_70' title='bbox 858 890 943 936; x_wconf 87' lang='lat' dir='ltr'><strong>est</strong></span> <span class='ocrx_word' id='word_1_71' title='bbox 970 882 1113 937; x_wconf 83' lang='lat' dir='ltr'><strong>male</strong></span> <span class='ocrx_word' id='word_1_72' title='bbox 1133 882 1363 940; x_wconf 73' lang='lat' dir='ltr'><strong>divites!</strong></span> <span class='ocrx_word' id='word_1_73' title='bbox 1391 884 1528 941; x_wconf 88' lang='lat' dir='ltr'><strong>Huic</strong></span> <span class='ocrx_word' id='word_1_74' title='bbox 1558 887 1704 941; x_wconf 90' lang='lat' dir='ltr'><strong>enim</strong></span> <span class='ocrx_word' id='word_1_75' title='bbox 1739 885 1994 957; x_wconf 67' lang='lat' dir='ltr'><strong>lacrymm</strong></span> <span class='ocrx_word' id='word_1_76' title='bbox 2020 902 2133 942; x_wconf 76' lang='lat' dir='ltr'><strong>sua:</strong></span> 
     </span>
    </p>
   </div>
   <div class='ocr_carea' id='block_1_11' title="bbox 554 962 2132 1048">
    <p class='ocr_par' dir='ltr' id='par_1_11' title="bbox 554 962 2132 1048">
     <span class='ocr_line' id='line_1_11' title="bbox 554 962 2132 1048; baseline 0.006 -27"><span class='ocrx_word' id='word_1_77' title='bbox 554 962 774 1025; x_wconf 83' lang='lat' dir='ltr'><strong>fuerunt</strong></span> <span class='ocrx_word' id='word_1_78' title='bbox 822 988 1012 1041; x_wconf 86' lang='lat' dir='ltr'><strong>panes,</strong></span> <span class='ocrx_word' id='word_1_79' title='bbox 1065 980 1121 1030; x_wconf 89' lang='lat' dir='ltr'><strong>et</strong></span> <span class='ocrx_word' id='word_1_80' title='bbox 1174 984 1363 1045; x_wconf 87' lang='lat' dir='ltr'><strong>potum</strong></span> <span class='ocrx_word' id='word_1_81' title='bbox 1408 977 1617 1047; x_wconf 89' lang='lat' dir='ltr'><strong>accepit</strong></span> <span class='ocrx_word' id='word_1_82' title='bbox 1672 977 1729 1032; x_wconf 93' lang='lat' dir='ltr'><strong>in</strong></span> <span class='ocrx_word' id='word_1_83' title='bbox 1779 977 2036 1048; x_wconf 76' lang='lat' dir='ltr'><strong>lacrymis</strong></span> <span class='ocrx_word' id='word_1_84' title='bbox 2077 986 2132 1033; x_wconf 92' lang='lat' dir='ltr'><strong>et</strong></span> 
     </span>
    </p>
   </div>
   <div class='ocr_carea' id='block_1_12' title="bbox 555 1066 2133 1137">
    <p class='ocr_par' dir='ltr' id='par_1_12' title="bbox 555 1066 2133 1137">
     <span class='ocr_line' id='line_1_12' title="bbox 555 1066 2133 1137; baseline 0.01 -23"><span class='ocrx_word' id='word_1_85' title='bbox 555 1079 828 1120; x_wconf 86' lang='lat' dir='ltr'><strong>mensura.</strong></span> <span class='ocrx_word' id='word_1_86' title='bbox 881 1066 962 1120; x_wconf 90' lang='lat' dir='ltr'><strong>Illi</strong></span> <span class='ocrx_word' id='word_1_87' title='bbox 1006 1082 1132 1125; x_wconf 83' lang='lat' dir='ltr'><strong>vero</strong></span> <span class='ocrx_word' id='word_1_88' title='bbox 1173 1069 1377 1125; x_wconf 85' lang='lat' dir='ltr'><strong>ducunt</strong></span> <span class='ocrx_word' id='word_1_89' title='bbox 1413 1070 1468 1124; x_wconf 90' lang='lat' dir='ltr'><strong>in</strong></span> <span class='ocrx_word' id='word_1_90' title='bbox 1512 1069 1670 1126; x_wconf 87' lang='lat' dir='ltr'><strong>bonis</strong></span> <span class='ocrx_word' id='word_1_91' title='bbox 1729 1070 1849 1126; x_wconf 85' lang='lat' dir='ltr'><strong>dies</strong></span> <span class='ocrx_word' id='word_1_92' title='bbox 1881 1085 2034 1137; x_wconf 87' lang='lat' dir='ltr'><strong>suos,</strong></span> <span class='ocrx_word' id='word_1_93' title='bbox 2079 1081 2133 1125; x_wconf 82' lang='lat' dir='ltr'><strong>et</strong></span> 
     </span>
    </p>
   </div>
   <div class='ocr_carea' id='block_1_13' title="bbox 555 1154 2133 1232">
    <p class='ocr_par' dir='ltr' id='par_1_13' title="bbox 555 1154 2133 1232">
     <span class='ocr_line' id='line_1_13' title="bbox 555 1154 2133 1232; baseline 0.005 -26"><span class='ocrx_word' id='word_1_94' title='bbox 555 1154 756 1210; x_wconf 83' lang='lat' dir='ltr'><strong>habent</strong></span> <span class='ocrx_word' id='word_1_95' title='bbox 795 1156 1223 1213; x_wconf 76' lang='lat' dir='ltr'><strong>consolationem</strong></span> <span class='ocrx_word' id='word_1_96' title='bbox 1266 1174 1443 1224; x_wconf 91' lang='lat' dir='ltr'><strong>suam,</strong></span> <span class='ocrx_word' id='word_1_97' title='bbox 1473 1160 1628 1230; x_wconf 82' lang='lat' dir='ltr'><strong>juxta</strong></span> <span class='ocrx_word' id='word_1_98' title='bbox 1682 1160 1811 1215; x_wconf 90' lang='lat' dir='ltr'><strong>illttd</strong></span> <span class='ocrx_word' id='word_1_99' title='bbox 1862 1162 2133 1232; x_wconf 83' lang='lat' dir='ltr'><strong>evangeli-</strong></span> 
     </span>
    </p>
   </div>
   <div class='ocr_carea' id='block_1_14' title="bbox 553 1244 2131 1319">
    <p class='ocr_par' dir='ltr' id='par_1_14' title="bbox 553 1244 2131 1319">
     <span class='ocr_line' id='line_1_14' title="bbox 553 1244 2131 1319; baseline 0.004 -21"><span class='ocrx_word' id='word_1_100' title='bbox 553 1259 695 1307; x_wconf 90' lang='lat' dir='ltr'><strong>cum,</strong></span> <span class='ocrx_word' id='word_1_101' title='bbox 726 1244 778 1299; x_wconf 94' lang='lat' dir='ltr'><strong>in</strong></span> <span class='ocrx_word' id='word_1_102' title='bbox 803 1248 1071 1315; x_wconf 70' lang='lat' dir='ltr'><strong>prtesenti.</strong></span> <span class='ocrx_word' id='word_1_103' title='bbox 1105 1245 1209 1302; x_wconf 90' lang='lat' dir='ltr'><strong>Sed</strong></span> <span class='ocrx_word' id='word_1_104' title='bbox 1233 1247 1375 1303; x_wconf 89' lang='lat' dir='ltr'><strong>enim</strong></span> <span class='ocrx_word' id='word_1_105' title='bbox 1401 1248 1503 1304; x_wconf 87' lang='lat' dir='ltr'><strong>iste</strong></span> <span class='ocrx_word' id='word_1_106' title='bbox 1520 1249 1633 1319; x_wconf 85' lang='lat' dir='ltr'><strong>jam</strong></span> <span class='ocrx_word' id='word_1_107' title='bbox 1660 1249 1715 1305; x_wconf 93' lang='lat' dir='ltr'><strong>in</strong></span> <span class='ocrx_word' id='word_1_108' title='bbox 1744 1261 1877 1305; x_wconf 81' lang='lat' dir='ltr'><strong>voce</strong></span> <span class='ocrx_word' id='word_1_109' title='bbox 1895 1250 2131 1305; x_wconf 77' lang='lat' dir='ltr'><strong>exsulta-</strong></span> 
     </span>
    </p>
   </div>
   <div class='ocr_carea' id='block_1_15' title="bbox 555 1336 2131 1400">
    <p class='ocr_par' dir='ltr' id='par_1_15' title="bbox 555 1336 2131 1400">
     <span class='ocr_line' id='line_1_15' title="bbox 555 1336 2131 1400; baseline 0.004 -12"><span class='ocrx_word' id='word_1_110' title='bbox 555 1336 736 1400; x_wconf 84' lang='lat' dir='ltr'><strong>tionis,</strong></span> <span class='ocrx_word' id='word_1_111' title='bbox 771 1338 986 1393; x_wconf 81' lang='lat' dir='ltr'><strong>transiit</strong></span> <span class='ocrx_word' id='word_1_112' title='bbox 1028 1339 1080 1392; x_wconf 91' lang='lat' dir='ltr'><strong>in</strong></span> <span class='ocrx_word' id='word_1_113' title='bbox 1132 1339 1308 1395; x_wconf 89' lang='lat' dir='ltr'><strong>locum</strong></span> <span class='ocrx_word' id='word_1_114' title='bbox 1356 1342 1688 1397; x_wconf 80' lang='lat' dir='ltr'><strong>tabernaculi</strong></span> <span class='ocrx_word' id='word_1_115' title='bbox 1724 1342 1840 1397; x_wconf 86' lang='lat' dir='ltr'><strong>Dei.</strong></span> <span class='ocrx_word' id='word_1_116' title='bbox 1898 1341 1976 1397; x_wconf 91' lang='lat' dir='ltr'><strong>De</strong></span> <span class='ocrx_word' id='word_1_117' title='bbox 2024 1342 2131 1397; x_wconf 80' lang='lat' dir='ltr'><strong>illis</strong></span> 
     </span>
    </p>
   </div>
   <div class='ocr_carea' id='block_1_16' title="bbox 551 1427 2130 1501">
    <p class='ocr_par' dir='ltr' id='par_1_16' title="bbox 551 1427 2130 1501">
     <span class='ocr_line' id='line_1_16' title="bbox 551 1427 2130 1501; baseline 0.006 -20"><span class='ocrx_word' id='word_1_118' title='bbox 551 1427 769 1494; x_wconf 85' lang='lat' dir='ltr'><strong>dicitur,</strong></span> <span class='ocrx_word' id='word_1_119' title='bbox 793 1432 936 1499; x_wconf 91' lang='lat' dir='ltr'><strong>quod</strong></span> <span class='ocrx_word' id='word_1_120' title='bbox 968 1431 1020 1485; x_wconf 90' lang='lat' dir='ltr'><strong>in</strong></span> <span class='ocrx_word' id='word_1_121' title='bbox 1060 1445 1262 1501; x_wconf 88' lang='lat' dir='ltr'><strong>puncto</strong></span> <span class='ocrx_word' id='word_1_122' title='bbox 1286 1434 1354 1488; x_wconf 90' lang='lat' dir='ltr'><strong>ad</strong></span> <span class='ocrx_word' id='word_1_123' title='bbox 1398 1434 1607 1490; x_wconf 88' lang='lat' dir='ltr'><strong>inferna</strong></span> <span class='ocrx_word' id='word_1_124' title='bbox 1636 1434 1991 1491; x_wconf 87' lang='lat' dir='ltr'><strong>descendunt.</strong></span> <span class='ocrx_word' id='word_1_125' title='bbox 2014 1432 2130 1490; x_wconf 69' lang='lat' dir='ltr'><strong>Cae-</strong></span> 
     </span>
    </p>
   </div>
   <div class='ocr_carea' id='block_1_17' title="bbox 516 1516 2126 1595">
    <p class='ocr_par' dir='ltr' id='par_1_17' title="bbox 516 1516 2126 1595">
     <span class='ocr_line' id='line_1_17' title="bbox 516 1516 2126 1595; baseline 0.004 -22"><span class='ocrx_word' id='word_1_126' title='bbox 516 1516 519 1517; x_wconf 52' lang='grc'><strong><em>⁷</em></strong></span> <span class='ocrx_word' id='word_1_127' title='bbox 553 1529 725 1574; x_wconf 90' lang='lat' dir='ltr'><strong>terum</strong></span> <span class='ocrx_word' id='word_1_128' title='bbox 754 1522 801 1577; x_wconf 88' lang='lat' dir='ltr'><strong>si</strong></span> <span class='ocrx_word' id='word_1_129' title='bbox 841 1522 908 1577; x_wconf 87' lang='lat' dir='ltr'><strong>de</strong></span> <span class='ocrx_word' id='word_1_130' title='bbox 954 1522 1071 1590; x_wconf 85' lang='lat' dir='ltr'><strong>ejus</strong></span> <span class='ocrx_word' id='word_1_131' title='bbox 1118 1525 1372 1580; x_wconf 78' lang='lat' dir='ltr'><strong>exteriori</strong></span> <span class='ocrx_word' id='word_1_132' title='bbox 1403 1526 1815 1582; x_wconf 78' lang='lat' dir='ltr'><strong>conversatione</strong></span> <span class='ocrx_word' id='word_1_133' title='bbox 1839 1524 2126 1595; x_wconf 80' lang='lat' dir='ltr'><strong>quisquam</strong></span> 
     </span>
    </p>
   </div>
   <div class='ocr_carea' id='block_1_18' title="bbox 548 1611 2126 1686">
    <p class='ocr_par' dir='ltr' id='par_1_18' title="bbox 548 1611 2126 1686">
     <span class='ocr_line' id='line_1_18' title="bbox 548 1611 2126 1686; baseline 0.003 -23"><span class='ocrx_word' id='word_1_134' title='bbox 548 1611 769 1681; x_wconf 84' lang='lat' dir='ltr'><strong>dignum</strong></span> <span class='ocrx_word' id='word_1_135' title='bbox 798 1613 999 1681; x_wconf 87' lang='lat' dir='ltr'><strong>aliquid</strong></span> <span class='ocrx_word' id='word_1_136' title='bbox 1028 1614 1232 1671; x_wconf 86' lang='lat' dir='ltr'><strong>referre</strong></span> <span class='ocrx_word' id='word_1_137' title='bbox 1258 1625 1462 1686; x_wconf 84' lang='lat' dir='ltr'><strong>posset,</strong></span> <span class='ocrx_word' id='word_1_138' title='bbox 1508 1615 1895 1676; x_wconf 77' lang='lat' dir='ltr'><strong>delectationes</strong></span> <span class='ocrx_word' id='word_1_139' title='bbox 1923 1623 2126 1679; x_wconf 82' lang='lat' dir='ltr'><strong>tamen,</strong></span> 
     </span>
    </p>
   </div>
   <div class='ocr_carea' id='block_1_19' title="bbox 2237 433 3792 507">
    <p class='ocr_par' dir='ltr' id='par_1_19' title="bbox 2237 433 3792 507">
     <span class='ocr_line' id='line_1_19' title="bbox 2237 433 3792 507; baseline 0.004 -22"><span class='ocrx_word' id='word_1_140' title='bbox 2237 433 2657 500; x_wconf 77' lang='lat' dir='ltr'><strong>miserebantur,</strong></span> <span class='ocrx_word' id='word_1_141' title='bbox 2683 451 2967 504; x_wconf 77' lang='lat' dir='ltr'><strong>precamur</strong></span> <span class='ocrx_word' id='word_1_142' title='bbox 2989 447 3046 492; x_wconf 91' lang='lat' dir='ltr'><strong>ut</strong></span> <span class='ocrx_word' id='word_1_143' title='bbox 3071 437 3145 501; x_wconf 86' lang='lat' dir='ltr'><strong>hi,</strong></span> <span class='ocrx_word' id='word_1_144' title='bbox 3168 437 3259 507; x_wconf 89' lang='lat' dir='ltr'><strong>qui</strong></span> <span class='ocrx_word' id='word_1_145' title='bbox 3281 450 3380 507; x_wconf 89' lang='lat' dir='ltr'><strong>pro</strong></span> <span class='ocrx_word' id='word_1_146' title='bbox 3403 433 3677 490; x_wconf 78' lang='lat' dir='ltr'><strong>soliditate</strong></span> <span class='ocrx_word' id='word_1_147' title='bbox 3698 450 3792 491; x_wconf 83' lang='lat' dir='ltr'><strong>lno-</strong></span> 
     </span>
    </p>
   </div>
   <div class='ocr_carea' id='block_1_20' title="bbox 2204 523 3793 599">
    <p class='ocr_par' dir='ltr' id='par_1_20' title="bbox 2204 523 3793 599">
     <span class='ocr_line' id='line_1_20' title="bbox 2204 523 3793 599; baseline 0.003 -22"><span class='ocrx_word' id='word_1_148' title='bbox 2204 539 2355 583; x_wconf 70' lang='lat' dir='ltr'><strong>~rtuu</strong></span> <span class='ocrx_word' id='word_1_149' title='bbox 2400 523 2604 595; x_wconf 87' lang='lat' dir='ltr'><strong>lapides</strong></span> <span class='ocrx_word' id='word_1_150' title='bbox 2659 538 2937 595; x_wconf 86' lang='lat' dir='ltr'><strong>vocantur,</strong></span> <span class='ocrx_word' id='word_1_151' title='bbox 2999 529 3175 596; x_wconf 91' lang='lat' dir='ltr'><strong>nobis,</strong></span> <span class='ocrx_word' id='word_1_152' title='bbox 3224 530 3318 599; x_wconf 92' lang='lat' dir='ltr'><strong>qui</strong></span> <span class='ocrx_word' id='word_1_153' title='bbox 3378 528 3577 584; x_wconf 86' lang='lat' dir='ltr'><strong>merito</strong></span> <span class='ocrx_word' id='word_1_154' title='bbox 3619 537 3793 584; x_wconf 69' lang='lat' dir='ltr'><strong>nostr:</strong></span> 
     </span>
    </p>
   </div>
   <div class='ocr_carea' id='block_1_21' title="bbox 2234 614 3794 686">
    <p class='ocr_par' dir='ltr' id='par_1_21' title="bbox 2234 614 3794 686">
     <span class='ocr_line' id='line_1_21' title="bbox 2234 614 3794 686; baseline 0.001 -19"><span class='ocrx_word' id='word_1_155' title='bbox 2234 614 2514 683; x_wconf 79' lang='lat' dir='ltr'><strong>pravitatis</strong></span> <span class='ocrx_word' id='word_1_156' title='bbox 2540 624 2684 671; x_wconf 87' lang='lat' dir='ltr'><strong>terra</strong></span> <span class='ocrx_word' id='word_1_157' title='bbox 2714 631 2926 684; x_wconf 75' lang='lat' dir='ltr'><strong>sumus,</strong></span> <span class='ocrx_word' id='word_1_158' title='bbox 2965 618 3254 675; x_wconf 84' lang='lat' dir='ltr'><strong>subvenire</strong></span> <span class='ocrx_word' id='word_1_159' title='bbox 3278 618 3604 686; x_wconf 81' lang='lat' dir='ltr'><strong>dignentur:</strong></span> <span class='ocrx_word' id='word_1_160' title='bbox 3635 626 3693 671; x_wconf 88' lang='lat' dir='ltr'><strong>ut</strong></span> <span class='ocrx_word' id='word_1_161' title='bbox 3713 632 3794 673; x_wconf 81' lang='lat' dir='ltr'><strong>nos</strong></span> 
     </span>
    </p>
   </div>
   <div class='ocr_carea' id='block_1_22' title="bbox 2233 703 3794 778">
    <p class='ocr_par' dir='ltr' id='par_1_22' title="bbox 2233 703 3794 778">
     <span class='ocr_line' id='line_1_22' title="bbox 2233 703 3794 778; baseline 0.003 -22"><span class='ocrx_word' id='word_1_162' title='bbox 2233 703 2326 773; x_wconf 84' lang='lat' dir='ltr'><strong>qui</strong></span> <span class='ocrx_word' id='word_1_163' title='bbox 2353 718 2460 759; x_wconf 90' lang='lat' dir='ltr'><strong>non</strong></span> <span class='ocrx_word' id='word_1_164' title='bbox 2491 705 2756 762; x_wconf 85' lang='lat' dir='ltr'><strong>habemus</strong></span> <span class='ocrx_word' id='word_1_165' title='bbox 2803 706 3174 762; x_wconf 84' lang='lat' dir='ltr'><strong>indumentum</strong></span> <span class='ocrx_word' id='word_1_166' title='bbox 3197 704 3448 778; x_wconf 61' lang='lat' dir='ltr'><strong>justitiie,</strong></span> <span class='ocrx_word' id='word_1_167' title='bbox 3475 706 3677 776; x_wconf 86' lang='lat' dir='ltr'><strong>lapides</strong></span> <span class='ocrx_word' id='word_1_168' title='bbox 3701 720 3794 767; x_wconf 77' lang='lat' dir='ltr'><strong>atu-</strong></span> 
     </span>
    </p>
   </div>
   <div class='ocr_carea' id='block_1_23' title="bbox 2234 793 3795 863">
    <p class='ocr_par' dir='ltr' id='par_1_23' title="bbox 2234 793 3795 863">
     <span class='ocr_line' id='line_1_23' title="bbox 2234 793 3795 863; baseline 0.001 -17"><span class='ocrx_word' id='word_1_169' title='bbox 2234 793 2556 863; x_wconf 87' lang='lat' dir='ltr'><strong>plectamnr,</strong></span> <span class='ocrx_word' id='word_1_170' title='bbox 2598 805 2659 850; x_wconf 92' lang='lat' dir='ltr'><strong>ut</strong></span> <span class='ocrx_word' id='word_1_171' title='bbox 2710 810 2896 851; x_wconf 90' lang='lat' dir='ltr'><strong>eorum</strong></span> <span class='ocrx_word' id='word_1_172' title='bbox 2957 797 3168 852; x_wconf 91' lang='lat' dir='ltr'><strong>meritis</strong></span> <span class='ocrx_word' id='word_1_173' title='bbox 3223 806 3471 853; x_wconf 85' lang='lat' dir='ltr'><strong>nostram</strong></span> <span class='ocrx_word' id='word_1_174' title='bbox 3522 796 3795 851; x_wconf 81' lang='lat' dir='ltr'><strong>nuditatem</strong></span> 
     </span>
    </p>
   </div>
   <div class='ocr_carea' id='block_1_24' title="bbox 2234 885 3794 956">
    <p class='ocr_par' dir='ltr' id='par_1_24' title="bbox 2234 885 3794 956">
     <span class='ocr_line' id='line_1_24' title="bbox 2234 885 3794 956; baseline 0.001 -18"><span class='ocrx_word' id='word_1_175' title='bbox 2234 890 2519 953; x_wconf 83' lang='lat' dir='ltr'><strong>contegere</strong></span> <span class='ocrx_word' id='word_1_176' title='bbox 2541 886 2831 954; x_wconf 84' lang='lat' dir='ltr'><strong>possimus.</strong></span> <span class='ocrx_word' id='word_1_177' title='bbox 2866 885 2965 942; x_wconf 84' lang='lat' dir='ltr'><strong>Hic</strong></span> <span class='ocrx_word' id='word_1_178' title='bbox 2994 902 3124 956; x_wconf 86' lang='lat' dir='ltr'><strong>ergo</strong></span> <span class='ocrx_word' id='word_1_179' title='bbox 3148 886 3380 942; x_wconf 87' lang='lat' dir='ltr'><strong>famulus</strong></span> <span class='ocrx_word' id='word_1_180' title='bbox 3404 896 3546 941; x_wconf 87' lang='lat' dir='ltr'><strong>.tuus</strong></span> <span class='ocrx_word' id='word_1_181' title='bbox 3567 885 3794 942; x_wconf 73' lang='lat' dir='ltr'><strong>aﬂectum</strong></span> 
     </span>
    </p>
   </div>
   <div class='ocr_carea' id='block_1_25' title="bbox 2202 972 3796 1051">
    <p class='ocr_par' dir='ltr' id='par_1_25' title="bbox 2202 972 3796 1051">
     <span class='ocr_line' id='line_1_25' title="bbox 2202 972 3796 1051; baseline 0.002 -25"><span class='ocrx_word' id='word_1_182' title='bbox 2202 972 2550 1040; x_wconf 28' lang='lat' dir='ltr'><strong>_mi,serendi,</strong></span> <span class='ocrx_word' id='word_1_183' title='bbox 2579 989 2739 1051; x_wconf 83' lang='lat' dir='ltr'><strong>quem</strong></span> <span class='ocrx_word' id='word_1_184' title='bbox 2766 975 2940 1031; x_wconf 90' lang='lat' dir='ltr'><strong>eidem</strong></span> <span class='ocrx_word' id='word_1_185' title='bbox 2971 976 3208 1037; x_wconf 86' lang='lat' dir='ltr'><strong>charitas</strong></span> <span class='ocrx_word' id='word_1_186' title='bbox 3233 984 3323 1031; x_wconf 87' lang='lat' dir='ltr'><strong>tua</strong></span> <span class='ocrx_word' id='word_1_187' title='bbox 3356 976 3725 1039; x_wconf 77' lang='lat' dir='ltr'><strong>invisceravit,</strong></span> <span class='ocrx_word' id='word_1_188' title='bbox 3755 978 3796 1035; x_wconf 78' lang='lat' dir='ltr'><strong>in</strong></span> 
     </span>
    </p>
   </div>
   <div class='ocr_carea' id='block_1_26' title="bbox 2235 1064 3795 1143">
    <p class='ocr_par' dir='ltr' id='par_1_26' title="bbox 2235 1064 3795 1143">
     <span class='ocr_line' id='line_1_26' title="bbox 2235 1064 3795 1143; baseline 0.001 -27"><span class='ocrx_word' id='word_1_189' title='bbox 2235 1078 2333 1117; x_wconf 91' lang='lat' dir='ltr'><strong>nos</strong></span> <span class='ocrx_word' id='word_1_190' title='bbox 2389 1064 2605 1136; x_wconf 79' lang='lat' dir='ltr'><strong>dirigat,</strong></span> <span class='ocrx_word' id='word_1_191' title='bbox 2637 1076 2692 1120; x_wconf 91' lang='lat' dir='ltr'><strong>et</strong></span> <span class='ocrx_word' id='word_1_192' title='bbox 2743 1066 2808 1122; x_wconf 90' lang='lat' dir='ltr'><strong>de</strong></span> <span class='ocrx_word' id='word_1_193' title='bbox 2857 1066 2944 1121; x_wconf 87' lang='lat' dir='ltr'><strong>illa</strong></span> <span class='ocrx_word' id='word_1_194' title='bbox 2992 1068 3324 1138; x_wconf 84' lang='lat' dir='ltr'><strong>sempiterna</strong></span> <span class='ocrx_word' id='word_1_195' title='bbox 3368 1066 3626 1143; x_wconf 84' lang='lat' dir='ltr'><strong>Capitolii</strong></span> <span class='ocrx_word' id='word_1_196' title='bbox 3647 1068 3795 1131; x_wconf 81' lang='lat' dir='ltr'><strong>curia,</strong></span> 
     </span>
    </p>
   </div>
   <div class='ocr_carea' id='block_1_27' title="bbox 2234 1152 3796 1223">
    <p class='ocr_par' dir='ltr' id='par_1_27' title="bbox 2234 1152 3796 1223">
     <span class='ocr_line' id='line_1_27' title="bbox 2234 1152 3796 1223; baseline 0.004 -17"><span class='ocrx_word' id='word_1_197' title='bbox 2234 1168 2340 1222; x_wconf 89' lang='lat' dir='ltr'><strong>qua</strong></span> <span class='ocrx_word' id='word_1_198' title='bbox 2366 1152 2480 1223; x_wconf 85' lang='lat' dir='ltr'><strong>jam</strong></span> <span class='ocrx_word' id='word_1_199' title='bbox 2510 1156 2654 1210; x_wconf 87' lang='lat' dir='ltr'><strong>inter</strong></span> <span class='ocrx_word' id='word_1_200' title='bbox 2680 1156 2933 1213; x_wconf 85' lang='lat' dir='ltr'><strong>consules</strong></span> <span class='ocrx_word' id='word_1_201' title='bbox 2951 1157 3073 1213; x_wconf 65' lang='grc' dir='ltr'><strong>εαξη</strong></span> <span class='ocrx_word' id='word_1_202' title='bbox 3107 1158 3322 1221; x_wconf 86' lang='lat' dir='ltr'><strong>residet,</strong></span> <span class='ocrx_word' id='word_1_203' title='bbox 3353 1158 3407 1212; x_wconf 92' lang='lat' dir='ltr'><strong>in</strong></span> <span class='ocrx_word' id='word_1_204' title='bbox 3440 1158 3544 1212; x_wconf 88' lang='lat' dir='ltr'><strong>hac</strong></span> <span class='ocrx_word' id='word_1_205' title='bbox 3566 1157 3796 1213; x_wconf 73' lang='lat' dir='ltr'><strong>convalli:</strong></span> 
     </span>
    </p>
   </div>
   <div class='ocr_carea' id='block_1_28' title="bbox 2236 1244 3796 1320">
    <p class='ocr_par' dir='ltr' id='par_1_28' title="bbox 2236 1244 3796 1320">
     <span class='ocr_line' id='line_1_28' title="bbox 2236 1244 3796 1320; baseline 0.004 -23"><span class='ocrx_word' id='word_1_206' title='bbox 2236 1244 2594 1316; x_wconf 81' lang='lat' dir='ltr'><strong>lacrymarum</strong></span> <span class='ocrx_word' id='word_1_207' title='bbox 2624 1262 2786 1315; x_wconf 88' lang='lat' dir='ltr'><strong>quam</strong></span> <span class='ocrx_word' id='word_1_208' title='bbox 2816 1248 2989 1302; x_wconf 85' lang='lat' dir='ltr'><strong>evasit</strong></span> <span class='ocrx_word' id='word_1_209' title='bbox 3024 1248 3111 1320; x_wconf 92' lang='lat' dir='ltr'><strong>pie</strong></span> <span class='ocrx_word' id='word_1_210' title='bbox 3147 1248 3436 1319; x_wconf 82' lang='lat' dir='ltr'><strong>respiciat;</strong></span> <span class='ocrx_word' id='word_1_211' title='bbox 3482 1247 3796 1320; x_wconf 68' lang='lat' dir='ltr'><strong>singulorum</strong></span> 
     </span>
    </p>
   </div>
   <div class='ocr_carea' id='block_1_29' title="bbox 2198 1342 3800 1417">
    <p class='ocr_par' dir='ltr' id='par_1_29' title="bbox 2198 1342 3800 1417">
     <span class='ocr_line' id='line_1_29' title="bbox 2198 1342 3800 1417; baseline 0.001 -21"><span class='ocrx_word' id='word_1_212' title='bbox 2198 1372 2203 1375; x_wconf 85' lang='lat'><strong><em>-</em></strong></span> <span class='ocrx_word' id='word_1_213' title='bbox 2235 1358 2425 1411; x_wconf 88' lang='lat' dir='ltr'><strong>preces</strong></span> <span class='ocrx_word' id='word_1_214' title='bbox 2463 1342 2743 1408; x_wconf 70' lang='lat' dir='ltr'><strong>exaudiat,</strong></span> <span class='ocrx_word' id='word_1_215' title='bbox 2799 1344 3146 1415; x_wconf 89' lang='lat' dir='ltr'><strong>omniumque</strong></span> <span class='ocrx_word' id='word_1_216' title='bbox 3187 1344 3543 1417; x_wconf 82' lang='lat' dir='ltr'><strong>necessitates</strong></span> <span class='ocrx_word' id='word_1_217' title='bbox 3595 1344 3729 1414; x_wconf 85' lang='lat' dir='ltr'><strong>apud</strong></span> <span class='ocrx_word' id='word_1_218' title='bbox 3760 1354 3800 1398; x_wconf 84' lang='lat' dir='ltr'><strong>te</strong></span> 
     </span>
    </p>
   </div>
   <div class='ocr_carea' id='block_1_30' title="bbox 2202 1433 3801 1505">
    <p class='ocr_par' dir='ltr' id='par_1_30' title="bbox 2202 1433 3801 1505">
     <span class='ocr_line' id='line_1_30' title="bbox 2202 1433 3801 1505; baseline 0.003 -20"><span class='ocrx_word' id='word_1_219' title='bbox 2202 1500 2207 1505; x_wconf 94' lang='lat'><em>_</em></span> <span class='ocrx_word' id='word_1_220' title='bbox 2233 1433 2504 1503; x_wconf 77' lang='lat' dir='ltr'><strong>expediat,</strong></span> <span class='ocrx_word' id='word_1_221' title='bbox 2531 1442 2819 1504; x_wconf 81' lang='lat' dir='ltr'><strong>praestante</strong></span> <span class='ocrx_word' id='word_1_222' title='bbox 2842 1435 3070 1490; x_wconf 87' lang='lat' dir='ltr'><strong>Domino</strong></span> <span class='ocrx_word' id='word_1_223' title='bbox 3090 1445 3278 1490; x_wconf 89' lang='lat' dir='ltr'><strong>nostro</strong></span> <span class='ocrx_word' id='word_1_224' title='bbox 3299 1433 3431 1489; x_wconf 80' lang='lat' dir='ltr'><strong>Jesu</strong></span> <span class='ocrx_word' id='word_1_225' title='bbox 3451 1434 3677 1493; x_wconf 86' lang='lat' dir='ltr'><strong>Christo</strong></span> <span class='ocrx_word' id='word_1_226' title='bbox 3692 1434 3801 1490; x_wconf 79' lang='lat' dir='ltr'><strong>Filio</strong></span> 
     </span>
    </p>
   </div>
   <div class='ocr_carea' id='block_1_31' title="bbox 2235 1524 3795 1598">
    <p class='ocr_par' dir='ltr' id='par_1_31' title="bbox 2235 1524 3795 1598">
     <span class='ocr_line' id='line_1_31' title="bbox 2235 1524 3795 1598; baseline 0.001 -20"><span class='ocrx_word' id='word_1_227' title='bbox 2235 1532 2346 1586; x_wconf 88' lang='lat' dir='ltr'><strong>tuo,</strong></span> <span class='ocrx_word' id='word_1_228' title='bbox 2378 1526 2468 1595; x_wconf 91' lang='lat' dir='ltr'><strong>qui</strong></span> <span class='ocrx_word' id='word_1_229' title='bbox 2521 1535 2716 1591; x_wconf 88' lang='lat' dir='ltr'><strong>tecum,</strong></span> <span class='ocrx_word' id='word_1_230' title='bbox 2748 1541 2871 1583; x_wconf 89' lang='lat' dir='ltr'><strong>cum</strong></span> <span class='ocrx_word' id='word_1_231' title='bbox 2898 1524 3101 1598; x_wconf 87' lang='lat' dir='ltr'><strong>Spiritu</strong></span> <span class='ocrx_word' id='word_1_232' title='bbox 3123 1535 3335 1591; x_wconf 87' lang='lat' dir='ltr'><strong>sancto,</strong></span> <span class='ocrx_word' id='word_1_233' title='bbox 3362 1526 3502 1581; x_wconf 82' lang='lat' dir='ltr'><strong>vivit</strong></span> <span class='ocrx_word' id='word_1_234' title='bbox 3538 1534 3597 1580; x_wconf 85' lang='lat' dir='ltr'><strong>et</strong></span> <span class='ocrx_word' id='word_1_235' title='bbox 3619 1525 3795 1594; x_wconf 79' lang='lat' dir='ltr'><strong>gloria-</strong></span> 
     </span>
    </p>
   </div>
   <div class='ocr_carea' id='block_1_32' title="bbox 2235 1615 3684 1688">
    <p class='ocr_par' dir='ltr' id='par_1_32' title="bbox 2235 1615 3684 1688">
     <span class='ocr_line' id='line_1_32' title="bbox 2235 1615 3684 1688; baseline 0 -19"><span class='ocrx_word' id='word_1_236' title='bbox 2235 1625 2319 1672; x_wconf 90' lang='lat' dir='ltr'><strong>tur</strong></span> <span class='ocrx_word' id='word_1_237' title='bbox 2343 1615 2506 1682; x_wconf 88' lang='lat' dir='ltr'><strong>Deus,</strong></span> <span class='ocrx_word' id='word_1_238' title='bbox 2537 1632 2633 1688; x_wconf 91' lang='lat' dir='ltr'><strong>per</strong></span> <span class='ocrx_word' id='word_1_239' title='bbox 2657 1616 2867 1673; x_wconf 83' lang='lat' dir='ltr'><strong>infinita</strong></span> <span class='ocrx_word' id='word_1_240' title='bbox 2889 1620 3084 1675; x_wconf 68' lang='lat' dir='ltr'><strong>saecula</strong></span> <span class='ocrx_word' id='word_1_241' title='bbox 3111 1616 3454 1687; x_wconf 64' lang='lat' dir='ltr'><strong>seculorum.</strong></span> <span class='ocrx_word' id='word_1_242' title='bbox 3482 1618 3684 1673; x_wconf 84' lang='lat' dir='ltr'><strong>Amen.</strong></span> 
     </span>
    </p>
   </div>
   <div class='ocr_carea' id='block_1_33' title="bbox 550 1694 3801 1779">
    <p class='ocr_par' dir='ltr' id='par_1_33' title="bbox 550 1694 3801 1779">
     <span class='ocr_line' id='line_1_33' title="bbox 550 1694 3801 1779; baseline 0.004 -28"><span class='ocrx_word' id='word_1_243' title='bbox 550 1716 670 1769; x_wconf 70' lang='lat' dir='ltr'><strong>qua:</strong></span> <span class='ocrx_word' id='word_1_244' title='bbox 718 1702 773 1756; x_wconf 85' lang='lat' dir='ltr'><strong>in</strong></span> <span class='ocrx_word' id='word_1_245' title='bbox 818 1702 1040 1779; x_wconf 74' lang='lat' dir='ltr'><strong>dextera</strong></span> <span class='ocrx_word' id='word_1_246' title='bbox 1068 1704 1284 1761; x_wconf 80' lang='lat' dir='ltr'><strong>Domini</strong></span> <span class='ocrx_word' id='word_1_247' title='bbox 1328 1706 1671 1776; x_wconf 87' lang='lat' dir='ltr'><strong>repleverunt</strong></span> <span class='ocrx_word' id='word_1_248' title='bbox 1699 1722 1824 1762; x_wconf 90' lang='lat' dir='ltr'><strong>eum</strong></span> <span class='ocrx_word' id='word_1_249' title='bbox 1872 1722 2043 1777; x_wconf 88' lang='lat' dir='ltr'><strong>usque</strong></span> <span class='ocrx_word' id='word_1_250' title='bbox 2072 1708 2127 1762; x_wconf 89' lang='lat' dir='ltr'><strong>in</strong></span> <span class='ocrx_word' id='word_1_251' title='bbox 2164 1694 2205 1751; x_wconf 77' lang='grc' dir='ltr'><strong>Β</strong></span> <span class='ocrx_word' id='word_1_252' title='bbox 2304 1708 2394 1762; x_wconf 73' lang='lat' dir='ltr'><strong>lx.</strong></span> <span class='ocrx_word' id='word_1_253' title='bbox 2453 1707 2721 1773; x_wconf 75' lang='lat' dir='ltr'><strong>Yelociter</strong></span> <span class='ocrx_word' id='word_1_254' title='bbox 2765 1724 2918 1778; x_wconf 88' lang='lat' dir='ltr'><strong>sane,</strong></span> <span class='ocrx_word' id='word_1_255' title='bbox 2966 1711 3107 1767; x_wconf 88' lang='lat' dir='ltr'><strong>sicut</strong></span> <span class='ocrx_word' id='word_1_256' title='bbox 3153 1710 3221 1767; x_wconf 90' lang='lat' dir='ltr'><strong>de</strong></span> <span class='ocrx_word' id='word_1_257' title='bbox 3263 1710 3560 1767; x_wconf 76' lang='lat' dir='ltr'><strong>excellenti</strong></span> <span class='ocrx_word' id='word_1_258' title='bbox 3593 1726 3801 1779; x_wconf 80' lang='lat' dir='ltr'><strong>persona</strong></span> 
     </span>
    </p>
   </div>
   <div class='ocr_carea' id='block_1_34' title="bbox 551 1777 2127 1870">
    <p class='ocr_par' dir='ltr' id='par_1_34' title="bbox 551 1777 2127 1870">
     <span class='ocr_line' id='line_1_34' title="bbox 551 1777 2127 1870; baseline 0.006 -25"><span class='ocrx_word' id='word_1_259' title='bbox 551 1797 732 1859; x_wconf 87' lang='lat' dir='ltr'><strong>tinem,</strong></span> <span class='ocrx_word' id='word_1_260' title='bbox 788 1794 967 1851; x_wconf 90' lang='lat' dir='ltr'><strong>nullus</strong></span> <span class='ocrx_word' id='word_1_261' title='bbox 993 1777 1246 1852; x_wconf 65' lang='lat' dir='ltr'><strong>itostrum</strong></span> <span class='ocrx_word' id='word_1_262' title='bbox 1299 1813 1405 1853; x_wconf 92' lang='lat' dir='ltr'><strong>non</strong></span> <span class='ocrx_word' id='word_1_263' title='bbox 1442 1799 1563 1854; x_wconf 89' lang='lat' dir='ltr'><strong>dico</strong></span> <span class='ocrx_word' id='word_1_264' title='bbox 1596 1799 1778 1854; x_wconf 85' lang='lat' dir='ltr'><strong>verbis</strong></span> <span class='ocrx_word' id='word_1_265' title='bbox 1834 1799 2127 1870; x_wconf 72' lang='lat' dir='ltr'><strong>explicare,</strong></span> 
     </span>
    </p>
   </div>
   <div class='ocr_carea' id='block_1_35' title="bbox 550 1885 2130 1963">
    <p class='ocr_par' dir='ltr' id='par_1_35' title="bbox 550 1885 2130 1963">
     <span class='ocr_line' id='line_1_35' title="bbox 550 1885 2130 1963; baseline 0.006 -26"><span class='ocrx_word' id='word_1_266' title='bbox 550 1885 642 1937; x_wconf 66' lang='lat' dir='ltr'><strong>sed</strong></span> <span class='ocrx_word' id='word_1_267' title='bbox 674 1900 773 1941; x_wconf 86' lang='lat' dir='ltr'><strong>nec</strong></span> <span class='ocrx_word' id='word_1_268' title='bbox 797 1901 958 1942; x_wconf 86' lang='lat' dir='ltr'><strong>sensu</strong></span> <span class='ocrx_word' id='word_1_269' title='bbox 990 1889 1211 1957; x_wconf 87' lang='lat' dir='ltr'><strong>quidem</strong></span> <span class='ocrx_word' id='word_1_270' title='bbox 1237 1890 1503 1960; x_wconf 79' lang='lat' dir='ltr'><strong>attingere</strong></span> <span class='ocrx_word' id='word_1_271' title='bbox 1523 1890 1686 1956; x_wconf 89' lang='lat' dir='ltr'><strong>valet,</strong></span> <span class='ocrx_word' id='word_1_272' title='bbox 1712 1891 1816 1948; x_wconf 91' lang='lat' dir='ltr'><strong>nisi</strong></span> <span class='ocrx_word' id='word_1_273' title='bbox 1840 1890 1981 1955; x_wconf 80' lang='lat' dir='ltr'><strong>forte</strong></span> <span class='ocrx_word' id='word_1_274' title='bbox 2005 1893 2130 1963; x_wconf 86' lang='lat' dir='ltr'><strong>qui-</strong></span> 
     </span>
    </p>
   </div>
   <div class='ocr_carea' id='block_1_36' title="bbox 508 1977 2130 2053">
    <p class='ocr_par' dir='ltr' id='par_1_36' title="bbox 508 1977 2130 2053">
     <span class='ocr_line' id='line_1_36' title="bbox 508 1977 2130 2053; baseline 0.009 -28"><span class='ocrx_word' id='word_1_275' title='bbox 508 2018 513 2025; x_wconf 92' lang='lat'><strong>.</strong></span> <span class='ocrx_word' id='word_1_276' title='bbox 548 1977 679 2031; x_wconf 83' lang='lat' dir='ltr'><strong>libet</strong></span> <span class='ocrx_word' id='word_1_277' title='bbox 715 1978 767 2032; x_wconf 89' lang='lat' dir='ltr'><strong>iu</strong></span> <span class='ocrx_word' id='word_1_278' title='bbox 809 1979 988 2048; x_wconf 82' lang='lat' dir='ltr'><strong>seipse</strong></span> <span class='ocrx_word' id='word_1_279' title='bbox 1027 1980 1296 2050; x_wconf 87' lang='lat' dir='ltr'><strong>sentiscit,</strong></span> <span class='ocrx_word' id='word_1_280' title='bbox 1332 1982 1463 2053; x_wconf 88' lang='lat' dir='ltr'><strong>quid</strong></span> <span class='ocrx_word' id='word_1_281' title='bbox 1490 1992 1576 2039; x_wconf 87' lang='lat' dir='ltr'><strong>est</strong></span> <span class='ocrx_word' id='word_1_282' title='bbox 1598 1981 1873 2040; x_wconf 86' lang='lat' dir='ltr'><strong>delectare</strong></span> <span class='ocrx_word' id='word_1_283' title='bbox 1899 1983 1957 2039; x_wconf 92' lang='lat' dir='ltr'><strong>in</strong></span> <span class='ocrx_word' id='word_1_284' title='bbox 1985 1983 2130 2040; x_wconf 90' lang='lat' dir='ltr'><strong>salu-</strong></span> 
     </span>
    </p>
   </div>
   <div class='ocr_carea' id='block_1_37' title="bbox 549 2070 809 2127">
    <p class='ocr_par' dir='ltr' id='par_1_37' title="bbox 549 2070 809 2127">
     <span class='ocr_line' id='line_1_37' title="bbox 549 2070 809 2127; baseline 0.031 -8"><span class='ocrx_word' id='word_1_285' title='bbox 549 2078 665 2124; x_wconf 89' lang='lat' dir='ltr'><strong>tare</strong></span> <span class='ocrx_word' id='word_1_286' title='bbox 694 2070 809 2127; x_wconf 92' lang='lat' dir='ltr'><strong>Dei.</strong></span> 
     </span>
    </p>
   </div>
   <div class='ocr_carea' id='block_1_38' title="bbox 621 2160 2125 2241">
    <p class='ocr_par' dir='ltr' id='par_1_38' title="bbox 621 2160 2125 2241">
     <span class='ocr_line' id='line_1_38' title="bbox 621 2160 2125 2241; baseline 0.006 -25"><span class='ocrx_word' id='word_1_287' title='bbox 621 2160 749 2218; x_wconf 82' lang='lat' dir='ltr'><strong>Vlll.</strong></span> <span class='ocrx_word' id='word_1_288' title='bbox 803 2165 980 2223; x_wconf 82' lang='lat' dir='ltr'><strong>Porro</strong></span> <span class='ocrx_word' id='word_1_289' title='bbox 1017 2177 1198 2225; x_wconf 91' lang='lat' dir='ltr'><strong>autem</strong></span> <span class='ocrx_word' id='word_1_290' title='bbox 1251 2171 1380 2241; x_wconf 85' lang='lat' dir='ltr'><strong>quia</strong></span> <span class='ocrx_word' id='word_1_291' title='bbox 1426 2171 1570 2228; x_wconf 89' lang='lat' dir='ltr'><strong>Deus</strong></span> <span class='ocrx_word' id='word_1_292' title='bbox 1626 2172 1893 2228; x_wconf 85' lang='lat' dir='ltr'><strong>mirabilis</strong></span> <span class='ocrx_word' id='word_1_293' title='bbox 1935 2180 2020 2228; x_wconf 90' lang='lat' dir='ltr'><strong>est</strong></span> <span class='ocrx_word' id='word_1_294' title='bbox 2074 2172 2125 2229; x_wconf 91' lang='lat' dir='ltr'><strong>in</strong></span> 
     </span>
    </p>
   </div>
   <div class='ocr_carea' id='block_1_39' title="bbox 545 2256 2124 2333">
    <p class='ocr_par' dir='ltr' id='par_1_39' title="bbox 545 2256 2124 2333">
     <span class='ocr_line' id='line_1_39' title="bbox 545 2256 2124 2333; baseline 0.007 -26"><span class='ocrx_word' id='word_1_295' title='bbox 545 2256 751 2311; x_wconf 78' lang='lat' dir='ltr'><strong>sanctis</strong></span> <span class='ocrx_word' id='word_1_296' title='bbox 799 2258 936 2323; x_wconf 87' lang='lat' dir='ltr'><strong>suis,</strong></span> <span class='ocrx_word' id='word_1_297' title='bbox 982 2259 1036 2313; x_wconf 91' lang='lat' dir='ltr'><strong>in</strong></span> <span class='ocrx_word' id='word_1_298' title='bbox 1085 2261 1282 2330; x_wconf 89' lang='lat' dir='ltr'><strong>quibus</strong></span> <span class='ocrx_word' id='word_1_299' title='bbox 1318 2277 1442 2317; x_wconf 89' lang='lat' dir='ltr'><strong>eum</strong></span> <span class='ocrx_word' id='word_1_300' title='bbox 1472 2263 1695 2319; x_wconf 87' lang='lat' dir='ltr'><strong>laudare</strong></span> <span class='ocrx_word' id='word_1_301' title='bbox 1735 2263 2124 2333; x_wconf 88' lang='lat' dir='ltr'><strong>jubemur,di-</strong></span> 
     </span>
    </p>
   </div>
   <div class='ocr_carea' id='block_1_40' title="bbox 549 2346 2128 2424">
    <p class='ocr_par' dir='ltr' id='par_1_40' title="bbox 549 2346 2128 2424">
     <span class='ocr_line' id='line_1_40' title="bbox 549 2346 2128 2424; baseline 0.006 -25"><span class='ocrx_word' id='word_1_302' title='bbox 549 2354 708 2402; x_wconf 74' lang='lat' dir='ltr'><strong>rente</strong></span> <span class='ocrx_word' id='word_1_303' title='bbox 751 2346 1034 2419; x_wconf 90' lang='lat' dir='ltr'><strong>Scriptura</strong></span> <span class='ocrx_word' id='word_1_304' title='bbox 1065 2364 1080 2403; x_wconf 88' lang='lat'><strong>:</strong></span> <span class='ocrx_word' id='word_1_305' title='bbox 1110 2348 1350 2407; x_wconf 85' lang='lat' dir='ltr'><strong>Laudnte</strong></span> <span class='ocrx_word' id='word_1_306' title='bbox 1399 2352 1681 2408; x_wconf 84' lang='lat' dir='ltr'><strong>Dominum</strong></span> <span class='ocrx_word' id='word_1_307' title='bbox 1708 2354 1765 2408; x_wconf 78' lang='lat' dir='ltr'><strong>in</strong></span> <span class='ocrx_word' id='word_1_308' title='bbox 1792 2355 1989 2411; x_wconf 77' lang='lat' dir='ltr'><strong>sanctis</strong></span> <span class='ocrx_word' id='word_1_309' title='bbox 2011 2355 2128 2424; x_wconf 84' lang='lat' dir='ltr'><strong>ejus</strong></span> 
     </span>
    </p>
   </div>
   <div class='ocr_carea' id='block_1_41' title="bbox 543 2433 2127 2514">
    <p class='ocr_par' dir='ltr' id='par_1_41' title="bbox 543 2433 2127 2514">
     <span class='ocr_line' id='line_1_41' title="bbox 543 2433 2127 2514; baseline 0.008 -26"><span class='ocrx_word' id='word_1_310' title='bbox 543 2433 716 2501; x_wconf 74' lang='lat' dir='ltr'><strong>(Psal.</strong></span> <span class='ocrx_word' id='word_1_311' title='bbox 762 2453 848 2505; x_wconf 71' lang='lat' dir='ltr'><strong>cs,</strong></span> <span class='ocrx_word' id='word_1_312' title='bbox 905 2440 980 2510; x_wconf 88' lang='grc'><strong>1),</strong></span> <span class='ocrx_word' id='word_1_313' title='bbox 1022 2440 1244 2506; x_wconf 87' lang='lat' dir='ltr'><strong>idcirco,</strong></span> <span class='ocrx_word' id='word_1_314' title='bbox 1295 2458 1328 2497; x_wconf 95' lang='lat' dir='ltr'><strong>o</strong></span> <span class='ocrx_word' id='word_1_315' title='bbox 1387 2443 1544 2499; x_wconf 85' lang='lat' dir='ltr'><strong>beate</strong></span> <span class='ocrx_word' id='word_1_316' title='bbox 1606 2443 1836 2501; x_wconf 83' lang='lat' dir='ltr'><strong>Geralde</strong></span> <span class='ocrx_word' id='word_1_317' title='bbox 1863 2484 1879 2508; x_wconf 94' lang='lat'><strong>,</strong></span> <span class='ocrx_word' id='word_1_318' title='bbox 1940 2445 2127 2514; x_wconf 89' lang='lat' dir='ltr'><strong>quales</strong></span> 
     </span>
    </p>
   </div>
   <div class='ocr_carea' id='block_1_42' title="bbox 543 2530 2124 2604">
    <p class='ocr_par' dir='ltr' id='par_1_42' title="bbox 543 2530 2124 2604">
     <span class='ocr_line' id='line_1_42' title="bbox 543 2530 2124 2604; baseline 0.008 -23"><span class='ocrx_word' id='word_1_319' title='bbox 543 2542 831 2595; x_wconf 85' lang='lat' dir='ltr'><strong>possumus</strong></span> <span class='ocrx_word' id='word_1_320' title='bbox 894 2530 1184 2588; x_wconf 83' lang='lat' dir='ltr'><strong>referimus</strong></span> <span class='ocrx_word' id='word_1_321' title='bbox 1250 2533 1326 2591; x_wconf 89' lang='lat' dir='ltr'><strong>illi</strong></span> <span class='ocrx_word' id='word_1_322' title='bbox 1381 2549 1479 2604; x_wconf 89' lang='lat' dir='ltr'><strong>pro</strong></span> <span class='ocrx_word' id='word_1_323' title='bbox 1524 2544 1597 2589; x_wconf 92' lang='lat' dir='ltr'><strong>te.</strong></span> <span class='ocrx_word' id='word_1_324' title='bbox 1645 2534 1954 2592; x_wconf 85' lang='lat' dir='ltr'><strong>Laudantes</strong></span> <span class='ocrx_word' id='word_1_325' title='bbox 2001 2552 2124 2593; x_wconf 91' lang='lat' dir='ltr'><strong>eum</strong></span> 
     </span>
    </p>
   </div>
   <div class='ocr_carea' id='block_1_43' title="bbox 542 2619 2123 2698">
    <p class='ocr_par' dir='ltr' id='par_1_43' title="bbox 542 2619 2123 2698">
     <span class='ocr_line' id='line_1_43' title="bbox 542 2619 2123 2698; baseline 0.007 -29"><span class='ocrx_word' id='word_1_326' title='bbox 542 2619 691 2685; x_wconf 81' lang='lat' dir='ltr'><strong>quod</strong></span> <span class='ocrx_word' id='word_1_327' title='bbox 744 2619 910 2692; x_wconf 79' lang='lat' dir='ltr'><strong>elegit</strong></span> <span class='ocrx_word' id='word_1_328' title='bbox 972 2629 1064 2687; x_wconf 88' lang='lat' dir='ltr'><strong>te,</strong></span> <span class='ocrx_word' id='word_1_329' title='bbox 1112 2632 1170 2677; x_wconf 93' lang='lat' dir='ltr'><strong>et</strong></span> <span class='ocrx_word' id='word_1_330' title='bbox 1234 2625 1377 2693; x_wconf 89' lang='lat' dir='ltr'><strong>quod</strong></span> <span class='ocrx_word' id='word_1_331' title='bbox 1441 2624 1762 2695; x_wconf 83' lang='lat' dir='ltr'><strong>jttstilicavit</strong></span> <span class='ocrx_word' id='word_1_332' title='bbox 1834 2636 1920 2693; x_wconf 90' lang='lat' dir='ltr'><strong>te;</strong></span> <span class='ocrx_word' id='word_1_333' title='bbox 1980 2628 2123 2698; x_wconf 85' lang='lat' dir='ltr'><strong>quod</strong></span> 
     </span>
    </p>
   </div>
   <div class='ocr_carea' id='block_1_44' title="bbox 545 2707 2127 2788">
    <p class='ocr_par' dir='ltr' id='par_1_44' title="bbox 545 2707 2127 2788">
     <span class='ocr_line' id='line_1_44' title="bbox 545 2707 2127 2788; baseline 0.006 -27"><span class='ocrx_word' id='word_1_334' title='bbox 545 2707 977 2766; x_wconf 85' lang='lat' dir='ltr'><strong>misericordiam</strong></span> <span class='ocrx_word' id='word_1_335' title='bbox 1027 2727 1183 2768; x_wconf 89' lang='lat' dir='ltr'><strong>suam</strong></span> <span class='ocrx_word' id='word_1_336' title='bbox 1229 2714 1542 2770; x_wconf 89' lang='lat' dir='ltr'><strong>mirillcavit</strong></span> <span class='ocrx_word' id='word_1_337' title='bbox 1588 2716 1641 2770; x_wconf 88' lang='lat' dir='ltr'><strong>itt</strong></span> <span class='ocrx_word' id='word_1_338' title='bbox 1689 2725 1793 2781; x_wconf 71' lang='lat' dir='ltr'><strong>te,</strong></span> <span class='ocrx_word' id='word_1_339' title='bbox 1830 2717 1977 2787; x_wconf 89' lang='lat' dir='ltr'><strong>quod</strong></span> <span class='ocrx_word' id='word_1_340' title='bbox 2028 2733 2127 2788; x_wconf 76' lang='lat' dir='ltr'><strong>per</strong></span> 
     </span>
    </p>
   </div>
   <div class='ocr_carea' id='block_1_45' title="bbox 545 2801 2126 2907">
    <p class='ocr_par' dir='ltr' id='par_1_45' title="bbox 545 2801 2126 2907">
     <span class='ocr_line' id='line_1_45' title="bbox 545 2801 2126 2907; baseline 0.008 -53"><span class='ocrx_word' id='word_1_341' title='bbox 545 2801 668 2856; x_wconf 84' lang='lat' dir='ltr'><strong>vias</strong></span> <span class='ocrx_word' id='word_1_342' title='bbox 709 2812 885 2860; x_wconf 86' lang='lat' dir='ltr'><strong>rectas</strong></span> <span class='ocrx_word' id='word_1_343' title='bbox 931 2805 1154 2861; x_wconf 85' lang='lat' dir='ltr'><strong>deduxit</strong></span> <span class='ocrx_word' id='word_1_344' title='bbox 1200 2815 1289 2872; x_wconf 90' lang='lat' dir='ltr'><strong>te,</strong></span> <span class='ocrx_word' id='word_1_345' title='bbox 1334 2809 1480 2878; x_wconf 86' lang='lat' dir='ltr'><strong>quod</strong></span> <span class='ocrx_word' id='word_1_346' title='bbox 1532 2808 1766 2867; x_wconf 90' lang='lat' dir='ltr'><strong>fructum</strong></span> <span class='ocrx_word' id='word_1_347' title='bbox 1828 2810 1901 2865; x_wconf 91' lang='lat' dir='ltr'><strong>tui</strong></span> <span class='ocrx_word' id='word_1_348' title='bbox 1934 2812 2126 2907; x_wconf 73' lang='lat' dir='ltr'><strong>operis</strong></span> 
     </span>
    </p>
   </div>
   <div class='ocr_carea' id='block_1_46' title="bbox 546 2893 2126 2973">
    <p class='ocr_par' dir='ltr' id='par_1_46' title="bbox 546 2893 2126 2973">
     <span class='ocr_line' id='line_1_46' title="bbox 546 2893 2126 2973; baseline 0.009 -27"><span class='ocrx_word' id='word_1_349' title='bbox 546 2893 777 2957; x_wconf 80' lang='lat' dir='ltr'><strong>inveniri</strong></span> <span class='ocrx_word' id='word_1_350' title='bbox 832 2896 962 2953; x_wconf 88' lang='lat' dir='ltr'><strong>fecit</strong></span> <span class='ocrx_word' id='word_1_351' title='bbox 1003 2898 1135 2968; x_wconf 88' lang='lat' dir='ltr'><strong>ipse,</strong></span> <span class='ocrx_word' id='word_1_352' title='bbox 1166 2908 1223 2956; x_wconf 92' lang='lat' dir='ltr'><strong>et</strong></span> <span class='ocrx_word' id='word_1_353' title='bbox 1263 2909 1560 2972; x_wconf 86' lang='lat' dir='ltr'><strong>postremo,</strong></span> <span class='ocrx_word' id='word_1_354' title='bbox 1587 2903 1731 2972; x_wconf 87' lang='lat' dir='ltr'><strong>quod</strong></span> <span class='ocrx_word' id='word_1_355' title='bbox 1760 2917 1930 2973; x_wconf 91' lang='lat' dir='ltr'><strong>usque</strong></span> <span class='ocrx_word' id='word_1_356' title='bbox 1963 2893 2018 2959; x_wconf 70' lang='lat' dir='ltr'><strong>iit</strong></span> <span class='ocrx_word' id='word_1_357' title='bbox 2043 2920 2126 2960; x_wconf 91' lang='lat' dir='ltr'><strong>se-</strong></span> 
     </span>
    </p>
   </div>
   <div class='ocr_carea' id='block_1_47' title="bbox 548 2990 2124 3067">
    <p class='ocr_par' dir='ltr' id='par_1_47' title="bbox 548 2990 2124 3067">
     <span class='ocr_line' id='line_1_47' title="bbox 548 2990 2124 3067; baseline 0.005 -25"><span class='ocrx_word' id='word_1_358' title='bbox 548 2996 761 3042; x_wconf 80' lang='lat' dir='ltr'><strong>nectam</strong></span> <span class='ocrx_word' id='word_1_359' title='bbox 794 2998 848 3044; x_wconf 88' lang='lat' dir='ltr'><strong>et</strong></span> <span class='ocrx_word' id='word_1_360' title='bbox 886 2990 1097 3045; x_wconf 90' lang='lat' dir='ltr'><strong>senium</strong></span> <span class='ocrx_word' id='word_1_361' title='bbox 1128 3006 1234 3047; x_wconf 92' lang='lat' dir='ltr'><strong>non</strong></span> <span class='ocrx_word' id='word_1_362' title='bbox 1272 2992 1561 3065; x_wconf 88' lang='lat' dir='ltr'><strong>dereliquit</strong></span> <span class='ocrx_word' id='word_1_363' title='bbox 1606 3002 1677 3060; x_wconf 90' lang='lat' dir='ltr'><strong>te,</strong></span> <span class='ocrx_word' id='word_1_364' title='bbox 1708 3004 1763 3051; x_wconf 92' lang='lat' dir='ltr'><strong>et</strong></span> <span class='ocrx_word' id='word_1_365' title='bbox 1784 2995 1927 3066; x_wconf 90' lang='lat' dir='ltr'><strong>quod</strong></span> <span class='ocrx_word' id='word_1_366' title='bbox 1949 2997 2124 3067; x_wconf 88' lang='lat' dir='ltr'><strong>majus</strong></span> 
     </span>
    </p>
   </div>
   <div class='ocr_carea' id='block_1_48' title="bbox 545 3064 2196 3161">
    <p class='ocr_par' dir='ltr' id='par_1_48' title="bbox 545 3064 2196 3161">
     <span class='ocr_line' id='line_1_48' title="bbox 545 3064 2196 3161; baseline 0.007 -27"><span class='ocrx_word' id='word_1_367' title='bbox 545 3089 660 3146; x_wconf 89' lang='lat' dir='ltr'><strong>cst,</strong></span> <span class='ocrx_word' id='word_1_368' title='bbox 688 3082 813 3149; x_wconf 89' lang='lat' dir='ltr'><strong>quia</strong></span> <span class='ocrx_word' id='word_1_369' title='bbox 844 3083 989 3137; x_wconf 90' lang='lat' dir='ltr'><strong>inter</strong></span> <span class='ocrx_word' id='word_1_370' title='bbox 1020 3083 1162 3139; x_wconf 86' lang='lat' dir='ltr'><strong>filios</strong></span> <span class='ocrx_word' id='word_1_371' title='bbox 1211 3084 1305 3139; x_wconf 90' lang='lat' dir='ltr'><strong>Dei</strong></span> <span class='ocrx_word' id='word_1_372' title='bbox 1343 3064 1676 3157; x_wconf 88' lang='lat' dir='ltr'><strong>computavit</strong></span> <span class='ocrx_word' id='word_1_373' title='bbox 1708 3096 1777 3153; x_wconf 91' lang='lat' dir='ltr'><strong>te,</strong></span> <span class='ocrx_word' id='word_1_374' title='bbox 1804 3064 1864 3144; x_wconf 81' lang='lat' dir='ltr'><strong>et</strong></span> <span class='ocrx_word' id='word_1_375' title='bbox 1902 3064 2123 3161; x_wconf 75' lang='lat' dir='ltr'><strong>insuper</strong></span> <span class='ocrx_word' id='word_1_376' title='bbox 2152 3064 2196 3117; x_wconf 53' lang='grc' dir='ltr'><strong>(λ</strong></span> 
     </span>
    </p>
   </div>
   <div class='ocr_carea' id='block_1_49' title="bbox 502 3174 2123 3251">
    <p class='ocr_par' dir='ltr' id='par_1_49' title="bbox 502 3174 2123 3251">
     <span class='ocr_line' id='line_1_49' title="bbox 502 3174 2123 3251; baseline 0.008 -24"><span class='ocrx_word' id='word_1_377' title='bbox 502 3202 507 3209; x_wconf 89' lang='lat'><strong>-</strong></span> <span class='ocrx_word' id='word_1_378' title='bbox 546 3174 601 3227; x_wconf 90' lang='lat' dir='ltr'><strong>iu</strong></span> <span class='ocrx_word' id='word_1_379' title='bbox 627 3174 803 3229; x_wconf 85' lang='lat' dir='ltr'><strong>oculis</strong></span> <span class='ocrx_word' id='word_1_380' title='bbox 827 3176 1067 3230; x_wconf 88' lang='lat' dir='ltr'><strong>omnium</strong></span> <span class='ocrx_word' id='word_1_381' title='bbox 1091 3177 1355 3246; x_wconf 78' lang='lat' dir='ltr'><strong>gloriﬁcat</strong></span> <span class='ocrx_word' id='word_1_382' title='bbox 1392 3188 1461 3233; x_wconf 87' lang='lat' dir='ltr'><strong>te.</strong></span> <span class='ocrx_word' id='word_1_383' title='bbox 1491 3180 1563 3237; x_wconf 82' lang='lat' dir='ltr'><strong>At</strong></span> <span class='ocrx_word' id='word_1_384' title='bbox 1586 3195 1718 3237; x_wconf 87' lang='lat' dir='ltr'><strong>vero</strong></span> <span class='ocrx_word' id='word_1_385' title='bbox 1744 3182 1879 3251; x_wconf 83' lang='lat' dir='ltr'><strong>quia</strong></span> <span class='ocrx_word' id='word_1_386' title='bbox 1901 3193 2123 3240; x_wconf 88' lang='lat' dir='ltr'><strong>sanctos</strong></span> 
     </span>
    </p>
   </div>
   <div class='ocr_carea' id='block_1_50' title="bbox 521 3262 2120 3338">
    <p class='ocr_par' dir='ltr' id='par_1_50' title="bbox 521 3262 2120 3338">
     <span class='ocr_line' id='line_1_50' title="bbox 521 3262 2120 3338; baseline 0.008 -22"><span class='ocrx_word' id='word_1_387' title='bbox 521 3262 703 3318; x_wconf 68' lang='lat' dir='ltr'><strong>decet</strong></span> <span class='ocrx_word' id='word_1_388' title='bbox 730 3263 988 3329; x_wconf 58' lang='lat' dir='ltr'><strong>nudatio,</strong></span> <span class='ocrx_word' id='word_1_389' title='bbox 1016 3265 1082 3319; x_wconf 87' lang='lat' dir='ltr'><strong>ad</strong></span> <span class='ocrx_word' id='word_1_390' title='bbox 1119 3264 1332 3321; x_wconf 86' lang='lat' dir='ltr'><strong>laudem</strong></span> <span class='ocrx_word' id='word_1_391' title='bbox 1361 3267 1504 3324; x_wconf 90' lang='lat' dir='ltr'><strong>illius</strong></span> <span class='ocrx_word' id='word_1_392' title='bbox 1528 3268 1813 3326; x_wconf 84' lang='lat' dir='ltr'><strong>laudamus</strong></span> <span class='ocrx_word' id='word_1_393' title='bbox 1857 3271 2019 3327; x_wconf 89' lang='lat' dir='ltr'><strong>etiam</strong></span> <span class='ocrx_word' id='word_1_394' title='bbox 2048 3283 2120 3338; x_wconf 90' lang='lat' dir='ltr'><strong>te,</strong></span> 
     </span>
    </p>
   </div>
   <div class='ocr_carea' id='block_1_51' title="bbox 541 3354 2124 3432">
    <p class='ocr_par' dir='ltr' id='par_1_51' title="bbox 541 3354 2124 3432">
     <span class='ocr_line' id='line_1_51' title="bbox 541 3354 2124 3432; baseline 0.007 -23"><span class='ocrx_word' id='word_1_395' title='bbox 541 3356 672 3425; x_wconf 84' lang='lat' dir='ltr'><strong>quia</strong></span> <span class='ocrx_word' id='word_1_396' title='bbox 701 3354 1077 3424; x_wconf 78' lang='lat' dir='ltr'><strong>scilicetjuxta</strong></span> <span class='ocrx_word' id='word_1_397' title='bbox 1107 3355 1422 3423; x_wconf 83' lang='lat' dir='ltr'><strong>Jeremiam,</strong></span> <span class='ocrx_word' id='word_1_398' title='bbox 1447 3360 1635 3432; x_wconf 88' lang='lat' dir='ltr'><strong>jugum</strong></span> <span class='ocrx_word' id='word_1_399' title='bbox 1671 3361 1871 3417; x_wconf 83' lang='lat' dir='ltr'><strong>Christi</strong></span> <span class='ocrx_word' id='word_1_400' title='bbox 1898 3365 1964 3418; x_wconf 91' lang='lat' dir='ltr'><strong>ab</strong></span> <span class='ocrx_word' id='word_1_401' title='bbox 1995 3365 2124 3420; x_wconf 87' lang='lat' dir='ltr'><strong>ado-</strong></span> 
     </span>
    </p>
   </div>
   <div class='ocr_carea' id='block_1_52' title="bbox 541 3445 2121 3525">
    <p class='ocr_par' dir='ltr' id='par_1_52' title="bbox 541 3445 2121 3525">
     <span class='ocr_line' id='line_1_52' title="bbox 541 3445 2121 3525; baseline 0.007 -26"><span class='ocrx_word' id='word_1_402' title='bbox 541 3445 801 3501; x_wconf 83' lang='lat' dir='ltr'><strong>lescentia</strong></span> <span class='ocrx_word' id='word_1_403' title='bbox 829 3448 1081 3518; x_wconf 88' lang='lat' dir='ltr'><strong>portasti,</strong></span> <span class='ocrx_word' id='word_1_404' title='bbox 1111 3448 1235 3517; x_wconf 85' lang='lat' dir='ltr'><strong>quia</strong></span> <span class='ocrx_word' id='word_1_405' title='bbox 1261 3451 1490 3519; x_wconf 86' lang='lat' dir='ltr'><strong>gratiam</strong></span> <span class='ocrx_word' id='word_1_406' title='bbox 1536 3452 1835 3508; x_wconf 87' lang='lat' dir='ltr'><strong>vocationis</strong></span> <span class='ocrx_word' id='word_1_407' title='bbox 1870 3454 1989 3525; x_wconf 87' lang='lat' dir='ltr'><strong>ejus</strong></span> <span class='ocrx_word' id='word_1_408' title='bbox 2012 3471 2121 3513; x_wconf 87' lang='lat' dir='ltr'><strong>non</strong></span> 
     </span>
    </p>
   </div>
   <div class='ocr_carea' id='block_1_53' title="bbox 542 3539 2123 3617">
    <p class='ocr_par' dir='ltr' id='par_1_53' title="bbox 542 3539 2123 3617">
     <span class='ocr_line' id='line_1_53' title="bbox 542 3539 2123 3617; baseline 0.007 -25"><span class='ocrx_word' id='word_1_409' title='bbox 542 3539 803 3610; x_wconf 88' lang='lat' dir='ltr'><strong>recepisti.</strong></span> <span class='ocrx_word' id='word_1_410' title='bbox 844 3539 910 3613; x_wconf 74' lang='grc' dir='ltr'><strong>[ί.</strong></span> <span class='ocrx_word' id='word_1_411' title='bbox 958 3541 1259 3614; x_wconf 78' lang='lat' dir='ltr'><strong>sprevisti],</strong></span> <span class='ocrx_word' id='word_1_412' title='bbox 1312 3544 1443 3614; x_wconf 83' lang='lat' dir='ltr'><strong>quia</strong></span> <span class='ocrx_word' id='word_1_413' title='bbox 1486 3546 1967 3603; x_wconf 89' lang='lat' dir='ltr'><strong>commutationem</strong></span> <span class='ocrx_word' id='word_1_414' title='bbox 2025 3563 2123 3617; x_wconf 90' lang='lat' dir='ltr'><strong>pro</strong></span> 
     </span>
    </p>
   </div>
   <div class='ocr_carea' id='block_1_54' title="bbox 465 3631 2120 3711">
    <p class='ocr_par' dir='ltr' id='par_1_54' title="bbox 465 3631 2120 3711">
     <span class='ocr_line' id='line_1_54' title="bbox 465 3631 2120 3711; baseline 0.005 -27"><span class='ocrx_word' id='word_1_415' title='bbox 465 3644 476 3655; x_wconf 65' lang='grc' dir='ltr'>θ</span> <span class='ocrx_word' id='word_1_416' title='bbox 542 3631 721 3685; x_wconf 89' lang='lat' dir='ltr'><strong>anima</strong></span> <span class='ocrx_word' id='word_1_417' title='bbox 750 3638 841 3685; x_wconf 85' lang='lat' dir='ltr'><strong>tua</strong></span> <span class='ocrx_word' id='word_1_418' title='bbox 880 3647 985 3687; x_wconf 90' lang='lat' dir='ltr'><strong>non</strong></span> <span class='ocrx_word' id='word_1_419' title='bbox 1014 3632 1229 3699; x_wconf 88' lang='lat' dir='ltr'><strong>dedisti,</strong></span> <span class='ocrx_word' id='word_1_420' title='bbox 1259 3635 1383 3704; x_wconf 92' lang='lat' dir='ltr'><strong>quia</strong></span> <span class='ocrx_word' id='word_1_421' title='bbox 1414 3635 1642 3693; x_wconf 87' lang='lat' dir='ltr'><strong>salutem</strong></span> <span class='ocrx_word' id='word_1_422' title='bbox 1665 3637 1782 3711; x_wconf 87' lang='lat' dir='ltr'><strong>ejus</strong></span> <span class='ocrx_word' id='word_1_423' title='bbox 1812 3637 1864 3692; x_wconf 92' lang='lat' dir='ltr'><strong>in</strong></span> <span class='ocrx_word' id='word_1_424' title='bbox 1890 3654 2120 3695; x_wconf 88' lang='lat' dir='ltr'><strong>vacuum</strong></span> 
     </span>
    </p>
   </div>
   <div class='ocr_carea' id='block_1_55' title="bbox 541 3723 2124 3800">
    <p class='ocr_par' dir='ltr' id='par_1_55' title="bbox 541 3723 2124 3800">
     <span class='ocr_line' id='line_1_55' title="bbox 541 3723 2124 3800; baseline 0.007 -23"><span class='ocrx_word' id='word_1_425' title='bbox 541 3737 650 3778; x_wconf 88' lang='lat' dir='ltr'><strong>non</strong></span> <span class='ocrx_word' id='word_1_426' title='bbox 680 3723 960 3793; x_wconf 85' lang='lat' dir='ltr'><strong>accepisti,</strong></span> <span class='ocrx_word' id='word_1_427' title='bbox 990 3725 1113 3795; x_wconf 90' lang='lat' dir='ltr'><strong>quia</strong></span> <span class='ocrx_word' id='word_1_428' title='bbox 1137 3725 1324 3781; x_wconf 88' lang='lat' dir='ltr'><strong>intima</strong></span> <span class='ocrx_word' id='word_1_429' title='bbox 1355 3736 1465 3794; x_wconf 87' lang='lat' dir='ltr'><strong>tua,</strong></span> <span class='ocrx_word' id='word_1_430' title='bbox 1497 3744 1618 3800; x_wconf 72' lang='lat' dir='ltr'><strong>qua:</strong></span> <span class='ocrx_word' id='word_1_431' title='bbox 1660 3732 1729 3787; x_wconf 90' lang='lat' dir='ltr'><strong>de</strong></span> <span class='ocrx_word' id='word_1_432' title='bbox 1757 3747 1944 3792; x_wconf 86' lang='lat' dir='ltr'><strong>amore</strong></span> <span class='ocrx_word' id='word_1_433' title='bbox 1965 3732 2124 3789; x_wconf 82' lang='lat' dir='ltr'><strong>Chri—</strong></span> 
     </span>
    </p>
   </div>
   <div class='ocr_carea' id='block_1_56' title="bbox 540 3815 2122 3889">
    <p class='ocr_par' dir='ltr' id='par_1_56' title="bbox 540 3815 2122 3889">
     <span class='ocr_line' id='line_1_56' title="bbox 540 3815 2122 3889; baseline 0.006 -21"><span class='ocrx_word' id='word_1_434' title='bbox 540 3815 612 3869; x_wconf 89' lang='lat' dir='ltr'><strong>sti</strong></span> <span class='ocrx_word' id='word_1_435' title='bbox 634 3829 984 3885; x_wconf 89' lang='lat' dir='ltr'><strong>conceperas,</strong></span> <span class='ocrx_word' id='word_1_436' title='bbox 1027 3831 1133 3872; x_wconf 88' lang='lat' dir='ltr'><strong>non</strong></span> <span class='ocrx_word' id='word_1_437' title='bbox 1166 3817 1463 3887; x_wconf 89' lang='lat' dir='ltr'><strong>projecisti,</strong></span> <span class='ocrx_word' id='word_1_438' title='bbox 1498 3821 1625 3889; x_wconf 88' lang='lat' dir='ltr'><strong>quia</strong></span> <span class='ocrx_word' id='word_1_439' title='bbox 1653 3823 1965 3880; x_wconf 88' lang='lat' dir='ltr'><strong>tentationis</strong></span> <span class='ocrx_word' id='word_1_440' title='bbox 1987 3832 2122 3880; x_wconf 88' lang='lat' dir='ltr'><strong>tem-</strong></span> 
     </span>
    </p>
   </div>
   <div class='ocr_carea' id='block_1_57' title="bbox 536 3908 2119 3983">
    <p class='ocr_par' dir='ltr' id='par_1_57' title="bbox 536 3908 2119 3983">
     <span class='ocr_line' id='line_1_57' title="bbox 536 3908 2119 3983; baseline 0.007 -23"><span class='ocrx_word' id='word_1_441' title='bbox 536 3920 670 3976; x_wconf 89' lang='lat' dir='ltr'><strong>pore</strong></span> <span class='ocrx_word' id='word_1_442' title='bbox 697 3921 803 3962; x_wconf 92' lang='lat' dir='ltr'><strong>non</strong></span> <span class='ocrx_word' id='word_1_443' title='bbox 832 3908 1124 3973; x_wconf 84' lang='lat' dir='ltr'><strong>recessisti,</strong></span> <span class='ocrx_word' id='word_1_444' title='bbox 1159 3911 1284 3978; x_wconf 87' lang='lat' dir='ltr'><strong>quia</strong></span> <span class='ocrx_word' id='word_1_445' title='bbox 1324 3911 1376 3966; x_wconf 92' lang='lat' dir='ltr'><strong>in</strong></span> <span class='ocrx_word' id='word_1_446' title='bbox 1410 3923 1637 3969; x_wconf 76' lang='lat' dir='ltr'><strong>externa</strong></span> <span class='ocrx_word' id='word_1_447' title='bbox 1677 3915 1963 3983; x_wconf 74' lang='lat' dir='ltr'><strong>praesentis</strong></span> <span class='ocrx_word' id='word_1_448' title='bbox 1991 3916 2119 3981; x_wconf 70' lang='lat' dir='ltr'><strong>vita:</strong></span> 
     </span>
    </p>
   </div>
   <div class='ocr_carea' id='block_1_58' title="bbox 540 4000 2117 4073">
    <p class='ocr_par' dir='ltr' id='par_1_58' title="bbox 540 4000 2117 4073">
     <span class='ocr_line' id='line_1_58' title="bbox 540 4000 2117 4073; baseline 0.007 -21"><span class='ocrx_word' id='word_1_449' title='bbox 540 4000 730 4070; x_wconf 86' lang='lat' dir='ltr'><strong>gaudia</strong></span> <span class='ocrx_word' id='word_1_450' title='bbox 779 4010 831 4055; x_wconf 91' lang='lat' dir='ltr'><strong>te</strong></span> <span class='ocrx_word' id='word_1_451' title='bbox 871 4017 976 4056; x_wconf 91' lang='lat' dir='ltr'><strong>non</strong></span> <span class='ocrx_word' id='word_1_452' title='bbox 1017 4002 1274 4067; x_wconf 62' lang='lat' dir='ltr'><strong>eli-tulisti,</strong></span> <span class='ocrx_word' id='word_1_453' title='bbox 1322 4004 1446 4073; x_wconf 88' lang='lat' dir='ltr'><strong>quia</strong></span> <span class='ocrx_word' id='word_1_454' title='bbox 1488 4005 1688 4060; x_wconf 85' lang='lat' dir='ltr'><strong>bonum</strong></span> <span class='ocrx_word' id='word_1_455' title='bbox 1730 4004 1979 4065; x_wconf 86' lang='lat' dir='ltr'><strong>faciendo</strong></span> <span class='ocrx_word' id='word_1_456' title='bbox 2012 4024 2117 4065; x_wconf 90' lang='lat' dir='ltr'><strong>non</strong></span> 
     </span>
    </p>
   </div>
   <div class='ocr_carea' id='block_1_59' title="bbox 539 4088 2118 4169">
    <p class='ocr_par' dir='ltr' id='par_1_59' title="bbox 539 4088 2118 4169">
     <span class='ocr_line' id='line_1_59' title="bbox 539 4088 2118 4169; baseline 0.008 -26"><span class='ocrx_word' id='word_1_457' title='bbox 539 4088 806 4146; x_wconf 80' lang='lat' dir='ltr'><strong>deiecisti.</strong></span> <span class='ocrx_word' id='word_1_458' title='bbox 834 4090 1214 4148; x_wconf 85' lang='lat' dir='ltr'><strong>Verumtamen</strong></span> <span class='ocrx_word' id='word_1_459' title='bbox 1235 4102 1312 4160; x_wconf 92' lang='lat' dir='ltr'><strong>tu,</strong></span> <span class='ocrx_word' id='word_1_460' title='bbox 1331 4093 1554 4150; x_wconf 91' lang='lat' dir='ltr'><strong>Domine</strong></span> <span class='ocrx_word' id='word_1_461' title='bbox 1574 4094 1733 4160; x_wconf 84' lang='lat' dir='ltr'><strong>Deus,</strong></span> <span class='ocrx_word' id='word_1_462' title='bbox 1754 4104 1808 4150; x_wconf 91' lang='lat' dir='ltr'><strong>tu</strong></span> <span class='ocrx_word' id='word_1_463' title='bbox 1832 4112 1929 4166; x_wconf 92' lang='lat' dir='ltr'><strong>per</strong></span> <span class='ocrx_word' id='word_1_464' title='bbox 1945 4099 2118 4169; x_wconf 90' lang='lat' dir='ltr'><strong>ipsum</strong></span> 
     </span>
    </p>
   </div>
   <div class='ocr_carea' id='block_1_60' title="bbox 538 4182 2119 4254">
    <p class='ocr_par' dir='ltr' id='par_1_60' title="bbox 538 4182 2119 4254">
     <span class='ocr_line' id='line_1_60' title="bbox 538 4182 2119 4254; baseline 0.008 -23"><span class='ocrx_word' id='word_1_465' title='bbox 538 4187 741 4234; x_wconf 74' lang='lat' dir='ltr'><strong>nostra:</strong></span> <span class='ocrx_word' id='word_1_466' title='bbox 762 4182 1165 4252; x_wconf 66' lang='lat' dir='ltr'><strong>pmsumptioni</strong></span> <span class='ocrx_word' id='word_1_467' title='bbox 1193 4183 1431 4254; x_wconf 87' lang='lat' dir='ltr'><strong>ignosce.</strong></span> <span class='ocrx_word' id='word_1_468' title='bbox 1481 4183 1613 4239; x_wconf 83' lang='lat' dir='ltr'><strong>Nam</strong></span> <span class='ocrx_word' id='word_1_469' title='bbox 1641 4185 1695 4240; x_wconf 91' lang='lat' dir='ltr'><strong>in</strong></span> <span class='ocrx_word' id='word_1_470' title='bbox 1732 4186 1832 4247; x_wconf 86' lang='lat' dir='ltr'><strong>hac</strong></span> <span class='ocrx_word' id='word_1_471' title='bbox 1864 4187 2119 4249; x_wconf 87' lang='lat' dir='ltr'><strong>relatione</strong></span> 
     </span>
    </p>
   </div>
   <div class='ocr_carea' id='block_1_61' title="bbox 539 4272 2115 4347">
    <p class='ocr_par' dir='ltr' id='par_1_61' title="bbox 539 4272 2115 4347">
     <span class='ocr_line' id='line_1_61' title="bbox 539 4272 2115 4347; baseline 0.008 -25"><span class='ocrx_word' id='word_1_472' title='bbox 539 4282 820 4325; x_wconf 77' lang='lat' dir='ltr'><strong>excessum</strong></span> <span class='ocrx_word' id='word_1_473' title='bbox 850 4272 1222 4340; x_wconf 81' lang='lat' dir='ltr'><strong>formidamus,</strong></span> <span class='ocrx_word' id='word_1_474' title='bbox 1275 4276 1529 4345; x_wconf 86' lang='lat' dir='ltr'><strong>quoniam</strong></span> <span class='ocrx_word' id='word_1_475' title='bbox 1584 4276 1637 4331; x_wconf 89' lang='lat' dir='ltr'><strong>id</strong></span> <span class='ocrx_word' id='word_1_476' title='bbox 1673 4279 2021 4347; x_wconf 82' lang='lat' dir='ltr'><strong>tentavimus,</strong></span> <span class='ocrx_word' id='word_1_477' title='bbox 2049 4282 2115 4335; x_wconf 80' lang='lat' dir='ltr'><strong>ad</strong></span> 
     </span>
    </p>
   </div>
   <div class='ocr_carea' id='block_1_62' title="bbox 538 4362 2116 4437">
    <p class='ocr_par' dir='ltr' id='par_1_62' title="bbox 538 4362 2116 4437">
     <span class='ocr_line' id='line_1_62' title="bbox 538 4362 2116 4437; baseline 0.005 -23"><span class='ocrx_word' id='word_1_478' title='bbox 538 4362 681 4437; x_wconf 88' lang='lat' dir='ltr'><strong>quod</strong></span> <span class='ocrx_word' id='word_1_479' title='bbox 709 4363 973 4431; x_wconf 81' lang='lat' dir='ltr'><strong>agendum</strong></span> <span class='ocrx_word' id='word_1_480' title='bbox 1011 4364 1318 4421; x_wconf 90' lang='lat' dir='ltr'><strong>nullatenus</strong></span> <span class='ocrx_word' id='word_1_481' title='bbox 1347 4366 1524 4424; x_wconf 89' lang='lat' dir='ltr'><strong>idonei</strong></span> <span class='ocrx_word' id='word_1_482' title='bbox 1564 4382 1772 4423; x_wconf 89' lang='lat' dir='ltr'><strong>sumus.</strong></span> <span class='ocrx_word' id='word_1_483' title='bbox 1825 4368 1960 4436; x_wconf 84' lang='lat' dir='ltr'><strong>Quia</strong></span> <span class='ocrx_word' id='word_1_484' title='bbox 1991 4369 2116 4426; x_wconf 78' lang='lat' dir='ltr'><strong>licet</strong></span> 
     </span>
    </p>
   </div>
   <div class='ocr_carea' id='block_1_63' title="bbox 538 4451 2115 4525">
    <p class='ocr_par' dir='ltr' id='par_1_63' title="bbox 538 4451 2115 4525">
     <span class='ocr_line' id='line_1_63' title="bbox 538 4451 2115 4525; baseline 0.006 -20"><span class='ocrx_word' id='word_1_485' title='bbox 538 4451 630 4509; x_wconf 89' lang='lat' dir='ltr'><strong>ille</strong></span> <span class='ocrx_word' id='word_1_486' title='bbox 651 4452 843 4524; x_wconf 83' lang='lat' dir='ltr'><strong>dignus</strong></span> <span class='ocrx_word' id='word_1_487' title='bbox 868 4454 939 4508; x_wconf 89' lang='lat' dir='ltr'><strong>sit</strong></span> <span class='ocrx_word' id='word_1_488' title='bbox 964 4452 1140 4519; x_wconf 88' lang='lat' dir='ltr'><strong>laude,</strong></span> <span class='ocrx_word' id='word_1_489' title='bbox 1175 4456 1227 4510; x_wconf 88' lang='lat' dir='ltr'><strong>in</strong></span> <span class='ocrx_word' id='word_1_490' title='bbox 1255 4472 1362 4525; x_wconf 92' lang='lat' dir='ltr'><strong>quo</strong></span> <span class='ocrx_word' id='word_1_491' title='bbox 1391 4466 1443 4511; x_wconf 93' lang='lat' dir='ltr'><strong>tu</strong></span> <span class='ocrx_word' id='word_1_492' title='bbox 1472 4459 1712 4513; x_wconf 88' lang='lat' dir='ltr'><strong>laudaris</strong></span> <span class='ocrx_word' id='word_1_493' title='bbox 1737 4476 1753 4525; x_wconf 88' lang='lat'><strong>;</strong></span> <span class='ocrx_word' id='word_1_494' title='bbox 1786 4475 1885 4515; x_wconf 91' lang='lat' dir='ltr'><strong>nos</strong></span> <span class='ocrx_word' id='word_1_495' title='bbox 1916 4472 2115 4524; x_wconf 78' lang='lat' dir='ltr'><strong>tarren,</strong></span> 
     </span>
    </p>
   </div>
   <div class='ocr_carea' id='block_1_64' title="bbox 537 4543 2118 4623">
    <p class='ocr_par' dir='ltr' id='par_1_64' title="bbox 537 4543 2118 4623">
     <span class='ocr_line' id='line_1_64' title="bbox 537 4543 2118 4623; baseline 0.006 -26"><span class='ocrx_word' id='word_1_496' title='bbox 537 4543 783 4607; x_wconf 89' lang='lat' dir='ltr'><strong>Domine,</strong></span> <span class='ocrx_word' id='word_1_497' title='bbox 826 4546 893 4600; x_wconf 90' lang='lat' dir='ltr'><strong>ad</strong></span> <span class='ocrx_word' id='word_1_498' title='bbox 932 4547 1071 4602; x_wconf 89' lang='lat' dir='ltr'><strong>hanc</strong></span> <span class='ocrx_word' id='word_1_499' title='bbox 1118 4547 1454 4609; x_wconf 81' lang='lat' dir='ltr'><strong>referendam</strong></span> <span class='ocrx_word' id='word_1_500' title='bbox 1503 4551 1707 4620; x_wconf 80' lang='lat' dir='ltr'><strong>indigni</strong></span> <span class='ocrx_word' id='word_1_501' title='bbox 1755 4568 1960 4617; x_wconf 88' lang='lat' dir='ltr'><strong>sumus,</strong></span> <span class='ocrx_word' id='word_1_502' title='bbox 1993 4555 2118 4623; x_wconf 85' lang='lat' dir='ltr'><strong>quia</strong></span> 
     </span>
    </p>
   </div>
   <div class='ocr_carea' id='block_1_65' title="bbox 539 4639 2117 4713">
    <p class='ocr_par' dir='ltr' id='par_1_65' title="bbox 539 4639 2117 4713">
     <span class='ocr_line' id='line_1_65' title="bbox 539 4639 2117 4713; baseline 0.004 -23"><span class='ocrx_word' id='word_1_503' title='bbox 539 4652 643 4690; x_wconf 83' lang='lat' dir='ltr'><strong>non</strong></span> <span class='ocrx_word' id='word_1_504' title='bbox 665 4647 739 4691; x_wconf 87' lang='lat' dir='ltr'><strong>est</strong></span> <span class='ocrx_word' id='word_1_505' title='bbox 773 4639 1003 4707; x_wconf 85' lang='lat' dir='ltr'><strong>speciosa</strong></span> <span class='ocrx_word' id='word_1_506' title='bbox 1032 4639 1147 4694; x_wconf 71' lang='lat' dir='ltr'><strong>laus</strong></span> <span class='ocrx_word' id='word_1_507' title='bbox 1175 4640 1231 4694; x_wconf 81' lang='lat' dir='ltr'><strong>iu</strong></span> <span class='ocrx_word' id='word_1_508' title='bbox 1261 4656 1351 4694; x_wconf 85' lang='lat' dir='ltr'><strong>ore</strong></span> <span class='ocrx_word' id='word_1_509' title='bbox 1386 4641 1672 4711; x_wconf 78' lang='lat' dir='ltr'><strong>peccatoris</strong></span> <span class='ocrx_word' id='word_1_510' title='bbox 1702 4641 1891 4713; x_wconf 84' lang='lat' dir='ltr'><strong>(Eccli.</strong></span> <span class='ocrx_word' id='word_1_511' title='bbox 1925 4659 2015 4707; x_wconf 79' lang='lat' dir='ltr'><strong>xv,</strong></span> <span class='ocrx_word' id='word_1_512' title='bbox 2041 4644 2117 4713; x_wconf 86' lang='lat'><strong>9).</strong></span> 
     </span>
    </p>
   </div>
   <div class='ocr_carea' id='block_1_66' title="bbox 538 4726 2118 4803">
    <p class='ocr_par' dir='ltr' id='par_1_66' title="bbox 538 4726 2118 4803">
     <span class='ocr_line' id='line_1_66' title="bbox 538 4726 2118 4803; baseline 0.004 -20"><span class='ocrx_word' id='word_1_513' title='bbox 538 4726 723 4783; x_wconf 86' lang='lat' dir='ltr'><strong>Sancti</strong></span> <span class='ocrx_word' id='word_1_514' title='bbox 770 4745 900 4801; x_wconf 90' lang='lat' dir='ltr'><strong>ergo</strong></span> <span class='ocrx_word' id='word_1_515' title='bbox 946 4732 1043 4796; x_wconf 90' lang='lat' dir='ltr'><strong>tui,</strong></span> <span class='ocrx_word' id='word_1_516' title='bbox 1079 4742 1137 4786; x_wconf 92' lang='lat' dir='ltr'><strong>ut</strong></span> <span class='ocrx_word' id='word_1_517' title='bbox 1183 4734 1444 4803; x_wconf 89' lang='lat' dir='ltr'><strong>scriptum</strong></span> <span class='ocrx_word' id='word_1_518' title='bbox 1469 4743 1571 4797; x_wconf 87' lang='lat' dir='ltr'><strong>est,</strong></span> <span class='ocrx_word' id='word_1_519' title='bbox 1609 4733 1935 4790; x_wconf 84' lang='lat' dir='ltr'><strong>benedicant</strong></span> <span class='ocrx_word' id='word_1_520' title='bbox 1964 4745 2041 4800; x_wconf 80' lang='lat' dir='ltr'><strong>te,</strong></span> <span class='ocrx_word' id='word_1_521' title='bbox 2067 4748 2118 4790; x_wconf 90' lang='lat' dir='ltr'><strong>et</strong></span> 
     </span>
    </p>
   </div>
   <div class='ocr_carea' id='block_1_67' title="bbox 537 4824 2117 4898">
    <p class='ocr_par' dir='ltr' id='par_1_67' title="bbox 537 4824 2117 4898">
     <span class='ocr_line' id='line_1_67' title="bbox 537 4824 2117 4898; baseline 0.006 -23"><span class='ocrx_word' id='word_1_522' title='bbox 537 4835 700 4891; x_wconf 87' lang='lat' dir='ltr'><strong>opera</strong></span> <span class='ocrx_word' id='word_1_523' title='bbox 734 4831 822 4878; x_wconf 88' lang='lat' dir='ltr'><strong>tua</strong></span> <span class='ocrx_word' id='word_1_524' title='bbox 876 4824 1238 4880; x_wconf 81' lang='lat' dir='ltr'><strong>conﬁteantur</strong></span> <span class='ocrx_word' id='word_1_525' title='bbox 1281 4826 1398 4881; x_wconf 89' lang='lat' dir='ltr'><strong>tibi.</strong></span> <span class='ocrx_word' id='word_1_526' title='bbox 1425 4824 1530 4881; x_wconf 86' lang='lat' dir='ltr'><strong>Sed</strong></span> <span class='ocrx_word' id='word_1_527' title='bbox 1565 4827 1825 4882; x_wconf 81' lang='lat' dir='ltr'><strong>ouoniam</strong></span> <span class='ocrx_word' id='word_1_528' title='bbox 1860 4827 2117 4898; x_wconf 84' lang='lat' dir='ltr'><strong>imperfe-</strong></span> 
     </span>
    </p>
   </div>
   <div class='ocr_carea' id='block_1_68' title="bbox 608 4937 2113 5010">
    <p class='ocr_par' dir='ltr' id='par_1_68' title="bbox 608 4937 2113 5010">
     <span class='ocr_line' id='line_1_68' title="bbox 608 4937 2113 5010; baseline 0.001 -16"><span class='ocrx_word' id='word_1_529' title='bbox 608 4940 751 5010; x_wconf 88' lang='grc'><strong>(118)</strong></span> <span class='ocrx_word' id='word_1_530' title='bbox 788 4937 919 4993; x_wconf 88' lang='lat' dir='ltr'><strong>Cum</strong></span> <span class='ocrx_word' id='word_1_531' title='bbox 958 4941 1118 5008; x_wconf 84' lang='lat' dir='ltr'><strong>igitur</strong></span> <span class='ocrx_word' id='word_1_532' title='bbox 1157 4957 1221 4994; x_wconf 78' lang='lat' dir='ltr'><strong>ex</strong></span> <span class='ocrx_word' id='word_1_533' title='bbox 1262 4958 1405 4997; x_wconf 88' lang='lat' dir='ltr'><strong>more</strong></span> <span class='ocrx_word' id='word_1_534' title='bbox 1446 4944 1673 4996; x_wconf 81' lang='lat' dir='ltr'><strong>nudatus</strong></span> <span class='ocrx_word' id='word_1_535' title='bbox 1708 4943 1777 4997; x_wconf 85' lang='lat' dir='ltr'><strong>ad</strong></span> <span class='ocrx_word' id='word_1_536' title='bbox 1811 4946 2113 4996; x_wconf 65' lang='lat' dir='ltr'><strong>lavandum.</strong></span> 
     </span>
    </p>
   </div>
   <div class='ocr_carea' id='block_1_69' title="bbox 540 5008 2115 5081">
    <p class='ocr_par' dir='ltr' id='par_1_69' title="bbox 540 5008 2115 5081">
     <span class='ocr_line' id='line_1_69' title="bbox 540 5008 2115 5081; baseline 0.003 -21"><span class='ocrx_word' id='word_1_537' title='bbox 540 5008 653 5063; x_wconf 78' lang='lat' dir='ltr'><strong>Mos</strong></span> <span class='ocrx_word' id='word_1_538' title='bbox 678 5008 739 5065; x_wconf 88' lang='lat' dir='ltr'><strong>et</strong></span> <span class='ocrx_word' id='word_1_539' title='bbox 758 5011 847 5065; x_wconf 84' lang='lat' dir='ltr'><strong>hic</strong></span> <span class='ocrx_word' id='word_1_540' title='bbox 881 5020 1033 5065; x_wconf 90' lang='lat' dir='ltr'><strong>vetus</strong></span> <span class='ocrx_word' id='word_1_541' title='bbox 1067 5012 1438 5081; x_wconf 79' lang='lat' dir='ltr'><strong>nudandarum</strong></span> <span class='ocrx_word' id='word_1_542' title='bbox 1487 5028 1552 5067; x_wconf 90' lang='lat' dir='ltr'><strong>ac</strong></span> <span class='ocrx_word' id='word_1_543' title='bbox 1576 5012 1969 5067; x_wconf 78' lang='lat' dir='ltr'><strong>abluendorunt</strong></span> <span class='ocrx_word' id='word_1_544' title='bbox 1997 5023 2115 5081; x_wconf 76' lang='lat' dir='ltr'><strong>pust</strong></span> 
     </span>
    </p>
   </div>
   <div class='ocr_carea' id='block_1_70' title="bbox 544 5080 2112 5149">
    <p class='ocr_par' dir='ltr' id='par_1_70' title="bbox 544 5080 2112 5149">
     <span class='ocr_line' id='line_1_70' title="bbox 544 5080 2112 5149; baseline 0.004 -22"><span class='ocrx_word' id='word_1_545' title='bbox 544 5091 764 5132; x_wconf 82' lang='lat' dir='ltr'><strong>mortem</strong></span> <span class='ocrx_word' id='word_1_546' title='bbox 796 5095 1105 5149; x_wconf 88' lang='lat' dir='ltr'><strong>corporum.</strong></span> <span class='ocrx_word' id='word_1_547' title='bbox 1146 5081 1339 5135; x_wconf 83' lang='lat' dir='ltr'><strong>Petrus</strong></span> <span class='ocrx_word' id='word_1_548' title='bbox 1372 5080 1708 5137; x_wconf 81' lang='lat' dir='ltr'><strong>Venerabilis</strong></span> <span class='ocrx_word' id='word_1_549' title='bbox 1733 5082 1805 5137; x_wconf 89' lang='lat' dir='ltr'><strong>lib</strong></span> <span class='ocrx_word' id='word_1_550' title='bbox 1832 5098 1869 5137; x_wconf 84' lang='lat' dir='ltr'><strong>ll</strong></span> <span class='ocrx_word' id='word_1_551' title='bbox 1902 5080 2112 5143; x_wconf 60' lang='lat' dir='ltr'><strong>Minae,</strong></span> 
     </span>
    </p>
   </div>
   <div class='ocr_carea' id='block_1_71' title="bbox 500 5149 2114 5219">
    <p class='ocr_par' dir='ltr' id='par_1_71' title="bbox 500 5149 2114 5219">
     <span class='ocr_line' id='line_1_71' title="bbox 500 5149 2114 5219; baseline -0.001 -12"><span class='ocrx_word' id='word_1_552' title='bbox 500 5202 505 5207; x_wconf 91' lang='lat'><strong>.</strong></span> <span class='ocrx_word' id='word_1_553' title='bbox 541 5159 661 5219; x_wconf 60' lang='grc' dir='ltr'><strong>φρ.</strong></span> <span class='ocrx_word' id='word_1_554' title='bbox 703 5149 793 5208; x_wconf 71' lang='lat'><strong>23.</strong></span> <span class='ocrx_word' id='word_1_555' title='bbox 834 5153 923 5206; x_wconf 89' lang='lat' dir='ltr'><strong>ubi</strong></span> <span class='ocrx_word' id='word_1_556' title='bbox 970 5151 1038 5205; x_wconf 88' lang='lat' dir='ltr'><strong>de</strong></span> <span class='ocrx_word' id='word_1_557' title='bbox 1067 5150 1339 5219; x_wconf 80' lang='lat' dir='ltr'><strong>exsequiis</strong></span> <span class='ocrx_word' id='word_1_558' title='bbox 1386 5161 1441 5205; x_wconf 90' lang='lat' dir='ltr'><strong>et</strong></span> <span class='ocrx_word' id='word_1_559' title='bbox 1488 5152 1839 5207; x_wconf 88' lang='lat' dir='ltr'><strong>tumulatione</strong></span> <span class='ocrx_word' id='word_1_560' title='bbox 1884 5153 2114 5206; x_wconf 75' lang='lat' dir='ltr'><strong>Matthai</strong></span> 
     </span>
    </p>
   </div>
   <div class='ocr_carea' id='block_1_72' title="bbox 539 5213 2112 5290">
    <p class='ocr_par' dir='ltr' id='par_1_72' title="bbox 539 5213 2112 5290">
     <span class='ocr_line' id='line_1_72' title="bbox 539 5213 2112 5290; baseline 0.006 -25"><span class='ocrx_word' id='word_1_561' title='bbox 539 5213 1123 5290; x_wconf 50' lang='lat' dir='ltr'><strong>Albanensiscpiscopi</strong></span> <span class='ocrx_word' id='word_1_562' title='bbox 1157 5240 1170 5275; x_wconf 93' lang='lat'>:</span> <span class='ocrx_word' id='word_1_563' title='bbox 1211 5213 1231 5271; x_wconf 75' lang='grc' dir='ltr'><strong><em>ἱ</em></strong></span> <span class='ocrx_word' id='word_1_564' title='bbox 1262 5219 1453 5274; x_wconf 83' lang='lat' dir='ltr'><strong>Fertur</strong></span> <span class='ocrx_word' id='word_1_565' title='bbox 1478 5222 1662 5275; x_wconf 87' lang='lat' dir='ltr'><strong>statim</strong></span> <span class='ocrx_word' id='word_1_566' title='bbox 1692 5220 1824 5289; x_wconf 88' lang='lat' dir='ltr'><strong>justi</strong></span> <span class='ocrx_word' id='word_1_567' title='bbox 1854 5237 2053 5290; x_wconf 89' lang='lat' dir='ltr'><strong>corpus</strong></span> <span class='ocrx_word' id='word_1_568' title='bbox 2084 5238 2112 5274; x_wconf 88' lang='lat' dir='ltr'><strong>a</strong></span> 
     </span>
    </p>
   </div>
   <div class='ocr_carea' id='block_1_73' title="bbox 508 5282 2115 5360">
    <p class='ocr_par' dir='ltr' id='par_1_73' title="bbox 508 5282 2115 5360">
     <span class='ocr_line' id='line_1_73' title="bbox 508 5282 2115 5360; baseline 0.007 -26"><span class='ocrx_word' id='word_1_569' title='bbox 508 5332 519 5342; x_wconf 83' lang='grc'><em>,</em></span> <span class='ocrx_word' id='word_1_570' title='bbox 544 5282 749 5360; x_wconf 73' lang='lat' dir='ltr'><strong>devotis</strong></span> <span class='ocrx_word' id='word_1_571' title='bbox 775 5288 905 5341; x_wconf 90' lang='lat' dir='ltr'><strong>viris</strong></span> <span class='ocrx_word' id='word_1_572' title='bbox 923 5282 1010 5360; x_wconf 59' lang='lat' dir='ltr'><strong>&#39;in_</strong></span> <span class='ocrx_word' id='word_1_573' title='bbox 1033 5282 1329 5345; x_wconf 80' lang='lat' dir='ltr'><strong>claustrum</strong></span> <span class='ocrx_word' id='word_1_574' title='bbox 1382 5282 1787 5353; x_wconf 77' lang='lat' dir='ltr'><strong>monachorum,</strong></span> <span class='ocrx_word' id='word_1_575' title='bbox 1817 5298 1873 5345; x_wconf 88' lang='lat' dir='ltr'><strong>et</strong></span> <span class='ocrx_word' id='word_1_576' title='bbox 1898 5282 2115 5346; x_wconf 77' lang='lat' dir='ltr'><strong>Clunia-</strong></span> 
     </span>
    </p>
   </div>
   <div class='ocr_carea' id='block_1_74' title="bbox 2233 1798 3801 1873">
    <p class='ocr_par' dir='ltr' id='par_1_74' title="bbox 2233 1798 3801 1873">
     <span class='ocr_line' id='line_1_74' title="bbox 2233 1798 3801 1873; baseline -0.004 -15"><span class='ocrx_word' id='word_1_577' title='bbox 2233 1798 2353 1858; x_wconf 77' lang='lat' dir='ltr'><strong>ﬁeri</strong></span> <span class='ocrx_word' id='word_1_578' title='bbox 2384 1798 2539 1866; x_wconf 90' lang='lat' dir='ltr'><strong>solet,</strong></span> <span class='ocrx_word' id='word_1_579' title='bbox 2595 1801 2852 1856; x_wconf 85' lang='lat' dir='ltr'><strong>transitus</strong></span> <span class='ocrx_word' id='word_1_580' title='bbox 2897 1801 3016 1873; x_wconf 86' lang='lat' dir='ltr'><strong>ejus</strong></span> <span class='ocrx_word' id='word_1_581' title='bbox 3043 1801 3468 1872; x_wconf 88' lang='lat' dir='ltr'><strong>circumquaque</strong></span> <span class='ocrx_word' id='word_1_582' title='bbox 3521 1801 3801 1871; x_wconf 83' lang='lat' dir='ltr'><strong>personuit.</strong></span> 
     </span>
    </p>
   </div>
   <div class='ocr_carea' id='block_1_75' title="bbox 2229 1892 3833 1966">
    <p class='ocr_par' dir='ltr' id='par_1_75' title="bbox 2229 1892 3833 1966">
     <span class='ocr_line' id='line_1_75' title="bbox 2229 1892 3833 1966; baseline -0.002 -18"><span class='ocrx_word' id='word_1_583' title='bbox 2229 1894 2368 1953; x_wconf 82' lang='lat' dir='ltr'><strong>Cum</strong></span> <span class='ocrx_word' id='word_1_584' title='bbox 2412 1894 2629 1966; x_wconf 90' lang='lat' dir='ltr'><strong>quidem</strong></span> <span class='ocrx_word' id='word_1_585' title='bbox 2663 1893 2998 1955; x_wconf 89' lang='lat' dir='ltr'><strong>incredibilis</strong></span> <span class='ocrx_word' id='word_1_586' title='bbox 3039 1893 3319 1950; x_wconf 85' lang='lat' dir='ltr'><strong>hominum</strong></span> <span class='ocrx_word' id='word_1_587' title='bbox 3360 1892 3664 1947; x_wconf 86' lang='lat' dir='ltr'><strong>multitudo</strong></span> <span class='ocrx_word' id='word_1_588' title='bbox 3703 1907 3833 1945; x_wconf 73' lang='lat' dir='ltr'><strong>IDOI’</strong></span> 
     </span>
    </p>
   </div>
   <div class='ocr_carea' id='block_1_76' title="bbox 2230 1982 3803 2057">
    <p class='ocr_par' dir='ltr' id='par_1_76' title="bbox 2230 1982 3803 2057">
     <span class='ocr_line' id='line_1_76' title="bbox 2230 1982 3803 2057; baseline -0.003 -16"><span class='ocrx_word' id='word_1_589' title='bbox 2230 1986 2466 2056; x_wconf 90' lang='lat' dir='ltr'><strong>undique</strong></span> <span class='ocrx_word' id='word_1_590' title='bbox 2504 1999 2661 2042; x_wconf 84' lang='lat' dir='ltr'><strong>secus</strong></span> <span class='ocrx_word' id='word_1_591' title='bbox 2712 1985 2919 2043; x_wconf 89' lang='lat' dir='ltr'><strong>irruere</strong></span> <span class='ocrx_word' id='word_1_592' title='bbox 2975 1986 3140 2057; x_wconf 65' lang='lat' dir='ltr'><strong>coepit</strong></span> <span class='ocrx_word' id='word_1_593' title='bbox 3164 2026 3180 2051; x_wconf 92' lang='lat'><strong>,</strong></span> <span class='ocrx_word' id='word_1_594' title='bbox 3230 1984 3483 2039; x_wconf 76' lang='lat' dir='ltr'><strong>examina</strong></span> <span class='ocrx_word' id='word_1_595' title='bbox 3561 1982 3803 2037; x_wconf 86' lang='lat' dir='ltr'><strong>nobilium</strong></span> 
     </span>
    </p>
   </div>
   <div class='ocr_carea' id='block_1_77' title="bbox 2231 2074 3804 2147">
    <p class='ocr_par' dir='ltr' id='par_1_77' title="bbox 2231 2074 3804 2147">
     <span class='ocr_line' id='line_1_77' title="bbox 2231 2074 3804 2147; baseline -0.003 -15"><span class='ocrx_word' id='word_1_596' title='bbox 2231 2077 2495 2144; x_wconf 88' lang='lat' dir='ltr'><strong>virorum,</strong></span> <span class='ocrx_word' id='word_1_597' title='bbox 2550 2077 2851 2137; x_wconf 76' lang='lat' dir='ltr'><strong>innumera:</strong></span> <span class='ocrx_word' id='word_1_598' title='bbox 2885 2087 3120 2141; x_wconf 72' lang='lat' dir='ltr'><strong>caterva:</strong></span> <span class='ocrx_word' id='word_1_599' title='bbox 3162 2074 3483 2147; x_wconf 88' lang='lat' dir='ltr'><strong>pagensium</strong></span> <span class='ocrx_word' id='word_1_600' title='bbox 3510 2082 3685 2143; x_wconf 79' lang='lat' dir='ltr'><strong>atque</strong></span> <span class='ocrx_word' id='word_1_601' title='bbox 3706 2087 3804 2143; x_wconf 73' lang='lat' dir='ltr'><strong>ege-</strong></span> 
     </span>
    </p>
   </div>
   <div class='ocr_carea' id='block_1_78' title="bbox 2230 2165 3799 2242">
    <p class='ocr_par' dir='ltr' id='par_1_78' title="bbox 2230 2165 3799 2242">
     <span class='ocr_line' id='line_1_78' title="bbox 2230 2165 3799 2242; baseline -0.006 -16"><span class='ocrx_word' id='word_1_602' title='bbox 2230 2186 2443 2237; x_wconf 89' lang='lat' dir='ltr'><strong>norum,</strong></span> <span class='ocrx_word' id='word_1_603' title='bbox 2491 2169 2673 2242; x_wconf 88' lang='lat' dir='ltr'><strong>plures</strong></span> <span class='ocrx_word' id='word_1_604' title='bbox 2718 2169 2993 2233; x_wconf 82' lang='lat' dir='ltr'><strong>monachi,</strong></span> <span class='ocrx_word' id='word_1_605' title='bbox 3050 2179 3105 2223; x_wconf 89' lang='lat' dir='ltr'><strong>et</strong></span> <span class='ocrx_word' id='word_1_606' title='bbox 3172 2168 3389 2240; x_wconf 86' lang='lat' dir='ltr'><strong>agmina</strong></span> <span class='ocrx_word' id='word_1_607' title='bbox 3445 2165 3799 2226; x_wconf 81' lang='lat' dir='ltr'><strong>sacerdotum.</strong></span> 
     </span>
    </p>
   </div>
   <div class='ocr_carea' id='block_1_79' title="bbox 2228 2254 3808 2332">
    <p class='ocr_par' dir='ltr' id='par_1_79' title="bbox 2228 2254 3808 2332">
     <span class='ocr_line' id='line_1_79' title="bbox 2228 2254 3808 2332; baseline -0.005 -15"><span class='ocrx_word' id='word_1_608' title='bbox 2228 2260 2399 2329; x_wconf 87' lang='lat' dir='ltr'><strong>Quem</strong></span> <span class='ocrx_word' id='word_1_609' title='bbox 2431 2260 2667 2316; x_wconf 89' lang='lat' dir='ltr'><strong>universi</strong></span> <span class='ocrx_word' id='word_1_610' title='bbox 2695 2274 2953 2332; x_wconf 87' lang='lat' dir='ltr'><strong>germano</strong></span> <span class='ocrx_word' id='word_1_611' title='bbox 2974 2257 3206 2330; x_wconf 88' lang='lat' dir='ltr'><strong>quodam</strong></span> <span class='ocrx_word' id='word_1_612' title='bbox 3242 2266 3296 2312; x_wconf 92' lang='lat' dir='ltr'><strong>et</strong></span> <span class='ocrx_word' id='word_1_613' title='bbox 3335 2255 3667 2311; x_wconf 86' lang='lat' dir='ltr'><strong>dulcissimo</strong></span> <span class='ocrx_word' id='word_1_614' title='bbox 3700 2254 3808 2309; x_wconf 69' lang='grc' dir='ltr'><strong>ιπε-</strong></span> 
     </span>
    </p>
   </div>
   <div class='ocr_carea' id='block_1_80' title="bbox 2229 2346 3807 2425">
    <p class='ocr_par' dir='ltr' id='par_1_80' title="bbox 2229 2346 3807 2425">
     <span class='ocr_line' id='line_1_80' title="bbox 2229 2346 3807 2425; baseline -0.006 -14"><span class='ocrx_word' id='word_1_615' title='bbox 2229 2363 2319 2411; x_wconf 91' lang='lat' dir='ltr'><strong>ctu</strong></span> <span class='ocrx_word' id='word_1_616' title='bbox 2341 2352 2690 2425; x_wconf 88' lang='lat' dir='ltr'><strong>plangebant,</strong></span> <span class='ocrx_word' id='word_1_617' title='bbox 2720 2360 2776 2406; x_wconf 91' lang='lat' dir='ltr'><strong>et</strong></span> <span class='ocrx_word' id='word_1_618' title='bbox 2800 2350 2984 2407; x_wconf 91' lang='lat' dir='ltr'><strong>nescio</strong></span> <span class='ocrx_word' id='word_1_619' title='bbox 3008 2364 3120 2420; x_wconf 89' lang='lat' dir='ltr'><strong>quo</strong></span> <span class='ocrx_word' id='word_1_620' title='bbox 3151 2348 3334 2403; x_wconf 85' lang='lat' dir='ltr'><strong>divino</strong></span> <span class='ocrx_word' id='word_1_621' title='bbox 3381 2346 3660 2402; x_wconf 88' lang='lat' dir='ltr'><strong>instinctu</strong></span> <span class='ocrx_word' id='word_1_622' title='bbox 3682 2362 3807 2407; x_wconf 80' lang='lat' dir='ltr'><strong>ccut-</strong></span> 
     </span>
    </p>
   </div>
   <div class='ocr_carea' id='block_1_81' title="bbox 2228 2431 3804 2518">
    <p class='ocr_par' dir='ltr' id='par_1_81' title="bbox 2228 2431 3804 2518">
     <span class='ocr_line' id='line_1_81' title="bbox 2228 2431 3804 2518; baseline -0.006 -18"><span class='ocrx_word' id='word_1_623' title='bbox 2228 2445 2480 2518; x_wconf 88' lang='lat' dir='ltr'><strong>punctius</strong></span> <span class='ocrx_word' id='word_1_624' title='bbox 2520 2431 2681 2514; x_wconf 83' lang='lat' dir='ltr'><strong>atque</strong></span> <span class='ocrx_word' id='word_1_625' title='bbox 2708 2442 2927 2498; x_wconf 90' lang='lat' dir='ltr'><strong>suavius</strong></span> <span class='ocrx_word' id='word_1_626' title='bbox 2961 2455 3087 2495; x_wconf 91' lang='lat' dir='ltr'><strong>eum</strong></span> <span class='ocrx_word' id='word_1_627' title='bbox 3109 2439 3363 2512; x_wconf 82' lang='lat' dir='ltr'><strong>lugebant</strong></span> <span class='ocrx_word' id='word_1_628' title='bbox 3391 2455 3407 2492; x_wconf 91' lang='lat'><strong>:</strong></span> <span class='ocrx_word' id='word_1_629' title='bbox 3437 2438 3510 2493; x_wconf 88' lang='lat' dir='ltr'><strong>ob</strong></span> <span class='ocrx_word' id='word_1_630' title='bbox 3539 2438 3655 2494; x_wconf 85' lang='lat' dir='ltr'><strong>hoc</strong></span> <span class='ocrx_word' id='word_1_631' title='bbox 3679 2436 3804 2497; x_wconf 75' lang='lat' dir='ltr'><strong>vidc-</strong></span> 
     </span>
    </p>
   </div>
   <div class='ocr_carea' id='block_1_82' title="bbox 2228 2528 3677 2605">
    <p class='ocr_par' dir='ltr' id='par_1_82' title="bbox 2228 2528 3677 2605">
     <span class='ocr_line' id='line_1_82' title="bbox 2228 2528 3677 2605; baseline -0.007 -15"><span class='ocrx_word' id='word_1_632' title='bbox 2228 2535 2352 2592; x_wconf 88' lang='lat' dir='ltr'><strong>licet</strong></span> <span class='ocrx_word' id='word_1_633' title='bbox 2379 2535 2523 2605; x_wconf 90' lang='lat' dir='ltr'><strong>quod</strong></span> <span class='ocrx_word' id='word_1_634' title='bbox 2553 2533 2705 2588; x_wconf 90' lang='lat' dir='ltr'><strong>illum</strong></span> <span class='ocrx_word' id='word_1_635' title='bbox 2742 2532 2851 2587; x_wconf 87' lang='lat' dir='ltr'><strong>Deo</strong></span> <span class='ocrx_word' id='word_1_636' title='bbox 2890 2529 3157 2602; x_wconf 81' lang='lat' dir='ltr'><strong>placuisse</strong></span> <span class='ocrx_word' id='word_1_637' title='bbox 3187 2544 3293 2585; x_wconf 92' lang='lat' dir='ltr'><strong>non</strong></span> <span class='ocrx_word' id='word_1_638' title='bbox 3317 2528 3677 2599; x_wconf 86' lang='lat' dir='ltr'><strong>ignorabant.</strong></span> 
     </span>
    </p>
   </div>
   <div class='ocr_carea' id='block_1_83' title="bbox 2298 2622 3799 2699">
    <p class='ocr_par' dir='ltr' id='par_1_83' title="bbox 2298 2622 3799 2699">
     <span class='ocr_line' id='line_1_83' title="bbox 2298 2622 3799 2699; baseline -0.003 -18"><span class='ocrx_word' id='word_1_639' title='bbox 2298 2626 2444 2699; x_wconf 83' lang='grc'><strong>(118)</strong></span> <span class='ocrx_word' id='word_1_640' title='bbox 2472 2625 2540 2681; x_wconf 79' lang='lat' dir='ltr'><strong>X.</strong></span> <span class='ocrx_word' id='word_1_641' title='bbox 2579 2626 2712 2681; x_wconf 81' lang='lat' dir='ltr'><strong>Cum</strong></span> <span class='ocrx_word' id='word_1_642' title='bbox 2768 2625 2930 2697; x_wconf 87' lang='lat' dir='ltr'><strong>igitur</strong></span> <span class='ocrx_word' id='word_1_643' title='bbox 2958 2634 3104 2682; x_wconf 87' lang='lat' dir='ltr'><strong>esset</strong></span> <span class='ocrx_word' id='word_1_644' title='bbox 3146 2640 3215 2680; x_wconf 74' lang='lat' dir='ltr'><strong>ex</strong></span> <span class='ocrx_word' id='word_1_645' title='bbox 3269 2637 3423 2680; x_wconf 89' lang='lat' dir='ltr'><strong>more</strong></span> <span class='ocrx_word' id='word_1_646' title='bbox 3471 2623 3717 2679; x_wconf 81' lang='lat' dir='ltr'><strong>nudatus</strong></span> <span class='ocrx_word' id='word_1_647' title='bbox 3744 2622 3799 2676; x_wconf 84' lang='lat' dir='ltr'><strong>ad</strong></span> 
     </span>
    </p>
   </div>
   <div class='ocr_carea' id='block_1_84' title="bbox 2226 2702 3807 2795">
    <p class='ocr_par' dir='ltr' id='par_1_84' title="bbox 2226 2702 3807 2795">
     <span class='ocr_line' id='line_1_84' title="bbox 2226 2702 3807 2795; baseline -0.001 -24"><span class='ocrx_word' id='word_1_648' title='bbox 2226 2718 2535 2784; x_wconf 85' lang='lat' dir='ltr'><strong>lavandum,</strong></span> <span class='ocrx_word' id='word_1_649' title='bbox 2578 2702 2995 2795; x_wconf 73' lang='lat' dir='ltr'><strong>liagambertus,</strong></span> <span class='ocrx_word' id='word_1_650' title='bbox 3025 2725 3082 2788; x_wconf 80' lang='lat' dir='ltr'><strong>et</strong></span> <span class='ocrx_word' id='word_1_651' title='bbox 3109 2716 3199 2772; x_wconf 87' lang='lat' dir='ltr'><strong>alii</strong></span> <span class='ocrx_word' id='word_1_652' title='bbox 3223 2715 3463 2771; x_wconf 87' lang='lat' dir='ltr'><strong>ministri</strong></span> <span class='ocrx_word' id='word_1_653' title='bbox 3488 2716 3590 2786; x_wconf 88' lang='lat' dir='ltr'><strong>qui</strong></span> <span class='ocrx_word' id='word_1_654' title='bbox 3614 2715 3675 2771; x_wconf 88' lang='lat' dir='ltr'><strong>id</strong></span> <span class='ocrx_word' id='word_1_655' title='bbox 3699 2729 3807 2785; x_wconf 77' lang='lat' dir='ltr'><strong>age-</strong></span> 
     </span>
    </p>
   </div>
   <div class='ocr_carea' id='block_1_85' title="bbox 2226 2806 3805 2883">
    <p class='ocr_par' dir='ltr' id='par_1_85' title="bbox 2226 2806 3805 2883">
     <span class='ocr_line' id='line_1_85' title="bbox 2226 2806 3805 2883; baseline -0.003 -17"><span class='ocrx_word' id='word_1_656' title='bbox 2226 2810 2377 2875; x_wconf 88' lang='lat' dir='ltr'><strong>bant,</strong></span> <span class='ocrx_word' id='word_1_657' title='bbox 2402 2823 2595 2864; x_wconf 90' lang='lat' dir='ltr'><strong>manus</strong></span> <span class='ocrx_word' id='word_1_658' title='bbox 2618 2817 2874 2879; x_wconf 88' lang='lat' dir='ltr'><strong>utrasque</strong></span> <span class='ocrx_word' id='word_1_659' title='bbox 2889 2808 3097 2879; x_wconf 88' lang='lat' dir='ltr'><strong>pectori</strong></span> <span class='ocrx_word' id='word_1_660' title='bbox 3120 2806 3236 2878; x_wconf 88' lang='lat' dir='ltr'><strong>ejus</strong></span> <span class='ocrx_word' id='word_1_661' title='bbox 3261 2806 3676 2883; x_wconf 85' lang='lat' dir='ltr'><strong>applicuerunt,</strong></span> <span class='ocrx_word' id='word_1_662' title='bbox 3704 2821 3805 2861; x_wconf 86' lang='lat' dir='ltr'><strong>ctua</strong></span> 
     </span>
    </p>
   </div>
   <div class='ocr_carea' id='block_1_86' title="bbox 2225 2899 3803 2972">
    <p class='ocr_par' dir='ltr' id='par_1_86' title="bbox 2225 2899 3803 2972">
     <span class='ocr_line' id='line_1_86' title="bbox 2225 2899 3803 2972; baseline -0.003 -15"><span class='ocrx_word' id='word_1_663' title='bbox 2225 2903 2403 2957; x_wconf 88' lang='lat' dir='ltr'><strong>subito</strong></span> <span class='ocrx_word' id='word_1_664' title='bbox 2423 2901 2672 2957; x_wconf 80' lang='lat' dir='ltr'><strong>dextrum</strong></span> <span class='ocrx_word' id='word_1_665' title='bbox 2703 2900 2985 2964; x_wconf 87' lang='lat' dir='ltr'><strong>brachium</strong></span> <span class='ocrx_word' id='word_1_666' title='bbox 3012 2900 3183 2972; x_wconf 90' lang='lat' dir='ltr'><strong>ipsius</strong></span> <span class='ocrx_word' id='word_1_667' title='bbox 3211 2908 3509 2954; x_wconf 80' lang='lat' dir='ltr'><strong>extensum</strong></span> <span class='ocrx_word' id='word_1_668' title='bbox 3536 2908 3648 2963; x_wconf 88' lang='lat' dir='ltr'><strong>est,</strong></span> <span class='ocrx_word' id='word_1_669' title='bbox 3675 2908 3726 2954; x_wconf 87' lang='lat' dir='ltr'><strong>et</strong></span> <span class='ocrx_word' id='word_1_670' title='bbox 3745 2899 3803 2953; x_wconf 81' lang='lat' dir='ltr'><strong>ita</strong></span> 
     </span>
    </p>
   </div>
   <div class='ocr_carea' id='block_1_87' title="bbox 2170 2990 3802 3077">
    <p class='ocr_par' dir='ltr' id='par_1_87' title="bbox 2170 2990 3802 3077">
     <span class='ocr_line' id='line_1_87' title="bbox 2170 2990 3802 3077; baseline -0.003 -28"><span class='ocrx_word' id='word_1_671' title='bbox 2170 3059 2195 3077; x_wconf 43' lang='grc' dir='ltr'>Ἰ</span> <span class='ocrx_word' id='word_1_672' title='bbox 2227 2994 2550 3067; x_wconf 87' lang='lat' dir='ltr'><strong>genitalibus</strong></span> <span class='ocrx_word' id='word_1_673' title='bbox 2583 2993 2839 3048; x_wconf 87' lang='lat' dir='ltr'><strong>membris</strong></span> <span class='ocrx_word' id='word_1_674' title='bbox 2867 3008 3057 3048; x_wconf 89' lang='lat' dir='ltr'><strong>manus</strong></span> <span class='ocrx_word' id='word_1_675' title='bbox 3086 2991 3204 3061; x_wconf 89' lang='lat' dir='ltr'><strong>ejus</strong></span> <span class='ocrx_word' id='word_1_676' title='bbox 3223 2990 3523 3062; x_wconf 84' lang='lat' dir='ltr'><strong>applicata,</strong></span> <span class='ocrx_word' id='word_1_677' title='bbox 3552 3000 3614 3044; x_wconf 91' lang='lat' dir='ltr'><strong>ut</strong></span> <span class='ocrx_word' id='word_1_678' title='bbox 3637 2990 3802 3046; x_wconf 83' lang='lat' dir='ltr'><strong>eadem</strong></span> 
     </span>
    </p>
   </div>
   <div class='ocr_carea' id='block_1_88' title="bbox 2230 3082 3802 3165">
    <p class='ocr_par' dir='ltr' id='par_1_88' title="bbox 2230 3082 3802 3165">
     <span class='ocr_line' id='line_1_88' title="bbox 2230 3082 3802 3165; baseline -0.003 -24"><span class='ocrx_word' id='word_1_679' title='bbox 2230 3087 2472 3143; x_wconf 87' lang='lat' dir='ltr'><strong>membra</strong></span> <span class='ocrx_word' id='word_1_680' title='bbox 2518 3087 2618 3141; x_wconf 87' lang='lat' dir='ltr'><strong>sub</strong></span> <span class='ocrx_word' id='word_1_681' title='bbox 2667 3085 2844 3147; x_wconf 78' lang='lat' dir='ltr'><strong>volam</strong></span> <span class='ocrx_word' id='word_1_682' title='bbox 2902 3083 3271 3147; x_wconf 83' lang='lat' dir='ltr'><strong>concluderet.</strong></span> <span class='ocrx_word' id='word_1_683' title='bbox 3298 3082 3459 3161; x_wconf 84' lang='lat' dir='ltr'><strong>Quod</strong></span> <span class='ocrx_word' id='word_1_684' title='bbox 3482 3082 3567 3138; x_wconf 85' lang='lat' dir='ltr'><strong>illi</strong></span> <span class='ocrx_word' id='word_1_685' title='bbox 3608 3083 3802 3165; x_wconf 69' lang='lat' dir='ltr'><strong>quidem</strong></span> 
     </span>
    </p>
   </div>
   <div class='ocr_carea' id='block_1_89' title="bbox 2228 3176 3803 3248">
    <p class='ocr_par' dir='ltr' id='par_1_89' title="bbox 2228 3176 3803 3248">
     <span class='ocr_line' id='line_1_89' title="bbox 2228 3176 3803 3248; baseline -0.002 -16"><span class='ocrx_word' id='word_1_686' title='bbox 2228 3194 2357 3233; x_wconf 87' lang='lat' dir='ltr'><strong>casu</strong></span> <span class='ocrx_word' id='word_1_687' title='bbox 2385 3177 2675 3248; x_wconf 88' lang='lat' dir='ltr'><strong>contigisse</strong></span> <span class='ocrx_word' id='word_1_688' title='bbox 2724 3186 3005 3247; x_wconf 90' lang='lat' dir='ltr'><strong>putantes,</strong></span> <span class='ocrx_word' id='word_1_689' title='bbox 3042 3193 3263 3232; x_wconf 90' lang='lat' dir='ltr'><strong>manum</strong></span> <span class='ocrx_word' id='word_1_690' title='bbox 3312 3176 3490 3246; x_wconf 79' lang='lat' dir='ltr'><strong>ipsum</strong></span> <span class='ocrx_word' id='word_1_691' title='bbox 3521 3177 3597 3230; x_wconf 88' lang='lat' dir='ltr'><strong>ad</strong></span> <span class='ocrx_word' id='word_1_692' title='bbox 3640 3185 3803 3246; x_wconf 63' lang='lat' dir='ltr'><strong>pctus</strong></span> 
     </span>
    </p>
   </div>
   <div class='ocr_carea' id='block_1_90' title="bbox 2229 3269 3799 3339">
    <p class='ocr_par' dir='ltr' id='par_1_90' title="bbox 2229 3269 3799 3339">
     <span class='ocr_line' id='line_1_90' title="bbox 2229 3269 3799 3339; baseline -0.001 -14"><span class='ocrx_word' id='word_1_693' title='bbox 2229 3271 2405 3325; x_wconf 87' lang='lat' dir='ltr'><strong>denuo</strong></span> <span class='ocrx_word' id='word_1_694' title='bbox 2445 3269 2778 3325; x_wconf 77' lang='lat' dir='ltr'><strong>inﬂixcruut.</strong></span> <span class='ocrx_word' id='word_1_695' title='bbox 2812 3270 2920 3325; x_wconf 87' lang='lat' dir='ltr'><strong>Sed</strong></span> <span class='ocrx_word' id='word_1_696' title='bbox 2965 3271 3183 3335; x_wconf 88' lang='lat' dir='ltr'><strong>iterum,</strong></span> <span class='ocrx_word' id='word_1_697' title='bbox 3214 3270 3356 3325; x_wconf 90' lang='lat' dir='ltr'><strong>sicut</strong></span> <span class='ocrx_word' id='word_1_698' title='bbox 3388 3269 3572 3339; x_wconf 87' lang='lat' dir='ltr'><strong>prius,</strong></span> <span class='ocrx_word' id='word_1_699' title='bbox 3600 3278 3799 3324; x_wconf 73' lang='lat' dir='ltr'><strong>extensa</strong></span> 
     </span>
    </p>
   </div>
   <div class='ocr_carea' id='block_1_91' title="bbox 2228 3360 3801 3433">
    <p class='ocr_par' dir='ltr' id='par_1_91' title="bbox 2228 3360 3801 3433">
     <span class='ocr_line' id='line_1_91' title="bbox 2228 3360 3801 3433; baseline -0.001 -17"><span class='ocrx_word' id='word_1_700' title='bbox 2228 3371 2333 3426; x_wconf 90' lang='lat' dir='ltr'><strong>est,</strong></span> <span class='ocrx_word' id='word_1_701' title='bbox 2364 3371 2419 3415; x_wconf 90' lang='lat' dir='ltr'><strong>et</strong></span> <span class='ocrx_word' id='word_1_702' title='bbox 2442 3363 2508 3416; x_wconf 89' lang='lat' dir='ltr'><strong>ad</strong></span> <span class='ocrx_word' id='word_1_703' title='bbox 2553 3376 2745 3417; x_wconf 80' lang='lat' dir='ltr'><strong>sexum</strong></span> <span class='ocrx_word' id='word_1_704' title='bbox 2786 3362 3179 3433; x_wconf 85' lang='lat' dir='ltr'><strong>contegendum</strong></span> <span class='ocrx_word' id='word_1_705' title='bbox 3211 3376 3333 3418; x_wconf 86' lang='lat' dir='ltr'><strong>sese</strong></span> <span class='ocrx_word' id='word_1_706' title='bbox 3379 3362 3624 3431; x_wconf 85' lang='lat' dir='ltr'><strong>aptavit.</strong></span> <span class='ocrx_word' id='word_1_707' title='bbox 3648 3364 3715 3415; x_wconf 80' lang='lat' dir='ltr'><strong>At</strong></span> <span class='ocrx_word' id='word_1_708' title='bbox 3739 3360 3801 3414; x_wconf 88' lang='lat' dir='ltr'><strong>illi</strong></span> 
     </span>
    </p>
   </div>
   <div class='ocr_carea' id='block_1_92' title="bbox 2228 3452 3803 3526">
    <p class='ocr_par' dir='ltr' id='par_1_92' title="bbox 2228 3452 3803 3526">
     <span class='ocr_line' id='line_1_92' title="bbox 2228 3452 3803 3526; baseline -0.006 -13"><span class='ocrx_word' id='word_1_709' title='bbox 2228 3466 2445 3525; x_wconf 79' lang='lat' dir='ltr'><strong>stupere</strong></span> <span class='ocrx_word' id='word_1_710' title='bbox 2467 3453 2580 3523; x_wconf 87' lang='lat' dir='ltr'><strong>jant</strong></span> <span class='ocrx_word' id='word_1_711' title='bbox 2606 3464 2910 3526; x_wconf 69' lang='lat' dir='ltr'><strong>eruperunt,</strong></span> <span class='ocrx_word' id='word_1_712' title='bbox 2938 3456 3032 3511; x_wconf 88' lang='lat' dir='ltr'><strong>sed</strong></span> <span class='ocrx_word' id='word_1_713' title='bbox 3068 3470 3183 3510; x_wconf 90' lang='lat' dir='ltr'><strong>rem</strong></span> <span class='ocrx_word' id='word_1_714' title='bbox 3220 3452 3545 3525; x_wconf 89' lang='lat' dir='ltr'><strong>diligentius</strong></span> <span class='ocrx_word' id='word_1_715' title='bbox 3577 3453 3715 3508; x_wconf 85' lang='lat' dir='ltr'><strong>scire</strong></span> <span class='ocrx_word' id='word_1_716' title='bbox 3732 3466 3803 3515; x_wconf 71' lang='lat' dir='ltr'><strong>vo-</strong></span> 
     </span>
    </p>
   </div>
   <div class='ocr_carea' id='block_1_93' title="bbox 2230 3544 3800 3613">
    <p class='ocr_par' dir='ltr' id='par_1_93' title="bbox 2230 3544 3800 3613">
     <span class='ocr_line' id='line_1_93' title="bbox 2230 3544 3800 3613; baseline -0.004 -11"><span class='ocrx_word' id='word_1_717' title='bbox 2230 3547 2420 3613; x_wconf 87' lang='lat' dir='ltr'><strong>lentes,</strong></span> <span class='ocrx_word' id='word_1_718' title='bbox 2452 3549 2629 3602; x_wconf 86' lang='lat' dir='ltr'><strong>adhuc</strong></span> <span class='ocrx_word' id='word_1_719' title='bbox 2657 3546 2813 3602; x_wconf 88' lang='lat' dir='ltr'><strong>tertio</strong></span> <span class='ocrx_word' id='word_1_720' title='bbox 2837 3546 3119 3602; x_wconf 82' lang='lat' dir='ltr'><strong>brachium</strong></span> <span class='ocrx_word' id='word_1_721' title='bbox 3155 3544 3469 3605; x_wconf 81' lang='lat' dir='ltr'><strong>reﬂectunt,</strong></span> <span class='ocrx_word' id='word_1_722' title='bbox 3494 3556 3800 3612; x_wconf 79' lang='lat' dir='ltr'><strong>manumque</strong></span> 
     </span>
    </p>
   </div>
   <div class='ocr_carea' id='block_1_94' title="bbox 2230 3639 3802 3713">
    <p class='ocr_par' dir='ltr' id='par_1_94' title="bbox 2230 3639 3802 3713">
     <span class='ocr_line' id='line_1_94' title="bbox 2230 3639 3802 3713; baseline -0.004 -15"><span class='ocrx_word' id='word_1_723' title='bbox 2230 3658 2392 3712; x_wconf 87' lang='lat' dir='ltr'><strong>super</strong></span> <span class='ocrx_word' id='word_1_724' title='bbox 2439 3650 2626 3713; x_wconf 89' lang='lat' dir='ltr'><strong>pectus</strong></span> <span class='ocrx_word' id='word_1_725' title='bbox 2665 3644 2731 3698; x_wconf 88' lang='lat' dir='ltr'><strong>ad</strong></span> <span class='ocrx_word' id='word_1_726' title='bbox 2789 3642 3016 3699; x_wconf 82' lang='lat' dir='ltr'><strong>alteram</strong></span> <span class='ocrx_word' id='word_1_727' title='bbox 3076 3642 3363 3698; x_wconf 86' lang='lat' dir='ltr'><strong>reducunt.</strong></span> <span class='ocrx_word' id='word_1_728' title='bbox 3414 3639 3557 3708; x_wconf 71' lang='lat' dir='ltr'><strong>Quae</strong></span> <span class='ocrx_word' id='word_1_729' title='bbox 3580 3642 3802 3711; x_wconf 78' lang='lat' dir='ltr'><strong>protinus</strong></span> 
     </span>
    </p>
   </div>
   <div class='ocr_carea' id='block_1_95' title="bbox 2229 3733 3802 3811">
    <p class='ocr_par' dir='ltr' id='par_1_95' title="bbox 2229 3733 3802 3811">
     <span class='ocr_line' id='line_1_95' title="bbox 2229 3733 3802 3811; baseline -0.003 -22"><span class='ocrx_word' id='word_1_730' title='bbox 2229 3750 2437 3789; x_wconf 89' lang='lat' dir='ltr'><strong>summa</strong></span> <span class='ocrx_word' id='word_1_731' title='bbox 2479 3734 2761 3811; x_wconf 68' lang='lat' dir='ltr'><strong>velocitate</strong></span> <span class='ocrx_word' id='word_1_732' title='bbox 2789 3735 3040 3805; x_wconf 76' lang='lat' dir='ltr'><strong>prtedicta</strong></span> <span class='ocrx_word' id='word_1_733' title='bbox 3089 3734 3357 3798; x_wconf 85' lang='lat' dir='ltr'><strong>membra,</strong></span> <span class='ocrx_word' id='word_1_734' title='bbox 3385 3733 3536 3789; x_wconf 88' lang='lat' dir='ltr'><strong>sicut</strong></span> <span class='ocrx_word' id='word_1_735' title='bbox 3564 3733 3717 3802; x_wconf 83' lang='lat' dir='ltr'><strong>prius</strong></span> <span class='ocrx_word' id='word_1_736' title='bbox 3738 3746 3802 3783; x_wconf 84' lang='lat' dir='ltr'><strong>re-</strong></span> 
     </span>
    </p>
   </div>
   <div class='ocr_carea' id='block_1_96' title="bbox 2228 3821 3799 3895">
    <p class='ocr_par' dir='ltr' id='par_1_96' title="bbox 2228 3821 3799 3895">
     <span class='ocr_line' id='line_1_96' title="bbox 2228 3821 3799 3895; baseline -0.003 -14"><span class='ocrx_word' id='word_1_737' title='bbox 2228 3825 2405 3895; x_wconf 71' lang='lat' dir='ltr'><strong>petiit,</strong></span> <span class='ocrx_word' id='word_1_738' title='bbox 2426 3835 2480 3880; x_wconf 90' lang='lat' dir='ltr'><strong>et</strong></span> <span class='ocrx_word' id='word_1_739' title='bbox 2509 3826 2738 3880; x_wconf 73' lang='lat' dir='ltr'><strong>obtexit.</strong></span> <span class='ocrx_word' id='word_1_740' title='bbox 2766 3826 3100 3881; x_wconf 87' lang='lat' dir='ltr'><strong>Polinctores</strong></span> <span class='ocrx_word' id='word_1_741' title='bbox 3130 3834 3312 3881; x_wconf 89' lang='lat' dir='ltr'><strong>autem</strong></span> <span class='ocrx_word' id='word_1_742' title='bbox 3359 3824 3724 3879; x_wconf 85' lang='lat' dir='ltr'><strong>admiratione</strong></span> <span class='ocrx_word' id='word_1_743' title='bbox 3740 3821 3799 3877; x_wconf 83' lang='lat' dir='ltr'><strong>si-</strong></span> 
     </span>
    </p>
   </div>
   <div class='ocr_carea' id='block_1_97' title="bbox 2197 3914 3797 3986">
    <p class='ocr_par' dir='ltr' id='par_1_97' title="bbox 2197 3914 3797 3986">
     <span class='ocr_line' id='line_1_97' title="bbox 2197 3914 3797 3986; baseline -0.006 -16"><span class='ocrx_word' id='word_1_744' title='bbox 2197 3942 2203 3949; x_wconf 83' lang='lat'><strong>~</strong></span> <span class='ocrx_word' id='word_1_745' title='bbox 2229 3915 2338 3978; x_wconf 86' lang='lat' dir='ltr'><strong>mttl</strong></span> <span class='ocrx_word' id='word_1_746' title='bbox 2367 3923 2421 3971; x_wconf 91' lang='lat' dir='ltr'><strong>et</strong></span> <span class='ocrx_word' id='word_1_747' title='bbox 2445 3930 2645 3985; x_wconf 86' lang='lat' dir='ltr'><strong>pavore</strong></span> <span class='ocrx_word' id='word_1_748' title='bbox 2689 3916 2949 3985; x_wconf 81' lang='lat' dir='ltr'><strong>perculsi,</strong></span> <span class='ocrx_word' id='word_1_749' title='bbox 2977 3916 3090 3986; x_wconf 87' lang='lat' dir='ltr'><strong>jam</strong></span> <span class='ocrx_word' id='word_1_750' title='bbox 3122 3923 3249 3970; x_wconf 88' lang='lat' dir='ltr'><strong>tunc</strong></span> <span class='ocrx_word' id='word_1_751' title='bbox 3279 3914 3797 3973; x_wconf 81' lang='lat' dir='ltr'><strong>animadvertemm,</strong></span> 
     </span>
    </p>
   </div>
   <div class='ocr_carea' id='block_1_98' title="bbox 2227 4004 3796 4078">
    <p class='ocr_par' dir='ltr' id='par_1_98' title="bbox 2227 4004 3796 4078">
     <span class='ocr_line' id='line_1_98' title="bbox 2227 4004 3796 4078; baseline -0.003 -15"><span class='ocrx_word' id='word_1_752' title='bbox 2227 4013 2370 4078; x_wconf 85' lang='lat' dir='ltr'><strong>quod</strong></span> <span class='ocrx_word' id='word_1_753' title='bbox 2418 4008 2523 4064; x_wconf 85' lang='lat' dir='ltr'><strong>hoc</strong></span> <span class='ocrx_word' id='word_1_754' title='bbox 2566 4007 2774 4076; x_wconf 88' lang='lat' dir='ltr'><strong>absque</strong></span> <span class='ocrx_word' id='word_1_755' title='bbox 2822 4007 2874 4062; x_wconf 88' lang='lat' dir='ltr'><strong>vi</strong></span> <span class='ocrx_word' id='word_1_756' title='bbox 2916 4007 3097 4063; x_wconf 84' lang='lat' dir='ltr'><strong>divina</strong></span> <span class='ocrx_word' id='word_1_757' title='bbox 3150 4004 3459 4061; x_wconf 87' lang='lat' dir='ltr'><strong>nullatenus</strong></span> <span class='ocrx_word' id='word_1_758' title='bbox 3508 4005 3796 4060; x_wconf 82' lang='lat' dir='ltr'><strong>accidisset.</strong></span> 
     </span>
    </p>
   </div>
   <div class='ocr_carea' id='block_1_99' title="bbox 2227 4094 3796 4168">
    <p class='ocr_par' dir='ltr' id='par_1_99' title="bbox 2227 4094 3796 4168">
     <span class='ocr_line' id='line_1_99' title="bbox 2227 4094 3796 4168; baseline -0.004 -15"><span class='ocrx_word' id='word_1_759' title='bbox 2227 4098 2501 4157; x_wconf 84' lang='lat' dir='ltr'><strong>Fortassis</strong></span> <span class='ocrx_word' id='word_1_760' title='bbox 2571 4098 2717 4154; x_wconf 90' lang='lat' dir='ltr'><strong>enim</strong></span> <span class='ocrx_word' id='word_1_761' title='bbox 2795 4113 2893 4168; x_wconf 90' lang='lat' dir='ltr'><strong>per</strong></span> <span class='ocrx_word' id='word_1_762' title='bbox 2941 4098 3043 4154; x_wconf 90' lang='lat' dir='ltr'><strong>hoc</strong></span> <span class='ocrx_word' id='word_1_763' title='bbox 3102 4095 3318 4153; x_wconf 70' lang='lat' dir='ltr'><strong>coalitus</strong></span> <span class='ocrx_word' id='word_1_764' title='bbox 3382 4094 3796 4154; x_wconf 79' lang='lat' dir='ltr'><strong>monstrabatur,</strong></span> 
     </span>
    </p>
   </div>
   <div class='ocr_carea' id='block_1_100' title="bbox 2226 4186 3798 4258">
    <p class='ocr_par' dir='ltr' id='par_1_100' title="bbox 2226 4186 3798 4258">
     <span class='ocr_line' id='line_1_100' title="bbox 2226 4186 3798 4258; baseline -0.01 -10"><span class='ocrx_word' id='word_1_765' title='bbox 2226 4189 2368 4257; x_wconf 83' lang='lat' dir='ltr'><strong>quod</strong></span> <span class='ocrx_word' id='word_1_766' title='bbox 2395 4189 2462 4244; x_wconf 90' lang='lat' dir='ltr'><strong>ad</strong></span> <span class='ocrx_word' id='word_1_767' title='bbox 2493 4187 2759 4243; x_wconf 88' lang='lat' dir='ltr'><strong>castitatis</strong></span> <span class='ocrx_word' id='word_1_768' title='bbox 2789 4186 3048 4258; x_wconf 84' lang='lat' dir='ltr'><strong>pudorem</strong></span> <span class='ocrx_word' id='word_1_769' title='bbox 3099 4186 3546 4253; x_wconf 79' lang='lat' dir='ltr'><strong>conservandum</strong></span> <span class='ocrx_word' id='word_1_770' title='bbox 3600 4196 3798 4252; x_wconf 85' lang='lat' dir='ltr'><strong>semper</strong></span> 
     </span>
    </p>
   </div>
   <div class='ocr_carea' id='block_1_101' title="bbox 2228 4273 3796 4351">
    <p class='ocr_par' dir='ltr' id='par_1_101' title="bbox 2228 4273 3796 4351">
     <span class='ocr_line' id='line_1_101' title="bbox 2228 4273 3796 4351; baseline -0.005 -18"><span class='ocrx_word' id='word_1_771' title='bbox 2228 4279 2313 4333; x_wconf 87' lang='lat' dir='ltr'><strong>illa</strong></span> <span class='ocrx_word' id='word_1_772' title='bbox 2344 4293 2474 4333; x_wconf 89' lang='lat' dir='ltr'><strong>caro</strong></span> <span class='ocrx_word' id='word_1_773' title='bbox 2501 4280 2688 4333; x_wconf 85' lang='lat' dir='ltr'><strong>vivens</strong></span> <span class='ocrx_word' id='word_1_774' title='bbox 2716 4277 3075 4332; x_wconf 89' lang='lat' dir='ltr'><strong>verecundata</strong></span> <span class='ocrx_word' id='word_1_775' title='bbox 3100 4274 3175 4329; x_wconf 84' lang='lat' dir='ltr'><strong>fit.</strong></span> <span class='ocrx_word' id='word_1_776' title='bbox 3203 4273 3607 4343; x_wconf 78' lang='lat' dir='ltr'><strong>Corpusculum</strong></span> <span class='ocrx_word' id='word_1_777' title='bbox 3634 4274 3796 4351; x_wconf 71' lang='lat' dir='ltr'><strong>itaque</strong></span> 
     </span>
    </p>
   </div>
   <div class='ocr_carea' id='block_1_102' title="bbox 2226 4364 3796 4441">
    <p class='ocr_par' dir='ltr' id='par_1_102' title="bbox 2226 4364 3796 4441">
     <span class='ocr_line' id='line_1_102' title="bbox 2226 4364 3796 4441; baseline -0.008 -14"><span class='ocrx_word' id='word_1_778' title='bbox 2226 4373 2548 4428; x_wconf 87' lang='lat' dir='ltr'><strong>festinanter</strong></span> <span class='ocrx_word' id='word_1_779' title='bbox 2592 4378 2940 4441; x_wconf 89' lang='lat' dir='ltr'><strong>operuerunt.</strong></span> <span class='ocrx_word' id='word_1_780' title='bbox 2987 4368 3180 4424; x_wconf 82' lang='lat' dir='ltr'><strong>Postea</strong></span> <span class='ocrx_word' id='word_1_781' title='bbox 3238 4382 3372 4422; x_wconf 88' lang='lat' dir='ltr'><strong>vero</strong></span> <span class='ocrx_word' id='word_1_782' title='bbox 3430 4382 3600 4437; x_wconf 87' lang='lat' dir='ltr'><strong>quam</strong></span> <span class='ocrx_word' id='word_1_783' title='bbox 3656 4364 3796 4421; x_wconf 83' lang='lat' dir='ltr'><strong>indu-</strong></span> 
     </span>
    </p>
   </div>
   <div class='ocr_carea' id='block_1_103' title="bbox 2228 4460 3798 4534">
    <p class='ocr_par' dir='ltr' id='par_1_103' title="bbox 2228 4460 3798 4534">
     <span class='ocr_line' id='line_1_103' title="bbox 2228 4460 3798 4534; baseline -0.007 -15"><span class='ocrx_word' id='word_1_784' title='bbox 2228 4474 2467 4521; x_wconf 78' lang='lat' dir='ltr'><strong>mentum</strong></span> <span class='ocrx_word' id='word_1_785' title='bbox 2525 4464 2770 4534; x_wconf 87' lang='lat' dir='ltr'><strong>accepit,</strong></span> <span class='ocrx_word' id='word_1_786' title='bbox 2828 4462 3133 4517; x_wconf 88' lang='lat' dir='ltr'><strong>nullatenus</strong></span> <span class='ocrx_word' id='word_1_787' title='bbox 3182 4460 3396 4530; x_wconf 83' lang='lat' dir='ltr'><strong>uspiam</strong></span> <span class='ocrx_word' id='word_1_788' title='bbox 3451 4474 3578 4514; x_wconf 83' lang='lat' dir='ltr'><strong>sese</strong></span> <span class='ocrx_word' id='word_1_789' title='bbox 3623 4469 3798 4512; x_wconf 80' lang='lat' dir='ltr'><strong>manus</strong></span> 
     </span>
    </p>
   </div>
   <div class='ocr_carea' id='block_1_104' title="bbox 2225 4555 2599 4619">
    <p class='ocr_par' dir='ltr' id='par_1_104' title="bbox 2225 4555 2599 4619">
     <span class='ocr_line' id='line_1_104' title="bbox 2225 4555 2599 4619; baseline -0.013 -6"><span class='ocrx_word' id='word_1_790' title='bbox 2225 4557 2312 4613; x_wconf 87' lang='lat' dir='ltr'><strong>illa</strong></span> <span class='ocrx_word' id='word_1_791' title='bbox 2336 4555 2599 4619; x_wconf 80' lang='lat' dir='ltr'><strong>extendit.</strong></span> 
     </span>
    </p>
   </div>
   <div class='ocr_carea' id='block_1_105' title="bbox 2297 4637 3793 4713">
    <p class='ocr_par' dir='ltr' id='par_1_105' title="bbox 2297 4637 3793 4713">
     <span class='ocr_line' id='line_1_105' title="bbox 2297 4637 3793 4713; baseline -0.005 -14"><span class='ocrx_word' id='word_1_792' title='bbox 2297 4645 2385 4699; x_wconf 75' lang='lat' dir='ltr'><strong>XI.</strong></span> <span class='ocrx_word' id='word_1_793' title='bbox 2417 4645 2512 4700; x_wconf 84' lang='lat' dir='ltr'><strong>Sui</strong></span> <span class='ocrx_word' id='word_1_794' title='bbox 2540 4654 2739 4707; x_wconf 87' lang='lat' dir='ltr'><strong>autem,</strong></span> <span class='ocrx_word' id='word_1_795' title='bbox 2767 4643 3178 4713; x_wconf 86' lang='lat' dir='ltr'><strong>quamplurimis</strong></span> <span class='ocrx_word' id='word_1_796' title='bbox 3198 4640 3589 4695; x_wconf 84' lang='lat' dir='ltr'><strong>comitantibus</strong></span> <span class='ocrx_word' id='word_1_797' title='bbox 3616 4637 3793 4697; x_wconf 77' lang='lat' dir='ltr'><strong>turbis,</strong></span> 
     </span>
    </p>
   </div>
   <div class='ocr_carea' id='block_1_106' title="bbox 2222 4732 3793 4807">
    <p class='ocr_par' dir='ltr' id='par_1_106' title="bbox 2222 4732 3793 4807">
     <span class='ocr_line' id='line_1_106' title="bbox 2222 4732 3793 4807; baseline -0.006 -13"><span class='ocrx_word' id='word_1_798' title='bbox 2222 4754 2421 4807; x_wconf 85' lang='lat' dir='ltr'><strong>corpus</strong></span> <span class='ocrx_word' id='word_1_799' title='bbox 2448 4736 2575 4792; x_wconf 80' lang='lat' dir='ltr'><strong>Illud</strong></span> <span class='ocrx_word' id='word_1_800' title='bbox 2593 4746 2841 4792; x_wconf 87' lang='lat' dir='ltr'><strong>sanctum</strong></span> <span class='ocrx_word' id='word_1_801' title='bbox 2865 4737 2932 4791; x_wconf 89' lang='lat' dir='ltr'><strong>ad</strong></span> <span class='ocrx_word' id='word_1_802' title='bbox 2947 4736 3317 4798; x_wconf 82' lang='lat' dir='ltr'><strong>Aureliacum,</strong></span> <span class='ocrx_word' id='word_1_803' title='bbox 3332 4734 3475 4789; x_wconf 88' lang='lat' dir='ltr'><strong>sicut</strong></span> <span class='ocrx_word' id='word_1_804' title='bbox 3497 4734 3613 4804; x_wconf 85' lang='lat' dir='ltr'><strong>ipse</strong></span> <span class='ocrx_word' id='word_1_805' title='bbox 3635 4732 3793 4799; x_wconf 83' lang='lat' dir='ltr'><strong>jusse-</strong></span> 
     </span>
    </p>
   </div>
   <div class='ocr_carea' id='block_1_107' title="bbox 2223 4818 3791 4895">
    <p class='ocr_par' dir='ltr' id='par_1_107' title="bbox 2223 4818 3791 4895">
     <span class='ocr_line' id='line_1_107' title="bbox 2223 4818 3791 4895; baseline -0.006 -14"><span class='ocrx_word' id='word_1_806' title='bbox 2223 4839 2330 4895; x_wconf 79' lang='lat' dir='ltr'><strong>rat,</strong></span> <span class='ocrx_word' id='word_1_807' title='bbox 2366 4828 2694 4892; x_wconf 85' lang='lat' dir='ltr'><strong>detulerunt,</strong></span> <span class='ocrx_word' id='word_1_808' title='bbox 2737 4835 2790 4882; x_wconf 91' lang='lat' dir='ltr'><strong>ct</strong></span> <span class='ocrx_word' id='word_1_809' title='bbox 2838 4827 2889 4880; x_wconf 90' lang='lat' dir='ltr'><strong>in</strong></span> <span class='ocrx_word' id='word_1_810' title='bbox 2921 4827 3212 4881; x_wconf 88' lang='lat' dir='ltr'><strong>aristonem</strong></span> <span class='ocrx_word' id='word_1_811' title='bbox 3260 4825 3517 4895; x_wconf 81' lang='lat' dir='ltr'><strong>lapidem,</strong></span> <span class='ocrx_word' id='word_1_812' title='bbox 3563 4821 3709 4895; x_wconf 83' lang='lat' dir='ltr'><strong>(H9)</strong></span> <span class='ocrx_word' id='word_1_813' title='bbox 3734 4818 3791 4872; x_wconf 78' lang='lat' dir='ltr'><strong>ad</strong></span> 
     </span>
    </p>
   </div>
   <div class='ocr_carea' id='block_1_108' title="bbox 2221 4937 3792 5004">
    <p class='ocr_par' dir='ltr' id='par_1_108' title="bbox 2221 4937 3792 5004">
     <span class='ocr_line' id='line_1_108' title="bbox 2221 4937 3792 5004; baseline -0.006 -9"><span class='ocrx_word' id='word_1_814' title='bbox 2221 4942 2374 4997; x_wconf 65' lang='lat' dir='ltr'><strong>Petri.</strong></span> <span class='ocrx_word' id='word_1_815' title='bbox 2398 4939 2774 4996; x_wconf 82' lang='lat' dir='ltr'><strong>Venerabilis:</strong></span> <span class='ocrx_word' id='word_1_816' title='bbox 2811 4959 2829 4990; x_wconf 72' lang='grc' dir='ltr'>ι</span> <span class='ocrx_word' id='word_1_817' title='bbox 2875 4940 3122 4995; x_wconf 77' lang='lat' dir='ltr'><strong>Defertur</strong></span> <span class='ocrx_word' id='word_1_818' title='bbox 3165 4938 3339 4993; x_wconf 88' lang='lat' dir='ltr'><strong>sancti</strong></span> <span class='ocrx_word' id='word_1_819' title='bbox 3388 4937 3571 4992; x_wconf 88' lang='lat' dir='ltr'><strong>Patris</strong></span> <span class='ocrx_word' id='word_1_820' title='bbox 3611 4949 3792 5004; x_wconf 82' lang='lat' dir='ltr'><strong>corpus</strong></span> 
     </span>
    </p>
   </div>
   <div class='ocr_carea' id='block_1_109' title="bbox 2222 5007 3791 5082">
    <p class='ocr_par' dir='ltr' id='par_1_109' title="bbox 2222 5007 3791 5082">
     <span class='ocr_line' id='line_1_109' title="bbox 2222 5007 3791 5082; baseline -0.006 -17"><span class='ocrx_word' id='word_1_821' title='bbox 2222 5015 2290 5065; x_wconf 86' lang='lat' dir='ltr'><strong>ad</strong></span> <span class='ocrx_word' id='word_1_822' title='bbox 2329 5012 2502 5065; x_wconf 89' lang='lat' dir='ltr'><strong>locum</strong></span> <span class='ocrx_word' id='word_1_823' title='bbox 2535 5012 2622 5064; x_wconf 86' lang='lat' dir='ltr'><strong>ubi</strong></span> <span class='ocrx_word' id='word_1_824' title='bbox 2671 5024 2893 5082; x_wconf 85' lang='lat' dir='ltr'><strong>corpora</strong></span> <span class='ocrx_word' id='word_1_825' title='bbox 2943 5020 3290 5082; x_wconf 71' lang='lat' dir='ltr'><strong>mortuorum</strong></span> <span class='ocrx_word' id='word_1_826' title='bbox 3325 5007 3650 5082; x_wconf 80' lang='lat' dir='ltr'><strong>lavabantur</strong></span> <span class='ocrx_word' id='word_1_827' title='bbox 3689 5022 3705 5057; x_wconf 89' lang='lat'><strong>:</strong></span> <span class='ocrx_word' id='word_1_828' title='bbox 3744 5012 3791 5082; x_wconf 73' lang='lat' dir='ltr'><strong>ct</strong></span> 
     </span>
    </p>
   </div>
   <div class='ocr_carea' id='block_1_110' title="bbox 2223 5077 3789 5149">
    <p class='ocr_par' dir='ltr' id='par_1_110' title="bbox 2223 5077 3789 5149">
     <span class='ocr_line' id='line_1_110' title="bbox 2223 5077 3789 5149; baseline -0.006 -14"><span class='ocrx_word' id='word_1_829' title='bbox 2223 5083 2301 5136; x_wconf 66' lang='lat' dir='ltr'><strong>ibi.</strong></span> <span class='ocrx_word' id='word_1_830' title='bbox 2334 5082 2671 5135; x_wconf 83' lang='lat' dir='ltr'><strong>vestimentis</strong></span> <span class='ocrx_word' id='word_1_831' title='bbox 2699 5077 2929 5133; x_wconf 81' lang='lat' dir='ltr'><strong>nudatus</strong></span> <span class='ocrx_word' id='word_1_832' title='bbox 2951 5120 2966 5141; x_wconf 87' lang='lat'><strong>,</strong></span> <span class='ocrx_word' id='word_1_833' title='bbox 3006 5079 3293 5149; x_wconf 78' lang='lat' dir='ltr'><strong>glorificati</strong></span> <span class='ocrx_word' id='word_1_834' title='bbox 3342 5077 3581 5149; x_wconf 82' lang='lat' dir='ltr'><strong>hominis</strong></span> <span class='ocrx_word' id='word_1_835' title='bbox 3631 5077 3789 5145; x_wconf 79' lang='lat' dir='ltr'><strong>gratia</strong></span> 
     </span>
    </p>
   </div>
   <div class='ocr_carea' id='block_1_111' title="bbox 2221 5147 3623 5218">
    <p class='ocr_par' dir='ltr' id='par_1_111' title="bbox 2221 5147 3623 5218">
     <span class='ocr_line' id='line_1_111' title="bbox 2221 5147 3623 5218; baseline -0.007 -11"><span class='ocrx_word' id='word_1_836' title='bbox 2221 5152 2433 5207; x_wconf 86' lang='lat' dir='ltr'><strong>cunctis</strong></span> <span class='ocrx_word' id='word_1_837' title='bbox 2457 5150 2762 5204; x_wconf 86' lang='lat' dir='ltr'><strong>videntibus</strong></span> <span class='ocrx_word' id='word_1_838' title='bbox 2799 5159 2853 5203; x_wconf 90' lang='lat' dir='ltr'><strong>et</strong></span> <span class='ocrx_word' id='word_1_839' title='bbox 2881 5147 3220 5218; x_wconf 77' lang='lat' dir='ltr'><strong>stupentibus</strong></span> <span class='ocrx_word' id='word_1_840' title='bbox 3250 5147 3569 5217; x_wconf 83' lang='lat' dir='ltr'><strong>apparebat.</strong></span> <span class='ocrx_word' id='word_1_841' title='bbox 3603 5165 3623 5197; x_wconf 73' lang='grc' dir='ltr'>ι</span> 
     </span>
    </p>
   </div>
   <div class='ocr_carea' id='block_1_112' title="bbox 2295 5219 3791 5292">
    <p class='ocr_par' dir='ltr' id='par_1_112' title="bbox 2295 5219 3791 5292">
     <span class='ocr_line' id='line_1_112' title="bbox 2295 5219 3791 5292; baseline -0.009 -16"><span class='ocrx_word' id='word_1_842' title='bbox 2295 5221 2452 5292; x_wconf 71' lang='grc'><strong>(119)</strong></span> <span class='ocrx_word' id='word_1_843' title='bbox 2619 5222 2913 5292; x_wconf 72' lang='lat' dir='ltr'><strong>sinistraut_</strong></span> <span class='ocrx_word' id='word_1_844' title='bbox 2950 5221 3183 5292; x_wconf 75' lang='lat' dir='ltr'><strong>basilica:</strong></span> <span class='ocrx_word' id='word_1_845' title='bbox 3241 5220 3403 5287; x_wconf 83' lang='lat' dir='ltr'><strong>ipsius</strong></span> <span class='ocrx_word' id='word_1_846' title='bbox 3432 5219 3609 5292; x_wconf 68' lang='lat' dir='ltr'><strong>juxta</strong></span> <span class='ocrx_word' id='word_1_847' title='bbox 3650 5229 3791 5292; x_wconf 53' lang='lat' dir='ltr'><strong>argui</strong></span> 
     </span>
    </p>
   </div>
   <div class='ocr_carea' id='block_1_113' title="bbox 2222 5284 3790 5360">
    <p class='ocr_par' dir='ltr' id='par_1_113' title="bbox 2222 5284 3790 5360">
     <span class='ocr_line' id='line_1_113' title="bbox 2222 5284 3790 5360; baseline -0.006 -14"><span class='ocrx_word' id='word_1_848' title='bbox 2222 5284 2313 5346; x_wconf 53' lang='lat' dir='ltr'><strong>S.‘</strong></span> <span class='ocrx_word' id='word_1_849' title='bbox 2342 5284 2503 5345; x_wconf 76' lang='lat' dir='ltr'><strong>Petri.</strong></span> <span class='ocrx_word' id='word_1_850' title='bbox 2551 5290 2853 5344; x_wconf 82' lang='lat' dir='ltr'><strong>Chronicon</strong></span> <span class='ocrx_word' id='word_1_851' title='bbox 2892 5284 3276 5344; x_wconf 69' lang='lat' dir='ltr'><strong>Letmtvirense</strong></span> <span class='ocrx_word' id='word_1_852' title='bbox 3322 5306 3336 5339; x_wconf 88' lang='lat'><strong>:</strong></span> <span class='ocrx_word' id='word_1_853' title='bbox 3374 5308 3394 5339; x_wconf 72' lang='grc' dir='ltr'>ι</span> <span class='ocrx_word' id='word_1_854' title='bbox 3428 5284 3664 5360; x_wconf 77' lang='lat' dir='ltr'><strong>Sanctus</strong></span> 
     </span>
    </p>
   </div>
  </div>
