3964 5360
160 184 273 243 697

883 182 973 239 ne
1012 182 1174 243 Vl’l‘A
1206 180 1264 237 s.
1304 162 1609 236 (tantum
1647 175 1765 233 cos

1869 174 1922 231 IS
1959 175 2305 235 AURILIAC.
2347 212 2417 222 —-
2454 182 2582 237 LIB.
2626 181 2716 237 ιν.

3330 185 3435 243 698

136 299 444 353 sinistram
473 296 681 353 scilicet
701 296 939 355 basilicae
961 299 1130 369 ipsius
1151 297 1574 360 collocaverunt,
1601 293 1752 364 juxta
1786 300 1832 353 Α
1859 306 2205 362 occupemur.
2240 293 2345 349 Sed
2373 295 2475 350 hoc
2502 303 2752 366 agentes,
2783 294 2849 348 de
2886 294 2992 350 illis
3019 308 3118 351 nos
3145 294 3437 367 probamus

134 381 317 442 aram
347 386 519 442 sancti
565 386 729 454 Petri,
763 388 837 442 ita
884 397 941 442 ut
976 387 1287 457 sepulcrum
1320 384 1442 455 ejus
1493 384 1757 439 habeatur

1859 399 2001 450 esse,
2030 400 2167 455 quos
2194 387 2487 458 apostolica
2514 401 2615 441 vox
2660 395 2834 452 notat,
2873 387 3057 444 dicens
3084 407 3097 443 :
3145 390 3192 444 Α
3223 391 3437 450 veritate

161 477 218 531 in
244 476 457 542 dextro,
500 485 556 532 et
581 475 758 546 ipsum
787 475 1140 531 nihilominus
1174 474 1227 528 in
1257 474 1622 529 dextrorsum.
1653 470 1758 527 Sed
1859 477 2102 531 auditum
2166 488 2416 543 avertant,
2465 478 2535 533 ad
2597 479 2805 550 fabulas
2851 480 3035 535 autem’
3075 492 3438 557 convertentur

154 568 274 639 jam
306 567 545 629 libellum
572 568 716 623 hunc
738 568 1110 632 terminemus,
1138 582 1207 622 ne
1228 564 1368 621 forte
1392 580 1516 619 cum
1546 562 1761 619 rustici-

164 669 302 724 tate,
335 666 449 714 tum
479 658 642 712 etiam
672 657 983 730 prolixitate
1007 656 1308 727 displiceat.
1342 655 1398 712 Si
1423 654 1550 725 quid
1580 664 1758 710 autem

160 751 225 808 in
261 765 331 815 eo
370 750 627 807 lectorem
656 748 1031 817 oblectaverit,
1075 749 1284 805 meritis
1310 748 1495 804 domui
1537 746 1758 803 Geraldi

161 844 467 915 praestitum
520 850 763 899 censeat.
841 842 954 898 lloc
1018 856 1151 897 vero
1197 839 1340 911 quod
1407 837 1760 910 displicuerit,

164 932 389 995 inertia:
419 948 551 990 mea:
577 933 875 1003 deputabit,
901 941 1081 988 tamen
1104 928 1395 986 miserendi
1421 930 1762 986 occasionem

164 1026 425 1096 reperiet.
454 1026 519 1081 Et
546 1026 616 1081 ob
641 1026 694 1082 id
719 1025 1041 1097 suppliciter
1059 1024 1305 1090 obsecro,
1334 1031 1388 1078 et
1409 1022 1765 1078 considerans

165 1116 312 1187 quod
356 1116 459 1171 hoc
486 1129 648 1187 agere
686 1115 877 1187 jussus
925 1111 1268 1186 praesumpsi,
1305 1111 1438 1166 mihi
1495 1128 1527 1167 a
1573 1110 1760 1183 judice

165 1205 419 1266 cordium
459 1207 800 1278 deprecetur.

239 1296 355 1366 XII.
396 1295 562 1353 Beato
589 1299 806 1367 quidem
832 1297 1066 1355 Geraldo
1095 1298 1228 1357 satis
1266 1299 1573 1365 sull'ecerat,
1620 1297 1766 1370 quod

168 1389 259 1444 ille
307 1389 462 1445 testis
499 1389 690 1455 ﬁdelis,
737 1391 829 1461 qui
871 1391 925 1445 in
965 1392 1121 1459 caelis
1160 1400 1266 1459 est,
1312 1400 1368 1449 et
1418 1395 1505 1450 cui
1555 1406 1768 1463 semper

168 1480 389 1552 placere
411 1480 640 1562 studuit,
666 1479 812 1538 hunc
836 1482 975 1552 apud
1009 1497 1069 1538 se
1099 1483 1153 1538 in
1189 1483 1279 1539 illa
1305 1484 1643 1555 paradisiaca
1678 1498 1767 1540 re-

167 1571 333 1643 gione
392 1580 754 1637 remunerat;
806 1572 903 1627 sed
955 1579 1136 1628 tamen
1193 1582 1390 1644 quanta
1447 1574 1517 1630 sit
1572 1573 1764 1645 gloria,

1862 562 1947 635 (ΙΙ
1979 562 2115 619 Tim.
2148 580 2223 630 IV,
2250 566 2329 637 4).
2369 566 2452 622 Ad
2494 567 2631 622 hanc
2679 582 2809 639 ergo
2832 568 3079 624 inertiam
3110 570 3195 625 vel
3232 581 3428 627 caetera

1861 664 2108 725 portenta
2136 656 2411 734 vitiorum,
2442 657 2781 729 aliquatenus
2810 661 3229 731 reprimendam,
3256 662 3438 732 dispo-

1863 747 2002 802 sitor
2029 747 2345 804 saeculorum
2372 748 2642 817 Christus,
2696 751 2841 806 hunc
2892 760 3083 807 testem
3118 768 3274 809 suum
3306 770 3439 818 con-

1866 847 1951 892 tra
1978 853 2077 894 nos
2102 839 2388 907 instaurat,
2430 855 2592 912 quem
2632 849 2688 895 et
2732 841 2915 896 multis
2949 843 3224 899 miraculis
3258 860 3441 901 coram

1865 944 1964 984 nos
2003 929 2260 995 illustrat,
2311 941 2371 986 ut
2417 931 2546 1001 quia
2594 931 2781 987 oculos
2818 932 2885 987 ad
2931 934 3349 1002 consideranda,
3386 944 3447 990 ut

1866 1020 2066 1076 dictum
2089 1029 2192 1086 est,
2214 1020 2428 1091 piorum
2451 1022 2697 1093 exempla
2719 1022 3035 1091 clausimus,
3067 1024 3151 1080 vel
3175 1027 3242 1081 ad
3268 1027 3444 1096 splen-

1866 1111 2053 1168 dorem
2083 1110 2243 1180 hujus
2271 1111 2524 1179 hominis,
2574 1121 2830 1184 tanquam
2861 1113 2931 1169 de
2955 1129 3123 1185 prope
3155 1131 3445 1172 coruscan-

1868 1211 1976 1258 tem
2025 1202 2399 1273 respiciamus.
2454 1202 2514 1258 Si
2549 1203 2764 1274 quidem
2816 1203 2908 1260 ille
2953 1204 3136 1260 divina
3174 1214 3443 1278 praecepta

1870 1300 2057 1364 nostro
2089 1301 2330 1364 tempore
2375 1294 2686 1349 custodivit.
2727 1293 2832 1350 Sed
2881 1295 3007 1364 quia
3046 1306 3301 1352 mortuus
3340 1297 3448 1353 cito

1870 1383 2077 1440 recedit
2105 1400 2135 1438 a
2160 1385 2348 1451 corde,
2383 1384 2633 1456 protinus
2661 1385 2763 1441 hoc
2789 1385 3046 1443 oblivioni
3082 1388 3363 1452 tradimus,
3396 1396 3452 1444 et

1872 1492 1980 1533 non
2014 1478 2377 1550 recogitantes
2400 1468 2729 1546 mercedem,
2754 1495 2873 1551 quae
2898 1482 3105 1537 sanctis
3130 1480 3246 1552 ejus
3271 1482 3450 1554 operi-

1874 1571 1976 1627 bus
2001 1578 2196 1636 restat,
2236 1571 2305 1626 ad
2347 1571 2461 1627 haec
2488 1571 2748 1649 imitanda
2774 1573 2923 1629 male
2945 1573 3319 1644 torpescimus.
3366 1573 3448 1630 Ob

170 1674 339 1733 quam
394 1660 540 1716 intus
590 1661 850 1731 possidet,
909 1661 1080 1717 isdem
1132 1665 1290 1719 testis
1332 1663 1582 1720 Christus
1635 1662 1772 1719 foris
1800 1667 1844 1726 B
1874 1661 1978 1718 hoc
2013 1662 2196 1732 itaque
2245 1663 2527 1729 miracula,
2573 1679 2691 1734 qua:
2722 1663 2862 1721 forte
2907 1666 2975 1721 ad
3031 1675 3239 1738 tempus
3291 1668 3446 1732 fiunt,

170 1747 524 1807 manifestare
552 1750 826 1822 dignatur.
881 1751 1154 1824 Scriptum
1206 1768 1439 1825 namque
1479 1762 1585 1818 est,
1634 1753 1762 1823 quia

168 1842 318 1898 Deus
350 1842 617 1900 instaurat
642 1852 809 1901 testes
831 1860 958 1900 suos
981 1854 1171 1900 contra
1198 1860 1314 1902 nos.
1340 1844 1598 1917 Quisquis
1617 1845 1763 1900 enim

170 1940 445 2002 praecepta
476 1932 619 1988 illius
664 1934 922 2000 custodit,
955 1935 1109 1991 testis
1149 1933 1266 2003 ejus
1310 1944 1499 1991 contra
1528 1950 1627 1991 nos
1660 1944 1766 2001 est,

170 2023 322 2092 quod
385 2038 673 2093 possumus
721 2025 939 2096 quidem
989 2041 1210 2083 servare
1264 2027 1449 2084 eadem
1498 2034 1771 2098 praecepta

169 2115 319 2169 sicut
347 2113 459 2179 ille,
489 2115 581 2170 sed
633 2115 903 2172 nolumus.
956 2115 1092 2172 Nam
1136 2124 1196 2171 ut
1238 2117 1305 2172 de
1334 2117 1469 2173 meis
1500 2117 1771 2173 similibus

171 2204 381 2271 dicam,
415 2213 610 2260 cuncta
640 2203 751 2273 jam
783 2207 996 2277 piorum
1029 2207 1174 2263 dicta
1212 2206 1391 2277 legere
1433 2206 1769 2271 fastidimus,

168 2295 427 2365 exempla
479 2311 694 2367 quoque
752 2297 957 2352 imitari
1011 2296 1352 2368 negligimus,
1411 2298 1772 2368 cumjtamen

1863 1756 2077 1826 operari
2128 1755 2402 1827 dignatur,
2451 1764 2718 1826 quatenus
2761 1756 2846 1812 vel
2899 1757 2980 1813 sic
3028 1758 3252 1830 gloriam
3286 1775 3449 1831 quam

1869 1847 2014 1902 intus
2049 1845 2234 1912 habet,
2290 1846 2674 1918 intelligamus,
2722 1854 2778 1902 et
2820 1847 2887 1901 ad
2934 1862 3099 1918 opera
3145 1850 3344 1920 quibus
3380 1852 3450 1908 ad

1868 1938 2115 1993 eamdem
2171 1936 2398 2005 gloriam
2458 1948 2745 2006 provectus
2790 1945 2898 2003 est,
2953 1950 3208 2011 tanquam
3264 1956 3453 1998 recens

1870 2028 2015 2084 edita
2043 2027 2241 2083 mentis
2266 2027 2437 2081 aciem
2466 2026 2828 2092 intendamus,
2857 2036 2914 2084 et
2942 2044 3006 2084 ac
3044 2030 3161 2086 hare
3194 2030 3455 2089 imitanda

1873 2116 2256 2174 convalescere
2287 2116 2623 2173 Studeamus.
2666 2117 2773 2173 Sed
2811 2118 2925 2189 jam
2963 2118 3032 2175 de
3070 2120 3260 2176 iisdem
3288 2121 3453 2176 mira-

1874 2207 2012 2266 culis
2048 2224 2154 2282 qua
2174 2208 2368 2264 rationi
2394 2209 2767 2280 congruerint,
2809 2209 2918 2266 Deo
2952 2209 3202 2280 juvante,
3246 2212 3454 2281 refera-

1874 2318 2019 2359 mus.

172 2398 273 2443 aut
312 2387 528 2456 otiosis,
583 2397 679 2444 aut
724 2390 1076 2445 smcularibus
1140 2387 1321 2443 verbis
1368 2387 1776 2459 infatigabiliter

184 2570 934 2599 αυ--ι-------

1409 2718 1710 2798 LIBER
1759 2716 2269 2809 QUARTUS.

249 3053 294 3107 1.
339 3050 622 3106 Βοηιίηἱω
669 3048 832 3120 igitur
858 3053 981 3117 pust
1023 3042 1310 3098 transitum
1349 3039 1467 3111 ejus
1489 3023 1765 3102 insecuta,
1795 3041 1840 3102 (ζ
1871 3035 2004 3103 Qua:
2029 3051 2153 3091 cum
2203 3044 2353 3093 esset
2400 3035 2586 3092 herbis
2632 3035 2851 3102 referta,
2886 3053 2983 3108 per
3029 3055 3223 3111 gyrum
3277 3051 3456 3098 tamen

169 3140 388 3207 multis,
436 3148 496 3194 ut
539 3139 796 3203 diximus,
842 3133 1225 3192 comitantibus
1271 3130 1463 3196 turbis,
1493 3131 1561 3183 ad
1586 3128 1768 3184 Aure-
1876 3126 2030 3182 tellus
2060 3128 2200 3182 nuda
2226 3136 2282 3182 et
2306 3128 2599 3198 pulvestris
2621 3136 2761 3182 erat.
2806 3128 2872 3184 Hi
2915 3145 3044 3201 ergo
3071 3133 3161 3200 qui
3200 3147 3297 3203 per
3331 3147 3455 3187 ete-

173 3231 381 3289 liacum
428 3230 640 3285 delatus
677 3236 784 3284 est.
832 3226 966 3282 Cum
1017 3225 1183 3295 igitur
1228 3220 1574 3292 psallentium
1621 3218 1774 3273 chori
1875 3220 2161 3274 meterium
2193 3219 2660 3286 transibant,cum
2690 3220 2952 3275 vidissent
2975 3222 3263 3290 plateolam
3287 3223 3455 3288 illam,

172 3322 335 3379 circa
390 3320 654 3377 feretrum
706 3302 1113 3388 pernoctarent,
1180 3312 1398 3382 quidam
1452 3311 1536 3364 vir
1579 3307 1775 3363 nobilis
1850 3298 1927 3368 et
1972 3311 2181 3367 sulcum
2225 3312 2571 3381 pulvereum,
2614 3313 2707 3383 qui
2754 3313 2896 3370 hanc
2941 3315 3245 3382 ambiebat,
3294 3316 3459 3371 mira-

172 3411 409 3470 nomine
432 3409 627 3475 Gibbo,
670 3408 860 3471 ﬁliam.
908 3421 1068 3476 quam
1098 3404 1334 3458 caducus
1367 3401 1585 3455 morbus
1611 3398 1771 3453 obse-
1871 3406 2091 3471 bantur,
2148 3405 2387 3460 scientes
2434 3404 2578 3475 quod
2623 3420 2749 3479 nec.
2776 3406 2956 3471 homo,
3000 3422 3100 3462 nec
3142 3409 3313 3463 bestia
3346 3407 3458 3463 cal-

173 3505 366 3567 derat,
389 3500 582 3556 subtus
624 3499 813 3555 eodem
845 3496 1049 3553 feretro
1093 3494 1398 3558 collocavit,
1443 3506 1562 3562 quae
1588 3499 1775 3560 postea
1874 3495 2046 3550 cando
2092 3494 2300 3549 sulcum
2333 3493 2485 3549 illum
2514 3494 2815 3549 detriverit.
2855 3495 3159 3565 Aliquando
3183 3512 3310 3552 vero
3335 3513 3459 3566 per-

173 3592 323 3650 nihil
358 3590 691 3646 inﬁrmitatis
730 3589 876 3644 illius
922 3602 1082 3657 passa
1112 3594 1214 3642 est.
1256 3583 1375 3639 Jam
1422 3582 1621 3652 quippe
1648 3596 1766 3634 ma-
1875 3586 2089 3650 mansit,
2121 3596 2177 3640 et
2203 3594 2387 3654 postea
2411 3570 2694 3655 disparuit.
2746 3583 3005 3655 Sequenti
3050 3595 3230 3642 autem
3267 3595 3456 3644 aestate

174 3682 504 3747 terfamilias
556 3681 759 3745 existit,
813 3687 868 3734 et
914 3678 1029 3747 ipsa
1075 3676 1291 3730 virtutis
1342 3672 1500 3742 hujus
1532 3671 1773 3728 testimo-
1875 3676 2126 3732 similiter
2166 3676 2364 3730 ibidem
2403 3676 2516 3729 visa
2547 3685 2650 3741 est,
2684 3678 2778 3731 sed
2811 3676 2976 3731 multo
2997 3677 3109 3748 jam
3135 3677 3315 3732 latior.
3352 3677 3456 3732 Ha-

173 3775 337 3843 nium
365 3772 597 3842 seipsam
644 3769 964 3825 incolumem
1003 3763 1240 3838 praefert.
1872 3767 2037 3823 hebat
2062 3774 2241 3821 autem
2274 3765 2509 3821 lembum
2541 3766 2684 3819 circa
2714 3780 2772 3820 se
2796 3765 3075 3831 detritum,
3111 3776 3167 3820 ut
3199 3782 3369 3836 prius,
3399 3775 3457 3835 et

250 3864 320 3931 ιι.
360 3862 592 3930 Quidam
632 3862 794 3916 homo
825 3860 1044 3914 nomine
1071 3856 1381 3913 Grimaldus
1417 3856 1469 3910 in
1497 3854 1623 3910 villa
1667 3869 1775 3910 ma-
1874 3859 2210 3932 pulvereum.
2242 3857 2424 3913 Tertia
2453 3858 2641 3912 itidem
2672 3865 2860 3911 aestate
2892 3865 3011 3911 rota
3043 3857 3294 3912 similiter
3327 3856 3455 3911 her-

173 3973 345 4024 uens,
373 3973 469 4028 per
522 3956 790 4011 somnium
841 3954 977 4009 vidit
1027 3953 1171 4023 quod
1217 3952 1534 4023 operculum
1588 3966 1777 4008 sarco-
1874 3954 2020 4019 bida,
2053 3961 2108 4007 ct
2131 3951 2285 4021 quasi
2315 3950 2450 4006 calle
2480 3949 2735 4019 pulvereo
2769 3950 3153 4005 circumcincta
3184 3950 3454 4020 apparuit,

174 4048 351 4124 phagi
395 4047 513 4118 ejus
541 4046 775 4102 avellere
803 4053 1115 4101 conaretur.
1147 4043 1249 4109 Qui
1282 4042 1714 4113 expergefactus,
1742 4058 1773 4095 a
1875 4046 1969 4101 sed
2024 4045 2196 4100 multo
2234 4042 2348 4112 jam
2399 4041 2666 4097 ditiusior.
2719 4042 2799 4097 Ac
2846 4040 3100 4111 deinceps
3143 4058 3240 4113 per
3286 4057 3456 4097 annos

176 4138 385 4201 cubitis
413 4146 469 4194 et
508 4137 783 4207 deinceps,
825 4135 1048 4190 brachia
1092 4149 1217 4190 cum
1242 4133 1511 4200 fmauibus
1559 4134 1630 4187 ita
1683 4149 1772 4188 re-
1875 4138 2053 4208 plures
2076 4137 2131 4191 in
2160 4144 2319 4191 antea
2353 4148 2411 4191 se
2438 4135 2696 4205 paulatim
2739 4149 3019 4205 spargens,
3050 4137 3273 4191 extendi
3303 4137 3456 4192 vide-

184 4229 333 4311 petit
364 4227 627 4291 arefacta,
668 4235 728 4281 ut
768 4225 902 4281 nihil
943 4241 1011 4280 ex
1060 4226 1144 4280 his
1181 4225 1395 4296 operari
1440 4235 1639 4293 posset.
1683 4225 1776 4280 Sic
1874 4231 2055 4285 batur.
2105 4228 2207 4296 Qui
2256 4242 2386 4283 vero
2435 4243 2657 4283 causam
2705 4228 3015 4298 diligentius
3062 4231 3455 4291 retractabant.

176 4335 288 4393 per
332 4318 643 4389 quindecim
691 4317 864 4372 ferme
905 4316 1022 4371 dies
1064 4331 1292 4371 manens
1340 4314 1673 4382 debilitatus,
1702 4315 1771 4371 ad
1800 4388 1837 4393 _
1875 4320 2180 4391 prodigium
2209 4319 2426 4390 aliquod
2462 4334 2582 4374 esse
2611 4320 2919 4385 credebant,
2946 4319 3293 4390 conjicientes
3314 4324 3457 4393 quod

176 4388 500 4481 sepulcrum
554 4408 955 4479 supplicaturus
998 4407 1169 4473 venit,
1218 4421 1283 4462 ac
1329 4406 1577 4476 protinus
1626 4410 1772 4462 sani-
1800 4388 1848 4447 D
1878 4388 1995 4468 rota
2033 4388 2230 4467 viridis
2278 4388 2478 4464 famam
2525 4410 2668 4465 beati
2711 4409 2927 4466 Geraltli
2955 4388 3224 4469 viriditate
3244 4388 3460 4467 virlutis

177 4512 357 4567 tatem
387 4502 622 4572 recepit.
1875 4503 2087 4574 plenam
2120 4500 2349 4558 fortasse
2382 4500 2717 4571 figuraverit.
2749 4501 2880 4568 Quae
2907 4501 3049 4556 fama
3095 4516 3189 4571 per
3210 4501 3458 4571 populos,

258 4592 348 4649 lll.
387 4592 599 4647 Ancilla
627 4591 908 4662 cujusdam
943 4591 1049 4645 viri
1091 4588 1368 4644 Lamberti
1398 4588 1635 4645 lunatica
1675 4604 1771 4659 per
1877 4592 1969 4662 qui
2009 4592 2260 4665 ariditate
2294 4593 2558 4647 bonorum
2596 4606 2824 4661 operum
2876 4592 3089 4648 steriles
3134 4599 3279 4655 sunt,
3322 4606 3461 4659 quos

176 4686 460 4744 somnium
493 4685 701 4739 monita
722 4693 829 4750 est,
855 4691 913 4737 ut
939 4681 1005 4736 ad
1030 4680 1147 4750 ejus
1173 4680 1476 4751 sepulcrum
1505 4681 1772 4753 supplica-
1879 4683 2168 4755 pulvereus
2212 4683 2451 4739 circulus
2499 4681 2851 4755 signiﬁcaret,
2902 4682 3131 4739 subinde
3167 4696 3228 4735 se
3257 4681 3463 4751 spargit

181 4788 315 4834 tura
355 4775 584 4831 veniret.
617 4774 772 4844 Quod
816 4773 903 4828 illa
950 4772 1172 4829 domino
1214 4790 1314 4829 suo
1357 4773 1637 4829 iudicavit.
1681 4773 1775 4828 ille

174 4883 317 4925 vero
342 4868 541 4923 timens
569 4884 637 4924 ne
679 4864 859 4922 illusio
906 4874 963 4921 et
1017 4865 1307 4921 ridiculum
1348 4875 1515 4932 esset,
1541 4869 1588 4924 si
1613 4865 1776 4922 visio-

176 4977 311 5018 nem
337 4960 559 5016 virtutis
583 4960 814 5017 eﬁ‘ectus
852 4958 1073 5013 minime
1103 4965 1442 5029 sequeretur,
1489 4958 1769 5030 prohibuit

176 5068 334 5109 eam.
361 5050 457 5105 llla
478 5050 671 5107 dehinc
705 5048 967 5114 secundo,
1001 5063 1066 5102 ac
1105 5050 1268 5105 tertio
1299 5049 1651 5108 nihilominus
1679 5064 1777 5119 per

173 5142 451 5198 visionem
475 5144 702 5206 monita,
736 5138 1068 5208 praedictum
1098 5140 1375 5197 dominum
1426 5158 1582 5200 suum
1618 5156 1775 5210 roga-

176 5238 300 5300 bat,
335 5242 393 5288 ut
418 5248 537 5290 eam
565 5238 697 5292 illuc
729 5234 809 5288 ire
838 5234 1197 5302 permitteret.
1215 5237 1366 5305 Quod
1394 5238 1481 5294 ille
1496 5239 1608 5309 jam
1637 5249 1768 5290 con-

170 5326 342 5360 nnccil
397 5323 489 5360 Ιιοῖι
519 5342 648 5360 Λυσι-νη
673 5323 877 5360 .nnlinr
929 5334 980 5360 ΔΩ
1017 5335 1144 5360 nnIn
1174 5326 1480 5360 enni-lupum
1510 5329 1742 5360 ιοῖηἷιηηα

1880 4784 1930 4831 et
1965 4775 2086 4831 illos
2131 4773 2379 4844 exemplo
2431 4790 2531 4829 sua
2571 4772 2727 4844 quasi
2759 4770 3042 4837 fecundat;
3071 4772 3198 4826 dum
3223 4784 3322 4837 pro
3348 4770 3466 4839 ejus

1876 4870 2068 4925 'amore
2114 4876 2323 4936 gratam
2374 4862 2872 4940 peregrinationem
2916 4874 2971 4919 et
3011 4863 3247 4917 laborem
3295 4862 3470 4916 susci—

1877 4960 2050 5030 piunt,
2085 4960 2210 5015 dum
2253 4969 2309 5013 et
2359 4974 2599 5019 munera
2646 4953 2908 5020 offerunt,
2940 4965 2997 5010 et
3019 4950 3254 5009 nenuulli
3286 4951 3479 5007 melio—

1877 5053 2015 5106 ratis
2054 5050 2299 5106 moribus
2338 5050 2626 5109 redeunt:
2660 5043 2803 5099 sicut
2850 5054 2972 5098 rota
3008 5042 3097 5096 illa
3127 5040 3180 5093 in
3213 5044 3369 5090 antea
3423 5056 3486 5095 se

1874 5140 2176 5197 extendens
2224 5137 2562 5200 ariditatem
2603 5131 2847 5210 pulverei
2900 5132 3083 5188 circuli
3117 5143 3181 5184 ex
3214 5133 3366 5196 parte
3395 5142 3487 5183 re—

1875 5234 2076 5302 plebat.
2131 5231 2323 5287 Utrum
2357 5238 2622 5290 veroboc
2649 5221 3058 5292 significaverit,
3088 5232 3269 5274 rerum
3296 5214 3487 5284 dispo-

1874 5325 2011 5360 cilnr
2030 5323 2173 5360 “mm
2223 5323 2445 5360 (tantum
2478 5333 2567 5360 ne!
2595 5326 2777 5360 ιςηιιοιι
2804 5314 2951 5360 numl
2977 5305 3105 5360 nihil
3128 5310 3182 5360 in
3205 5313 3347 5360 terra
3364 5305 3493 5360 sine
