3964 5360
496 256 601 314 699

1469 248 1523 303 S.
1561 244 1815 305 ODONIS
1853 239 2140 298 ABBATIS
2179 240 2681 298 CLUNIACENSIS
2722 234 2763 296 li

3657 231 3756 288 τω

498 367 706 424 sionem
731 364 862 420 vidit
884 364 955 419 ita
975 360 1343 437 continentem
1371 379 1383 415 :
1408 361 1539 417 Erat
1564 359 1718 430 quasi
1743 358 1882 412 altus
1907 350 2079 418 locus,
2110 356 2154 414 Α
2185 352 2400 409 Geralli
2433 371 2645 410 sursum
2673 354 2850 419 adhuc
2871 359 3204 409 emersnssct.
3231 349 3295 406 Et
3320 339 3598 411 suldunxit
3619 341 3760 417 quod

497 459 591 513 ubi
636 446 892 526 splendor
920 456 1111 526 ingens
1147 452 1405 525 fulgebat.
1438 453 1518 509 Ad
1546 468 1705 524 quem
1738 450 2080 520 Splendor-em

500 566 597 620 per
617 558 849 619 quatuor
872 548 1071 618 gradus
1094 547 1506 601 aseendehatur.
1538 545 1675 599 Ante
1698 543 1929 613 priumm
1956 554 2085 596 vero

504 640 728 712 gradum
759 647 880 695 erat
905 637 1060 708 quasi
1108 637 1454 707 antepodium
1495 635 1561 691 de
1605 634 1768 689 ferro.
1804 630 2086 687 Secundus

504 730 708 800 gradus
750 729 986 784 habebat
1016 727 1359 797 antepodium
1390 742 1612 783 :ereum.
1642 724 1860 780 Tertius
1888 737 2083 792 argen-

504 830 673 874 teum.
705 818 940 885 Quartus
980 832 1224 873 aureum.
1244 817 1316 871 λιιι
1347 816 1523 888 primo
1551 817 1731 885 itaque
1758 814 1927 885 gradu
1955 811 2087 867 vidit

503 909 761 964 advenire
794 909 930 964 duos
952 909 1093 963 viros
1117 905 1585 978 splendidissimos
1616 904 1763 959 vultu
1793 913 1849 961 et
1877 903 2084 958 habitu.

503 1000 652 1068 Quos
681 999 770 1054 alii
798 999 904 1054 duo
933 998 1318 1068 sequebantur,
1353 997 1444 1069 qui
1484 996 1629 1052 inter
1656 1011 1714 1052 se
1746 995 1961 1051 tertium
1992 1010 2090 1065 per

503 1107 699 1148 manus
726 1092 1019 1148 ducebant.
1072 1092 1282 1146 Dictum
1315 1098 1399 1146 est
1427 1074 1610 1145 autem
1639 1089 1838 1145 clerico
1863 1088 1952 1159 qui
1986 1088 2090 1143 hoc

502 1182 743 1248 videbat,
776 1181 918 1252 quod
958 1181 1031 1236 illi
1072 1182 1178 1237 duo
1213 1180 1372 1250 primi
1409 1187 1592 1235 essent
1616 1188 1836 1235 sanctus
1861 1177 2086 1242 Paulus,

508 1281 563 1327 et
592 1283 814 1329 sanctus
845 1273 1110 1329 Martialis
1143 1291 1155 1327 :
1188 1272 1276 1328 alii
1304 1271 1411 1329 duo
1438 1272 1942 1343 quijsequebantur,
1971 1286 2092 1326 san-

507 1371 631 1418 ctus
679 1362 875 1421 Petrus
903 1372 958 1419 et
993 1362 1510 1419 sauctusAndreas.
1542 1363 1598 1418 Si
1625 1364 1843 1434 quidem
1870 1365 2089 1419 tertium

506 1467 668 1521 quem
700 1453 986 1518 ducebant,
1017 1462 1261 1510 sanctum
1290 1468 1409 1509 esse
1440 1453 1752 1510 Geraldum.
1780 1454 1950 1523 Quem
1983 1456 2090 1511 sci-

506 1544 635 1601 licet
669 1546 900 1603 clericus
945 1546 1035 1603 ille
1080 1548 1134 1602 in
1183 1548 1287 1603 hac
1339 1549 1450 1603 vita
1508 1557 1817 1605 manentem
1874 1549 2095 1606 minime

505 1637 777 1708 cOgnovit.
833 1637 939 1694 Sed
972 1638 1097 1694 dum
1142 1648 1326 1710 postea
1374 1640 1627 1707 referret,
1653 1639 1795 1711 quali
1818 1636 1947 1696 eum
1979 1649 2092 1696 sta-

2187 448 2494 503 admonitus
2536 463 2631 518 per
2669 446 2938 503 somnium
2970 444 3154 509 fuerit,
3178 452 3239 498 ut
3264 443 3333 498 ad
3356 441 3475 509 ejus
3504 439 3762 511 tumulum

2187 540 2419 604 veniret,
2466 539 2721 610 quoniam
2766 536 2881 606 ejus
2928 537 3293 607 sarcophagus
3329 532 3449 603 jam
3502 544 3764 601 apparere

2187 630 2460 701 coepisset.
2486 629 2622 685 Tum
2655 643 2784 684 vero
2814 627 3062 683 monachi
3094 641 3215 682 cum
3243 625 3361 695 ipso
3386 630 3679 694 pergentes
3702 619 3769 674 ad

2189 721 2473 788 tumulum,
2502 729 2558 776 et
2587 719 2812 775 linteum
2844 719 3073 789 desuper
3099 715 3416 779 evellentes,
3446 712 3520 766 ita
3555 724 3771 781 repere-

2188 822 2334 879 runt,
2367 822 2427 868 ut
2456 812 2689 871 clericus
2720 811 2995 867 dormiens
3040 809 3267 878 viderat.
3312 806 3382 862 Et
3403 806 3536 859 tunc
3558 802 3770 873 quidem

2188 904 2578 976 aliquantulum
2621 902 2915 958 eminebat.
2956 899 3074 956 Jam
3107 901 3237 955 vero
3261 913 3369 953 non
3394 911 3593 967 parum
3623 893 3775 947 altior

2188 999 2420 1055 videtur.
2450 997 2705 1068 Quisquis
2734 1004 2915 1051 autem
2943 995 3047 1049 hoc
3074 992 3363 1064 dignoscit,
3395 989 3659 1043 virtutem
3686 983 3775 1037 ali-

2188 1106 2351 1161 quam
2393 1104 2512 1145 esse
2560 1087 2796 1143 divinam
2829 1086 3083 1157 ignorare
3113 1080 3318 1153 nequit.
3369 1080 3450 1135 Ex
3487 1079 3598 1133 hoc
3619 1075 3778 1148 igitur

2190 1179 2450 1237 miracula
2473 1180 2666 1235 crebro
2693 1177 2805 1232 ﬁeri
2834 1182 3140 1246 coeperunt.
3520 1232 3525 1237 η

2267 1271 2373 1327 Vll.
2415 1268 2859 1326 Circutucisiouis
2887 1264 3183 1321 Dominicae
3209 1260 3528 1317 solemnitas
3554 1258 3781 1312 advene-

2194 1371 2320 1427 rat,
2370 1376 2494 1416 cum
2547 1372 2739 1414 vassns
2765 1354 2980 1426 quidam
3031 1353 3250 1408 nomine
3301 1348 3582 1405 Adraldes
3613 1345 3778 1400 focum

2194 1456 2535 1526 caragiorum
2587 1459 2697 1506 tota
2749 1459 2909 1505 nocte
2940 1449 2993 1503 in
3024 1448 3185 1503 domo
3224 1460 3322 1500 sua
3353 1441 3473 1496 fieri
3506 1439 3778 1511 prmcepit.

2193 1545 2521 1615 Intempesta
2567 1551 2746 1598 autem
2801 1540 2969 1615 ipsius
3000 1537 3174 1593 noctis
3201 1534 3672 1600 bora,.d2emones
3704 1545 3784 1583 sn-

2194 1651 2292 1708 per
2346 1636 2523 1691 focum
2572 1632 2826 1690 custodes
2870 1631 3167 1686 irt'uernnt.
3198 1626 3410 1695 Quibus
3436 1624 3513 1678 ita
3545 1619 3784 1677 damnati

506 1736 652 1793 tura,
684 1728 771 1783 vel
798 1726 938 1784 faeie
967 1728 1213 1795 vidisset,
1245 1728 1344 1795 illi,
1379 1730 1469 1799 qui
1503 1710 1939 1801 eunijnoverant,
1971 1747 2097 1802 spe—
2124 1731 2169 1791 B
2197 1737 2341 1792 sunt,
2370 1733 2431 1779 ut
2454 1738 2619 1778 unum
2656 1720 2993 1783 occiderent,
3007 1716 3257 1779 alterum,
3285 1710 3595 1769 debilitatis
3633 1724 3785 1763 meru-

512 1818 652 1874 ciem
691 1830 1143 1890 recognoverunt.
1191 1819 1325 1876 Cum
1367 1836 1498 1893 ergo
1547 1823 1823 1878 venissent
1873 1823 1939 1878 ad
1984 1823 2095 1895 pri-

508 1925 658 1965 mum
685 1914 933 1981 gradum,
956 1911 1260 1982 psallebant
1287 1913 1442 1983 quasi
1475 1912 1761 1984 psalmum.
1789 1913 1916 1970 Post
1935 1930 2094 1986 quem

509 2011 735 2059 sanctus
778 2003 972 2059 Petrus
1009 2002 1292 2060 collectam
1339 2005 1497 2061 dixit.
1543 2005 1715 2073 Quam
1747 2007 2095 2077 completam,

511 2094 905 2163 responderunt
932 2115 945 2147 -.
970 2094 1164 2150 Amen.
1204 2094 1280 2149 lta
1327 2093 1574 2151 fecerunt
1619 2097 1878 2163 secundo,
1913 2099 2097 2165 tertio,

514 2192 680 2251 atque
708 2193 921 2255 quarto.
952 2185 1178 2241 Caeteris
1218 2196 1396 2241 autem
1439 2182 1728 2254 stan‘tibus,
1773 2188 1967 2245 beat’us
1996 2189 2097 2245 Pe-

514 2287 634 2335 trus
659 2296 830 2352 usque
852 2282 917 2336 ad
939 2280 1113 2337 locum
1145 2283 1387 2354 praedicti
1418 2284 1722 2355 splendoris
1749 2286 2095 2357 pertetendit.

515 2369 585 2425 Et
618 2382 923 2442 prostratus
965 2374 1019 2429 in
1073 2383 1237 2441 terra,
1286 2375 1679 2459 aliquantisper
1710 2378 1964 2445 adorans,
2010 2378 2099 2450 ja-

517 2462 649 2517 cuit.
702 2464 856 2520 Tunc
896 2466 1157 2533 surrexit,
1189 2475 1245 2521 et
1275 2483 1446 2547 usque
1493 2469 1653 2525 tertio
1694 2485 1753 2525 se
1782 2472 2098 2541 prostravit.

515 2551 723 2610 Deinde
758 2572 861 2611 vox
887 2558 1045 2628 quasi
1076 2558 1142 2613 de
1184 2558 1274 2613 illo
1313 2558 1599 2630 splendore
1631 2562 1986 2631 respondens,
2020 2577 2105 2618 re-

518 2646 689 2716 quirit
711 2648 841 2716 quid
865 2648 1046 2703 vellet.
1075 2648 1147 2704 At
1168 2649 1258 2706 ille
1283 2667 1295 2703 :
1322 2649 1570 2717 Domine,
1600 2651 1795 2722 inquit,
1828 2667 1926 2723 pro
1946 2668 2104 2709 servo

520 2747 617 2794 tuo
641 2737 873 2795 Geraldo
903 2741 1332 2797 misericordiam
1377 2750 1525 2797 tuam
1567 2742 1849 2813 deprecor.
1875 2743 1941 2798 Et
1974 2752 2107 2800 tuue

464 2826 471 2831 ’
521 2833 711 2889 nescio
753 2834 898 2903 quis,
949 2834 1116 2890 veluti
1159 2835 1401 2890 codicem
1462 2843 1674 2901 tenens,
1732 2836 1887 2906 quasi
1939 2830 2137 2892 vitanr

524 2920 670 2976 illius
722 2923 1004 2978 recitabat.
1052 2923 1297 2994 Cumque
1350 2924 1662 2994 aliquandiu
1718 2925 1940 2997 legeret,
2008 2928 2108 2983 hoc

525 3012 906 3067 tantummodo
946 3011 1179 3067 clericus
1222 3011 1524 3089 intelligere
1555 3014 1761 3069 valuit:
1797 3015 1901 3082 Qui
1927 3016 2107 3087 'potuit

2197 1820 2311 1875 bris
2356 1830 2619 1888 corporea
2668 1813 2840 1870 salute
2887 1809 3187 1883 privarent.
3224 1805 3324 1874 Qui
3353 1815 3549 1876 postea
3590 1800 3789 1855 mendi-

2199 1913 2375 1969 cando
2400 1912 2566 1965 vitam
2597 1907 2841 1979 exigens,
2876 1903 2944 1959 ad
2971 1900 3316 1958 Aureliacum
3343 1898 3672 1967 deportatus
3695 1900 3788 1947 est.

2199 2004 2316 2073 Quo
2344 2003 2470 2059 dum
2497 2017 2594 2073 per
2617 2000 2822 2070 aliquot
2844 1997 2960 2053 dies
2996 1993 3293 2056 victitaret,
3318 1989 3543 2060 quidam
3572 1983 3789 2040 violenti

2201 2095 2449 2152 homines
2488 2089 2961 2165 prmsumptionem
3009 2084 3279 2143 faciebant
3320 2089 3513 2137 contra
3550 2086 3790 2149 potesta-

2203 2199 2309 2242 tem
2343 2185 2447 2241 loci
2482 2184 2674 2255 ipsius.
2716 2181 2833 2248 Qua
2880 2179 2947 2233 de
2991 2194 3155 2232 causa
3200 2174 3452 2230 monachi
3508 2171 3670 2240 signa
3712 2184 3791 2222 so-

2202 2294 2355 2342 nare,
2406 2285 2569 2346 atque
2615 2272 2820 2328 litauiis
2867 2269 3120 2325 inSistere
3171 2273 3482 2341 coeperunt.
3519 2261 3683 2316 Tunc
3711 2256 3789 2311 ille

2202 2379 2515 2428 contractus
2554 2363 2929 2439 supplicabat,
2974 2371 3034 2416 ut
3074 2360 3156 2427 lii,
3197 2358 3291 2429 qui
3336 2352 3794 2411 circumstabant,

2206 2466 2351 2522 hunc
2391 2464 2458 2517 ad
2499 2461 2810 2532 sepulcrum
2840 2455 3020 2512 domui
3052 2452 3272 2511 Geraldi
3299 2449 3611 2506 deferrent.
3649 2443 3795 2512 Quod

2205 2574 2329 2614 cum
2356 2555 2430 2612 illi
2481 2554 2755 2616 fecissent,
2800 2550 2993 2606 orabat
3036 2556 3094 2601 ut
3121 2545 3223 2602 sibi
3265 2541 3566 2599 subvenire
3610 2540 3793 2610 digna-

2206 2659 2377 2705 retur.
2403 2646 2504 2715 Qui
2533 2653 2656 2715 post
2686 2643 2960 2698 modicum
2992 2654 3157 2695 sanus
3180 2634 3444 2696 surrexit,
3469 2640 3531 2686 et
3563 2632 3794 2686 redinte-

2207 2741 2374 2815 gratis
2420 2736 2699 2802 membris,
2725 2733 2979 2789 omnibus
3007 2730 3184 2799 denuo
3217 2728 3270 2781 in
3302 2732 3588 2780 momento
3611 2736 3797 2776 conva-

2191 2811 2331 2903 luit.
2364 2827 2442 2883 Ex
2474 2826 2578 2881 hoc
2618 2822 2734 2894 jam
2785 2827 3069 2891 coeperunt
3112 2814 3375 2872 miracula
3425 2811 3677 2868 subinde.
3715 2826 3797 2879 pa-

2210 2900 2344 2977 trari
2387 2919 2764 2986 virtutumque
2816 2910 2933 2981 ejus
2981 2910 3163 2981 opinio
3198 2907 3406 2962 certius
3441 2913 3613 2973 atque
3651 2900 3797 2956 diﬂ’u.

2213 3014 2327 3069 sius
2371 3024 2651 3067 resonare.
2718 3008 2792 3063 De
2847 3004 3044 3075 quibus
3095 3003 3138 3058 si
3192 3000 3335 3056 forte
3383 2998 3512 3071 quis
3563 2997 3799 3056 dubitet,

526 3101 841 3170 transgredi,
885 3110 932 3155 et
972 3118 1079 3156 non
1125 3111 1201 3156 est
1242 3085 1630 3174 transgressus;
1659 3114 1706 3160 et
1736 3092 1909 3174 facere
1941 3085 2107 3173 mala,
2136 3085 2183 3147 (ἶ
2213 3104 2470 3176 quoniam
2512 3100 2710 3172 smpius
2746 3097 2933 3154 eadem
2968 3096 3022 3150 in
3052 3092 3283 3149 infirmis
3322 3099 3680 3160 repetuntur,
3716 3100 3797 3156 po-

525 3200 577 3245 et
609 3208 711 3245 non
739 3191 857 3261 fecit
902 3191 1095 3263 (Eccli.
1142 3209 1293 3259 χιιι,
1327 3194 1439 3262 10).
1495 3194 1649 3250 Tunc
1701 3198 1767 3250 ad
1799 3212 1922 3251 eum
1962 3215 2109 3254 vox:

529 3280 681 3347 Fac,
730 3283 941 3353 inquit,
992 3285 1058 3340 de
1099 3300 1163 3341 eo
1211 3286 1356 3357 quod
1412 3285 1513 3359 vis.
1573 3286 1638 3341 Et
1689 3288 1915 3357 protulit
1961 3290 2115 3359 quasi

532 3382 804 3443 sceptrum
850 3375 986 3429 dans
1032 3374 1128 3440 illi,
1176 3389 1271 3447 per
1319 3377 1460 3446 quod
1517 3377 1743 3433 haberet
1779 3389 2114 3448 potestatem

532 3467 810 3521 exaltandi
840 3483 984 3523 etun.
1012 3468 1268 3526 ‘Clericus
1310 3484 1441 3525 vero
1469 3485 1654 3525 vocem
1692 3471 1871 3527 dantis
1891 3472 2116 3540 audivit,

533 3560 629 3614 sed
653 3574 757 3616 non
789 3560 891 3616 nisi
916 3568 1189 3631 sceptrum
1214 3562 1369 3617 vidit.
1394 3563 1530 3617 Tum
1556 3578 1687 3619 vero
1708 3564 1899 3619 beatus
1928 3563 2120 3619 Petrus

536 3649 605 3704 ad
631 3664 747 3713 eos,
771 3652 858 3721 qui
887 3668 946 3707 se
974 3655 1380 3722 exspectabant,
1404 3655 1644 3724 gaudens
1668 3655 1863 3709 rediit.”
1888 3653 2031 3710 Sane
2053 3654 2119 3708 ad

538 3741 743 3809 locum,
786 3745 877 3798 ubi
921 3746 1162 3811 stabant,
1207 3747 1458 3815 apparuit
1493 3746 1647 3815 quasi
1673 3746 1909 3801 clivosus
1940 3762 2124 3801 ascen-

539 3848 635 3887 sus
664 3834 713 3887 in
743 3834 939 3888 coelum
973 3850 1143 3921 usque
1171 3846 1474 3905 porrectus.
1497 3836 1699 3891 Beatus
1720 3845 1899 3891 autem
1929 3835 2123 3891 Petrus

541 3925 798 3981 dilectum
830 3926 921 3981 Dei
943 3925 1233 3982 Geraldum
1276 3944 1437 3982 manu
1465 3937 1675 3993 tenens,
1712 3937 1765 3983 et
1795 3944 1893 3998 per
1927 3927 2125 3997 gradus

542 4018 669 4073 illos
713 4022 1005 4076 ascendere
1051 4020 1338 4092 incipiens,
1396 4016 1810 4086 excelsa'voce,
1858 4019 2126 4074 Te'Deum

554 4110 852 4175 laudamus,
882 4111 1228 4166 exclamavit.
1267 4112 1332 4165 Et
1356 4112 1428 4166 ita
1455 4112 1746 4181 psallentes
1779 4109 1975 4177 cmlnm
2006 4124 2127 4164 cum

547 4213 614 4252 eo
648 4201 937 4269 petierunt.
969 4201 1246 4272 Siquidem
1284 4203 1425 4258 hanc
1474 4211 1716 4258 secutum
1741 4212 1823 4257 est
1845 4199 2131 4255 visibiliter

551 4289 699 4343 aliud
724 4291 791 4345 de
820 4292 936 4362 ejus
957 4293 1207 4361 sepulcro
1231 4294 1466 4365 signum.

2215 3206 2323 3254 test
2373 3197 2490 3250 visu
2539 3193 2796 3265 probare,
2827 3204 2924 3262 per
2948 3186 3092 3258 quod
3123 3183 3529 3256 praeteritorum
3566 3179 3706 3232 ﬁdes
3725 3191 3804 3230 su-

2216 3298 2349 3345 mat.
2395 3286 2525 3354 Quae
2549 3292 2728 3338 autem
2764 3282 2816 3335 in
2852 3280 2918 3334 iis
2946 3279 3035 3348 qui
3072 3276 3234 3330 variis
3268 3270 3590 3344 langoribus
3632 3266 3801 3337 Oppri~

2218 3386 2456 3442 muntur,
2485 3374 2664 3432 divina
2691 3370 2937 3441 dignatio
2955 3367 3151 3438 smpius
3175 3367 3377 3419 iterare
3400 3361 3689 3431 dignatur,
3715 3358 3801 3412 hoc

2216 3477 2437 3541 pr0pter
2457 3464 2818 3536 prolixitatem
2842 3458 3312 3531 praetermisimus.
3338 3452 3600 3521 Quaedam
3633 3462 3803 3504 tamen

2219 3540 2285 3612 ad
2322 3557 2547 3628 gloriam
2577 3551 2817 3622 ejusdem
2867 3549 3007 3606 beati
3039 3547 3138 3602 viri
3173 3540 3669 3601 commendandam
3696 3555 3802 3609 per-

2219 3649 2567 3710 strinximus,
2602 3661 2669 3699 ne
2706 3641 3009 3699 inconsulte
3056 3654 3120 3695 ea
3164 3635 3469 3693 transilisse
3508 3633 3801 3687 videamur.

2293 3739 2423 3797 Vill.
2463 3738 2688 3792 Constat
2719 3744 2899 3790 autem
2927 3732 3072 3803 quod
3115 3730 3255 3786 idem
3297 3737 3518 3783 sanctus
3549 3724 3660 3787 vir,
3695 3724 3805 3777 dum

2221 3833 2515 3895 adviveret,
2556 3828 2753 3882 multas
2790 3832 3100 3880 sanctorum
3148 3819 3405 3890 reliquias
3449 3816 3517 3871 ad
3570 3814 3811 3869 Aurelia-

2222 3939 2344 3978 eum
2374 3920 2612 3975 advexit.
2640 3916 2869 3987 Quippe,
2902 3923 2961 3970 ut
2999 3911 3248 3983 superius
3276 3910 3482 3963 dictum
3518 3912 3633 3968 est,
3665 3903 3811 3957 istius

2225 4020 2425 4070 causa!
2457 4008 2887 4064 studiosissimus
2949 4002 3136 4066 fuerit,
3184 4008 3239 4055 et
3289 3998 3359 4053 ad
3416 3993 3804 4066 impetrandum

2227 4104 2371 4175 quod
2399 4100 2579 4165 vellet,
2612 4113 2717 4154 non
2760 4110 2978 4167 parvam
3023 4092 3251 4163 gratiam
3297 4105 3328 4143 a
3382 4088 3496 4143 Deo
3546 4084 3803 4141 habuerit.

2230 4193 2377 4250 Inter
2438 4201 2633 4247 caetera
2688 4188 2918 4257 denique
2984 4193 3297 4240 sanctorum
3354 4180 3638 4251 cbymilia,
3705 4191 3806 4246 qu:

2232 4285 2341 4340 illic
2368 4282 2666 4348 habentur,
2691 4287 2775 4335 est
2809 4278 3077 4350 quoddam
3108 4275 3310 4346 lignum
3346 4273 3591 4337 Domini,
3618 4270 3706 4325 cui
3740 4278 3813 4322 ta-

631 4381 715 4435 V'l.
758 4381 1003 4453 Septimo
1038 4361 1321 4454 postquam
1367 4386 1697 4456 migraverat
1741 4399 1903 4450 anno,
1950 4375 2300 4456 sareo—‘ﬁlis
2322 4375 2491 4431 virtus
2535 4373 2713 4428 inesse
2743 4368 3011 4441 frequenti
3058 4365 3433 4436 experimento
3461 4361 3809 4434 dignoscitur.

550 4471 784 4542 phagus,
834 4437 923 4543 qui
968 4437 1139 4545 usque
1179 4437 1971 4546 lmediumocooperculivte‘rra
2161 4437 2210 4496 θ
2240 4473 2298 4521 ιιι
2342 4465 2384 4521 si
2420 4464 2542 4534 quis
2591 4461 2722 4517 illud
2757 4437 3046 4531 equitando
3094 4464 3289 4528 portet,
3341 4469 3520 4524 equus
3569 4453 3628 4507 in
3673 4448 3810 4506 brevi

553 4570 697 4627 tesa,
731 4563 971 4620 calcibus
1005 4564 1182 4620 fuerat
1212 4575 1510 4630 contectus,
1542 4567 1743 4623 sensim
1775 4566 2015 4633 eminere
2045 4581 2134 4620 su-

555 4666 657 4723 per
700 4654 942 4709 eamdem
989 4662 1191 4710 terram
1226 4656 1411 4726 capit.
1450 4655 1562 4711 Nec
1595 4666 1770 4711 tamen
1810 4663 1975 4720 terra,
2016 4671 2136 4725 quae

557 4760 681 4803 erat
712 4749 765 4803 in
792 4764 945 4821 gyro,
978 4758 1070 4805 aut
1101 4750 1322 4817 elevari,
1372 4760 1464 4806 aut
1502 4749 1729 4821 deprimi
1770 4749 1888 4804 visa
1920 4759 2021 4803 est.
2054 4748 2139 4802 lu-

557 4842 692 4897 eolte
730 4850 909 4897 tamen
932 4843 1163 4901 necdum
1199 4843 1304 4899 hoc
1333 4842 1852 4898 animadvertebant.
1889 4840 2021 4895 Cum
2054 4839 2139 4894 iu-

561 4941 708 4987 terea
735 4933 953 5002 quidam
982 4933 1213 4989 clericus
1240 4935 1306 4988 de
1334 4932 1705 4989 Lemovicensi
1737 4946 1874 5001 pago
1900 4930 2139 4992 veniens,

564 5017 939 5095 interrogabat
966 5025 1282 5088 monachos,
1330 5033 1509 5078 utrum
1559 5024 1925 5092 sarcophagus
1959 5019 2140 5075 domui

643 5130 790 5201 (120)
830 5132 962 5185 Cum
990 5132 1154 5201 [tedas
1177 5140 1267 5201 aut
1298 5129 1510 5200 aliquod
1534 5129 1738 5201 grande
1762 5128 2145 5201 jurumenmm.

577 5197 1097 5278 .Super'sanctorum
1146 5197 1728 5278 reliquias-amicitiam
1754 5197 2147 5278 ,nlidelilﬂl-etn,

577 5263 962 5360 innocentinjm,
992 5272 1107 5353 sive
1130 5263 1345 5360 quidvis
1373 5269 1515 5350 aliud
1549 5282 1734 5360 qurlare
1780 5263 2151 5360 frequentissi-

2242 4554 2536 4619 moriatur;
2583 4561 2677 4606 aut
2706 4551 2751 4607 si
2791 4547 3085 4621 perjurium
3132 4546 3270 4601 forte
3314 4545 3437 4615 quis
3466 4543 3682 4608 fecerit,
3710 4554 3807 4596 em-

2243 4645 2581 4718 ptilentiscus
2605 4639 2966 4717 [epilcpticus]
2998 4639 3110 4694 fiet.
3142 4636 3259 4693 Non
3301 4636 3458 4708 pauci
3488 4635 3693 4689 etenim
3710 4632 3805 4702 jam

2241 4746 2462 4809 propter
2488 4737 2590 4792 hoc
2629 4742 2907 4804 peccatum
2936 4729 3122 4786 caduci
3163 4727 3293 4783 facti
3324 4734 3470 4783 sunt.
3506 4722 3699 4780 lucola:
3722 4737 3805 4773 au~

2244 4836 2350 4882 tem
2393 4823 2629 4897 regionis
2669 4823 2811 4878 illius
2849 4833 3029 4875 mores
3072 4817 3225 4872 valde
3260 4815 3466 4870 ferinos
3511 4812 3713 4867 habere
3736 4821 3808 4861 so-

2242 4895 2589 4981 lebant,'sed
2637 4908 3029 4982 aliquantulum
3081 4903 3331 4975 exemplo
3379 4901 3463 4957 vel
3520 4895 3807 4956 reverentia

2245 5006 2415 5063 sancti
2448 5004 2681 5060 hominis
2713 5015 2833 5058 esse
2875 4999 3117 5055 mitiores
3153 4996 3426 5052 videntur.
3472 4992 3655 5065 (ιω)
3693 4988 3804 5044 Cm!

2253 5118 2457 5173 domini
2484 5115 2720 5179 Dionysii
2751 5110 2988 5168 Parisios
3014 5124 3077 5163 ea
3100 5105 3466 5179 praeventioue
3488 5104 3805 5179 sacramenta

2256 5169 2509 5243 daturusw
2531 5169 2888 5239 adduCeretur
2912 5220 2927 5244 ,
2978 5188 3039 5233 ut
3076 5169 3289 5299 semﬁer
3337 5174 3561 5228 deberet
3596 5169 3807 5226 Clotaﬁo

2256 5275 2377 5300 μειερ
2422 5256 2616 5300 fidelis-
2656 5274 2675 5300 ι
2722 5254 2786 5300 Et
2808 5260 2993 5300 postea
3039 5266 3053 5300 :
3101 5266 3120 5299 ι
3146 5247 3188 5300 C
3229 5241 3552 5300 ramnulfus.
3581 5254 3720 5294 unus
3755 5248 3807 5288 ex

2254 5241 2377 5315 esse
2422 5241 2617 5312 fidelis.
2655 5274 2675 5307 ι
2722 5254 2786 5307 Et
2808 5241 2993 5320 postea
3039 5266 3053 5302 :
3101 5266 3126 5320 ι
3146 5241 3552 5320 Chramnulfus,
3581 5254 3720 5320 unus
3755 5248 3809 5320 cf

2256 5302 2671 5360 ζῖῗᾷηἰέὶζῖξζόἷ
2716 5302 3067 5360 inferas...
3096 5313 3425 5360 dnmmtims
3476 5302 3729 5360 dixerunt
3757 5302 3811 5357 ad
