3964 5360
97 209 192 267 701

801 218 887 272 ΒΕ
928 216 1083 273 ‘v'l’l'A
1122 217 1180 273 S.
1223 215 1527 274 GERALDI
1565 215 1843 273 COMITIS
1882 215 2229 274 AUIlILIAC.
2269 248 2340 258 --
2380 218 2505 274 LIB.
2548 216 2637 274 IV.

3260 215 3363 276 τος

98 335 280 380 autem
313 314 511 394 foedus,
539 336 633 383 aut
660 329 877 400 aliquod
922 333 1127 402 grande
1167 320 1534 401 juratnentum
1563 330 1687 401 jure
1716 335 1760 393 Α
1791 330 1975 401 epulas
2006 331 2317 402 gannircnt,
2363 341 2418 388 et
2463 332 2629 389 verba
2668 330 2891 387 ridicula
2920 333 3158 393 vicissim
3186 330 3366 386 immi-

99 416 421 485 decernunt,
447 435 540 489 per
569 422 859 490 quemlibet
901 424 1249 490 monachum,
1288 419 1683 486 aut'elericum,

99 508 191 561 uui
221 518 401 564 tamen
430 512 680 580 pedester
725 514 958 581 incedat,
991 515 1189 571 deferri
1223 516 1335 582 sibi
1373 515 1600 570 faciunt.
1673 570 1678 575 .

170 597 264 652 IX.
320 598 549 666 Quidam
576 617 707 657 sane
750 604 815 658 de
861 603 1005 659 beati
1039 602 1256 661 Geraldi
1284 605 1454 675 gloria
1485 614 1689 658 temere

100 686 445 758 disputantes
472 701 749 758 asserunt,
778 694 918 762 quod
963 694 1067 749 ista
1107 694 1446 749 curationum
1491 694 1687 764 gratia,

102 792 211 831 non
237 780 449 834 meritis
475 778 612 849 ejus,
642 780 734 837 sed
767 782 992 837 istarum
1026 783 1318 839 virtutibus
1345 783 1689 853 reliquiarum

101 871 442 927 conferatur.
474 872 543 928 At
580 890 679 929 nos
716 890 934 930 causam
977 876 1288 948 diligentius
1336 876 1693 930 consideran-

104 967 210 1023 tes,
262 959 314 1014 id
346 961 637 1028 credimus,
683 965 826 1032 quod
871 966 941 1018 ita
987 979 1084 1034 per
1126 974 1311 1019 sancta
1339 964 1429 1019 illa
1472 964 1692 1035 pignora

104 1050 405 1105 sanitatum
453 1051 714 1107 beneﬁcia
767 1054 1100 1120 tribuuntur,
1150 1063 1210 1108 ut
1258 1055 1430 1109 virtus
1479 1069 1695 1125 quoque

102 1138 253 1192 beati
296 1139 512 1195 Geraldi
566 1141 905 1211 cooperatrix
958 1158 1062 1197 non
1121 1150 1369 1213 negetur.
1416 1141 1550 1196 Nam
1592 1143 1695 1198 hoc

105 1232 226 1302 ipsa
260 1232 496 1304 qualitas
532 1234 891 1289 accidentium
920 1249 1101 1290 rerum
1127 1235 1275 1291 credi
1306 1235 1517 1299 suadet,
1555 1250 1694 1305 quo-

104 1325 254 1378 niam
310 1325 425 1394 ipse
478 1324 612 1379 solet
665 1325 897 1380 inﬁrmis
954 1339 1050 1396 per
1084 1326 1259 1381 visum
1310 1342 1594 1397 apparere,
1644 1334 1699 1381 et

105 1419 348 1473 maxime
398 1426 525 1473 ante
572 1418 689 1487 ejus
736 1419 999 1474 tunmlum
1052 1419 1309 1474 sanitatis
1373 1418 1697 1474 beneﬁcium

106 1508 381 1565 conferre.
422 1509 489 1565 Ut
529 1510 708 1566 estde
762 1509 872 1564 ﬁlio
916 1508 1146 1565 Joannis
1192 1509 1445 1566 videlicet
1490 1511 1699 1564 Arven-

106 1604 298 1658 ncns's
349 1602 750 1675 [Arvernensis]
790 1603 1149 1668 viceeomitis,
1193 1618 1354 1671 quem
1404 1610 1610 1656 mutmn
1643 1608 1697 1656 et

1790 429 2024 485 scercnt,
2073 420 2250 483 subito
2284 436 2450 493 pavor
2486 421 2675 493 ingens
2705 421 2776 474 ita
2805 436 2996 479 omnes
3022 420 3270 490 perculit,
3305 426 3367 473 ut

1791 511 1974 566 statim
2021 511 2442 569 intermittentes
2471 512 2877 577 scurrilitatem,
2902 512 2968 573 ad
2998 511 3161 583 alium
3189 511 3364 566 locum

1787 602 2057 658 comesuri
2109 602 2446 659 sccederent.
2497 602 2734 658 Mensam
2776 618 2904 657 vero
2944 592 3369 681 deportaverunt

1790 696 1857 750 ad
1891 694 2019 749 illud
2042 695 2364 759 oratorium,
2384 682 2530 765 quod
2553 695 2755 751 factum
2779 706 2862 751 est
2894 697 2947 750 in
2972 696 3203 765 quodam
3220 688 3365 762 loco,

1789 786 1879 841 ubi
1929 784 2184 840 feretrum
2212 794 2518 859 perlatores
2542 786 2926 856 deposuerunt,
2958 786 3023 840 ad
3055 785 3369 859 mutandum

1791 875 2034 947 pallium.
2076 874 2194 943 Quo
2243 876 2495 931 videlicet
2544 875 2663 932 loco
2704 891 2901 947 pecora
2953 858 3375 947 circumquaque

1793 967 2066 1037 vagantia,
2123 981 2244 1021 eunt
2290 964 2432 1022 forte
2480 966 2769 1037 spatiolum
2803 966 2931 1021 illud
2959 965 3047 1019 ubi
3092 964 3375 1028 feretrum,

1796 1059 1937 1113 sicut
1980 1058 2237 1122 diximus,
2274 1059 2509 1127 positum
2548 1057 2747 1123 fuerat,
2806 1059 3075 1128 pascendo
3118 1055 3379 1127 contigis-

1796 1155 1939 1211 sent,
1970 1148 2218 1218 protinus
2245 1149 2563 1203 tormentari
2623 1149 2977 1219 incipiebant,
3026 1157 3081 1204 et
3126 1146 3378 1201 nonnulla

1797 1239 2191 1301 moriebantur.
2244 1239 2438 1294 Incolte
2460 1256 2597 1295 vero
2627 1256 2725 1311 per
2767 1241 2820 1295 id
2868 1240 3013 1309 quod
3054 1238 3386 1293 animalibus

1799 1330 2095 1395 acciderat,
2136 1345 2354 1385 causam
2400 1332 2781 1403 intelligenles,
2826 1332 3022 1386 ibidem
3063 1330 3381 1402 prmdictum

1800 1421 2099 1474 oratorium
2144 1430 2579 1476 construxerunt.
2603 1421 2741 1494 ,Quo
2778 1423 2973 1477 dehinc
3016 1430 3220 1475 certum
3266 1428 3384 1483 est,

1803 1508 1947 1579 quod
1995 1509 2238 1581 plerique
2277 1511 2478 1565 inﬁrmi
2522 1512 2808 1566 sanitatem
2851 1520 2977 1565 sunt
3012 1498 3209 1579 adepti.
3242 1507 3389 1563 Pras—

1807 1594 1954 1657 tcrea
2015 1601 2210 1655 mirum
2249 1603 2504 1672 quiddam
2555 1610 2610 1658 et
2658 1617 2797 1673 pene
2842 1600 3158 1657 incredibile
3210 1597 3387 1654 conti-

107 1691 357 1758 surdum,
421 1708 539 1747 una.
584 1708 745 1746 ntanu
805 1702 1142 1748 contractum
1202 1692 1403 1747 ibidem
1474 1692 1691 1747 detulit.
1724 1684 1769 1743 Β
1798 1693 1894 1764 git,
1925 1693 2027 1748 nisi
2065 1694 2189 1763 quia
2216 1693 2330 1748 'usu
2366 1694 2639 1764 probatur.
2698 1693 2832 1748 Nam
2862 1692 3119 1747 funticula
3158 1707 3223 1746 ex
3252 1700 3379 1745 tunc

108 1785 253 1839 Ante
298 1785 605 1854 sepulcrum
636 1800 873 1854 namque
902 1793 1257 1854 prosternens
1304 1798 1425 1838 sese
1476 1782 1529 1837 in
1577 1799 1702 1837 ora-

102 1874 317 1929 tionem
347 1874 519 1933 dedit.
550 1872 718 1928 Nocte
757 1873 1196 1944 jatn'mediante,
1231 1871 1451 1942 sanguis
1491 1873 1558 1927 ab
1585 1870 1702 1940 ejus

111 1966 337 2021 auribus
370 1964 567 2035 erupit,
617 1979 918 2035 manusque
949 1964 1096 2019 illius
1139 1964 1345 2018 directa
1391 1973 1498 2028 est,
1534 1978 1699 2032 quam

112 2058 258 2113 circa
293 2056 494 2112 collum
554 2056 725 2128 patris
782 2070 971 2111 sanam
1029 2054 1308 2125 expandit,
1365 2062 1420 2109 et
1472 2055 1701 2123 primam

111 2165 301 2205 vocem
342 2149 615 2212 entittcns,
648 2160 837 2217 panem
871 2147 939 2201 ab
968 2161 1033 2200 eo
1062 2145 1331 2215 quaesivit.
1364 2146 1432 2198 At
1464 2144 1551 2198 ille
1586 2158 1707 2214 gra-

115 2240 219 2294 tias
250 2254 419 2310 agens
458 2254 555 2308 pro
587 2238 719 2301 lilio,
752 2247 917 2291 totam
949 2236 1234 2291 ecclesiam
1273 2235 1511 2289 clamore
1556 2230 1719 2288 com!

113 2331 304 2402 plevit,
337 2338 394 2384 et
423 2329 711 2399 quemdam
745 2328 827 2382 sui
872 2327 1013 2397 juris
1061 2326 1277 2381 alodum
1329 2326 1396 2381 ad
1444 2333 1698 2380 sanctum

115 2421 431 2493 sepulcrum
483 2420 725 2474 tradidit.
761 2418 906 2473 Sane
950 2418 1016 2474 de
1047 2419 1151 2473 isto
1186 2417 1504 2471 nominatim
1558 2430 1711 2471 com-

119 2528 512 2579 memoramus,
546 2526 644 2581 pro
672 2526 739 2567 eo
781 2511 923 2581 quod
969 2510 1288 2567 miraculum
1328 2512 1379 2565 in
1430 2509 1711 2566 excellenti

117 2619 354 2675 persona
414 2611 718 2672 patratum,
760 2602 827 2656 ad
877 2602 1170 2659 multorum
1234 2603 1479 2657 notitiam
1528 2617 1718 2672 perve-

115 2696 220 2750 nit.
268 2693 563 2748 Dissitnilia
605 2701 783 2748 autem
814 2693 898 2745 vel
944 2694 1160 2748 diversa
1202 2692 1426 2747 alterius
1467 2691 1713 2760 generis,

112 2785 301 2855 primo
353 2784 569 2855 quidem
625 2785 693 2839 ab
757 2783 945 2839 incolis
1003 2783 1373 2848 notabantur,
1436 2782 1529 2838 sed
1594 2797 1718 2837 cum

117 2892 389 2932 numerus
418 2876 714 2931 immensus
757 2885 1052 2941 cresceret,
1084 2876 1285 2931 omissa
1327 2884 1413 2930 est
1455 2891 1583 2929 cura
1617 2890 1719 2929 uu—

114 2967 391 3023 merandi.

1805 1783 1860 1837 in
1891 1785 2082 1838 eodem
2128 1784 2246 1839 loco
2297 1784 2575 1851 subbullit,
2624 1799 2744 1853 qua:
2786 1783 3058 1838 viantibus
3105 1782 3171 1836 ad
3201 1792 3385 1852 putuut

1804 1874 2054 1931 sufﬁciat.
2422 1882 2423 1887 ‘

1880 1964 1967 2021 XI.
1995 1966 2143 2039 (121)
2198 1966 2513 2035 Rainaldus,
2546 1984 2705 2038 quem
2736 1968 2816 2023 vir
2840 1967 3054 2023 Domini
3083 1973 3387 2038 suspectum

1807 2057 2035 2121 habens,
2063 2057 2394 2125 jurameuto,
2420 2059 2564 2114 sicut
2588 2059 2839 2128 superius
2863 2058 3063 2113 dictum
3090 2068 3193 2123 est,
3217 2057 3393 2127 adhuc

1807 2150 1998 2204 vivens
2043 2150 2469 2214 constrinxerat,
2522 2149 2666 2205 illius
2702 2149 2996 2218 jurantcnti
3028 2150 3187 2205 ﬁdem
3221 2150 3388 2219 rupit,

1811 2247 1866 2292 ct
1894 2238 2132 2303 familize,
2159 2256 2321 2310 quam
2358 2240 2607 2295 cmuobio
2641 2240 3001 2313 delegaverat,
3052 2240 3212 2295 nimis
3262 2252 3391 2296 erat

1812 2343 1936 2383 cunt
1983 2331 2096 2384 suis
2145 2330 2396 2387 infestus.
2443 2329 2649 2401 Singuli
2691 2340 2888 2392 autem,
2929 2330 3071 2386 inter
3099 2331 3384 2400 praedatio-

1814 2434 1933 2484 nes,
1968 2434 2105 2489 quas
2133 2421 2498 2489 patiebantur,
2527 2435 2720 2475 nomen
2753 2420 2934 2475 domui
2973 2420 3189 2476 Gcraldi
3220 2421 3392 2476 incla-

1816 2526 1964 2567 mare
1996 2510 2263 2568 solebant.
2307 2512 2550 2579 Quadam
2583 2522 2761 2568 autem
2795 2521 2952 2568 nocte
2979 2512 3152 2569 visum
3182 2522 3264 2568 est
3294 2514 3395 2584 ipsi

1810 2602 2103 2668 ‘Bainaldo,
2153 2605 2293 2675 quod
2339 2605 2513 2660 virum
2554 2604 2647 2659 Dei
2680 2604 2780 2659 sibi
2810 2611 3079 2660 astantem
3125 2613 3397 2659 cerneret.

1816 2691 1916 2760 Qui
1941 2692 2373 2761 cumjurantenti
2406 2694 2566 2749 ﬁdem
2585 2693 2653 2748 ab
2681 2709 2748 2749 eo
2775 2694 3095 2763 requireret,
3124 2693 3283 2748 simul
3308 2693 3401 2751 atl-

1819 2784 2044 2849 ntouuit,
2071 2795 2130 2839 ut
2156 2785 2415 2841 familiam
2449 2781 2653 2842 vexare
2678 2787 2746 2841 de
2774 2795 2973 2841 caetero
2997 2793 3255 2841 cessaret.
3296 2786 3403 2839 Ex-

1819 2879 2018 2934 citatus
2054 2878 2144 2933 illc
2185 2878 2444 2934 indicavit
2473 2877 2689 2949 conjugi
2718 2879 3003 2934 visionem.
3031 2876 3200 2944 Quem
3229 2884 3283 2930 et
3314 2874 3398 2929 illa

1821 2970 2106 3034 suadebat,
2146 2979 2207 3025 ut
2233 2969 2319 3026 vel
2347 2970 2709 3025 commonitus
2740 2969 3108 3039 juramentum
3139 2974 3400 3020 servaret.

194 3058 266 3114 Χ.
305 3061 365 3115 1η
396 3060 682 3116 Aureliaeo
706 3062 905 3132 Oppido
950 3069 1079 3117 ante
1124 3060 1267 3116 fores
1312 3058 1555 3115 ecclesia:
1598 3065 1718 3112 erat
1745 3030 1790 3090 C
1821 3059 1889 3114 Et
1911 3059 2002 3114 ille
2023 3030 2378 3130 compunctus
2411 3061 2477 3114 ad
2508 3059 2699 3114 horam
2728 3030 2843 3111 suis
2868 3056 3010 3111 idem
3035 3054 3236 3115 retulit,
3260 3068 3398 3124 prae-

116 3151 450 3224 epistiliutn,
479 3167 549 3207 ex
598 3168 706 3222 quo
762 3152 851 3207 ille
901 3152 1197 3209 ascendere
1241 3166 1439 3220 equum
1489 3148 1713 3204 solebat.

119 3245 283 3312 Quod
331 3242 584 3298 videlicet
637 3259 759 3299 cum
811 3243 1010 3299 inﬁrmi
1049 3245 1118 3298 θ’)
1166 3242 1287 3311 ejus
1335 3255 1574 3296 amorem
1626 3240 1720 3295 de-

116 3335 467 3400 osculantur,
522 3334 697 3389 solent
749 3334 992 3404 recipere
1050 3333 1362 3388 sanitatem.
1416 3330 1499 3387 0b
1550 3344 1714 3398 quant

118 3430 290 3485 etiam
320 3442 543 3481 causam
577 3442 719 3482 nunc
749 3436 831 3482 est
881 3429 948 3481 ab
992 3425 1184 3481 incolis
1238 3425 1380 3479 intra
1428 3422 1716 3477 ecclesiam

120 3522 546 3591 transpositum,
611 3530 665 3576 et
719 3522 771 3576 in
829 3521 1048 3575 modum
1103 3519 1291 3572 altaris
1319 3516 1458 3587 palla
1491 3529 1717 3583 coaper-

123 3623 268 3667 tum.
332 3609 449 3665 Non
495 3609 654 3682 longe
709 3610 776 3664 ab
825 3609 1021 3679 (-ppidn
1076 3607 1218 3676 quod
1287 3604 1474 3659 rustici
1523 3603 1721 3659 Mulse-

120 3705 332 3759 donum
387 3702 599 3766 dicunt,
655 3702 945 3772 praedictus
994 3700 1078 3754 vir
1135 3697 1229 3754 Dei
1288 3711 1472 3750 casam
1521 3695 1723 3749 habue-

121 3805 237 3852 rat.
294 3796 469 3849 Porro
522 3794 777 3865 oppidani
824 3802 1013 3848 mutuo
1052 3792 1429 3854 condixerunt,
1476 3800 1533 3845 ut
1581 3801 1727 3842 men-

123 3903 250 3942 sam
285 3887 426 3957 cjus,
458 3901 579 3955 quze
623 3886 675 3939 in
718 3885 973 3953 prmdieta
1003 3897 1127 3937 casa
1155 3882 1332 3935 adhuc
1363 3889 1503 3946 erat,
1524 3879 1628 3935 sibi
1655 3880 1724 3934 ad

122 3979 488 4035 reﬁciendum
560 3974 853 4031 deferrent.
923 3973 1074 4040 Quod
1106 3980 1190 4049 ‘et
1256 3970 1520 4028 fecerunt.
1584 3970 1724 4025 Casu

121 4086 268 4125 vero
315 4070 382 4123 ad
427 4068 660 4123 frontem
715 4067 996 4136 cujusdam
1043 4066 1260 4132 domus,
1325 4065 1454 4119 ltittc
1503 4063 1728 4132 portito-

122 4177 223 4217 res
262 4160 631 4230 projecerunt.
683 4157 815 4212 Cum
856 4173 1018 4228 super
1059 4172 1181 4211 eam
1230 4156 1471 4225 quidatu,
1516 4156 1731 4209 venien-

128 4265 189 4310 te
229 4253 482 4317 meridie,
516 4250 754 4305 dormire
778 4250 961 4315 vellet,
1004 4249 1182 4304 subito
1219 4263 1398 4303 carens
1441 4256 1495 4302 et.
1541 4261 1729 4301 amens

126 4345 366 4404 effectus
394 4355 499 4399 est.
528 4343 734 4399 Deinde
760 4357 884 4399 eum
914 4343 1078 4397 etiam
1109 4340 1262 4395 canis
1286 4330 1534 4394 dmdem
1576 4351 1728 4392 men-

127 4456 256 4496 sam
313 4437 574 4501 calcaret,
630 4436 882 4491 omnibus
942 4434 1202 4489 membris
1249 4432 1434 4487 statim
1482 4428 1724 4501 diriguit.

128 4529 383 4585 Necdum
452 4535 632 4581 tamen
691 4525 797 4581 illis
862 4524 1271 4579 advertentibus
1332 4523 1589 4591 quidnam
1642 4536 1729 4576 es-

129 4631 250 4684 set,
281 4618 424 4673 alius
453 4617 635 4671 itidem
660 4632 821 4687 super
853 4616 993 4671 banc
1023 4629 1081 4670 se
1122 4614 1369 4686 projecit,
1400 4614 1492 4668 sed
1522 4622 1576 4668 et
1613 4611 1729 4682 ipse

130 4711 389 4782 protinus
470 4718 704 4764 czecatus
795 4715 897 4763 est.
994 4704 1234 4761 Tandem
1318 4704 1679 4775 intelligentes
1711 4743 1727 4768 ,

130 4805 268 4875 quin
297 4801 368 4855 ob
396 4798 631 4854 tabulam
662 4797 835 4853 sancti
859 4798 957 4851 viri
986 4796 1253 4866 frequenti
1278 4796 1399 4867 ejus
1423 4795 1729 4853 refectione

135 4895 521 4946 consecratam
572 4889 673 4944 ista
723 4886 1079 4957 pertulerint;
1127 4886 1268 4942 hanc
1316 4887 1385 4940 ad
1433 4885 1732 4943 Ecclesiam

134 4983 285 5040 beati
337 4981 552 5038 Martini
593 4997 718 5053 quae
764 4996 929 5050 pmpe
963 4989 1068 5047 est,
1108 4982 1276 5037 linteo
1304 4994 1610 5040 contectam
1637 4981 1735 5037 de-

135 5079 516 5145 portaverunt.
560 5074 694 5143 Quae
737 5085 878 5125 nunc
908 5087 1077 5141 usque
1121 5073 1356 5129 domatis
1404 5075 1607 5133 ibidem
1640 5088 1734 5128 su-

135 5178 336 5235 apensa
368 5175 663 5234 comparet.
716 5161 798 5215 Ad
841 5161 1002 5216 aliam
1030 5161 1149 5232 ejus
1180 5177 1424 5220 mensam
1457 5184 1580 5239 quae
1614 5172 1737 5221 erat

134 5255 193 5311 in
233 5253 361 5309 villa
409 5251 593 5325 Vaxia,
643 5251 871 5322 quidam
917 5252 1202 5323 presbyter
1252 5268 1374 5308 eum
1424 5257 1622 5312 vicinis
1668 5253 1736 5307 ad

796 5342 833 5360 Π

1821 3150 2048 3220 cipicns,
2101 3149 2192 3204 sed
2243 3150 2531 3221 ignaviter,
2585 3158 2644 3202 ut
2671 3145 2933 3201 familiam
2981 3159 3086 3199 non
3133 3142 3405 3213 inquieta-

1821 3250 1962 3297 rent.
2006 3239 2111 3295 Sed
2144 3240 2217 3294 illi
2249 3249 2369 3310 post
2394 3239 2670 3311 paululum
2702 3237 2769 3292 ad
2797 3245 3111 3292 consuetam
3144 3232 3408 3305 rapat-ita-

1822 3343 1929 3389 tetu
1979 3335 2273 3388 redierunt.
2304 3332 2413 3388 Nec
2441 3331 2741 3385 Rainaldus
2768 3326 3091 3391 obsistebat,
3122 3325 3245 3393 quia
3278 3338 3405 3393 pro—

1824 3440 1925 3479 nus
1949 3434 2067 3479 erat
2093 3424 2159 3477 ad
2190 3423 2412 3477 malum.
2458 3423 2526 3477 Et
2548 3423 2793 3495 quamvis
2823 3418 3083 3488 sanguine
3111 3424 3252 3471 esset
3284 3430 3409 3468 san-

1822 3524 1914 3571 eto
1944 3514 2064 3567 viro
2093 3514 2449 3583 propinquus,
2502 3521 2680 3566 tamen
2725 3511 2793 3564 ab
2840 3509 2957 3583 ejus
3007 3509 3208 3577 pietate
3253 3504 3411 3573 longe

1824 3614 1947 3660 erat.
1977 3605 2206 3659 alienus.
2248 3604 2385 3657 Tum
2428 3603 2613 3657 itidem
2641 3608 2860 3655 sanctus
2882 3601 2966 3653 vir
2991 3598 3165 3651 eidem
3199 3595 3410 3648 minans

1831 3694 2104 3766 apparuit,
2137 3701 2191 3748 et
2221 3709 2341 3762 qua:
2371 3693 2507 3746 bona
2539 3691 2640 3745 sibi
2681 3689 2919 3751 fecisset,
2964 3702 3064 3757 pro
3095 3686 3292 3756 quibus
3324 3683 3412 3738 ille

1827 3783 1973 3839 mala
2017 3783 2299 3847 reddebat,
2348 3782 2670 3835 furibundus
2689 3778 3056 3849 exprobravit,
3094 3786 3254 3846 atque
3280 3788 3407 3844 pcr-

1827 3877 2040 3933 eutiens
2065 3892 2188 3931 eum
2223 3875 2275 3931 in
2305 3876 2504 3945 capite,
2532 3890 2564 3929 e
2595 3874 2772 3929 vicino
2801 3880 3030 3927 mortem
3061 3869 3164 3925 sibi
3190 3875 3408 3926 secutu-

1828 3986 1943 4027 ram
1971 3971 2331 4026 comminatus
2360 3980 2467 4025 est.

1899 4057 2013 4114 XII.
2053 4058 2108 4112 In
2136 4057 2437 4127 provincia,
2483 4072 2603 4125 quae
2631 4054 2951 4110 Alamannia
2986 4060 3230 4116 vocatur,
3257 4048 3415 4105 nobi-

1831 4149 1898 4204 lis
1922 4150 2086 4204 homo
2114 4156 2233 4202 erat
2259 4148 2515 4203 obsessus
2542 4164 2572 4201 a
2605 4145 2957 4201 daemonibus.
2985 4143 3243 4198 Parentes
3264 4156 3413 4211 vero,

1830 4247 1885 4293 et
1952 4237 2152 4292 milites
2203 4237 2286 4291 sui
2338 4252 2438 4307 per
2491 4236 2657 4291 multa
2703 4236 2926 4306 pignora
2964 4241 3276 4290 sanctorum
3321 4232 3413 4285 du-

1833 4329 2033 4386 cebant
2076 4344 2223 4395 eum,
2276 4336 2337 4383 ut.
2382 4328 2572 4383 saltem
2615 4341 2937 4398 per'eorum
2973 4323 3416 4380 intercessionem

1834 4419 2013 4474 divina
2068 4418 2244 4490 gratia
2286 4418 2594 4491 liberasset.
2656 4417 2763 4472 Sed
2811 4415 3128 4472 distributor
3177 4411 3417 4467 ontnium

1834 4509 2120 4574 bonorum,
2165 4510 2258 4580 qui
2296 4510 2541 4565 electum
2583 4523 2740 4565 suum
2784 4507 3089 4578 gloriﬁcare
3134 4502 3399 4574 disposuit

1835 4603 1977 4658 hanc
2000 4603 2258 4657 virtutem
2292 4602 2343 4657 ei
2376 4601 2694 4656 reservavit.
2729 4598 2937 4655 Nomen
2964 4612 3097 4653 vero
3133 4595 3277 4649 beati
3319 4591 3419 4644 viri

1790 4700 1795 4705 '
1837 4695 1891 4750 in
1939 4694 2052 4765 ipsa
2105 4694 2390 4764 provincia
2445 4694 2672 4749 necdum
2724 4692 2966 4746 auditum
3003 4697 3139 4744 erat.
3171 4683 3422 4739 Przcdicti

1839 4795 2021 4842 autem
2061 4795 2319 4856 parentes
2367 4785 2495 4840 dum
2540 4800 2663 4840 eum
2718 4784 2981 4838 ducerent
3026 4788 3152 4834 ante
3195 4787 3424 4844 corpora

1842 4891 2185 4945 sanctorum,
2234 4879 2513 4935 daemones
2560 4877 2758 4947 smpius
2802 4874 3151 4934 clamabant,
3202 4869 3267 4922 de
3312 4864 3428 4935 ejus

1842 4987 2072 5044 corpore
2122 4986 2180 5026 se
2227 4971 2456 5026 minime
2506 4971 2675 5034 exire,
2728 4966 2833 5022 nisi
2867 4982 2964 5036 per
2993 4958 3431 5018 intercessionem

1839 5068 1987 5125 beati
2035 5067 2282 5125 Geraldi.
2315 5066 2455 5121 Tum
2500 5067 2662 5122 iidem
2705 5072 2966 5132 parentes
2996 5054 3435 5115 daamoniacibuc

1840 5159 2075 5231 illucque
2121 5158 2534 5225 discurrebant,
2563 5159 2607 5213 si
2653 5153 2738 5208 vel
2769 5150 3109 5222 provinciam
3135 5146 3435 5209 audissent,

1839 5252 1894 5308 in
1929 5272 2031 5328 qua
2067 5256 2258 5312 beatus
2298 5252 2568 5310 Geraldus
2600 5254 2763 5306 esset.
2797 5246 2864 5301 Et
2894 5245 3077 5304 nescio
3105 5249 3199 5298 aut
3223 5240 3439 5307 Romei,
