3964 5360
185 306 283 362 709

1451 305 1818 361 SEIIMONES
1856 305 2185 374 QUINQUE.

3345 315 3450 371 7I0

250 417 330 472 15.
360 417 534 491 Medio
573 417 768 471 sarculo
808 416 1025 491 decimo
1059 416 1552 491 quinto‘inclinare
1601 418 1767 491 cmpit
1796 427 1841 480 Α
1875 419 2039 472 mavit
2086 419 2376 488 diplomate
2415 422 2596 491 regio,
2638 423 2779 490 quod
2827 422 2962 477 idem
2996 424 3230 480 Catellus
3261 427 3456 486 ibidem

183 491 313 558 apud
358 487 756 542 Auriliaccnses
804 489 1096 542 munistica
1140 487 1444 556 disciplina,
1487 488 1763 556 Stephano

184 561 363 614 ultimo
406 560 599 613 abbate
642 559 874 627 regulari
925 575 1029 612 non
1074 559 1190 612 sine
1231 559 1423 612 veneni
1456 559 1764 627 suspicione

182 629 409 691 sublato,
456 644 518 682 ac
549 629 600 680 in
630 628 804 682 locum
831 629 947 696 ejus
975 629 1182 684 Joanne
1207 628 1484 684 Castrensi
1512 630 1764 698 episcopo

182 701 507 755 substituto:
540 709 659 766 post
698 715 858 768 quem
906 700 992 753 hic
1040 699 1191 753 locus
1237 699 1461 754 abbates
1506 700 1764 768 deinceps

181 769 662 824 cnmmendatarios
710 771 930 823 sortitus
979 778 1104 833 est,
1156 786 1385 839 quormn
1439 770 1760 840 negligentia

183 841 546 894 fatiscentibus
577 840 915 909 regularibus
942 840 1186 893 :ediliciis
1219 843 1284 892 ad
1317 840 1619 894 Canonicos
1663 855 1764 893 sa:-

181 913 380 964 culares
413 911 626 963 tandem
659 911 852 965 defecit
871 910 1196 974 cwnobimn,
1223 910 1317 965 Pio
1343 911 1383 964 γ
1409 912 1762 966 mutationem

183 981 311 1035 hanc
339 983 693 1050 approbante.

248 1051 329 1105 16.
373 1049 633 1105 anremie
655 1052 1051 1105 monasterium.
1081 1082 1149 1092 -—
1172 1051 1324 1118 Quod
1347 1053 1537 1106 attinet
1561 1051 1625 1104 ad
1651 1065 1762 1107 cm-

181 1123 389 1175 nobinm
425 1121 703 1176 Vabrense
740 1121 828 1192 (de
861 1121 1084 1248 Ἶριν-ἶ),
1115 1124 1204 1176 ubi
1248 1137 1445 1190 pueros
1497 1123 1549 1176 in
1601 1125 1762 1176 rebus

181 1193 486 1248 monasticis
517 1192 719 1246 erudiri
767 1193 977 1246 curavit
1041 1193 1306 1248 .craldus.
1339 1194 1496 1248 paulo
1542 1201 1668 1246 ante
1708 1193 1759 1246 id

180 1193 486 1248 monasticis
517 1192 719 1246 erudiri
767 1193 977 1246 curavit
1019 1192 1306 1258 Gcraldus,
1339 1194 1496 1261 paulo
1542 1201 1668 1246 ante
1708 1193 1759 1246 id

181 1273 402 1332 tempus,
432 1271 492 1316 ut
531 1263 645 1332 jam
695 1263 828 1327 dixi,
878 1265 1016 1333 apud
1045 1265 1284 1318 Rutenos
1315 1264 1387 1332 (Ic
1423 1264 1756 1333 Rouergue).

179 1335 239 1388 ad
267 1335 569 1388 Dordonam
611 1333 680 1402 (la
723 1334 1044 1404 Dordogne).
1079 1334 1297 1388 fluvium
1332 1335 1606 1388 conditum
1647 1334 1760 1387 fuc-

181 1414 259 1459 rat
295 1421 322 1457 a
370 1405 676 1459 Itaimundo
721 1405 919 1459 comite
963 1404 1251 1470 Tolosano,
1285 1407 1615 1459 assentiente
1644 1405 1761 1473 ejus

179 1491 335 1528 uxore
362 1473 647 1544 Bcrteyza.
677 1473 876 1529 Charta
923 1475 1178 1544 primaria
1227 1476 1349 1528 data
1379 1488 1462 1529 est
1492 1493 1509 1524 ι
1544 1491 1600 1528 ιιι
1638 1474 1760 1528 Idus

181 1545 446 1608 Novemb.,
506 1562 650 1598 anno
696 1561 829 1598 χχιιι
883 1546 1060 1600 Caroli
1113 1545 1274 1615 regis,
1324 1565 1341 1596 ι
1400 1555 1760 1614 cognomento

177 1616 332 1670 Calvi.
372 1615 426 1669 Id
471 1630 530 1670 se.
574 1615 754 1670 facere
799 1616 932 1670 dicit
958 1631 1055 1684 pro
1079 1616 1319 1670 remedio
1347 1616 1542 1668 animae
1567 1631 1678 1670 sua:
1705 1625 1760 1669 et

177 1686 426 1754 genitoris
448 1687 558 1750 sui,
583 1685 857 1740 Fulcualdi
883 1695 936 1740 ct
960 1687 1236 1755 genitricis
1261 1701 1372 1740 suae
1395 1685 1756 1755 Senegundis,

178 1757 404 1826 germani
442 1771 661 1826 quoque
686 1757 768 1810 sui
796 1756 1138 1821 Fredelonis;
1171 1765 1332 1825 atque
1365 1757 1482 1810 ideo
1509 1771 1595 1810 res
1633 1771 1756 1824 pro-

179 1827 412 1897 prietatis
453 1843 602 1891 suae,
643 1844 660 1877 ι
695 1827 827 1880 sitas
875 1827 926 1880 in
955 1842 1090 1897 pago
1136 1827 1422 1897 Ittitetiieo,
1463 1827 1515 1880 in
1557 1827 1756 1880 vicaria

179 1896 434 1966 Curiensi,
469 1917 487 1950 ι
518 1909 712 1966 nempe
761 1917 778 1947 1
818 1896 1042 1960 villam,
1091 1896 1244 1964 cujus
1293 1897 1610 1951 vocabulum
1672 1906 1755 1950 est

178 1965 346 2022 Vaber
374 1969 544 2022 tradit
577 1965 829 2039 Adaigiso
864 1969 1044 2023 abbati
1096 1969 1316 2036 suisque
1364 1968 1662 2039 monachis,
1689 1968 1756 2020 ad

178 2040 561 2093 monasterium
591 2037 1011 2092 construemlum
1047 2039 1096 2092 in
1127 2040 1330 2092 honore
1361 2039 1532 2092 sancti
1567 2037 1757 2092 Salva-

176 2109 297 2162 toris
323 2119 376 2163 et
397 2118 601 2162 sancta:
628 2108 809 2162 Mariae
838 2109 927 2162 Dei
959 2109 1255 2178 genitricis,
1284 2108 1395 2162 sive
1429 2111 1599 2162 sancti
1628 2107 1756 2162 Dio-

178 2179 302 2249 nysii
344 2181 629 2250 martyris,
663 2188 720 2232 ut
743 2196 903 2233 unam
935 2179 1081 2233 dicto
1109 2179 1226 2234 loco
1253 2189 1508 2250 catervan
1534 2193 1757 2250 congref

207 2247 288 2302 ent
318 2247 743 2320 monachorum,
795 2250 884 2320 qui
936 2250 1230 2304 secandum
1286 2248 1525 2318 regulam
1583 2247 1755 2302 sancti

245 2320 433 2374 nedicti
461 2319 536 2373 ibi
568 2321 900 2380 deserviant,
923 2320 1163 2389 hospites
1194 2320 1472 2388 recipiant,
1493 2332 1758 2389 pauperes

177 2400 425 2454 recreent,
463 2400 520 2445 et
559 2406 656 2459 pro
685 2406 743 2444 se
769 2389 1000 2445 ﬁdeliter
1023 2399 1203 2444 orent.
1235 2409 1253 2439 ›

238 2461 319 2514 I7.
357 2460 483 2516 IImc
516 2458 695 2515 autem
733 2462 894 2514 tradit
931 2477 948 2510 t
985 2476 1050 2513 eo
1083 2461 1264 2523 modo,
1295 2469 1352 2512 ut
1395 2458 1574 2514 nullus
1625 2474 1754 2523 rex,

175 2532 251 2584 vel
277 2531 450 2599 aliqua
478 2541 723 2600 potestas
751 2533 950 2585 habeat
972 2531 1243 2585 licentiam
1272 2531 1414 2600 ipsas
1437 2546 1525 2585 res
1555 2530 1754 2584 benefl-

173 2601 328 2662 ciarc.
353 2601 435 2654 vel
475 2601 879 2665 concambiare,
914 2602 1029 2656 sive
1059 2603 1386 2657 condonare.
1416 2601 1516 2655 nisi
1545 2609 1750 2653 tantum

176 2679 226 2724 ut
255 2675 347 2726 sub
376 2672 606 2726 tuitione
637 2681 691 2726 et
733 2672 1072 2726 immunitate
1104 2674 1244 2741 regis
1274 2671 1588 2741 perenniter
1617 2686 1750 2724 con-

174 2741 339 2806 sistat,
374 2763 391 2792 i
425 2757 478 2796 et
537 2741 652 2811 ipse
698 2741 1034 2796 Iiaimundus
1063 2740 1184 2796 lt'ci’
1211 2753 1352 2795 tutor
1398 2750 1450 2795 et
1500 2740 1754 2811 defensor

174 2811 258 2866 fiat
288 2829 300 2864 :
332 2821 447 2880 post
494 2810 654 2866 suum
701 2826 830 2866 vero
879 2813 1084 2866 obitum
1121 2812 1474 2874 Bernardum,
1505 2810 1754 2865 Fulcual-

173 2881 307 2941 dum,
333 2883 601 2946 Odonem,
631 2882 768 2937 lilios
786 2898 914 2937 suos
937 2882 1175 2936 vicissim
1207 2882 1521 2936 defensores
1551 2881 1752 2934 consti-

175 2953 296 3033 tuit..
326 2952 717 3042 .lllaecmcbarta'
737 2954 880 3008 edita
929 2963 1036 3042 est.n
1059 2952 1490 3042 apuil‘Catellum
1504 2951 1615 3042 Δ111).
1645 2967 1659 3004 I
1685 2953 1750 3042 de
1779 2982 1822 3042 ρ

173 3022 440 3093 comitibus
463 3023 772 3088 'l'olosanis,
814 3040 935 3093 pag.
967 3023 1036 3076 69
1068 3022 1120 3077 et
1150 3023 1240 3084 70,
1268 3023 1354 3075 ubi
1381 3037 1447 3077 ex
1493 3025 1626 3091 Agio
1655 3023 1745 3076 al)-

172 3089 283 3146 bate
308 3091 573 3150 Vabrensi
620 3089 1232 3162 observat'Adalgisum
1264 3093 1515 3146 abbatem
1549 3089 1609 3144 et
1637 3106 1749 3144 mo-

173 3163 358 3233 pacbos
382 3179 445 3219 ex
476 3164 730 3221 ccenobio
762 3165 1023 3226 Palmato,
1052 3165 1193 3233 quod
1217 3162 1581 3233 Marcomanni
1607 3163 1747 3232 apud

173 3227 500 3289 Petrocorios
547 3234 619 3304 (lc
662 3233 940 3305 Périgord)
974 3227 1377 3305 expilaverant,
1424 3227 1746 3305 profugisse.

172 3310 320 3373 atque
352 3305 401 3356 in
425 3303 810 3373 cognitionem
825 3303 1348 3359 venisserliaimumli
1385 3303 1627 3367 comitis,
1657 3306 1746 3371 qni

172 3372 232 3443 ad
259 3388 347 3428 eos
389 3372 733 3443 recipiendos
761 3373 1036 3428 Vabrensc
1080 3375 1466 3428 monasterium
1500 3374 1752 3427 condide-

171 3441 267 3514 rit,
305 3441 551 3499 consultu
586 3444 916 3498 IIelisacaris
945 3445 1202 3514 episcopi.
1235 3444 1381 3498 Ilane
1413 3459 1577 3513 porro
1615 3459 1745 3496 con-

173 3513 414 3570 ditionem
442 3516 672 3570 Carolus
703 3514 900 3570 Calvus
927 3531 1070 3571 anno
1101 3513 1248 3585 regni
1287 3516 1368 3568 sui
1435 3514 1496 3566 I4
1552 3515 1747 3568 confir-

1873 492 2059 564 refert.
2109 492 2496 564 observatione
2551 493 2708 561 digna
2756 505 2880 547 sunt
2932 496 3049 564 Agii
3096 497 3308 551 abbatis
3343 500 3456 555 lucc

1871 559 2071 632 verba:
2100 580 2137 632 rc
2177 561 2303 632 Erat
2351 561 2511 632 igitur
2557 559 2628 616 eo
2672 573 2910 632 tempore
2957 559 3343 622 monasterium
3400 571 3452 625 in

1868 631 2142 707 provincia
2165 630 2376 707 Callias.
2399 631 2708 707 I’etra‘corio
2733 630 3134 707 pago,_nomine
3158 637 3454 707 Dalmatas,

1870 702 1920 754 in
1944 701 2267 769 qnojugiter
2295 702 2514 756 deicolze
2534 704 2720 757 decem
2745 701 3163 770 fainulabantur,
3196 707 3326 761 nihil
3359 701 3456 765 ha;

1867 771 2058 842 bentcs
2092 773 2364 842 proprium
2395 813 2409 836 ,
2443 783 2638 842 prmter
2673 773 2812 842 quod
2846 790 3031 830 norma
3071 779 3243 831 sancti
3291 777 3461 833 Bene—

1865 841 1994 895 dicti
2045 843 2393 914 concedebat.
2439 843 2556 896 Alia
2599 841 2828 912 namque
2865 845 3092 914 plurima
3141 856 3296 902 erant
3348 865 3460 902 mo-

1867 915 2101 985 nasteria
2136 915 2207 985 in
2260 913 2447 967 eadem
2498 915 2775 985 provincia
2826 913 3020 984 oppido
3055 917 3292 970 ditiora:
3339 933 3456 985 qua:

1859 982 1972 1052 jam
1996 982 2105 1037 fata
2133 983 2415 1052 ingruente
2429 982 2599 1054 peSte,
2627 984 2785 1038 famis
2804 982 3042 1054 periculo
3066 982 3456 1042 monachorum

1864 1055 2035 1107 sancti
2078 1055 2351 1127 Benedicti
2403 1070 2646 1127 normam
2712 1056 2980 1125 negligere
3027 1067 3346 1127 coeperunt,
3402 1069 3457 1110 rt

1863 1135 2052 1178 contra
2085 1125 2226 1196 illitis
2257 1126 2416 1178 ritum
2447 1126 2722 1194 proprium
2767 1129 2987 1191 habere,
3029 1125 3170 1196 quod
3201 1129 3275 1181 illi
3311 1129 3457 1180 devi-

1867 1204 2061 1257 tanlcs,
2120 1194 2272 1248 nefas
2321 1205 2376 1249 et
2430 1196 2676 1249 illicitntn
2726 1194 3126 1250 censebantf”
3195 1199 3456 1252 Dicebant

1860 1266 2006 1319 enim
2036 1275 2090 1320 et
2114 1267 2210 1336 ipsi
2239 1267 2379 1335 quod
2409 1267 2556 1320 nullo
2583 1267 2742 1320 modo
2772 1267 2948 1321 forent
2973 1269 3246 1333 monachi,
3281 1268 3370 1337 qui
3403 1269 3455 1320 in

1866 1343 2008 1407 terra
2061 1337 2339 1405 proprium
2391 1348 2695 1405 quaererent
2723 1378 2737 1398 ,
2778 1353 2877 1392 nec
2926 1338 3136 1392 scilicet
3181 1338 3455 1407 propriam

1861 1406 2210 1477 voluntatem,
2242 1407 2341 1477 nisi
2369 1407 2696 1460 tantumdem
2731 1408 2979 1477 proprias
3008 1406 3213 1476 culpas,
3245 1419 3300 1462 et
3329 1423 3454 1476 pro-

1862 1476 2041 1546 prium
2071 1476 2267 1532 locum.
2297 1475 2567 1546 Panperes
2595 1475 2846 1546 equidem
2873 1487 3026 1532 erant
3064 1475 3116 1531 in
3145 1475 3340 1540 rebus,
3359 1478 3452 1531 sed

1862 1547 2059 1618 divites
2088 1549 2138 1600 in
2174 1547 2276 1600 fide
2302 1564 2314 1618 ς
2349 1549 2539 1615 quibus
2565 1557 2792 1616 prmerat
2823 1549 2989 1618 abbas
3018 1548 3334 1618 Adalgasius
3354 1562 3455 1618 no-

1861 1617 2027 1681 mine,
2049 1617 2352 1671 vencranda
2375 1618 2593 1679 canitie,
2621 1617 2860 1671 moribus
2879 1616 3056 1686 juSIis,
3081 1616 3258 1673 alacer
3281 1617 3449 1679 vultu,

1862 1689 2111 1757 prosapia
2145 1687 2363 1757 quidem
2395 1703 2501 1741 non
2533 1688 2625 1740 vili
2655 1689 2884 1756 genitus,
2914 1697 2970 1742 et
2995 1703 3090 1742 ore
3115 1688 3449 1757 el0quentis-

1866 1756 2054 1812 simus.
2083 1757 2184 1825 Qui
2209 1756 2398 1811 videns
2419 1759 2560 1826 quod
2589 1757 2734 1811 nullo
2762 1760 2917 1812 modo
2944 1757 3154 1812 illorum
3187 1756 3448 1811 saavitiam

1865 1837 2086 1897 propter
2157 1837 2478 1897 prtescntetn
2557 1843 2743 1882 necem
2805 1827 2945 1883 ferre
2999 1836 3217 1897 posset,
3288 1829 3453 1897 cmpit

1863 1899 2124 1963 lustrare,
2155 1913 2253 1952 ceu
2298 1898 2470 1951 bonus
2513 1907 2716 1968 pastor,
2743 1898 2986 1966 regiones
3009 1913 3217 1962 omnes,
3245 1899 3287 1952 si
3316 1899 3452 1968 forte

1863 1969 2132 2024 inveniret
2162 1969 2252 2022 ubi
2289 1968 2358 2022 ab
2400 1967 2871 2022 ore'smvientium
2924 1983 3050 2020 suas
3093 1967 3452 2037 pauperculas

1861 2054 2085 2094 servare
2110 2038 2371 2108 quivissct
2391 2039 2634 2092 oviculas
2661 2052 2675 2090 :
2709 2037 2962 2107 quoniam
2989 2037 3204 2105 quidem
3231 2038 3451 2108 minimc

1861 2110 1934 2162 illi
1963 2107 2284 2178 Oportunnm
2318 2118 2434 2162 erat
2465 2109 2784 2178 snodegere
2819 2108 2933 2178 solo
2953 2147 2976 2178 ,_
3012 2108 3063 2160 in
3107 2122 3212 2176 quo
3239 2107 3450 2160 creber-

1862 2176 2027 2234 rimas
2059 2179 2394 2233 miserabiles
2424 2193 2489 2230 ex
2516 2177 2727 2232 dilectis
2769 2177 2880 2231 suis
2931 2176 3165 2231 alumnis
3205 2187 3454 2231 cerneret

1861 2261 2090 2318 strages.
2127 2249 2356 2302 Ventum
2387 2248 2656 2318 estigitur
2682 2247 2746 2300 ad
2779 2263 2938 2301 aures
2974 2247 3166 2318 eximii
3186 2246 3454 2318 marehio-

1863 2322 1946 2374 nis
1979 2293 2324 2387 Ilegimundi,
2358 2319 2447 2386 qui
2483 2293 2570 2370 ilio
2611 2325 2851 2385 tempore
2892 2317 3221 2387 monarcbi-ze
3245 2314 3451 2387 Tolosa:

1862 2385 2185 2460 fungebatur
2203 2385 2399 2452 cilicio,
2424 2387 2566 2456 quod
2596 2388 2920 2460 venerabilis
2949 2386 3263 2460 Adalgasius
3284 2385 3451 2460 abbas

1861 2454 2193 2530 paganorum
2245 2454 2564 2530 incursione
2629 2458 2768 2530 foret
2832 2474 2935 2530 una
2989 2454 3452 2530 cuni_clicntibus

1860 2525 2400 2601 proprioexsulatus
2425 2527 2560 2581 solo.
2595 2567 2611 2583 .
2649 2568 2662 2580 .
2713 2527 2954 2601 Denique
2983 2526 3193 2582 concite
3218 2525 3284 2601 ad
3316 2539 3449 2592 pra:-

1859 2596 2026 2654 I’atu’m
2056 2599 2304 2654 abbatem
2333 2597 2550 2652 mittere
2577 2614 2680 2652 non
2705 2598 2955 2652 desinens
2983 2610 3172 2665 rogare
3194 2596 3340 2649 visus
3365 2603 3449 2649 est

1856 2682 2124 2740 quatenus
2154 2670 2220 2740 ad
2265 2669 2590 2740 loquendum
2619 2683 2740 2740 cum
2772 2682 2849 2740 eo,
2870 2665 3120 2720 Tolosam
3149 2681 3215 2719 ne
3242 2665 3448 2734 pigeret

1855 2738 2133 2795 accedere.
2191 2739 2296 2793 Sed
2344 2739 2430 2792 ille
2475 2738 2742 2806 extemplo
2788 2739 2854 2790 ad
2904 2753 3027 2806 eum
3073 2751 3296 2806 pergere
3335 2751 3446 2806 ine-

1857 2811 2051 2881 quiens
2082 2851 2096 2874 ,
2151 2810 2406 2878 quoniam
2455 2809 2522 2862 ab
2576 2805 2710 2881 urbe
2763 2807 2955 2862 Tolosa
3007 2805 3130 2881 fere
3166 2805 3447 2873 sexaginta

1856 2875 2022 2953 millia
2042 2875 2272 2953 aberat;
2301 2890 2353 2932 et
2386 2894 2480 2953 pro
2517 2894 2593 2953 re._
2615 2879 2815 2953 incerta
2847 2891 3024 2953 meare
3185 2889 3450 2953 etiinnno-

1856 2950 1993 3014 lens,
2021 2951 2154 3004 duos
2181 2950 2246 3001 ad
2270 2944 2398 3002 eum
2425 2948 2622 3002 direxit
2647 2947 2957 3017 discipulos.
2997 2964 3016 2998 ι
3050 2944 3447 3017 Il_is_con_silium

1855 3037 2010 3076 suum
2039 3021 2225 3088 pandit
2246 3019 2618 3073 Iiaimundus:
2650 3017 2741 3088 qui
2770 3014 2992 3080 reversi,
3021 3014 3308 3088 Adalgasio
3330 3027 3442 3088 rem

1859 3081 2185 3160 signiﬁcant.
2218 3089 2462 3144 Accessit
2492 3089 2607 3156 ipse
2637 3081 2886 3160 Tolosam
2917 3095 2971 3141 et
3003 3081 3449 3160 egenobiuinmya:

1859 3151 2052 3216 brvense
2082 3169 2451 3215 constructum
2483 3151 2587 3224 est,
2614 3158 2756 3228 quod
2801 3167 2982 3227 postea
3023 3155 3257 3228 Joannes
3300 3151 3446 3207 XXII

1860 3233 1913 3286 in
1943 3231 2227 3286 ecclesiam
2253 3227 2844 3292 cathedralemerexit,
2883 3242 3002 3281 mox
3039 3227 3234 3278 factam
3279 3238 3446 3276 smcu-

1859 3303 2050 3356 larem.
2084 3302 2252 3374 Agius
2275 3301 2468 3374 abbas,
2501 3299 2760 3374 prtemissi
2794 3299 3079 3374 fragment}
3105 3304 3316 3374 auctor,
3348 3293 3448 3346 fuit

1857 3384 2039 3442 postea
2087 3365 2458 3442 Narbonensis
2501 3365 2945 3442 archiepiscopus
2993 3365 3092 3442 sub
3151 3365 3306 3442 initia
3349 3378 3450 3414 sa:-

1856 3433 1960 3497 culi
1991 3460 2042 3496 Χ.
2091 3443 2340 3496 Dolcmus
2382 3438 2496 3507 ejus
2536 3433 2814 3510 epistolam
2845 3433 2876 3491 a
2908 3435 3113 3492 Catello
3141 3450 3206 3488 ex
3238 3433 3448 3502 integro

1861 3530 1963 3566 non
1997 3513 2266 3582 vulgatam
2315 3511 2502 3565 fuisse.

193 3615 3394 3650 Μ

743 3723 978 3820 VITA
1054 3723 1126 3818 S.
1203 3717 1670 3818 GBEGORII
1743 3713 2347 3814 TUBONENSIS
2420 3712 2847 3808 EPISCOPI

1426 3878 1813 3940 AUCTORE
1856 3875 2155 3936 ODONIL‘.

579 4005 725 4068 (Vide
754 4006 880 4054 inter
910 4004 1266 4065 Prolegomena
1291 4001 1349 4050 ad
1377 4001 1670 4060 Gregorium
1694 3997 2057 4054 Turoni-mem,
2101 3993 2391 4054 l‘atrologiie
2420 4003 2531 4041 tom.
2574 3991 2740 4052 I.X.\'l,
2776 3989 2864 4040 col.
2897 3990 3016 4046 ιιδ.)

569 4103 1141 4114 —_—

194 4099 418 4126 ===
569 4099 1742 4114 _______.______._____

1077 4187 1746 4303 εΔιιιοτι

1920 4093 2341 4117 ____——"—'—-'—-_—-_____
2352 4092 2465 4115 __-...__"
2472 4081 3420 4115 ‘__"'m

2473 4105 2714 4115 _._._——

1849 4177 2534 4296 ODONIS
2629 4280 2639 4290 .

1294 4382 1341 4440 Λ
1357 4377 1636 4438 ΒΒΛἹΊΞ
1679 4373 1966 4436 CLUNIA
1979 4370 2197 4431 CENSI
2210 4371 2248 4429 S

762 4521 1793 4657 SERMONES
1916 4519 2770 4664 QUINQUE

1214 4715 1306 4774 (Ex
1338 4714 1640 4766 BIIIIIOIIIL‘t'a
1665 4709 1968 4761 Cluniacensi
1995 4712 2048 4756 et
2072 4707 2352 4768 Marteaio.)

679 4845 913 4903 SERMO
953 4845 1232 4902 PRIMUS.

532 4998 582 5036 IN
621 4996 902 5037 CATIIEDIIA
943 4995 1130 5033 S.\.\'CTI
1177 4996 1357 5034 PETRI.

232 5114 461 5181 Gaudeo,
487 5114 842 5177 dilectissimi,
867 5113 932 5167 de
955 5112 1204 5182 religioso
1231 5123 1420 5165 vestrie
1441 5109 1742 5166 devotionis

169 5205 373 5273 all‘ectu,
404 5217 458 5262 et
489 5209 594 5263 Deo
628 5207 831 5281 gratias
881 5220 980 5275 ago
1018 5203 1160 5272 quod
1193 5204 1245 5258 in
1292 5185 1445 5258 vobis
1485 5203 1740 5272 pietatem

168 5293 379 5318 Didius-
413 5314 469 5318 .--
525 5299 740 5318 ..ν-...ο-
794 5309 1022 5318 -.--.-....-
1084 5292 1232 5318 Q2-..-
1279 5294 1417 5318 ....:...
1473 5295 1582 5318 2..--
1624 5291 1702 5318 1³..Α

1768 4848 1815 4904 υ
1844 4838 2104 4909 grazlilius
2135 4875 2150 4899 ,
2182 4845 2237 4887 ut
2268 4849 2332 4888 ex
2381 4834 2611 4888 diversis
2659 4831 2918 4885 membris
2963 4831 3163 4887 sacrati
3202 4830 3452 4898 corporis

1844 4929 2104 4983 subsistat
2143 4926 2446 4993 integritas,
2475 4939 2666 4978 omnes
2698 4932 2876 4974 tamen
2928 4922 2979 4976 in
3025 4921 3240 4977 Christo
3268 4933 3450 4974 unum

1845 5034 2058 5085 sumus,
2090 5033 2191 5074 nec
2227 5015 2516 5084 quisquam
2538 5011 2763 5069 alterius
2786 5011 2860 5064 ita
2891 5019 2974 5064 est
2996 5012 3205 5066 divisus
3246 5004 3468 5074 cilicio,

1850 5120 1907 5163 ut
1938 5127 2046 5166 non
2077 5111 2144 5165 ad
2176 5105 2570 5163 connexionem
2600 5103 2872 5175 pertineat
2900 5103 3116 5172 capitis,
3159 5094 3498 5165 cujuslibet.

1851 5203 2131 5258 humilitas
2158 5197 2445 5270 partionis.

1919 5291 1976 5318 Ι..
2008 5295 2212 5316 "ui--04
2245 5289 2408 5316 :.-:O...-
2440 5291 2560 5316 (2]-:
2595 5295 2758 5314 ΑΙηιΙΛ
2799 5283 3146 5314 ιιηηιῖοικκιῖρ
3213 5277 3447 5312 ιΙῖΙαρΙῖι-
