3964 5360
476 351 575 406 ῗΗ

1439 343 1498 398 S.
1541 330 1790 399 ODONIS
1825 330 2119 394 ABBATIS
2158 331 2652 392 CLUNIACISNSIS
2687 338 2728 393 ll

3628 340 3731 393 7|!

473 473 717 521 sanctum
742 502 755 527 ,
806 460 1079 530 oﬁ'ereutes
1126 453 1422 528 spirituales
1464 456 1683 517 hostias,
1730 448 2069 521 arceptabiles
2100 450 2144 508 Α
2176 444 2450 499 instruxit.
2482 446 2546 499 Et
2571 462 2676 500 non
2713 457 2842 502 caro
2865 455 2918 503 et
2942 432 3182 518 sanguis,
3220 443 3313 501 sed
3367 439 3457 499 ille
3484 461 3568 499 me
3622 450 3730 523 ubi,

479 555 612 620 Deo,
636 568 727 623 per
754 549 1020 606 Christum
1049 547 1334 602 Dominum
1364 555 1598 599 nostrum
1628 542 1679 614 (1
1711 541 1856 595 Patr.
1891 556 1953 604 ll,
1979 538 2056 607 5).

479 645 681 703 Omnes
707 643 850 697 enim
883 642 936 696 in
967 640 1185 696 Christo
1210 643 1583 707 regeneratos,
1615 632 1794 689 crucis
1842 631 2053 700 sigumn

476 735 642 790 elﬁcit
667 746 840 805 reges,
884 731 1055 788 sancti
1086 744 1218 784 vero
1265 727 1500 798 Spiritus
1546 725 1729 779 unctio
1777 729 2063 777 consecrat

479 826 823 889 sacerdotes,
874 830 933 876 ut
979 828 1177 892 praeter
1223 820 1383 875 istam
1432 816 1720 887 specialem
1777 811 2061 867 ministerii

478 918 649 974 nostri
707 916 1065 978 servitutem,
1112 912 1349 968 universi
1401 907 1714 979 spirituales
1766 904 2059 961 Christiani

479 1016 774 1080 agnoscant
803 1022 863 1062 se
901 1005 1032 1076 regii
1056 1001 1269 1074 generis
1301 1010 1357 1055 et
1398 998 1556 1053 ollicii
1606 1011 1728 1055 esse
1773 1005 2063 1050 consortes

481 1097 848 1169 sacerdotalis.
878 1095 1018 1164 Quid
1045 1095 1191 1148 enim
1237 1102 1344 1145 tam
1394 1089 1627 1158 regium,
1668 1101 1830 1158 quam
1882 1084 2067 1141 subdi-

486 1201 595 1249 tmn
629 1190 735 1245 Deo
764 1186 1004 1243 animmn
1034 1184 1278 1255 corporis
1325 1196 1446 1236 esse
1497 1188 1760 1235 rectorem
1788 1177 1812 1230 ?
1843 1176 1907 1230 Et
1937 1174 2065 1245 quid

480 1289 593 1334 tam
620 1276 979 1341 sacerdotale,
1011 1289 1170 1345 quam
1194 1286 1390 1326 vovere
1435 1267 1821 1325 conscientiam
1851 1278 2062 1336 puram,

482 1379 543 1425 et
604 1367 982 1424 immaculatas
1041 1364 1244 1419 hostias
1293 1360 1511 1432 pietatis
1555 1358 1623 1413 de
1674 1358 1830 1411 altari
1886 1355 2068 1411 cordis

479 1459 722 1517 oﬂ‘erre?
771 1456 922 1525 Quod
952 1471 1074 1512 cum
1100 1453 1350 1510 omnibus
1377 1467 1475 1523 per
1527 1450 1757 1523 gratiam
1787 1450 1877 1505 Dei
1917 1464 2069 1504 com-

484 1565 646 1605 mune
677 1548 749 1604 sit
778 1548 1001 1613 factum,
1032 1544 1339 1617 religiosum
1390 1543 1547 1598 nobis
1593 1550 1756 1610 atque
1802 1536 2071 1595 laudabile

490 1645 579 1695 est
597 1639 757 1694 hodie
782 1635 1120 1708 provectioni
1171 1641 1400 1697 nostrae,
1453 1632 1520 1687 de
1567 1630 1787 1701 proprio
1843 1637 2071 1700 patrono
2114 1664 2115 1669 η

484 1729 742 1802 gaudere.
773 1728 838 1781 Et
898 1740 1206 1797 quanquam
1250 1725 1304 1778 in
1356 1731 1468 1778 toto
1514 1722 1767 1778 Ecclesiae
1803 1733 2068 1790 corpore,

2163 532 2316 601 cujus
2338 548 2458 589 sum
2491 535 2800 608 unigenitus
2827 537 3109 592 indicavit.

2231 626 2582 682 Beatissimus
2613 627 2793 697 itaque
2833 627 3023 689 Petrus
3049 627 3331 697 apostolici
3349 626 3561 682 ordinis
3585 627 3726 696 prin-

2162 731 2310 787 ceps,
2334 718 2547 787 primus
2581 717 2793 772 Domini
2823 718 3103 774 confessor
3128 716 3341 784 factus,
3386 726 3543 788 petra
3570 717 3738 771 Eccle-

2165 807 2381 874 clesize,
2441 808 2821 863 clavicularius
2872 810 3020 881 regni
3075 817 3159 864 est
3211 809 3561 864 ceustitutus.
3616 805 3739 861 Iliae

2166 914 2361 954 nomen
2383 913 2447 953 ex
2481 914 2647 969 opere
2676 901 2853 962 datur.
2886 910 2943 956 et
2972 900 3157 957 titulus
3185 916 3249 955 ex
3278 900 3475 956 merito
3519 908 3738 970 potesta-

2170 989 2238 1044 tis
2277 989 2591 1058 imponitur,
2628 1005 2750 1045 cum
2778 1005 2809 1045 a
2860 991 3088 1046 Domino
3144 991 3332 1045 audire
3384 989 3627 1044 meruit:
3674 985 3738 1040 Et

2166 1095 2259 1151 ego
2289 1081 2407 1134 dico
2441 1080 2536 1135 tibi
2562 1081 2778 1153 (Matth.
2811 1098 2924 1149 χιιι,
2981 1082 3091 1154 18),
3143 1083 3196 1137 id
3247 1091 3352 1146 est,
3407 1082 3552 1136 sicut
3594 1080 3744 1135 Pater

2174 1186 2327 1228 meus
2361 1172 2456 1229 tibi
2507 1173 2877 1229 manifestavit
2929 1173 3270 1230 divinitatem
3322 1187 3527 1237 meam,
3582 1172 3652 1226 ita
3696 1182 3745 1225 et

2168 1277 2268 1331 ego
2330 1272 2514 1316 notam
2576 1262 2673 1317 tibi
2731 1262 2871 1318 facio
2899 1262 3279 1318 excellentiam
3313 1272 3488 1327 tuam,
3539 1262 3657 1330 quia
3697 1274 3746 1313 ιι

2168 1367 2223 1404 es
2251 1349 2443 1405 Petrus
2471 1351 2682 1423 (Ibid.),
2716 1351 2770 1407 id
2799 1360 2882 1406 est
2901 1368 3023 1407 eum
3087 1367 3189 1422 ego
3255 1353 3357 1407 sim
3433 1350 3749 1404 inviolabilis

2169 1450 2344 1512 petra,
2374 1457 2474 1515 ego
2502 1443 2639 1513 lapis
2664 1443 2961 1517 angularis,
2994 1445 3084 1515 qui
3116 1444 3257 1501 facio
3286 1452 3526 1513 utraque
3570 1458 3744 1495 unum.

2170 1531 2286 1603 Ego
2316 1531 2724 1595 fundamentum
2751 1544 2948 1605 prteter
2986 1537 3129 1604 quod
3189 1549 3347 1589 nemo
3389 1541 3580 1604 potest
3621 1532 3750 1585 aliud

2174 1638 2398 1694 ponere,
2431 1633 2611 1681 tamen
2647 1636 2700 1679 tu
2731 1641 2947 1696 quoque
2974 1635 3125 1696 petra
3147 1639 3226 1690 es,
3257 1626 3383 1695 quia
3411 1639 3539 1679 mea
3568 1626 3753 1678 virtute

2174 1715 2450 1781 solidaris,
2479 1726 2536 1770 ut
2560 1731 2680 1787 qua:
2705 1718 2835 1772 mihi
2869 1726 3137 1788 potestate
3184 1727 3312 1772 sunt
3364 1716 3613 1787 propria,
3658 1715 3755 1768 sint

482 1818 773 1890 apostolici
801 1817 1102 1873 celebretur
1127 1815 1388 1886 pontificii
1431 1822 1831 1869 sacramentum
1852 1852 1868 1878 ,
1914 1810 2068 1866 nobis
2097 1824 2144 1885 Β
2173 1804 2271 1860 tibi
2298 1819 2510 1861 mecum
2539 1806 2952 1885 participatione
2981 1805 3365 1861 commmuuia.
3393 1804 3577 1874 Super
3625 1806 3751 1857 hunc

482 1920 663 1964 tamen
688 1918 771 1964 est
803 1908 1097 1979 specialius
1126 1906 1488 1977 gaudendum,
1512 1906 1654 1975 quod
1704 1902 1933 1958 effusum
1978 1903 2069 1958 be-

481 2000 805 2055 nedictionis
842 2007 1176 2071 unguentum
1222 1998 1490 2067 copiosius
1541 1997 1594 2051 in
1626 1996 1906 2066 superiora
1937 2007 2068 2064 pro-

479 2092 655 2157 ﬂuxit,
686 2101 742 2145 et
769 2106 873 2145 non
897 2091 1110 2162 parcius
1136 2092 1189 2145 in
1217 2089 1472 2145 inferiora
1505 2088 1805 2146 descendit.

558 2224 693 2281 Cum
752 2223 975 2294 itaque,
1030 2222 1402 2288 dilectissimi,
1459 2222 1525 2276 dc
1586 2220 1860 2277 consortio
1913 2219 2069 2275 istius

488 2314 964 2385 muneris,magna
994 2314 1064 2367 sit
1084 2313 1305 2367 materia
1338 2312 1705 2366 communium
1723 2311 2063 2381 gaudiorum,

487 2411 669 2466 verior
692 2418 869 2464 tamen
905 2418 961 2462 et
1003 2408 1354 2463 excellentior
1399 2408 1504 2461 erit
1550 2420 1713 2461 causa
1756 2404 1993 2470 hetandi,
2019 2404 2066 2459 si

484 2518 592 2559 non
638 2504 692 2558 in
738 2511 937 2557 nostrae
989 2500 1311 2556 humilitatis
1350 2497 1783 2554 consideratione
1832 2510 2072 2552 remore~

486 2595 638 2660 mini,
692 2610 812 2650 cum
839 2593 1031 2649 .multo
1078 2591 1264 2647 utilius
1316 2590 1597 2659 multoque
1643 2589 1718 2644 sit
1761 2588 1974 2659 dignius
2002 2588 2069 2642 ad

485 2685 779 2741 beatissimi
825 2683 971 2739 Petri
1003 2682 1230 2753 apostoli
1279 2680 1504 2752 gloriam
1560 2678 2069 2747 contemplandum,

486 2778 657 2832 aciem
684 2776 878 2832 mentis
906 2775 1175 2838 attollere,
1207 2782 1261 2827 et
1292 2773 1435 2828 hunc
1463 2772 1603 2825 diem
1634 2770 1686 2825 in
1720 2770 1864 2825 illius
1894 2770 2069 2840 potis-

487 2868 681 2926 simum
710 2866 1060 2922 veneratione
1080 2863 1377 2925 celebrare,
1421 2861 1513 2933 qui
1564 2870 1672 2916 tam
1722 2860 1955 2930 copiosis
1991 2865 2073 2914 est

488 2958 923 3016 inundationibus
949 2957 1256 3019 mundatus,
1289 2963 1348 3009 ut
1369 2970 1494 3010 cum
1530 2953 1697 3009 multa
1725 2953 1873 3008 solus
1902 2967 2064 3008 acce-

489 3047 647 3117 perit,
678 3046 809 3101 nihil
845 3047 898 3101 in
922 3060 1247 3116 quemquam
1275 3044 1394 3099 sine
1434 3041 1604 3114 ipsius
1647 3041 2073 3113 participatione

493 3140 787 3194 transierit.
849 3136 1073 3192 Verbum
1122 3152 1245 3190 caro
1288 3136 1519 3205 factum,
1535 3135 1654 3206 jam
1699 3133 1967 3188 habitabat
2018 3134 2074 3187 in

490 3230 636 3284 nobis
661 3229 840 3299 (Joau.
875 3244 917 3294 I,
949 3227 1061 3298 M),
1092 3235 1147 3281 et
1171 3228 1238 3280 ad
1271 3228 1562 3280 humanum
1604 3239 1774 3295 genus
1818 3238 2075 3292 reparan-

490 3320 639 3385 dum,
665 3327 833 3373 totum
864 3334 923 3374 se
951 3316 1202 3372 Christus
1229 3316 1590 3386 impenderat.
1634 3312 1781 3368 Nihil
1828 3314 2070 3382 indispoo

493 3411 654 3465 situm
681 3409 977 3483 sapientiae,
1003 3408 1135 3463 nihil
1159 3416 1277 3464 erat
1301 3407 1530 3462 ardumn
1559 3405 1836 3475 potestati.
1870 3404 2079 3460 Famu-

493 3499 745 3556 lahantnr
772 3500 1061 3565 elementa,
1090 3499 1316 3569 angelici
1348 3496 1572 3576 spiritus
1597 3495 1930 3561 serviebant,
1972 3507 2075 3550 nec

495 3591 603 3649 ullo
665 3590 824 3646 modo
884 3598 1097 3659 poterat
1153 3587 1393 3643 inellieax
1456 3600 1577 3642 esse
1631 3594 2075 3654 sacramentum,

494 3681 635 3751 quod
663 3679 822 3736 simul
852 3679 1022 3750 ipsius
1050 3678 1267 3736 deitatis
1298 3679 1476 3733 unitas
1513 3675 1846 3747 operabatur
1893 3683 1951 3729 et
1979 3674 2077 3729 tri-

496 3772 662 3827 nitas.

566 3908 634 3963 Et
659 3916 834 3963 tamen
880 3907 945 3963 de
998 3915 1110 3962 toto
1144 3907 1342 3961 mundo
1394 3919 1535 3959 unus
1583 3902 1802 3974 eligitur
1851 3902 2076 3967 Petrus,

497 3998 590 4069 qui
610 4006 664 4053 et
688 3997 1062 4052 universarum
1091 3996 1328 4067 gentium
1373 3993 1680 4058 vocationi,
1727 4001 1784 4049 et
1828 3992 2081 4048 omnibus

497 4087 756 4157 apostolis
783 4087 1103 4156 cunctisque
1132 4084 1389 4140 Ecclesiae
1433 4084 1685 4139 Patribus
1714 4092 2077 4153 praeponatur,

500 4187 561 4232 ut
588 4178 833 4248 quamvis
863 4178 914 4231 in
942 4176 1137 4247 pepulo
1168 4176 1258 4231 Dei
1305 4174 1458 4229 multi
1489 4173 1802 4251 sacerdotes
1826 4213 1842 4238 ,
1886 4187 2081 4228 omnes

501 4276 680 4322 tamen
704 4277 853 4339 regat
883 4268 1097 4333 Petrus,
1130 4283 1266 4337 quos
1292 4256 1687 4336 principaliter
1725 4266 1865 4336 regit
1913 4264 2081 4320 Ωιιτί-

448 4414 449 4417 η
500 4367 636 4412 stus.
660 4357 910 4428 Magnum
938 4367 992 4412 et
1027 4358 1296 4419 mirabile,
1337 4355 1716 4435 dilectissimi,
1749 4355 1911 4420 huic,
1963 4356 2081 4411 viro

503 4449 832 4501 consortium
860 4448 1119 4517 potentia:
1139 4462 1250 4502 sua:
1297 4446 1487 4501 tribuit
1532 4445 1712 4500 divina
1743 4444 2002 4514 dignatio,
2027 4446 2083 4502 et

2168 1906 2370 1965 petram
2405 1896 2680 1965 aediﬁcabo
2712 1897 3000 1950 Ecclesium
3021 1912 3210 1960 meam,
3264 1905 3315 1950 et
3361 1905 3538 1965 porta:
3601 1895 3751 1963 iufm’

2168 2002 2274 2041 non
2298 1988 2649 2057 pravatebuut
2679 1987 2928 2042 adversus
2949 2003 3063 2042 eam
3089 1987 3299 2060 (Ibid.).
3356 1987 3543 2058 Super
3589 1987 3746 2045 haru‘.

2171 2077 2368 2149 inquit,
2388 2076 2780 2141 fortitudinem,
2804 2085 3062 2133 attemum
3089 2077 3353 2133 instruam
3388 2076 3680 2147 templum,
3702 2086 3749 2130 rt

2172 2169 2427 2226 Ecclesiae
2456 2184 2588 2224 meae
2619 2168 2757 2224 cmlo
2783 2169 3069 2226 inserenda
3094 2168 3440 2237 sublimitas,
3483 2184 3555 2224 ex
3604 2168 3753 2237 Inuus

2170 2259 2296 2315 ﬁdei
2329 2259 2589 2315 firmitate
2618 2269 2932 2331 consurget.

2245 2350 2398 2405 Hanc
2422 2350 2819 2406 confessionem
2861 2360 3033 2421 portae
3086 2349 3242 2406 inferi
3300 2365 3408 2406 non
3476 2351 3752 2412 tenebunt,

2175 2443 2367 2498 mortis
2398 2442 2611 2497 vincula
2649 2444 2754 2499 non
2811 2443 3056 2515 ligabunt
3092 2461 3106 2498 :
3158 2459 3261 2499 vox
3306 2444 3455 2498 enim
3504 2444 3613 2499 ista
3658 2440 3752 2497 τοι

2170 2536 2294 2589 vita:
2319 2543 2423 2600 est,
2453 2544 2507 2589 et
2536 2534 2676 2590 sicut
2704 2535 3043 2591 eonfessores
3072 2550 3200 2591 suos
3230 2536 3284 2591 in
3331 2535 3586 2592 coelestia
3632 2551 3754 2606 pro-

2174 2627 2345 2693 vehit,
2369 2627 2441 2680 ita
2504 2635 2789 2696 negatores
2834 2627 2900 2681 ad
2943 2626 3151 2681 inferna
3197 2627 3486 2695 demergit.
3535 2626 3759 2697 Propter

2172 2716 2314 2785 quod
2343 2716 2541 2770 dicitur
2565 2715 2878 2771 beatissimo
2905 2714 3094 2771 Petro:
3125 2714 3240 2769 Tibi
3265 2717 3402 2769 dabo
3450 2716 3624 2770 claves
3684 2734 3758 2770 re-

2170 2808 2257 2876 gni
2286 2802 2555 2875 calorum,
2586 2816 2634 2860 et
2679 2809 3022 2878 quodcunque
3068 2805 3315 2877 ligaveris
3338 2822 3502 2874 super
3544 2794 3757 2869 terram,

2172 2897 2268 2948 erit
2299 2896 2521 2965 ligatum
2551 2905 2600 2950 et
2629 2897 2682 2949 in
2711 2896 2876 2960 cretis,
2906 2907 2953 2950 et
2974 2896 3319 2966 quodcunque
3357 2895 3580 2949 solutis
3616 2911 3763 2963 super

2174 2994 2389 3050 terram,
2425 2985 2521 3037 erit
2553 2985 2781 3040 solutum
2805 2996 2851 3040 et
2879 2988 2935 3040 in
2965 2985 3106 3040 caelis
3136 2984 3327 3057 (lbid.,
3362 2986 3472 3056 l9).
3497 2984 3543 3040 Ο
3572 2987 3757 3041 inesti-

2177 3075 2390 3129 mabilis
2420 3084 2475 3129 et
2507 3075 2769 3130 immensa
2798 3075 3033 3140 bonitas,
3062 3076 3335 3131 hominem
3387 3078 3441 3131 in
3479 3087 3634 3131 terra
3677 3093 3764 3148 po-

2103 3167 2366 3236 C‘situm,
2399 3174 2584 3219 tenere
2605 3166 2839 3221 coelum!
2868 3166 3009 3221 Ecce
3061 3180 3204 3221 nunc
3262 3166 3331 3221 ad
3380 3176 3580 3220 nutum
3626 3166 3762 3221 Petri

2180 3257 2345 3313 divini
2398 3259 2546 3327 regni
2600 3258 2837 3313 claustra
2886 3268 3187 3328 patescunt.
3230 3260 3457 3330 Accepit
3526 3262 3675 3314 enim
3734 3277 3760 3313 a

2180 3348 2397 3404 Christo
2420 3351 2600 3405 claves
2622 3350 2773 3421 regni
2828 3351 3115 3415 cmlorum,
3173 3359 3232 3405 ut
3279 3352 3477 3406 solutis
3538 3352 3763 3406 vinculis

2182 3440 2527 3506 delictorum,
2572 3443 2810 3512 aperiret
2854 3443 3204 3497 credentibus
3241 3444 3443 3498 cadum
3514 3445 3563 3499 υ
3609 3461 3759 3513 quam

2178 3534 2355 3590 visina
2377 3541 2434 3587 et
2457 3532 2721 3602 profunda
2748 3535 3009 3588 remedia.
3040 3532 3199 3588 Juxta
3226 3550 3284 3588 se
3326 3536 3497 3588 habet
3541 3536 3763 3588 mundus

2183 3622 2276 3681 Dei
2310 3642 2558 3698 regnum,
2584 3626 2925 3681 sicurratad
2950 3627 3190 3680 Petrum.
3239 3627 3429 3682 Posuit
3474 3631 3548 3683 ad
3601 3629 3762 3683 vicem

2180 3734 2333 3774 suam
2359 3719 2410 3771 in
2438 3717 2634 3774 saeculo
2656 3717 2892 3773 cmlestis
2918 3718 3064 3789 regni
3084 3717 3497 3773 clavicularium
3528 3719 3761 3781 Petrum,

2188 3832 2257 3871 ne
2287 3814 2562 3871 difﬁcilem
2619 3814 2723 3869 sibi
2781 3815 2847 3870 ad
2903 3815 3098 3869 malum
3142 3815 3436 3884 quispiam
3492 3816 3767 3870 existima-

2142 3904 2147 3909 ’
2182 3916 2264 3962 ret
2293 3920 2598 3961 ascensum.

2255 3998 2534 4055 TransiVit
2558 3999 2776 4070 quidem
2825 4000 2988 4054 etiam
3041 4000 3093 4053 in
3158 3999 3298 4055 alius
3353 4000 3656 4068 apostolos,
3688 4000 3764 4067 ius

2182 4091 2338 4147 istius
2360 4078 2666 4160 potestatis,
2712 4099 2768 4144 et
2814 4090 2882 4142 ad
2948 4105 3139 4145 omnes
3182 4090 3443 4145 Ecclesiae
3506 4092 3763 4161 principes

2182 4182 2385 4239 decreti
2418 4180 2583 4251 hujus
2606 4181 2922 4236 constitutio
2953 4182 3297 4243 commeavit,
3350 4185 3449 4237 sed
3507 4200 3617 4235 non
3667 4181 3763 4234 fru-

2182 4282 2296 4329 stra
2351 4272 2445 4326 nni
2496 4272 2925 4336 commendatur,
2971 4272 3114 4341 quod
3167 4272 3427 4327 omnibus
3479 4276 3762 4328 mtimetur.

2184 4364 2349 4421 Petro
2406 4364 2551 4418 enim
2605 4362 2728 4417 ideo
2772 4363 2875 4417 hoc
2925 4360 3276 4432 singulariter
3329 4363 3602 4430 creditur,
3656 4363 3764 4431 quia

2184 4454 2392 4510 cunctis
2420 4452 2677 4508 Ecclesiae
2711 4451 3017 4507 rectoribus
3075 4450 3221 4505 Petri
3277 4451 3456 4505 forma
3507 4453 3765 4522 prmpoui:

503 4542 550 4595 si
582 4542 710 4611 quid
739 4558 861 4597 cum
896 4556 962 4597 eo
985 4556 1270 4598 commune
1311 4540 1521 4596 caeteris
1558 4530 1727 4595 voluit
1756 4556 1879 4596 esse
1929 4542 2078 4611 prin-
2110 4540 2157 4598 l)
2195 4553 2305 4599 tur.
2333 4542 2514 4598 Manet
2552 4557 2686 4613 ergo
2736 4541 2883 4596 Petri
2935 4540 3295 4611 privilegium,
3347 4541 3669 4610 ubicunque
3708 4556 3765 4592 ex

504 4632 732 4702 cipibus,
761 4648 1034 4704 nunquam
1077 4632 1182 4687 nisi
1214 4648 1310 4703 per
1344 4633 1517 4702 ipsum
1549 4630 1695 4686 dedit
1723 4672 1738 4697 ,
1785 4631 2079 4703 quidquam

505 4723 625 4779 aliis
654 4739 758 4780 nou
790 4726 1019 4795 negavit.
1059 4724 1259 4780 Omnes
1288 4723 1518 4793 denique
1563 4723 1839 4792 apostolos
1892 4723 2084 4778 Domi-

511 4831 611 4871 nus
637 4816 764 4885 quid
802 4816 869 4871 de
912 4832 971 4873 se
1007 4817 1297 4887 opinentur
1360 4813 1607 4869 homines
1657 4814 1996 4887 interrogat,
2027 4816 2084 4871 et

511 4906 691 4962 tandiu
720 4908 1162 4979 respondentium
1202 4922 1382 4964 sermo
1416 4910 1721 4963 communis
1756 4910 1875 4975 fuit,
1906 4923 2080 4978 quan-

510 5000 601 5054 diu
657 5000 906 5055 humana:
959 5001 1278 5073 ignorantia:
1323 5005 1646 5076 ambiguitas
1699 5005 1953 5077 perstitit.
2018 5004 2087 5058 At

512 5089 599 5142 ubi
620 5090 817 5145 habeat
845 5092 1229 5162 discipulorum
1260 5109 1451 5150 sensus
1487 5096 1740 5166 exigitur,
1779 5097 1984 5167 primus
2006 5104 2090 5151 est

515 5181 567 5233 in
595 5181 801 5236 Domini
833 5183 1194 5249 confessione,
1225 5186 1318 5255 qui
1368 5187 1579 5255 primus
1624 5197 1744 5244 erat
1792 5186 2086 5257 apostolica

516 5268 792 5336 dignitate.
819 5272 919 5338 Qui
969 5289 1088 5328 cum
1145 5274 1413 5328 dixisset:
1448 5262 1524 5328 Tu
1549 5292 1604 5329 es
1645 5275 1881 5331 Christus
1918 5275 2089 5331 Filius

2188 4635 2354 4704 ipsius
2378 4633 2546 4688 fertur
2570 4633 2823 4703 aequitate
2842 4631 3134 4700 judicium.
3154 4629 3265 4686 Nec
3318 4631 3493 4685 nimia
3548 4641 3634 4686 est
3690 4629 3764 4684 vel

2187 4728 2449 4782 severitas
2480 4725 2564 4780 vel
2588 4725 2858 4787 remissio,
2889 4725 2988 4778 nisi
3012 4724 3154 4792 quod
3186 4724 3378 4777 beatus
3428 4722 3678 4791 pontifex
3720 4729 3766 4771 rt

2191 4818 2465 4887 apostolus
2503 4817 2715 4881 Petrus,
2741 4815 3121 4885 autligaverit,
3176 4823 3271 4868 aut
3325 4813 3581 4868 solverit.
3633 4812 3769 4877 ideo,

2192 4909 2574 4973 dilectissimi,
2626 4922 2937 4979 quanquam
3007 4905 3390 4961 nniversaliter
3436 4906 3493 4959 in
3533 4906 3768 4960 omnium

2196 5013 2508 5058 sanctorum
2544 4999 3058 5056 commemoratione
3103 4999 3175 5053 sit
3218 4998 3533 5063 laetandum,
3595 5006 3765 5051 tamsn

2199 5095 2252 5150 in
2280 5092 2439 5162 hujus
2468 5092 2638 5147 nostri
2670 5089 2989 5146 excellentia
3020 5090 3255 5161 patroni,
3310 5088 3510 5143 merito
3552 5094 3639 5141 est
3681 5099 3765 5138 ea-

2198 5186 2546 5247 sultandum,
2601 5182 2981 5254 gaudendum,
3034 5180 3412 5252 gloriandum,
3461 5193 3629 5249 quem
3684 5179 3767 5233 De!

2198 5276 2369 5348 gratia
2400 5276 2452 5329 in
2478 5285 2686 5329 tantum
2714 5276 2919 5343 apicem
2959 5272 3100 5326 inter
3121 5272 3299 5326 omnia
3322 5264 3585 5324 Ecclesia:
3610 5284 3769 5324 mem-
