3964 5360
164 260 270 324 715

1445 253 1812 313 SEBMONES
1849 253 2174 324 QUINQUE.

3317 255 3422 312 7M

153 375 509 436 orationibus
541 371 891 444 adjuvandos,
935 378 997 424 ut
1039 377 1299 440 quantum
1344 367 1576 438 pr0priis
1619 379 1743 436 peo-
1769 369 1817 428 Α
1845 381 1909 421 ac
1938 350 2080 421 illius
2105 372 2309 422 saneta:
2336 364 2723 420 familiaritatis
2752 365 3099 431 ministratio,
3151 377 3208 423 et
3249 383 3422 438 usque

154 466 298 525 catis
333 463 710 537 deprimimur,
751 469 959 516 tantum
999 458 1308 530 apostolicis
1369 457 1580 514 meritis
1637 456 1747 511 eri-

156 574 377 632 gamur.

155 706 163 712 ,
230 652 470 707 Instante
497 658 677 706 autem
701 647 912 704 Domini
941 645 1211 718 passione,
1255 644 1436 700 sciens
1477 642 1744 698 Dominus

153 744 544 815 discipulorum
595 740 916 796 turbandam
979 737 1338 794 constantiam
1414 737 1490 790 ait
1545 733 1741 790 Petro:

157 833 368 900 Simon,
393 851 510 889 ecce
536 832 768 889 Satanas
815 831 1056 900 expetivit
1085 846 1196 893 vos,
1224 839 1278 882 ut
1312 828 1564 882 cribraret
1610 826 1744 880 sicut

155 925 429 979 triticum:
456 940 549 994 ego
601 932 776 976 autem
822 920 999 991 rogavi
1048 936 1141 989 pro
1167 929 1239 983 te,
1285 928 1333 972 et
1366 928 1421 971 tu
1458 915 1745 987 aliquando

156 1031 434 1069 conversus
462 1013 718 1084 conﬁrma
746 1011 938 1081 fratres
961 1019 1078 1063 tuos
1117 1007 1268 1079 (Luc.
1301 1024 1436 1072 xx",
1483 1007 1573 1071 3-1,
1627 1005 1742 1076 32).

154 1108 454 1164 Commune
511 1114 630 1160 erat
696 1103 949 1159 omnibus
1013 1101 1268 1171 apostolis
1322 1099 1619 1170 periculum
1677 1099 1746 1153 de

155 1198 458 1253 tentatione
485 1194 815 1259 formidinis,
838 1202 893 1247 et
919 1192 1116 1247 divinae
1143 1190 1496 1261 protectionis
1541 1189 1744 1243 auxilio

153 1286 732 1359 pariterindigehant,
760 1293 938 1337 tamen
962 1281 1212 1351 specialis
1254 1297 1284 1334 a
1328 1281 1558 1336 Domino
1599 1279 1744 1334 Petri

153 1391 285 1432 cura
309 1375 626 1445 suscipitur,
658 1385 712 1429 et
736 1389 835 1443 pro
858 1372 960 1426 ﬁde
983 1370 1128 1426 Petri
1151 1372 1366 1442 proprie
1389 1369 1741 1441 supplicatur,

154 1475 416 1536 tanquam
447 1464 676 1518 aliorum
704 1461 1103 1518 statuscertior
1123 1460 1194 1515 sit
1224 1460 1458 1527 futurus,
1491 1460 1534 1515 si
1593 1474 1747 1514 mens

155 1559 422 1631 principis
446 1558 590 1613 victa
619 1572 726 1611 non
751 1556 934 1610 fuerit.
993 1554 1050 1608 ln
1105 1552 1268 1609 Petro
1324 1567 1456 1623 ergo
1498 1551 1743 1607 omnium

156 1649 420 1703 fortitudo
449 1647 715 1712 munitur,
747 1654 801 1700 et
849 1645 1046 1700 divinae
1093 1642 1281 1714 gratim
1327 1644 1400 1698 ita
1458 1642 1746 1698 ordinatur

1849 460 1915 515 ad
1953 459 2284 529 triumphum
2337 458 2626 513 Dominica:
2671 458 2938 528 passionis
2991 457 3278 515 inell‘abilis
3322 461 3420 515 ha-

1846 553 2040 608 beatur
2069 553 2420 615 constantia;
2455 565 2686 607 necnon
2739 563 2794 606 et
2838 568 2958 623 quae
3004 554 3055 606 in
3102 563 3278 609 morte
3332 555 3419 609 Sui

1846 645 2222 716 Redemptoris
2252 644 2415 700 etiam
2463 644 2722 714 apostolis
2763 643 3091 715 fugientibus
3130 646 3320 716 egerit,
3366 654 3427 702 et

1845 737 1986 806 quod
2018 737 2134 806 ipse
2158 735 2421 791 Dominus
2462 735 2641 804 magni
2689 736 2898 790 consilii
2955 738 3197 808 angelus,
3246 751 3426 792 resur-

1846 840 1974 895 gens
2011 841 2040 878 a
2073 825 2298 880 mortuis
2327 825 2500 895 primo
2521 824 2568 878 ei
2598 825 2926 894 apparuerit,
2982 834 3158 880 tamen
3206 825 3422 880 utilitati

1847 916 2135 988 legentium
2165 916 2532 982 consulentes,
2569 929 2633 971 ea
2658 932 2778 985 qua:
2825 918 2892 972 de
2941 917 3109 988 ipsius
3162 918 3425 972 virtutum

1849 1007 2088 1062 ﬂosculis
2117 1022 2453 1078 gemmarum
2482 1022 2652 1072 more,
2683 1017 2992 1064 sanctarum
3014 1010 3288 1065 elucidant
3325 1028 3425 1081 pa—

1846 1099 2000 1168 ginas
2022 1098 2430 1168 Scripturarnm
2462 1109 2518 1153 et
2545 1100 2944 1170 quodammodo
2965 1102 3045 1156 sui
3066 1099 3278 1168 juharis
3327 1102 3428 1155 int-

1845 1191 2126 1260 pressione
2179 1199 2470 1247 vernantes
2515 1191 2789 1254 reddunt,
2847 1193 3231 1262 compendiose
3283 1209 3426 1263 prm-

1847 1282 2015 1336 libare
2043 1282 2373 1337 curavimus.
2405 1281 2475 1338 Ut
2504 1282 2548 1336 si
2576 1283 2661 1336 cui
2694 1281 2831 1338 forte
2857 1298 2962 1338 non
2999 1293 3156 1338 vacat
3195 1286 3427 1340 sanctis~

1846 1375 1967 1429 simi
2004 1374 2224 1444 pelagus
2253 1373 2524 1444 Evangelii
2557 1389 2625 1428 ex
2648 1374 2836 1430 ordine
2860 1390 3195 1445 percurrere,
3226 1376 3280 1430 in
3322 1391 3432 1448 quo

1847 1474 2013 1521 tanta:
2078 1466 2202 1520 ﬁdei
2260 1465 2608 1520 continentur
2667 1468 2982 1536 pneconia,
3050 1468 3240 1523 saltem
3289 1469 3431 1523 hanc

1847 1566 2044 1612 nostrae
2071 1556 2382 1625 exiguitatis
2415 1555 2748 1620 schedulam,
2805 1557 2946 1612 illius
2979 1572 3242 1614 accensus
3277 1557 3425 1613 desio

1848 1649 2019 1712 derio,
2065 1647 2245 1718 legere
2295 1663 2402 1703 non
2456 1657 2689 1704 recuset.
2746 1648 2871 1703 Fuit
2927 1650 3091 1719 igitur
3128 1651 3428 1706 secundum

155 1739 442 1803 auxilium,
473 1747 535 1792 ut
558 1737 781 1792 ﬁrmitas
804 1751 923 1806 qum
944 1751 1042 1806 per
1063 1736 1337 1791 Christum
1360 1735 1522 1791 Petro
1551 1733 1739 1789 tribui‘
1767 1727 1814 1786 Β
1843 1737 2022 1794 smenli
2049 1737 2245 1793 fastum
2268 1737 2583 1794 clarissimis
2605 1738 2918 1794 beatissima
2946 1739 3111 1794 Maria
3155 1739 3428 1794 natamus

157 1839 268 1896 tur,
297 1845 396 1899 per
424 1828 646 1884 Petrum
671 1827 930 1897 apostolis
985 1825 1316 1881 conferatur.
1347 1824 1484 1880 Cum
1535 1827 1733 1894 itaque,

156 1920 522 1985 dilectissimi,
557 1927 763 1974 tantum
789 1917 942 1973 nobis
968 1917 1281 1988 praesidium
1320 1917 1602 1971 videamus
1653 1917 1738 1971 di-

153 2013 362 2067 vinitus
386 2011 718 2074 institutum,
767 2008 1164 2063 rationabiliter
1210 2016 1266 2063 et
1295 2007 1441 2077 juste
1489 2007 1542 2060 in
1588 2006 1741 2060 ducis

154 2104 328 2159 nostri
370 2102 580 2158 meritis
608 2117 672 2157 ac
696 2101 955 2170 dignitate
983 2100 1248 2164 laetamur,
1281 2101 1488 2170 gratias
1516 2109 1742 2171 agentes

155 2196 494 2266 sempiterno
543 2193 658 2265 regi
705 2193 1053 2263 Redemptori
1107 2201 1293 2246 nostro
1349 2192 1574 2247 Domino
1618 2191 1742 2246 Jesu

159 2290 403 2353 Christo,
429 2289 575 2358 quod
639 2295 845 2343 tantam
893 2287 1193 2358 potentiam
1243 2287 1390 2343 dedit
1451 2289 1522 2352 ei,
1581 2304 1742 2359 quem

155 2380 330 2434 totius
357 2378 620 2434 Ecclesia:
676 2378 978 2448 principem
1036 2391 1100 2432 ac
1144 2378 1430 2447 prmsulem
1479 2377 1628 2432 fecit.
1686 2377 1743 2432 Si

156 2471 290 2541 quid
319 2471 481 2526 etiam
523 2469 725 2526 nostris
755 2469 1088 2539 temporibus
1117 2477 1264 2524 recte
1289 2485 1388 2540 per
1413 2484 1512 2524 nos
1545 2469 1739 2541 agitur,

155 2577 420 2636 recteque
443 2565 778 2620 discernitur
797 2604 812 2629 ,
838 2563 980 2618 illius
1009 2563 1285 2634 aperibus,
1312 2563 1454 2618 illius
1479 2563 1745 2636 guberna-

155 2663 297 2718 culis
323 2665 708 2734 deputandum,
740 2661 827 2717 cui
858 2661 1062 2717 dictum
1091 2667 1210 2714 est:
1251 2656 1318 2710 Et
1369 2667 1424 2710 tu
1471 2670 1745 2710 conversus

155 2755 416 2824 conﬁrma
444 2755 637 2824 fratres
662 2762 778 2808 tuos
810 2751 960 2822 (Luc.
984 2766 1124 2816 xm,
1155 2747 1269 2820 52),
1301 2755 1356 2802 et
1379 2748 1464 2801 cui
1492 2754 1612 2815 post
1661 2759 1745 2799 re-

156 2846 556 2903 surrectionem
584 2861 737 2901 suam
773 2843 1031 2900 Dominus
1059 2842 1126 2896 ad
1169 2841 1366 2895 trinam
1413 2837 1550 2893 terni
1599 2851 1744 2891 amo.

156 2939 240 2994 ris
266 2938 654 3010 professionem
675 2946 769 2992 ter
794 2935 970 2990 dixit:
1001 2933 1169 2987 Pasce
1200 2947 1315 2985 oves
1361 2946 1502 2983 meas
1559 2925 1740 2998 (Joau.

156 3045 275 3094 nt,
310 3030 422 3101 l7).
481 3029 603 3100 Ipse
654 3041 870 3098 quoque
919 3024 1232 3079 mandatum
1274 3019 1508 3086 Domini,
1561 3027 1747 3088 pastor

154 3111 498 3194 exsequitur,
545 3120 882 3177 conﬁrmans
950 3132 1050 3173 nos
1096 3111 1560 3171 cohortationibus
1609 3111 1742 3173 suis,

156 3232 273 3273 non
303 3230 524 3272 cessans
569 3226 729 3268 orare
776 3226 876 3282 pro
919 3211 1094 3274 nobis,
1145 3216 1204 3262 ut
1253 3205 1395 3261 nulla
1448 3204 1745 3259 tentatione

151 3297 504 3377 superemur.
535 3305 612 3372 _Si
667 3311 850 3357 autem
905 3302 1046 3356 hanc
1105 3298 1326 3370 pietatis
1373 3312 1486 3350 sum
1537 3309 1742 3361 curam,

154 3396 310 3452 omni
343 3394 541 3465 populo
564 3392 660 3448 Dei
687 3392 885 3462 ubique
935 3389 1242 3462 prmtendit,
1309 3396 1515 3457 quanto
1574 3385 1746 3455 magis

155 3488 320 3545 nobis
358 3484 594 3558 alumnis
635 3485 749 3540 suis
785 3498 944 3554 opem
990 3496 1142 3537 suam
1184 3479 1493 3550 dignabitur
1539 3477 1747 3547 impen-

157 3577 316 3632 dere.
368 3576 449 3631 Illi
490 3587 622 3644 ergo
684 3587 830 3628 nunc
876 3571 1155 3627 servitutis
1202 3578 1400 3623 nostras
1441 3568 1742 3622 natalitium

156 3668 329 3732 diem,
361 3665 437 3720 illi
489 3664 828 3721 ascribamus
849 3663 951 3717 hoc
981 3660 1203 3725 festum,
1253 3659 1405 3728 cujus
1446 3657 1746 3726 patrocinio

154 3757 422 3830 protecti,
453 3755 755 3810 meruimus
818 3753 988 3823 ipsius
1050 3751 1262 3806 meritis
1303 3749 1606 3820 hujusmodi
1651 3751 1747 3802 ha-

151 3847 290 3902 ltere
317 3845 672 3901 consortium.
709 3843 864 3899 Hunc
885 3843 1049 3897 etiam
1107 3851 1308 3895 nostra:
1333 3839 1599 3894 orationis
1653 3839 1746 3894 ad-

149 3936 397 4007 iutorem
423 3950 753 4006 qomramus,
783 3932 938 4005 cujus
966 3948 1065 3988 nos
1084 3932 1425 3987 orationibus
1447 3940 1502 3985 ct
1528 3933 1595 3984 ab
1637 3929 1748 4000 spi-

153 4026 450 4084 ritualibus
479 4025 731 4088 inimicis,
759 4033 815 4080 et
857 4041 886 4077 a
935 4038 1213 4094 corporeis
1258 4023 1506 4078 hostibus
1523 4021 1749 4076 conﬁdi-

153 4134 286 4173 mus
322 4117 568 4174 liberari.
601 4117 782 4186 Ipsum
826 4116 1011 4185 itaque
1070 4115 1454 4170 intercedendo
1497 4129 1749 4186 rogemus

153 4211 502 4282 impetrare,
549 4218 611 4266 ut
663 4209 956 4266 destructis
1006 4206 1238 4263 vinculis
1291 4208 1494 4272 carnis,
1539 4222 1749 4262 merea-

151 4315 286 4355 mur
343 4300 549 4355 intrare
603 4300 739 4354 atria
791 4312 1042 4367 supernae
1089 4296 1348 4351 civitatis.
1400 4295 1536 4362 Quia
1587 4295 1750 4366 igitur

152 4403 345 4445 sermo
375 4389 537 4444 linem
561 4387 815 4459 postulat,
845 4386 1146 4440 exaltemus
1184 4385 1237 4439 in
1287 4385 1526 4440 Ecclesia
1578 4385 1751 4454 plebis

151 4481 542 4537 beatissimum
569 4479 812 4542 Petrum,
840 4486 896 4533 et
928 4482 980 4531 in
1005 4477 1266 4532 cathedra
1312 4477 1584 4531 seniorum
1631 4477 1752 4530 latt-

153 4572 358 4627 dantcs
413 4587 574 4637 eum,
633 4571 1022 4625 be..edicamus
1069 4568 1352 4623 Dominum
1395 4569 1598 4632 Jesum,
1654 4569 1748 4638 qui

149 4662 299 4718 vivit
321 4678 445 4717 cum
479 4663 589 4716 Deo
610 4659 771 4715 Patre
825 4669 880 4714 et
931 4657 1137 4728 Spiritu
1181 4669 1374 4714 sancto
1427 4661 1478 4714 in
1539 4660 1747 4714 unitate

150 4754 474 4827 majestatis
506 4754 723 4820 divinae,
767 4769 865 4824 per
911 4753 1120 4807 inﬁnita
1162 4753 1356 4808 secula
1406 4753 1743 4808 smculorum.

147 4846 358 4900 Amen.

801 4931 1033 4988 SERMO
1061 4932 1125 4986 ll.

286 5083 346 5124 IN
387 5080 762 5122 VENBBA'I'IONE
813 5079 1032 5120 SANCT£
1074 5080 1254 5124 IAMJE
1286 5085 1636 5126 IAGDALENE.

224 5198 559 5268 Quanquam
614 5214 710 5269 per
733 5207 965 5268 quatuor
998 5201 1184 5257 mundi
1224 5203 1466 5272 climata,
1510 5205 1744 5260 ﬁdelium

137 5289 505 5334 pnnnnrinne
529 5297 844 5334 nrnnaaata-
872 5289 1252 5334 sacratissima:
1307 5295 1484 5334 Μεινεω
1529 5298 1748 5334 Munda-

1779 4435 1832 4496 Ι)

1847 1839 2056 1894 exorta,
2097 1845 2250 1900 quae,
2308 1838 2369 1884 ut
2397 1828 2618 1883 Patrum
2677 1839 2925 1885 asserunt
2978 1829 3330 1896 traditiones,
3393 1846 3429 1887 a

1807 1922 2097 2007 _Magdalo
2127 1921 2348 1978 castello
2398 1920 2568 1976 Maria
2621 1920 2930 1993 Magdalene
2971 1931 3281 1993 nuncupata
3325 1932 3432 1978 est.

1847 2014 2019 2081 Quam
2056 2028 2163 2069 non
2215 2014 2388 2068 solum
2425 2012 2688 2082 germinis
2739 2012 3002 2084 dignitas,
3030 2027 3220 2068 verum
3267 2013 3434 2068 etiam

1847 2104 2156 2175 patrimonii
2227 2104 2347 2174 jura
2422 2112 2707 2173 parentum
2790 2116 3016 2157 excessu
3091 2102 3428 2172 splendidam

1848 2194 2198 2250 reddiderunt
2244 2212 2258 2248 :
2312 2195 2446 2250 adeo
2492 2206 2551 2247 ιιι
2603 2193 2903 2264 duplicatus
2968 2193 3141 2248 honor
3196 2191 3432 2248 nominis

1849 2286 2220 2342 excellentiam
2247 2287 2672 2356 circumquaque
2697 2284 3042 2340 dill‘uuderet.
3070 2283 3264 2341 Solent
3285 2285 3430 2339 enim

1849 2381 1987 2450 apud
2017 2380 2285 2444 homines,
2312 2378 2430 2449 plus
2458 2379 2682 2433 divitum
2705 2393 2868 2448 quam
2895 2392 3188 2447 pauperum
3214 2377 3433 2431 nomina

1849 2473 1998 2527 sciri.
2034 2472 2136 2527 Sed
2166 2474 2289 2543 quia
2321 2487 2501 2527 rerum
2531 2469 2861 2526 afﬂuentiam
2887 2511 2902 2534 ,
2961 2470 3232 2525 interdum
3278 2468 3433 2524 volu-

1848 2572 1970 2632 ptas
1998 2577 2181 2618 comes
2203 2562 2471 2633 sequitur,
2509 2560 2955 2616 adolescentioris
3001 2560 3125 2615 vita:
3166 2569 3429 2629 tempora,

1849 2655 2072 2711 lubricis
2101 2655 2381 2724 supposuit
2404 2653 2759 2717 discursibus,
2801 2651 2990 2707 solutis
3029 2650 3304 2722 pudicitia:
3326 2649 3431 2705 fre-

1850 2751 1956 2805 nis.
1992 2749 2115 2804 Hme
2139 2759 2222 2802 est
2245 2748 2388 2802 enim
2419 2745 2612 2800 mulier
2634 2743 2700 2799 de
2719 2758 2827 2814 qua
2853 2743 3045 2798 scribit
3067 2742 3242 2797 Lucas
3261 2756 3429 2796 evan-

1853 2844 2038 2915 gelista
2060 2861 2073 2897 :
2096 2842 2234 2909 Quia
2255 2852 2365 2896 erat
2379 2840 2619 2912 quwdam
2642 2839 2830 2895 mulier
2849 2841 2902 2894 in
2925 2839 3136 2894 ciuitate
3147 2839 3432 2909 peccatrix.

1850 2952 1966 3006 qua!
1993 2935 2116 3005 quia
2159 2932 2342 2987 dilexit
2390 2931 2645 2996 multum,
2699 2932 2916 2986 dimissa
2965 2940 3087 2986 sunt
3133 2931 3180 2985 ei
3222 2938 3437 3000 peccata

1850 3025 2016 3079 multa
2049 3023 2202 3097 (Luc.
2233 3039 2329 3090 vn,
2354 3023 2465 3094 37).
2499 3023 2563 3077 Et
2594 3022 2662 3078 de
2689 3037 2794 3092 qua
2826 3021 3038 3078 Marcus
3063 3021 3137 3076 ait
3163 3040 3175 3074 :
3203 3020 3437 3090 Surgam

1849 3128 2023 3172 autem
2067 3114 2224 3171 Iesus
2273 3133 2423 3170 mane
2465 3117 2636 3185 prima
2685 3113 2938 3179 Sabbati,
2979 3115 3221 3186 apparuit
3268 3114 3435 3183 primo

1850 3207 2038 3262 Mat-ite
2071 3207 2421 3278 Magdalena',
2450 3208 2513 3261 de
2537 3224 2640 3278 qua
2669 3207 2890 3276 ejecerat
2919 3219 3110 3277 septem
3145 3207 3427 3260 dwmonia.

1849 3299 2044 3370 (Marc.
2071 3315 2180 3364 xvr,
2216 3301 2290 3370 9).
2325 3298 2498 3364 Quam
2529 3313 2660 3353 vero
2705 3298 2825 3367 pius
2869 3309 2925 3352 et
2970 3297 3282 3351 misericors
3308 3309 3432 3365 erga

1849 3407 2140 3447 conversos
2167 3399 2480 3460 peccatores
2505 3391 2776 3445 exstiterit
2807 3391 2968 3453 Deus,
3002 3390 3160 3443 istius
3183 3403 3406 3457 compro

1848 3481 1940 3535 bat
1980 3480 2274 3551 perfectio,
2319 3497 2438 3550 qua:
2489 3495 2592 3534 non
2635 3479 2806 3535 solum
2853 3479 3098 3534 criminis
3155 3478 3428 3547 promerui

1849 3572 2172 3627 ablutionem
2205 3614 2218 3638 ,
2246 3575 2339 3628 sed
2388 3573 2750 3642 apostolorum
2803 3587 3029 3627 consors
3066 3571 3256 3626 ell'ecta
3285 3611 3299 3636 ,
3332 3571 3436 3627 illis

1849 3665 2044 3721 donata
2095 3675 2175 3719 est
2230 3666 2522 3720 Dominicze
2566 3665 2998 3720 Rcsurreetionis
3048 3665 3256 3719 nuntia.
3306 3665 3432 3719 “me

1850 3768 2027 3810 autem
2053 3756 2232 3811 divino
2268 3756 2606 3826 postmodum
2633 3754 2812 3810 alllata
2852 3756 3040 3824 spiritu
3069 3795 3082 3818 ,
3133 3755 3433 3824 mentisque

1850 3849 2104 3903 intuitum
2138 3848 2190 3902 in
2222 3864 2282 3903 se
2306 3849 2681 3913 reverberans,
2710 3863 2773 3903 ac
2819 3849 3060 3916 pristina:
3111 3846 3236 3901 vitae
3262 3847 3432 3902 detri—

1851 3948 2032 3994 menta
2091 3955 2194 3995 non
2243 3940 2558 4004 sustinens,
2622 3948 2680 3992 ut
2734 3940 2995 4010 comperit
3044 3937 3328 3992 Dominum
3379 3945 3435 3992 et

1849 4028 2162 4085 Creatorem
2196 4029 2358 4084 totius
2384 4029 2603 4083 humani
2633 4029 2870 4098 generis,
2900 4029 2951 4081 in
2977 4029 3192 4082 domum
3218 4026 3429 4082 venisse

1852 4119 2108 4184 Simonis,
2139 4123 2228 4193 qui
2251 4137 2353 4175 non
2378 4128 2584 4174 venerat
2607 4135 2788 4172 vocare
2801 4119 2998 4188 justas,
3024 4117 3113 4172 sed
3138 4127 3433 4187 peccatores

1851 4215 1920 4269 ad
1945 4213 2294 4283 pcenitentiam
2328 4211 2522 4283 (Marc.
2553 4227 2613 4275 tt,
2651 4209 2758 4281 l7),
2787 4225 2891 4264 non
2915 4210 2985 4265 ob
3017 4225 3240 4265 suorum
3267 4225 3430 4266 enor—

1851 4305 2093 4360 mitatem
2125 4303 2389 4358 scelerum
2412 4303 2476 4356 de
2496 4301 2578 4355 sui
2599 4301 2910 4356 Conditoris
2931 4299 3179 4355 difﬁdens
3198 4299 3437 4355 clemen-

1857 4395 1953 4460 tia,
1985 4392 2381 4464 pretiosissimo
2411 4402 2633 4462 accepto
2665 4402 2939 4461 unguento
2964 4393 3030 4446 ad
3059 4393 3232 4463 ipsum
3265 4392 3430 4448 mise-

1857 4487 2101 4542 ricordia:
2130 4485 2332 4541 fontem
2361 4483 2574 4539 concito
2603 4483 2908 4553 properavit
2935 4483 3124 4554 gradu,
3172 4498 3435 4539 corruens

1855 4588 1980 4632 ante
2004 4578 2287 4632 clementia
2336 4576 2545 4630 Domini
2594 4575 2858 4646 vestigia,
2905 4576 3432 4647 amaritudineman

1855 4668 2052 4732 cordis,
2081 4683 2178 4737 per
2208 4668 2426 4722 uberem
2449 4665 2812 4737 lacrymarum
2837 4679 3174 4737 exaggerans
3208 4665 3436 4720 fontem.

1855 4761 1975 4816 Mox
2007 4764 2236 4830 denique
2261 4760 2692 4831 compunctionis
2711 4759 2946 4825 ﬂetibus,
2977 4761 3056 4814 sui
3094 4759 3438 4830 plasmatoris

1853 4855 2016 4925 pedes
2043 4855 2209 4925 coepit
2238 4855 2415 4926 rigare
2436 4893 2450 4916 ,
2485 4851 2801 4925 capillisque
2831 4865 2942 4904 suae
2989 4849 3287 4905 devotionis
3334 4857 3442 4902 ter—

1850 4958 1998 5013 gere,
2031 4960 2094 5000 ac
2121 4943 2490 4999 indesinenter
2511 4941 2712 5000 osculis
2738 4955 2882 4994 verae
2903 4940 3223 4995 humilitatis
3249 4937 3440 4992 confo-

1850 5051 2000 5104 vere,
2035 5053 2100 5094 ac
2141 5034 2502 5092 mundissimo
2545 5051 2656 5092 sua:
2684 5031 2993 5087 dilectionis
3019 5037 3294 5101 unguento
3322 5041 3442 5098 pcr-

1849 5141 2072 5197 ungere.
2125 5126 2254 5194 Qua:
2282 5140 2403 5181 cum
2435 5125 2492 5182 in
2531 5128 2625 5185 tali
2673 5123 2980 5180 devotionis
3028 5122 3290 5178 famulatu
3339 5130 3449 5172 non

1849 5225 1995 5272 esset
2024 5219 2329 5290 repudiata,
2357 5217 2449 5271 sed
2483 5220 2666 5290 potius
2698 5215 3126 5282 misericorditer
3177 5219 3448 5280 suscepta,

1853 5319 1986 5334 nuru.
2015 5306 2397 5334 δ’...υιξιξλ-ξιηιξη
2423 5311 2626 5334 Διὶ-»ηερ
2672 5304 2835 5334 ΛΙῖοὶνγι
2861 5317 3026 5334 annn—
3044 5304 3444 5334 βηηηιῗοοῖιιηηηι
