3964 5360
502 317 624 396 ἠδ’

1482 323 1539 380 S.
1580 318 1829 381 ODONIS
1869 310 2156 373 ABBA‘TIS
2194 305 2687 365 CLUNIACENSlS
2720 301 2762 359 ll

3661 287 3756 344 τις

500 450 703 512 Ctlon'is
729 426 997 502 ﬂammam
1029 455 1090 497 ac
1134 437 1437 496 dilectionis
1481 436 1748 491 fervorem
1781 431 2037 487 intimans
2063 464 2079 491 ,
2108 429 2156 485 Λ
2184 431 2278 490 put
2304 418 2541 490 profecto
2568 416 2710 470 illius
2736 395 3126 485 pretiosnssimo
3151 390 3431 478 perfundit
3463 402 3755 474 unguento.

504 559 571 600 ac
597 543 642 599 si
672 539 801 611 ipsis
820 537 1133 606 loqueretur
1154 530 1352 597 verbis,
1382 528 1603 583 dicens:
1633 524 1677 579 Ο
1702 522 1927 578 Domine
1953 518 2081 575 Jesu

504 620 947 691 clementissime,
969 623 1058 695 qui
1086 621 1263 678 omnia
1293 620 1399 676 scis
1439 626 1494 673 et
1521 615 1770 672 cordium
1808 612 2080 680 inspector

505 739 568 781 cs
592 735 775 785 verus,
806 718 896 788 qui
922 732 1024 771 non
1047 714 1129 769 vis
1156 721 1382 768 mortem
1407 696 1768 779 peccatorum,
1795 702 1887 757 sed
1912 699 2084 767 magis

454 860 459 865 .
502 823 565 868 ut
593 786 979 867 convertantur
1009 815 1064 863 et
1101 804 1303 867 vivant,
1329 810 1383 855 tu
1411 801 1524 870 ipse
1551 793 1804 865 intelligis
1819 789 1946 861 quid
1975 786 2081 842 mei

506 905 799 975 deposcant
849 894 1146 969 singultus,
1177 892 1305 963 quid
1356 878 1609 959 lacrymre
1653 885 1721 939 ab
1768 883 1875 936 imo
1916 886 2084 934 eruta:

506 970 775 1063 ﬂagitent,
798 990 927 1060 quid
956 1002 1111 1042 mens
1141 998 1359 1039 amarus
1385 984 1572 1035 exoret
1608 974 1857 1046 gemitus.
1882 970 2083 1025 Pecca-

509 1086 616 1140 trix
642 1099 760 1139 sum
790 1090 844 1137 ct
882 1078 1178 1141 immunda,
1204 1082 1257 1129 et
1306 1070 1547 1128 omnium
1588 1063 1944 1121 nefandorum
1981 1058 2086 1114 cri-

504 1177 712 1231 minum
739 1174 858 1228 labe
883 1170 1106 1242 polluta.
1140 1165 1245 1221 Sed
1275 1161 1404 1233 quia
1435 1172 1610 1213 meam
1644 1155 1731 1209 ab‘
1756 1151 1916 1208 annis
1941 1149 2088 1221 prio-

506 1267 660 1320 ribus
690 1259 1050 1320 contaminavi
1098 1256 1263 1311 vitam
1289 1293 1305 1318 ,
1361 1250 1427 1306 ad
1470 1258 1523 1304 te
1577 1246 1866 1301 Dominum
1911 1255 2088 1296 meum

508 1359 601 1428 qui
623 1372 681 1412 es
708 1356 816 1410 vita
839 1361 1039 1409 aeterna
1073 1345 1344 1416 confugio,
1366 1349 1431 1396 ut
1471 1338 1610 1394 male
1633 1334 1898 1407 perditam
1935 1329 2092 1385 resti-

509 1422 633 1500 t-uas
659 1444 820 1498 vitam
851 1481 866 1508 ,
894 1448 949 1497 et
993 1451 1078 1493 me
1126 1436 1192 1491 de
1234 1429 1473 1488 barathri
1512 1425 1761 1482 faucibus
1797 1422 2094 1479 clementer

508 1538 730 1608 eripias,
758 1530 1181 1590 misericorditer
1211 1527 1444 1588 liberes,
1488 1528 1738 1593 potenter
1787 1514 2091 1578 abstraltas,

510 1604 609 1699 qui
635 1625 780 1683 solus
805 1623 1123 1677 laborem.et
1146 1615 1385 1672 dolorem
1413 1610 1744 1667 consideras.
1795 1604 1936 1672 Quid
1964 1615 2094 1657 vero

510 1693 578 1776 ex
604 1712 911 1785 huiusmodi
939 1708 1246 1766 dilectionis
1284 1702 1625 1776 professione
1656 1703 1945 1754 consecuta
1974 1693 2044 1749 sit
2075 1708 2090 1758 ;

510 1811 627 1881 ipse

511 1877 609 1954 cur
655 1896 721 1951 ad
749 1910 808 1951 se
856 1891 1138 1948 mulierem
1185 1884 1543 1956 peccatricem
1571 1877 1908 1950 permitteret
1947 1887 2099 1929 acce-

510 1990 661 2051 dere,
673 2000 967 2043 conversus
980 1981 1048 2036 ad
1069 1979 1220 2035 illum
1239 1974 1515 2046 respondit
1529 1973 1670 2027 inter
1686 1977 1883 2024 caetera
1903 1986 1916 2021 :
1937 1966 2099 2019 Amen

513 2082 632 2135 dico
661 2078 779 2141 tibi,
812 2075 1031 2129 dimissa
1068 2078 1188 2125 sunt
1221 2068 1266 2122 ei
1311 2075 1521 2136 peccata
1568 2061 1757 2126 multa,
1797 2060 1921 2130 quia
1967 2052 2137 2110 dile-'

513 2171 591 2225 xit
624 2166 845 2221 multum
889 2163 1040 2235 (Luc.
1085 2175 1181 2225 vu,
1213 2156 1325 2227 47).
1356 2155 1486 2222 Quae
1515 2150 1729 2208 Domini
1774 2150 1965 2218 adepta
1993 2144 2102 2201 cle-

513 2258 794 2322 mentiam,
827 2263 887 2310 ut
905 2253 1079 2308 Lucas
1099 2247 1374 2317 describit,
1402 2244 1543 2300 illico
1567 2240 1891 2314 posthabitis
1916 2236 2098 2293 omni-

517 2358 638 2413 bus,
687 2349 757 2402 ita
787 2343 1090 2400 familiaris
1119 2340 1307 2397 eﬁ'ecta
1343 2346 1448 2402 est,
1496 2344 1557 2391 ut
1586 2335 1760 2404 ipsum
1791 2347 1897 2387 non
1928 2329 2101 2385 solum

517 2449 722 2505 mente,
749 2437 841 2493 sed
870 2446 926 2492 et
951 2447 1179 2504 corpore
1200 2437 1536 2501 sequeretur.
1568 2426 1634 2481 de
1666 2423 1901 2496 prepriis
1929 2421 2099 2476 facul-

517 2531 735 2594 tatibus,
767 2534 953 2598 utpote
992 2524 1147 2580 valde
1197 2520 1457 2591 locuples,
1487 2517 1689 2572 victum
1738 2522 1794 2571 et
1843 2512 2101 2568 vestitum

516 2621 566 2676 ei
592 2620 929 2683 ministrans,
958 2615 1186 2685 implens
1203 2611 1396 2668 bifarie
1416 2608 1751 2665 Dominicum
1774 2610 2102 2675 praeceptum

517 2711 752 2768 dicentis
780 2727 794 2762 :
827 2707 931 2774 Qui
963 2707 1089 2762 mihi
1114 2704 1379 2758 ministrat
1406 2715 1488 2754 me
1515 2707 1766 2767 sequatur
1787 2693 1968 2767 (Joan.
2002 2707 2101 2757 xu,

514 2803 631 2873 26).
664 2800 887 2873 Mystice
922 2806 1102 2852 autem
1150 2796 1264 2849 hate
1291 2791 1605 2848 beatissima
1636 2787 1831 2843 mulier
1857 2792 2102 2856 sanctam

518 2891 764 2961 designat
792 2887 1108 2943 Ecclesiam.
1148 2883 1278 2950 Quae
1315 2881 1455 2938 bene
1490 2880 1545 2934 in
1576 2878 1808 2941 .domum
1865 2873 2105 2931 Simonis

516 2982 733 3037 venisse
762 2980 981 3042 dicitur,
1008 2984 1065 3031 et
1099 2975 1168 3030 ab
1197 2972 1449 3047 omnibus
1495 2969 1740 3041 pristina:
1773 2967 1896 3021 vitae
1919 2974 2105 3022 conta-

519 3076 631 3147 giis
669 3081 857 3129 curata
907 3070 1117 3141 (Simon
1163 3066 1308 3147 enim
1356 3066 1744 3134 interpretatur
1797 3054 2100 3129 obediens),

517 3165 778 3235 pristinos
798 3162 1105 3229 decoquens
1123 3142 1600 3212 anathematizavit
1612 3167 1846 3218 errores,
1863 3164 2105 3206 omnem-

521 3270 628 3326 que
681 3253 948 3309 idolorum
1002 3259 1333 3319 postponens
1390 3245 1706 3316 spurcitiam
1762 3258 1859 3312 per
1908 3256 2102 3311 aquam

519 3347 883 3419 baptismatis,
940 3360 1161 3401 suorum
1217 3341 1454 3398 obtinuit
1499 3338 1711 3394 veniam
1759 3335 2100 3400 delictorum,

523 3457 590 3497 ac
616 3440 858 3511 quotidie
881 3437 1162 3493 Dominum
1186 3433 1429 3503 sequitur
1457 3445 1563 3485 non
1592 3444 1780 3501 gressu
1804 3426 1975 3496 pedis,
2006 3424 2104 3480 sed

522 3530 828 3587 imitatione
855 3527 1055 3599 operis.
1099 3523 1317 3594 Rigavit
1349 3528 1529 3576 autem
1578 3518 1691 3575 haec
1721 3516 1912 3571 mulier
1944 3513 2107 3586 pedes

520 3622 740 3679 Domini
789 3618 1045 3691 lacrymis
1075 3613 1427 3687 paenitendas,
1458 3621 1514 3667 et
1551 3619 1823 3681 unguento
1850 3607 1952 3677 piae
1977 3620 2107 3660 con-

522 3713 780 3769 fessionis
832 3709 1047 3773 linivit,
1102 3707 1229 3778 quia
1280 3703 1518 3760 Ecclesia
1575 3702 1862 3757 Dominum
1920 3697 2106 3753 Jesum

520 3802 805 3860 Christum
834 3814 1021 3855 verum
1050 3796 1340 3853 Dominum
1381 3808 1446 3848 ac
1470 3807 1658 3848 verum
1688 3792 1915 3846 credens
1937 3788 2108 3843 homi-

526 3905 675 3955 nem,
706 3904 808 3959 pro
836 3889 949 3943 suis
974 3884 1213 3957 quotidie
1235 3882 1571 3945 excessibus,
1596 3879 1958 3950 lacrymarum
1999 3876 2110 3933 sin-

526 3980 768 4053 gultibus
806 3978 974 4050 ipsius
1005 3982 1195 4030 exorat
1236 3973 1586 4028 ablutionem.
1619 3969 1867 4038 Dumque
1902 3980 2111 4022 assunt-

529 4082 638 4143 pta:
665 4068 1018 4126 lnnnanitatis
1047 4065 1308 4136 mysteria
1337 4062 1497 4132 digna
1544 4057 1845 4114 reverentia
1887 4055 2112 4126 suscipit

510 4172 590 4218 'et
613 4162 893 4234 pradicat,
920 4160 1044 4229 quia
1084 4158 1225 4212 inter
1254 4153 1498 4211 homines
1523 4148 1833 4207 conversari
1863 4148 2113 4218 dignatus

536 4260 648 4319 est;
679 4253 866 4322 utique
891 4250 945 4303 in
982 4246 1146 4318 pedes
1177 4243 1390 4299 Domini
1423 4248 1752 4312 unguentum
1783 4236 1935 4292 nardi
1966 4234 2115 4305 pisti-

538 4356 686 4406 cum,
717 4341 770 4395 id
794 4348 879 4394 est
901 4337 1137 4401 ﬁdelem,
1164 4333 1359 4388 fundit.
1391 4334 1521 4398 Qua:
1545 4329 1783 4398 loquitur
1812 4326 1865 4381 in
1893 4322 2115 4380 Cantico

540 4431 766 4496 amoris,
828 4430 1056 4485 dicens:
1095 4426 1231 4480 Dum
1291 4432 1544 4478 essetrex
1599 4420 1650 4473 in
1706 4416 1946 4472 accubitu
1995 4429 2110 4478 suo,

539 4521 739 4576 nardus
772 4535 887 4573 mea
933 4517 1074 4571 dedit
1107 4515 1318 4569 odorem
1374 4526 1526 4570 suum
1571 4507 1747 4580 (Cant.
1780 4522 1818 4572 ι,
1850 4504 1956 4573 ll).
1989 4501 2118 4568 Quae

539 4612 817 4675 nimirum,
851 4609 1015 4663 verba
1057 4604 1209 4675 juxta
1252 4603 1509 4665 litteram,
1540 4586 1789 4653 manibus
1836 4595 1896 4649 B.
1937 4591 2118 4647 Maria:

540 4704 870 4778 Magdalenae
917 4698 1223 4770 complevit,
1271 4705 1326 4751 et
1352 4692 1588 4765 quotidie
1617 4686 1965 4761 spiritualiter
2011 4698 2117 4738 non

542 4808 724 4874 cessat
776 4798 1020 4867 implere,
1066 4808 1188 4850 cum
1239 4791 1293 4846 in
1333 4798 1499 4845 totam
1546 4783 1732 4841 mundi
1780 4780 2118 4835 latitudinem

544 4870 840 4963 glorianter
860 4886 1047 4941 laudes
1070 4881 1311 4938 referens
1341 4876 1583 4934 Creatori
1610 4873 1739 4929 dicit
1763 4889 1777 4925 :
1813 4870 1917 4924 Deo
1945 4877 2119 4921 autem

545 4980 765 5040 Gratim,
796 4978 887 5040 qui
916 4989 1115 5040 semper
1138 4969 1421 5039 triumphat
1453 4981 1543 5019 nos
1584 4964 1637 5017 in
1665 4960 1872 5017 Christo
1897 4958 2045 5020 Iesu,
2075 4962 2122 5008 et

2188 509 2340 576 Quod
2366 522 2517 565 .vero
2567 504 2734 559 Judas
2786 499 3010 557 lscariot
3055 506 3248 554 contra
3293 495 3439 550 hanc
3466 492 3756 565 sanctissi-

2187 614 2330 655 mam
2387 597 2665 653 mulierem
2720 592 3027 663 indignatus
3075 589 3275 644 dicitur
3305 604 3319 641 :
3350 599 3455 655 pro
3510 580 3760 658 effusione

2190 694 2324 748 tanti
2371 689 2650 761 unguenti,
2688 686 2847 741 datur
2888 689 3075 754 aperte
3120 677 3367 750 intelligi,
3397 675 3527 747 quia
3559 672 3760 743 reprobi

2188 793 2242 839 et
2274 781 2516 837 inﬁdeles
2543 787 2733 835 contra
2774 785 3016 831 sanctam
3049 770 3347 827 Ecclesiam
3395 764 3642 836 quotidie
3675 776 3765 816 sa:-

2190 875 2344 929 viuut
2376 873 2616 943 ejusque
2667 869 2929 938 derogant
2978 861 3223 933 religioni
3272 874 3338 914 ac
3372 853 3665 915 devotioni,
3688 853 3762 906 vi-

2193 960 2393 1018 dentes
2410 976 2506 1031 per
2531 966 2765 1029 quatuor
2798 952 2980 1010 mundi
3009 951 3215 1022 plagas,
3248 946 3500 1003 doctrina
3529 944 3694 1013 ipsius
3716 951 3766 995 et

2195 1030 2478 1121 exemplis,
2510 1046 2806 1103 divinitatis
2834 1042 3043 1098 Domini
3082 1036 3399 1110 potentiam,
3435 1042 3495 1089 et
3524 1030 3761 1087 humani-
3804 1036 3807 1039 ‘

2199 1145 2327 1199 tatis
2343 1141 2462 1211 ejus
2485 1139 2824 1196 clementiam
2844 1134 3054 1190 cunctis
3067 1128 3347 1211 claruisse.
3362 1123 3522 1182 Unde
3536 1129 3592 1179 et
3603 1122 3668 1175 de
3677 1121 3768 1174 bac

2196 1241 2385 1288 sancta
2411 1230 2635 1285 muliere
2660 1243 2781 1298 qua:
2808 1222 3065 1295 praevenit
3084 1206 3288 1290 ungere
3312 1229 3519 1284 corpus
3544 1210 3767 1270 Domini,

2195 1323 2371 1393 inquit
2403 1321 2516 1390 ipse
2550 1319 2751 1374 :Amen
2780 1317 2897 1369 dico
2923 1312 3088 1374 vobis,
3123 1309 3420 1376 ubicunque
3440 1301 3772 1372 praedicatum

2193 1391 2353 1481 fuerit
2379 1417 2475 1465 hoc
2498 1407 2840 1478 Evangelium
2865 1404 2919 1457 in
2947 1411 3053 1455 toto
3098 1398 3316 1462 mundo,
3344 1396 3554 1449 dicetur
3578 1401 3625 1445 et
3648 1391 3772 1461 quod

2195 1502 2307 1558 lucc
2329 1501 2447 1570 fecit
2479 1501 2533 1553 in
2558 1496 2866 1552 memoriam
2889 1492 3004 1562 ejus
3040 1488 3235 1561 (Marc.
3270 1502 3384 1552 xtv,
3410 1485 3492 1553 9).
3517 1482 3773 1550 Quoniam

2195 1606 2301 1647 non
2328 1588 2502 1645 solum
2530 1588 2583 1642 in
2613 1594 2726 1641 toto
2747 1581 2949 1638 mundo
2971 1581 3038 1635 de
3064 1580 3165 1634 hac
3185 1583 3375 1632 sancta
3402 1573 3633 1628 muliere
3654 1585 3778 1640 prte-

2197 1682 2429 1746 dicatur,
2466 1677 2610 1748 quod
2631 1674 2849 1730 unxerit
2872 1678 3035 1742 caput
3063 1667 3313 1731 Domini;
3346 1663 3443 1720 sed
3471 1672 3531 1718 et
3577 1661 3645 1716 de
3679 1660 3771 1714 Ec-

675 1755 934 1862 Dominus
975 1755 1331 1861 manifestat:
1383 1794 1477 1864 qui
1536 1789 1741 1847 Simoni
1800 1755 2095 1857 indignanti
2130 1791 2174 1851 Β
2200 1772 2362 1830 clesia
2387 1768 2626 1841 quotidie
2648 1766 2792 1822 enim
2817 1772 2874 1818 ut
2896 1761 3006 1831 jam
3031 1758 3372 1830 praelibatum
3398 1755 3505 1808 hoc
3531 1759 3775 1822 operatur

2354 1862 2361 1864 λ
2581 1858 2593 1864 ·
2747 1856 2758 1864 ·
2841 1852 2873 1864 ’-
3006 1848 3043 1864 ιι
3178 1846 3324 1864 ςη-μ-
3363 1842 3531 1864 Il-_:..
3569 1839 3743 1864 u..-a-

2203 1863 2257 1917 in
2283 1839 2626 1925 suissanctis
2648 1852 2979 1910 actionibus.
3005 1848 3145 1903 Bene
3167 1846 3330 1901 etiam
3361 1842 3538 1898 Maria
3568 1839 3775 1909 Magda-

2122 1930 2323 2010 ‘i'lene
2371 1952 2586 2017 dicitur,
2621 1945 2894 2016 Magdalus
2936 1956 3069 1996 vero
3097 1940 3487 2007 interpretatur
3513 1933 3698 1994 turris,
3728 1937 3778 1983 et

2200 2042 2467 2115 signiﬁcat
2496 2037 2819 2095 Ecclesiam.
2855 2031 3044 2087 Turris
3070 2029 3214 2084 enim
3256 2042 3363 2082 non
3404 2022 3587 2079 solum
3618 2018 3777 2074 subli-

2200 2110 2360 2197 mior,
2383 2130 2477 2186 sed
2509 2137 2565 2184 et
2595 2126 2758 2181 tutior
2805 2122 2996 2178 domus
3025 2127 3142 2183 est,
3178 2132 3284 2171 non
3332 2113 3496 2169 facile
3542 2110 3779 2165 bosﬁbus

2201 2234 2390 2297 patens
2404 2240 2420 2290 ;
2448 2235 2512 2277 ac
2525 2234 2622 2291 per
2642 2218 2742 2273 hoc
2762 2212 2997 2270 Ecclesia
3005 2227 3055 2265 tu
3070 2210 3311 2279 designat
3323 2221 3447 2278 qum
3462 2213 3684 2287 terrena
3698 2200 3781 2253 de-

2201 2291 2407 2379 serens,
2436 2309 2676 2367 coelestia
2721 2304 3011 2367 desiderat,
3042 2313 3288 2371 pugnans
3329 2298 3478 2351 inter
3507 2291 3777 2363 spiritales

2202 2404 2491 2481 nequitias,
2525 2398 3003 2464 furtitudinemque
3042 2408 3196 2448 suam
3241 2405 3347 2445 non
3393 2387 3523 2455 sibi,
3558 2385 3653 2441 sed
3684 2384 3780 2438 Do-

2203 2473 2349 2550 mino
2377 2491 2739 2555 committens,
2780 2497 2902 2543 orat
2947 2499 3070 2540 cum
3099 2480 3367 2551 Propheta
3391 2477 3621 2531 dicens:
3656 2473 3778 2526 Esto

2201 2587 2326 2641 mihi
2340 2584 2500 2638 turris
2513 2579 2895 2652 fortitudinis,a
2908 2574 3044 2644 facie
3057 2570 3256 2627 inimici
3270 2567 3447 2640 (Psat.
3464 2583 3557 2629 ιι,
3572 2566 3650 2634 4).
3668 2560 3784 2617 Haec

2201 2682 2285 2732 est
2311 2674 2399 2729 illa
2421 2671 2584 2727 turris
2604 2669 2760 2725 fortis
2773 2678 2828 2723 et
2848 2660 3295 2735 inexpugnabilis,
3325 2658 3412 2714 cui
3442 2672 3577 2711 voce
3607 2653 3783 2725 sponsi

2204 2764 2257 2839 in
2279 2762 2516 2821 Canticis
2537 2758 2870 2814 canticorum
2896 2753 3092 2809 dicitur
3108 2769 3122 2805 :
3141 2749 3289 2805 Sicut
3314 2748 3480 2802 turris
3499 2743 3671 2798 David
3683 2741 3784 2796 cot-

2203 2833 2310 2908 ium
2333 2863 2505 2919 tuum,
2534 2866 2651 2920 quin
2673 2846 2936 2915 a'diﬁcata
2962 2851 3037 2897 est
3062 2856 3179 2896 cum
3200 2830 3787 2910 propagnacufileiUe

2204 2946 2366 3017 clypei
2405 2942 2625 3015 pendent
2680 2955 2745 2994 ea:
2794 2954 2876 3003 ea,
2931 2944 2987 3013 et,
3029 2933 3197 2989 omnis
3242 2939 3524 2984 armatura
3577 2925 3787 2995 fortius

2160 3026 2165 3031 ’
2205 3011 2380 3108 (Cant.
2406 3011 2487 3099 tv,
2519 3031 2597 3102 ι).
2635 3028 2701 3083 Ει
2724 3028 2789 3081 de
2815 3039 2922 3096 qua
2950 3021 3206 3078 Salomon
3236 3019 3315 3073 ait
3341 3034 3356 3047 σ
3385 3014 3575 3069 Turris
3614 3011 3789 3082 fortis-

2131 3145 2178 3207 C
2206 3099 2343 3184 sima
2373 3099 2563 3179 nomen
2601 3119 2835 3184 Domini,
2865 3116 2934 3170 ad
2956 3116 3122 3185 ipsam
3148 3109 3312 3165 currit
3325 3109 3533 3178 justus,
3579 3113 3630 3157 et
3654 3099 3788 3157 csa!-

2207 3220 2405 3274 tabitur
2430 3214 2611 3287 (Prov.
2640 3225 2799 3275 xvul,
2828 3206 2937 3277 10).
2968 3205 3072 3260 Sed
3097 3202 3224 3272 quia
3251 3197 3496 3254 nominis
3526 3195 3816 3263 interpret--

2205 3311 2408 3367 talione
2441 3284 2742 3375 compulsi,
2790 3315 2820 3355 a
2869 3295 3157 3367 superﬁcie
3204 3289 3467 3347 historica
3518 3284 3787 3357 paululum

2204 3373 2597 3462 discessimus,“
2620 3394 2747 3449 libet
2786 3392 2998 3445 intuere
3031 3380 3520 3441 clementissimam
3579 3373 3787 3431 Domini

2206 3490 2632 3547 familiaritatem
2663 3498 2791 3554 erga
2822 3481 3034 3535 beatam
3065 3473 3290 3529 Mariam
3315 3478 3367 3525 et
3392 3481 3661 3545 somrem
3679 3463 3785 3532 eius

2206 3564 2472 3639 Martham
2498 3618 2513 3644 ,
2567 3592 2629 3631 ac
2677 3575 2915 3643 ipsarum
2960 3567 3063 3637 pia:
3106 3559 3408 3619 devotionis
3447 3558 3508 3612 in
3546 3556 3787 3612 omnibus

2209 3672 2549 3730 famulatum.
2576 3665 2828 3736 Legimus
2855 3658 3020 3725 enim,
3046 3652 3373 3725 evangelista
3392 3650 3548 3706 Luca
3570 3661 3789 3703 narran-

2210 3776 2286 3832 te,
2315 3761 2460 3833 quod
2491 3755 2714 3813 Intravit
2758 3750 2915 3806 Jesus
2970 3749 3024 3801 in
3083 3742 3346 3815 quoddam
3403 3737 3715 3799 castellum,
3743 3743 3786 3787 et

2209 3828 2397 3916 muli—er
2425 3850 2664 3925 quaedam
2693 3843 2906 3901 Martha
2934 3852 3160 3902 nonnne,
3186 3835 3385 3902 excepit
3419 3831 3575 3884 ειιυκ
3612 3832 3668 3883 in
3703 3828 3787 3879 dab

2207 3964 2351 4006 mum
2381 3959 2553 4008 suam,
2604 3949 2651 3994 et
2695 3936 2817 3991 huic
2844 3941 2953 3987 erat
3004 3943 3153 3984 soror
3187 3923 3395 3980 nomine
3438 3920 3647 3976 Maria.
3672 3918 3787 3985 Qu

2204 4020 2368 4097 etiam
2414 4050 2563 4090 secus
2609 4028 2761 4101 pedes
2816 4020 3023 4077 Domini
3055 4018 3260 4082 sedens,
3302 4008 3561 4068 audiebat
3591 4010 3787 4066 uerbum

2204 4114 2378 4196 illius;
2402 4124 2614 4181 Martha
2644 4130 2816 4174 autem
2841 4112 3105 4183 satagebat
3135 4109 3274 4163 circa
3296 4106 3552 4176 frequens
3571 4103 3788 4157 minis“.

2214 4226 2351 4279 rium
2384 4217 2535 4292 (Luc.
2565 4229 2624 4279 x,
2660 4205 2867 4278 58-40).
2917 4201 3069 4257 Unde
3113 4214 3220 4254 non
3266 4196 3446 4252 solum
3496 4204 3786 4250 contr-aso-

2215 4291 2416 4376 rorem,
2447 4322 2632 4363 verum
2656 4303 2820 4360 etiam
2850 4308 3037 4355 contra
3071 4296 3247 4366 ipsum
3279 4291 3577 4369 Dominum
3607 4300 3788 4359 quere-

2215 4406 2321 4460 lam
2351 4398 2599 4464 assumit,
2623 4395 2809 4451 dicens
2833 4408 2847 4445 :
2874 4389 3114 4452 Domine,
3138 4401 3243 4439 non
3268 4393 3342 4437 est
3372 4382 3470 4435 tibi
3504 4368 3788 4448 cumquod

2147 4494 2195 4554 Ι)
2219 4519 2373 4560 soror
2404 4515 2519 4554 mea
2558 4491 2765 4564 reliquit
2789 4504 2870 4543 me
2887 4483 3052 4541 solam
3078 4481 3380 4537 ministrare
3402 4477 3430 4531 ?
3458 4476 3564 4530 Dic
3584 4489 3705 4545 ergo
3723 4470 3789 4524 illi

2221 4605 2276 4651 ut
2298 4609 2379 4648 me
2403 4590 2612 4661 adjuvet
2652 4578 2863 4655 (ibid)
2910 4575 2981 4629 At
3024 4572 3113 4628 ille
3137 4570 3228 4642 qui
3260 4581 3367 4622 non
3412 4575 3503 4621 est
3544 4574 3791 4636 persona-

2222 4700 2343 4742 rum
2384 4653 2670 4747 acceptor,
2721 4670 2815 4727 sed
2871 4663 3207 4735 singulorum
3256 4657 3455 4713 merita
3523 4653 3791 4723 diiudicat,

2221 4774 2429 4842 scitque
2452 4766 2728 4822 meliorem
2757 4773 2879 4815 esse
2918 4755 3153 4810 animam
3178 4761 3343 4819 quam
3387 4758 3620 4816 corpus,
3647 4753 3702 4797 ut
3728 4739 3794 4796 ei.

2221 4834 2361 4920 bunt
2412 4856 2707 4928 spiritalem
2763 4862 2924 4921 quam
2968 4840 3237 4899 carnalem
3265 4879 3282 4905 ,
3329 4837 3406 4892 ita
3460 4834 3631 4889 unius
3675 4842 3795 4900 opus

2226 4923 2516 5018 laudae-nt
2542 4944 2765 5002 alterius
2795 4955 2898 4994 non
2934 4937 3233 5005 vituperet;
3257 4930 3336 4983 ait
3362 4942 3539 4981 vero:
3574 4923 3793 4985 larda,

3395 5021 3577 5040 *σιξ-μ-
3657 5021 3794 5040 Μ
