3964 5360
166 194 261 252 717
1282 212 1288 217 ·
1401 175 1769 239 SERMONES
1806 166 2138 243 QUINQUE.
3312 179 3415 234 713

166 274 378 363 Mariam
410 318 559 368 vero,
591 316 711 371 qum
735 299 927 354 sedens
958 302 1113 353 secus
1145 295 1312 366 pedes
1340 272 1573 358 Domini,
1611 304 1731 344 ver-
1760 295 1811 353 Α
1835 288 1973 341 enim
1997 285 2209 352 spiritus
2237 296 2463 356 postulat
2491 306 2586 360 pro
2616 290 2761 345 nobis
2788 290 3059 360 gemitibus
3090 292 3420 349 inenarrabi-

161 400 282 457 bum
304 377 446 452 illius
470 395 677 450 intenta
710 403 890 446 mente
920 389 1269 462 percipiebat,
1301 382 1732 455 contentplativae
1790 375 1793 378 ⁴
1837 379 1971 433 libus
1996 376 2169 450 (Rom.
2203 394 2298 434 vm
2324 420 2339 444 ,
2364 380 2478 451 29).
2515 382 2579 436 Et
2605 384 2745 438 sicut
2785 382 3023 439 Lazarus
3048 393 3169 455 post
3194 384 3415 444 effusio-

159 493 279 546 vita:
304 487 535 544 dulcedo
555 466 899 557 designatur;
930 484 1100 553 cujus
1128 497 1294 552 sapor
1318 488 1523 552 quanto
1562 476 1733 546 magis
1837 483 1961 523 nem
2002 467 2397 538 lacrymarum.
2442 472 2760 527 mimnlibus
2781 474 2973 540 turbis,
2999 475 3356 535 Γῡευδοὶιτιιιὶι·
3385 494 3414 539 8

163 579 493 650 degustatur,
523 591 589 632 eo
613 560 895 646 amplinsa
936 573 1097 628 rebus
1127 571 1461 635 visibilibus,
1491 576 1547 622 et
1571 581 1732 623 cura-
1836 573 2098 630 corpore;
2146 560 2219 615 ita
2260 568 2316 616 et
2356 571 2670 631 peceatores
2716 572 2838 634 post
2864 568 3310 640 .compunctionis
3338 569 3416 625 la.-

162 683 278 724 rnm
336 650 652 722 tumultibus
695 663 906 718 animus
964 669 1266 731 separatur.
1319 657 1529 729 Spretis
1587 653 1734 711 enim
1840 667 2075 724 crymas,
2105 653 2265 724 digna
2290 655 2472 709 carnis
2499 658 2862 714 maceratione
2886 667 3140 729 peracta,
3183 664 3417 719 resusci-

162 748 405 816 Omnibns
433 753 847 829 temporalibus,
882 752 996 808 sola
1019 739 1170 809 mens
1194 765 1316 807 cum
1361 750 1470 804 Deo
1498 764 1617 805 esse
1646 751 1740 808 de-
1842 753 2025 799 litﬂlttt‘
2044 744 2099 800 in
2135 746 2337 809 anima.
2364 746 2528 816 impio
2557 747 2786 804 Domino
2833 766 2931 820 per
2951 750 3279 822 Prophetam
3303 754 3422 824 pol-

163 850 378 914 sidel‘at.
414 848 572 902 Libet
599 846 742 902 enim
772 844 965 920 audire
988 850 1256 915 praecepta
1289 840 1550 907 caelestia,
1574 841 1736 897 sicuti
1841 839 2058 905 licente,
2089 839 2182 909 qui
2229 839 2336 895 ait:
2371 838 2439 894 In
2463 857 2772 912 quacunque
2807 843 2893 896 die
2931 855 3172 913 peccator
3207 850 3424 901 conven-

163 940 273 995 btec
317 938 633 994 beatissima
674 934 911 1005 faciebat
947 936 1146 1000 Maria,
1196 949 1318 1005 qua:
1355 934 1547 989 sedens
1583 947 1739 990 secus
1840 946 1929 984 sus
1965 929 2157 999 fuerit,
2200 940 2248 985 et
2288 931 2628 1001 ingemuerit,
2661 934 2837 986 omnia
2871 943 3082 1003 peccata
3131 936 3246 1004 ejus
3293 935 3426 990 obli-

162 1029 320 1099 pedes
344 1028 555 1084 Domini
576 1027 801 1083 verbum
832 1026 974 1081 illius
997 1026 1202 1081 intenta
1227 1039 1360 1080 aure
1383 1023 1736 1094 percipiebat.
1842 1022 1978 1077 vioni
2009 1022 2284 1076 tradentur
2328 1022 2546 1092 (Ezech.
2589 1040 2784 1091 χχχιιι,
2813 1024 2892 1097 2).
2933 1024 3039 1082 Sed
3065 1027 3151 1082 bis
3190 1027 3429 1084 breviter

163 1102 441 1191 Impletum
468 1128 552 1175 cst
578 1120 630 1174 in
648 1119 797 1196 ipsa,
820 1120 964 1189 quod
989 1117 1118 1174 olim
1144 1105 1244 1189 per
1265 1117 1482 1181 beatum
1517 1117 1738 1190 Moysen

163 1210 360 1266 dictum
392 1208 605 1264 fuerat:
649 1208 717 1262 Et
763 1208 853 1279 qui
898 1211 1314 1279 appropinquant
1342 1206 1560 1276 pedibus
1603 1206 1740 1276 ejus,

163 1301 409 1370 accipient
442 1300 507 1354 de
528 1300 770 1353 doctrina
803 1299 968 1368 ipsius
996 1298 1175 1368 (Deut.
1206 1314 1400 1362 xxxiii,
1441 1297 1519 1369 5).
1568 1297 1741 1365 Quam

164 1391 466 1461 gratissima
487 1390 629 1444 enim
658 1388 797 1461 apud
820 1390 1128 1445 Coluditoris
1149 1389 1492 1461 clementiam
1515 1384 1613 1460 pro
1633 1406 1745 1445 sua:

164 1481 463 1535 devotionis
510 1479 770 1534 famulatu
815 1490 872 1535 et
934 1479 1355 1550 inexstinguibili
1428 1479 1746 1535 deiectionis

163 1568 375 1626 fervore
423 1569 606 1641 habita
653 1568 744 1635 sit,
779 1567 1017 1623 Joannes
1049 1569 1381 1638 evangelista
1411 1568 1741 1635 manifestat,

1844 1117 2161 1189 prmlibatis,
2186 1117 2253 1173 ad
2281 1119 2452 1188 ipsius
2490 1119 2614 1175 fidei
2643 1121 3001 1176 constantiam
3024 1131 3186 1193 atque
3212 1122 3427 1196 ferven-

1848 1213 2068 1268 tissinue
2109 1213 2412 1268 dilectionis
2455 1214 2741 1279 ardorem,
2788 1230 2889 1271 nec
2926 1230 3030 1270 non
3079 1224 3134 1271 et
3180 1216 3325 1286 quod
3370 1217 3425 1270 in

1846 1306 2092 1374 passione
2114 1304 2324 1359 Domini
2352 1304 2664 1374 specialiter
2683 1321 2747 1361 ac
2772 1305 3115 1362 familiariter
3134 1308 3424 1378 peregerit,
3494 1307 3507 1320 '

1846 1393 2057 1448 cunctis
2088 1394 2492 1462 admirandum,
2525 1395 2636 1451 imo
2661 1397 2833 1468 magis
2870 1396 3192 1452 imitandum
3230 1406 3430 1453 morta—

1849 1482 2028 1549 libus,
2067 1484 2490 1554 perveniendum
2536 1493 2639 1541 est.
2671 1484 2808 1541 Nam
2850 1485 2966 1541 lucc
3003 1496 3191 1543 sancta
3238 1487 3431 1543 mulier

1851 1574 2135 1630 Dominum
2162 1579 2359 1631 secuta
2393 1577 2535 1633 sicut
2551 1577 2660 1647 jam
2686 1576 2898 1650 praefati
2925 1589 3191 1642 sumus,et
3220 1580 3287 1635 de
3309 1581 3423 1635 suis

163 1661 254 1716 ubi
295 1660 642 1734 quatriduani
682 1659 875 1713 Lazari
920 1660 1284 1735 venerandam
1339 1660 1747 1730 inauditamque
1781 1664 1819 1722 Β
1851 1665 2565 1735 largissimislacultatibus
2594 1668 2667 1723 illi
2699 1670 3045 1726 devotissimc
3074 1671 3427 1736 ministrans';

163 1749 419 1806 describit
470 1750 959 1805 resu'scitationem.
1010 1748 1300 1819 Diligebat,
1345 1748 1543 1815 innuit,
1590 1749 1748 1804 Jesus

161 1842 469 1907 Hartltam,
521 1852 569 1899 et
610 1860 841 1899 sororem
897 1844 1013 1914 ejus
1062 1843 1324 1912 Mariam,
1380 1852 1429 1899 et
1482 1844 1748 1899 Lazarum

163 1936 345 2007 (Joan.
372 1952 447 2001 xl,
482 1934 559 2008 5).
585 1937 663 1990 Ac
705 1936 760 1990 in
789 1937 1140 2006 sequentibus
1169 1945 1580 2001 commemorat,
1609 1950 1744 2007 quo-

162 2026 307 2079 niam
336 2035 528 2081 vocata
552 2015 594 2079 ia
618 2040 805 2081 sorore
836 2042 956 2093 sua,
987 2041 1110 2081 cum
1133 2026 1345 2081 veniret
1372 2026 1461 2081 ubi
1484 2036 1616 2081 ‘erat
1643 2026 1749 2082 Do-

164 2117 363 2195 minus,
394 2116 603 2172 corruit
646 2125 771 2171 ante
810 2118 972 2187 pedes
1000 2116 1134 2186 ejus,
1164 2117 1385 2173 dicens:
1424 2117 1666 2182 Domine,
1703 2118 1749 2171 si

161 2208 352 2276 fuisses
382 2207 489 2274 hic,
512 2207 679 2275 frater
703 2224 849 2262 meus
876 2225 981 2263 non
1025 2209 1209 2278 fuisset
1247 2217 1483 2262 mortuus
1535 2206 1747 2280 (Ibid)

158 2299 319 2356 .lcsus
365 2309 545 2356 autem
572 2307 632 2354 ut
659 2300 795 2354 vidit
823 2315 943 2354 eam
966 2299 1292 2370 plorantem,
1320 2309 1375 2355 et
1404 2298 1619 2355 Judreos
1656 2300 1751 2370 qui

163 2401 425 2446 venerant
452 2406 573 2446 cum
602 2406 666 2448 ea
686 2390 916 2447 ﬂentes:
948 2390 1233 2461 Infremuit
1260 2392 1473 2462 spiritu,
1497 2402 1544 2445 et
1564 2392 1751 2446 turba-

158 2484 237 2537 vit
260 2483 611 2553 semetipsum,
642 2493 691 2537 et
715 2484 850 2537 dixit
875 2499 895 2536 ε
932 2480 1032 2536 Ubi
1062 2478 1310 2553 posuistis
1349 2498 1466 2536 eum
1490 2483 1515 2535 ?
1555 2480 1751 2537 Dicunt

155 2574 212 2629 ei
232 2590 254 2629 :
300 2575 543 2640 Domine,
572 2576 794 2641 veni,'et
837 2575 994 2629 uide:
1028 2585 1077 2628 et
1126 2572 1447 2644 lacrymatus
1479 2583 1553 2628 est
1596 2574 1753 2629 Iesus

160 2665 379 2739 (lbid.).
407 2664 693 2722 Manifeste
720 2682 832 2722 suae
851 2666 1068 2738 pietatis
1083 2664 1424 2720 clementiam
1447 2678 1515 2718 ex
1541 2678 1755 2718 assunt-

156 2765 259 2828 pta
285 2756 623 2812 humanitate
643 2756 967 2821 dilucidans,
998 2755 1214 2825 quando
1233 2768 1333 2825 pro
1357 2752 1528 2824 ipsius
1551 2751 1754 2808 doloris

150 2849 506 2904 immanitate
529 2888 546 2915 ,
594 2849 879 2920 lacrymas'
910 2864 1018 2904 non
1059 2849 1381 2920 dedignatus
1416 2855 1501 2902 est
1528 2846 1755 2902 fundere

149 2956 280 2995 suae
318 2940 742 3011 compassionis,
784 2938 936 2995 salvo
996 2948 1180 2994 tamen
1219 2937 1401 2992 divino
1471 2938 1753 3009 mysterio.

147 3009 461 3090 Germin‘s
485 3033 790 3089 sublimitas
806 3074 822 3098 ,
868 3048 933 3089 ac
955 3031 1233 3089 saecularis
1253 3046 1465 3102 pompae
1492 3032 1756 3103 dignitas,
1785 3009 1832 3073 ϐ

146 3126 343 3181 beata:
387 3124 572 3178 Maria:
617 3123 947 3195 Magdaleure
990 3124 1043 3178 in
1090 3124 1195 3179 hoc
1232 3123 1567 3195 dignoscitur
1615 3123 1760 3180 facto

146 3216 386 3288 quando
409 3216 524 3287 jam
554 3216 606 3270 in
636 3215 998 3286 quatriduana
1030 3214 1215 3272 fratris
1250 3225 1450 3282 morte,
1476 3225 1624 3271 tanta
1665 3232 1762 3273 no-

146 3308 357 3364 bilium
382 3318 438 3364 et
466 3309 769 3378 potentium
798 3307 1085 3364 multitudo
1114 3306 1421 3363 Iudaeorum
1442 3347 1457 3372 ,
1490 3307 1559 3362 ad
1592 3306 1761 3377 ipsius

148 3400 529 3469 mitigandum
574 3397 896 3455 conﬂuxerit
932 3399 1196 3455 dolorem.
1236 3400 1303 3453 Et
1323 3413 1430 3453 non
1462 3400 1609 3470 passi
1635 3407 1762 3454 sunt

157 3492 235 3545 ad
270 3491 456 3546 fratris
496 3492 761 3547 tumulum
790 3492 907 3546 sine
944 3491 1028 3546 sui
1072 3492 1365 3562 praesentia
1392 3505 1514 3545 eam
1561 3505 1760 3562 prope-

154 3600 296 3641 rare
322 3584 603 3640 dicentes:
641 3583 779 3649 Gaia
810 3585 956 3639 vadit
993 3584 1062 3638 ad
1086 3582 1480 3638 monumentum
1518 3593 1574 3637 ut
1596 3582 1763 3653 ploret

148 3679 239 3733 ibi
276 3676 461 3747 (Joan.
488 3692 568 3743 XI,
597 3677 708 3748 51).
743 3677 840 3731 Est
862 3679 1094 3747 denique
1121 3676 1224 3732 hoc
1262 3683 1608 3746 procuratum
1658 3676 1764 3730 Do-

149 3772 305 3827 mini
334 3771 728 3837 misericordia,
767 3780 826 3824 ut
850 3779 1164 3840 patraturus
1189 3769 1299 3825 tale
1328 3776 1643 3839 tantumque
1663 3770 1763 3825 mi-

88 3830 106 3911 l
150 3861 439 3928 raculum,
486 3862 642 3917 multi
680 3861 928 3917 adferent
967 3860 1294 3917 Judteorum.
1338 3861 1614 3929 Quatenus
1637 3863 1763 3918 dum

157 3968 317 4010 unus
360 3953 717 4009 resuscitatur
763 3954 1113 4023 incorpore,
1158 3954 1398 4008 nonnulli
1429 3954 1766 4025 erigerentur

155 4050 220 4107 in
284 4054 503 4111 mente,
547 4057 602 4102 et
655 4054 840 4101 essent
894 4055 1059 4101 testes
1090 4042 1093 4045 ’
1123 4062 1189 4101 ac
1237 4045 1548 4101 laudatores
1599 4046 1766 4116 ipsius

152 4138 588 4212 promptissimi.
614 4135 769 4191 Unde
799 4136 853 4190 in
882 4136 1340 4207 consequentibus
1366 4135 1508 4190 idem
1537 4147 1767 4207 evange-

150 4231 299 4287 lista
349 4232 521 4286 refert
565 4231 791 4287 dicens:
854 4226 1233 4286 Testimonium
1288 4246 1410 4301 ergo
1462 4232 1767 4301 perhibebat

150 4324 329 4381 turba
364 4338 485 4395 qua
527 4322 699 4392 fuerat
731 4339 849 4376 cum
878 4322 1007 4376 Jesu
1027 4362 1041 4386 ,
1073 4323 1284 4393 quando
1322 4321 1588 4376 Lazarum
1624 4341 1768 4378 resu-

148 4422 405 4487 scitauit,
429 4420 700 4475 et~vocavit
726 4434 843 4472 eum
871 4419 934 4473 de
955 4427 1288 4472 monumento
1317 4415 1500 4488 (Joan.
1534 4433 1631 4483 xu,
1654 4418 1765 4491 17).

151 4513 381 4585 Typice
424 4519 608 4567 autem
650 4509 765 4564 haec
796 4508 990 4563 mulier
1034 4505 1456 4577 quatriduanum
1492 4517 1767 4562 mortuum

151 4602 382 4661 deﬂens
416 4601 665 4665 fratrem,
697 4608 938 4655 sanctam
960 4597 1271 4668 praefigurat
1296 4595 1615 4663 Ecclesiam,
1647 4613 1768 4666 qua:

148 4712 275 4769 pro
314 4694 531 4749 illorum
563 4690 874 4746 discrimine
902 4689 994 4759 qui
1031 4687 1249 4743 obnoxii
1294 4695 1550 4742 tenentur
1594 4688 1767 4742 scele-

149 4788 364 4850 ribus,
418 4792 583 4852 atque
623 4778 1095 4835 consuetudinaria
1138 4776 1446 4832 mortalium
1474 4777 1766 4832 criminum

120 4869 125 4873 ’
151 4876 299 4932 labe
331 4860 609 4936 tumulati,
641 4870 892 4940 pessima:
917 4867 1185 4938 Opinionis
1225 4867 1425 4921 famam
1457 4882 1488 4922 c
1513 4868 1626 4922 suis
1647 4882 1772 4937 ege-

122 4965 308 5026 runt
358 4963 680 5034 corporibus
718 4962 902 5030 lugere
952 4975 1059 5014 non
1117 4966 1336 5013 cessat:
1392 4958 1584 5014 Omnes
1633 4956 1770 5012 enim

144 5066 221 5117 in
278 5036 496 5113 Christo
550 5053 737 5120 fratres
787 5067 969 5105 sumus
1000 5049 1214 5121 (Matth.
1261 5063 1417 5113 xxnt,
1469 5051 1545 5122 8).
1597 5049 1771 5119 Super

140 5149 377 5209 Lazari
402 5161 533 5202 vero
562 5144 842 5201 interitum
869 5140 998 5198 ﬂere
1023 5141 1221 5196 dicitur
1244 5140 1521 5208 Dominus,
1552 5138 1770 5213 quando

140 5259 289 5301 sua:
328 5235 704 5316 miserationis
754 5242 1042 5302 respectu,
1093 5232 1397 5301 bujusmodi
1438 5234 1625 5298 corda,
1670 5249 1768 5304 per

141 5324 609 5360 ..Α-...ιιηηοίῖηηῖα
652 5323 884 5360 nuntiam
929 5323 1152 5360 vicitque
1230 5322 1295 5360 ad
1328 5324 1658 5360 nmnilnntirn
1683 5323 1765 5360 In-

1792 4365 1848 4425 Β

1840 4496 2095 4563 propter
2155 4492 2237 4548 sui
2306 4506 2468 4546 sexus
2541 4491 2925 4562 fragilitatem,
2988 4507 3163 4562 neque
3236 4501 3458 4562 propter

1851 1765 2136 1826 postquam
2184 1756 2317 1812 vidit
2355 1773 2478 1812 eum
2523 1760 2997 1830 comprehensum,
3037 1760 3286 1831 ligatum,
3332 1760 3430 1816 lla-

1851 1845 2138 1917 gellatum,
2168 1846 2532 1916 omnibusque
2568 1848 3083 1904 subsannationibus
3117 1858 3172 1904 ct
3212 1849 3428 1905 irrisio.

1853 1936 2011 1991 nibus
2049 1935 2314 2000 delusum,
2365 1936 2433 1991 ad
2478 1935 2727 1992 ultimum
2755 1953 2855 2008 pro
2892 1937 3064 1993 salute
3093 1938 3308 2009 generis
3332 1940 3432 1993 lm-

1852 2028 1996 2082 mani
2025 2027 2079 2082 in
2120 2043 2281 2083 cruce
2320 2028 2586 2098 positum;
2616 2030 2907 2101 discipulos
2946 2032 3111 2086 etiam
3140 2032 3232 2102 qui
3275 2033 3427 2101 prius

1851 2117 2139 2173 dicebant:
2188 2117 2387 2172 Eamus
2431 2129 2478 2172 et
2524 2135 2639 2185 nos,
2707 2130 2754 2174 et
2804 2120 3098 2174 moriamur
3146 2136 3264 2175 cum
3314 2123 3427 2188 ipso

1850 2207 2036 2279 (Joan.
2070 2224 2147 2272 χι,
2169 2208 2279 2280 16),
2304 2217 2453 2280 terga
2486 2211 2746 2277 vertisse;
2778 2211 2892 2282 ipsa
2912 2216 3037 2267 eum
3060 2226 3126 2267 eo
3148 2212 3430 2275 remansit,

1853 2300 1979 2370 quia
2005 2315 2126 2370 quae
2156 2299 2362 2355 arctius
2382 2310 2441 2355 et
2469 2300 2767 2357 ferventius
2792 2317 2917 2356 cum
2946 2301 3229 2368 dilexerat,
3274 2316 3378 2357 nec
3403 2318 3437 2355 a

1854 2399 2070 2448 mortuo
2096 2390 2269 2460 potuit
2297 2391 2558 2461 separari.
2590 2392 2658 2446 Et
2674 2392 2753 2447 sic
2778 2392 3054 2463 impletum
3083 2401 3170 2447 est
3188 2400 3437 2463 tempore

1855 2480 2150 2537 Dominica:
2191 2482 2477 2561 passionis,
2526 2484 2677 2554 quod
2706 2483 2833 2538 olim
2856 2498 2959 2553 per
2983 2485 3202 2540 beatum
3228 2482 3330 2539 Job
3356 2484 3438 2538 di-

1854 2583 2001 2630 ctum
2030 2574 2206 2629 fuerat
2231 2589 2246 2629 :
2278 2574 2416 2630 Pelli
2443 2593 2590 2644 mere,
2612 2579 2930 2647 consumptis
2959 2579 3228 2642 carnibus,
3259 2577 3441 2649 adluu-

1854 2667 1921 2720 sit
1949 2664 2007 2720 os
2028 2681 2219 2731 meum,
2250 2676 2297 2720 et
2326 2666 2575 2721 derelicta
2599 2678 2720 2722 sunt
2738 2668 3101 2723 tantummodo
3124 2667 3266 2723 labia
3296 2669 3441 2723 circa

1856 2760 2034 2813 dentes
2062 2774 2202 2813 meos
2233 2756 2356 2830 (Iob
2406 2774 2517 2822 nx,
2568 2758 2683 2830 20).
2713 2757 2877 2825 Quasi
2920 2758 3066 2814 enim
3106 2760 3443 2831 consumptis

1856 2851 2113 2908 carnibus
2158 2848 2313 2920 pellis
2356 2849 2464 2906 ossi
2492 2850 2764 2916 adiuuet,
2794 2850 3027 2921 quando,
3052 2849 3330 2920 discipulis
3356 2848 3443 2905 l'u-

1860 2943 2164 3015 gientibus,
2213 2941 2371 2998 beata
2430 2941 2599 2997 Maria
2663 2941 2977 3012 Magdalene
3042 2956 3166 2997 cum
3218 2942 3446 2996 Domino

1862 3033 2249 3107 perseveravit.
2274 3034 2341 3089 Et
2366 3034 2546 3090 tandin
2571 3034 2891 3105 permansit,
2919 3034 3450 3103 qumnsqnediversis

1863 3126 2140 3182 conditum
2164 3126 2498 3181 aronratibus
2521 3125 2574 3180 in
2600 3125 2850 3197 sepulcro
2868 3112 3120 3181 collocari
3143 3118 3441 3197 prospexit.

1861 3216 1990 3273 lude
2018 3230 2197 3273 autem
2230 3232 2468 3274 maerens
2497 3226 2550 3273 et
2578 3218 2746 3273 nimio
2780 3229 3046 3274 succensa
3079 3217 3266 3273 dolore
3299 3232 3448 3272 rect-.-

1843 3309 2017 3374 ‘dens,
2060 3308 2348 3380 perspicue
2391 3308 2461 3362 ad
2498 3316 2687 3362 nolunt
2728 3307 2812 3362 sui
2858 3306 3235 3378 Redemptoris
3268 3306 3447 3361 locum

1836 3398 2051 3455 ‘abiens
2097 3398 2353 3469 sepulcri,
2403 3399 2537 3455 emit
2576 3390 2846 3454 aromata.
2898 3398 2967 3454 Et
3025 3400 3141 3469 ipsa
3184 3408 3366 3462 nocte,
3392 3399 3448 3452 in

1863 3499 2127 3560 quantum
2152 3488 2338 3556 valuit,
2370 3497 2639 3559 unguenta
2668 3489 3010 3559 praeparavit.
3052 3487 3290 3543 Sabbato
3322 3499 3450 3541 veru

1864 3578 2158 3637 secundum
2214 3579 2528 3634 mandatum
2562 3578 2697 3648 legis
2726 3578 2893 3632 siluit.
2937 3577 3229 3633 Occidente
3267 3586 3451 3630 autem

1831 3676 1835 3682 ‘
1864 3670 2000 3734 sole,
2029 3668 2172 3740 quod
2201 3676 2483 3737 supererat
2514 3668 2566 3722 in
2609 3667 2984 3738 prmparandis
3006 3656 3297 3737 unguentis
3321 3680 3451 3736 ope-

1865 3778 1982 3818 ram
2011 3761 2178 3816 dedit.
2226 3759 2382 3814 Mane
2431 3767 2611 3815 autem
2668 3772 2776 3814 una
2819 3758 3062 3822 S’abbati,
3114 3774 3236 3813 cum
3273 3759 3451 3812 adhuc

1867 3852 2103 3910 tenebrae
2131 3859 2336 3917 essent,
2364 3842 2486 3907 eum
2509 3852 2826 3921 ptmparatis
2850 3850 3185 3905 aromatibus
3214 3848 3357 3903 venit
3385 3850 3453 3904 ad

1865 3943 2195 4014 sepulcrum,
2244 3941 2468 4013 cupiens
2500 3943 2930 3997 sacratissimum
2962 3939 3078 4009 ejus
3105 3942 3302 4011 corpus
3325 3955 3449 4010 per-

1862 4042 2089 4105 ungere,
2114 4047 2274 4102 quem
2303 4032 2573 4088 viventem
2628 4033 2796 4087 nimio
2837 4033 3025 4088 dilexit
3060 4034 3265 4088 amore.
3315 4033 3453 4087 Cum

1858 4127 2010 4181 enim
2042 4140 2203 4182 sexus
2228 4124 2497 4181 femineus
2525 4125 2748 4181 timidus
2785 4125 2959 4181 soleat
3002 4140 3122 4181 esse
3161 4117 3229 4180 ad
3263 4125 3453 4193 ambu-

1866 4217 2086 4273 landum
2143 4218 2195 4272 in
2248 4217 2524 4285 tenebris,
2575 4218 2708 4273 nihil
2758 4219 2862 4273 ista
2918 4219 3114 4275 metuit
3166 4235 3284 4290 qua:
3341 4228 3457 4276 toto

1872 4312 2035 4368 corde
2084 4310 2370 4365 Dominum
2399 4310 2607 4365 dilexit.
2640 4310 2772 4364 Erat
2802 4324 2964 4382 porro
3007 4310 3060 4365 in
3102 4326 3166 4366 ea
3213 4311 3455 4380 perfecta

1872 4403 2133 4468 charitas,
2183 4414 2305 4472 qum
2354 4400 2505 4455 foras
2561 4401 3044 4456 mittit'timorcm.
3092 4397 3227 4455 Nam
3280 4417 3457 4469 neque

1870 4584 2064 4654 lapidis
2138 4582 2611 4654 magnitudinem,
2694 4597 2869 4652 neque
2957 4594 3179 4653 propter
3250 4592 3455 4635 metum

1867 4678 2192 4741 custodum,
2247 4690 2275 4729 a
2331 4685 2509 4744 coepto
2552 4675 2745 4730 itinere
2791 4673 3118 4740 «.leclinavit,
3176 4687 3461 4743 quousque

1871 4766 1936 4820 ad
1968 4767 2275 4838 sepulcrum
2306 4764 2520 4819 Domini
2547 4762 2809 4832 intrepida
2841 4763 3107 4832 pervenit.
3144 4762 3309 4830 Cujus
3341 4776 3463 4811 mu-

1874 4859 2021 4915 lieris
2048 4857 2354 4915 constantia
2384 4856 2437 4909 in
2462 4856 2604 4912 libro
2624 4854 2831 4924 Regum
2864 4852 3090 4923 pulchre
3117 4840 3464 4924 prmﬁgurata

1837 4954 1976 5017 ‘est,
2022 4954 2240 5026 quando
2283 4949 2559 5021 Allopltyli
2602 4961 2801 5002 vaccas
2848 4946 2985 5001 fetas
3024 4950 3365 5017 applicarunl
3400 4934 3472 4995 ad

1872 5047 2208 5118 plaustrum,
2263 5040 2579 5113 vitulosque
2643 5052 2830 5095 earum
2900 5031 3478 5109 recluseruntdonti.

1870 5141 2025 5197 Ibam
2049 5151 2256 5201 autem,
2286 5133 2428 5187 sicut
2458 5138 2725 5205 scriptum
2755 5135 3052 5191 est,vaeca:
3081 5129 3137 5184 in
3166 5129 3433 5185 directum
3458 5135 3482 5175 :

1873 5231 1979 5286 Per
2006 5235 2142 5289 uiam
2170 5244 2290 5303 qua:
2320 5224 2467 5279 ducit
2495 5219 2822 5293 Betsameth,
2860 5230 3128 5291 pergentes
3158 5232 3206 5278 et
3240 5216 3490 5287 mugien-

1872 5336 1945 5360 ιο.
2004 5343 2098 5360 ...ρ
2130 5334 2305 5360 “mum
2333 5314 2402 5360 nd
2431 5317 2709 5360 ἀρτιρναηι
2752 5307 2826 5360 vel
2855 5309 3127 5360 sinistram
3158 5309 3491 5360 declinantes
