3964 5360
513 355 613 411 7l9

1353 345 1410 401 S.
1453 345 1699 403 ODONIS
1739 343 2024 399 ABBATIS
2059 337 2552 397 CLUNIACENSIS
2590 341 2632 396 ll

3642 351 3738 408 τω

477 454 811 526 ’ὶι;ῡεάεὶ›ιιι,
837 458 1092 514 imitabile
1117 459 1420 530 exemplum
1462 459 1714 513 omnibus
1744 457 1988 527 prtebens
2015 455 2078 509 ί]-
2109 465 2156 522 Α
2185 470 2302 511 sam
2326 457 2528 514 doloris
2586 458 3009 530 interrogabant,
3046 469 3103 514 ut
3140 457 3266 514 ﬂetu
3308 461 3632 519 desiderium
3658 480 3739 516 au-

503 557 740 617 delibus,
769 561 825 607 ιιι
867 567 963 622 per
1011 551 1150 606 viam
1198 552 1290 606 Dei
1317 551 1680 616 ambulantes,
1723 565 1822 606 nec
1864 559 2083 620 propter

502 648 860 722 tentationem
914 645 1238 708 dmmonum,
1289 643 1366 697 vel
1421 651 1622 698 metum
1683 642 1960 696 hominum
1991 649 2086 694 aut

515 753 697 793 curam
744 745 1052 805 parentum,
1085 749 1115 788 a
1144 743 1321 804 empto
1377 734 1570 788 itinere
1614 733 1908 795 deviemus,
1957 731 2082 801 quia

507 825 893 883 inchoantibus
919 824 1197 894 praemium
1230 823 1588 892 promittitur,
1617 821 1709 876 sed
1735 833 2086 890 perseveran-

503 917 657 972 tibus
677 915 855 969 datur.
881 911 1183 982 Allegorice
1206 920 1385 965 autem
1410 912 1644 966 tenebrae
1668 919 1824 964 erant
1849 910 1902 963 in
1925 909 2088 964 corde

509 1005 670 1074 hujus
697 1003 1080 1061 sacratissima:
1110 1002 1370 1065 mulieris,
1411 1017 1536 1056 cum
1583 1003 1649 1056 ad
1696 999 1906 1055 Domini
1937 999 2085 1054 venit

519 1102 921 1150 monumentum
948 1114 960 1147 :
985 1094 1110 1163 quia
1158 1093 1568 1148 resurrectionis
1599 1091 1714 1160 ejus
1744 1092 1954 1162 ignara,
2008 1092 2087 1144 vi-

521 1195 733 1242 ventem
765 1185 906 1240 iuter
935 1193 1179 1238 mortuos
1207 1182 1530 1252 requirebat.
1561 1181 1712 1235 Tunc
1741 1195 1870 1235 vero
1900 1181 1952 1234 in
1975 1178 2091 1248 ejus

520 1284 698 1330 mente
727 1274 806 1329 sol
829 1283 981 1329 ortus
1007 1282 1109 1338 est,
1141 1273 1356 1342 quando
1380 1287 1485 1326 non
1527 1271 1700 1326 solum
1735 1271 2094 1325 resurrexisse

522 1365 670 1429 vidit,
705 1365 798 1419 sed
827 1364 993 1419 etiam
1017 1363 1265 1427 credidit,
1291 1371 1346 1418 et
1373 1363 1509 1416 vidit
1555 1359 1787 1430 lapidem
1821 1361 2090 1415 sublatum

413 1470 427 1483 ·
523 1473 549 1508 Α
579 1461 944 1509 monumento.
973 1452 1039 1506 Et
1065 1451 1188 1522 quia
1220 1466 1416 1520 corpus
1451 1449 1658 1504 Domini
1705 1463 1810 1502 non
1862 1449 2090 1512 invenit,

521 1541 754 1596 furatum
812 1539 1058 1603 credidit,
1117 1547 1281 1608 atque
1333 1537 1528 1593 festina
1570 1535 1713 1605 quod
1755 1536 1963 1590 viderat
1987 1536 2096 1589 dis-

522 1630 714 1700 cipulis
741 1626 1030 1683 nuntiavit.
1058 1627 1130 1682 De
1161 1627 1261 1680 hac
1292 1625 1558 1680 veraciter
1585 1625 1637 1678 in
1660 1623 1900 1678 Caitticis
1929 1624 2097 1677 canti-

523 1732 706 1774 corum
751 1730 885 1772 voce
935 1715 1185 1770 Ecclesiae
1220 1714 1419 1768 dicitur
1449 1728 1463 1767 :
1496 1713 1560 1767 In
1605 1713 1794 1767 lectulo
1841 1728 1954 1766 meo
2007 1727 2100 1782 per

2186 554 2394 613 gerent,
2446 548 2679 603 scientes
2728 548 2914 604 beatos
2965 563 3105 614 esse,
3137 551 3222 618 qui
3269 549 3463 620 lugent,
3510 553 3744 621 quoniam

2183 635 2284 704 ipsi
2338 637 2746 693 consolabuntur
2792 637 3005 708 (Matth.
3040 655 3088 703 v,
3120 638 3197 710 4).
3228 638 3331 694 Sed
3367 639 3564 693 mu!ier
3605 642 3746 708 cujus

2186 725 2264 780 rei
2294 728 2467 795 gratia
2498 729 2650 782 ﬂeret
2699 728 3026 792 manifestat,
3052 743 3172 782 cum
3199 729 3478 799 adjungit:
3510 729 3646 794 Quia
3673 742 3749 783 tu-

2186 814 2354 868 lerunt
2378 816 2658 871 Dominum
2687 834 2878 884 meum,
2902 829 2950 872 et
2982 819 3150 872 nescio
3196 819 3283 872 ubi
3305 832 3593 888 posuerunt
3619 837 3747 874 eum.

2189 901 2319 957 ﬂare
2369 921 2486 957 cum
2529 907 2742 960 dixisset
2790 922 3036 961 conversa
3072 917 3374 972 retrorsum,
3404 909 3533 962 vidit
3584 909 3753 964 Iesum

2186 999 2432 1056 stantem,
2463 1003 2511 1045 et
2537 994 2789 1048 nesciebat
2812 997 2934 1064 quia
2949 994 3103 1049 Iesus
3128 1006 3200 1049 est
3215 995 3395 1068 (Ioan.
3425 998 3628 1064 xx,15,
3651 999 3749 1068 l-i).

2192 1079 2357 1137 Recte
2391 1091 2452 1136 ut
2473 1083 2758 1137 Dominum
2812 1094 3111 1140 mereretur
3137 1085 3339 1150 videre,
3386 1101 3649 1141 conversa
3680 1102 3752 1142 re-

2197 1181 2430 1228 trorsum
2467 1175 2698 1242 dicitur;
2737 1177 2828 1246 qui
2880 1177 3024 1230 enim
3062 1186 3354 1231 retrorsum
3412 1179 3756 1243 convertitur,

2197 1261 2323 1318 illuc
2350 1264 2535 1320 oculos
2561 1266 2745 1336 dirigit
2793 1251 2881 1320 ubi
2919 1267 3068 1337 prius
3117 1276 3264 1338 terga
3309 1267 3566 1322 habebat.
3610 1271 3759 1333 Quasi

2197 1353 2342 1407 enim
2377 1363 2676 1408 retrorsum
2719 1369 2980 1410 conversa
3021 1364 3124 1422 est,
3157 1356 3373 1426 quando
3420 1357 3764 1412 dubitationis

2195 1448 2520 1508 postponens
2542 1440 2782 1506 nebulas,
2813 1441 3012 1497 Christi
3039 1445 3496 1499 resurrectionem
3523 1459 3592 1498 ex
3615 1457 3759 1514 parte

2197 1529 2418 1584 credere
2451 1530 2632 1600 coepit.
2663 1531 2758 1586 Cui
2796 1541 2974 1586 tamen
3006 1533 3262 1588 visionem
3304 1535 3387 1589 sui
3415 1535 3679 1589 Dominus
3699 1537 3765 1588 ita

2207 1621 2505 1690 suspendit,
2533 1631 2610 1688 ut,
2630 1623 2753 1692 quia
2775 1625 3007 1690 amabat,
3029 1626 3120 1679 sed
3139 1641 3260 1680 eum
3289 1629 3655 1682 resurrexisse
3676 1643 3767 1681 non

2198 1710 2475 1777 credebat,
2506 1712 2656 1766 illum
2679 1723 2732 1768 et
2768 1715 2992 1780 videret,
3027 1723 3082 1770 et
3106 1730 3208 1770 non
3226 1726 3602 1786 cognosceret.
3632 1717 3771 1773 Unde

524 1818 720 1864 noctem
745 1807 961 1880 qutesivi
987 1822 1138 1878 quem
1160 1806 1329 1877 diligit
1356 1807 1532 1860 anima
1559 1823 1693 1870 mea,
1716 1806 1926 1877 quaesiti
1955 1805 2101 1858 illunt
2137 1811 2175 1868 Β
2204 1803 2529 1873 evangelista
2563 1821 2575 1857 :
2604 1804 2730 1872 Illa,
2777 1805 2969 1876 inquit,
3000 1808 3264 1861 wstimans
3290 1810 3413 1878 quia
3467 1809 3772 1862 hortulanus

524 1907 570 1953 et
600 1913 703 1952 non
745 1895 938 1961 inveni,
982 1909 1194 1964 surgam
1225 1903 1272 1948 et
1303 1895 1532 1947 circuibo
1560 1895 1839 1960 civitatem,
1863 1909 2100 1965 quarens

525 2004 674 2058 quem
700 1986 872 2055 diligit
915 1985 1092 2040 anima
1140 1999 1274 2038 mea.
1326 1982 1639 2038 Invenerunt
1687 2000 1768 2038 me
1811 1983 1987 2054 vigiles
2013 1983 2102 2052 qui

526 2078 825 2133 custodiunt
872 2076 1150 2129 civitatem.
1181 2073 1322 2128 Num
1353 2091 1502 2144 quem
1531 2074 1701 2146 diligit
1745 2090 1923 2129 anima
1963 2088 2100 2138 mea,

526 2169 769 2224 vidistis?
796 2177 844 2222 et
869 2167 1064 2236 factum
1093 2176 1166 2221 est
1191 2183 1307 2220 cum
1337 2165 1750 2236 pertransiissem
1773 2165 1914 2230 illos,
1934 2163 2104 2218 iuveni

529 2277 681 2329 quem
712 2259 880 2328 diligit
912 2258 1088 2311 aninta
1117 2273 1251 2311 mea.
1285 2255 1487 2310 Tenebo
1509 2256 1680 2322 illum,
1711 2272 1802 2310 nec
1823 2255 2101 2317 dimittam,

531 2353 698 2405 donec
751 2349 1080 2404 introducam
1130 2364 1246 2402 eum
1275 2347 1328 2401 in
1357 2347 1569 2400 domum
1612 2346 1777 2417 patris
1824 2345 1942 2408 mei,
1974 2353 2020 2397 et
2051 2344 2104 2396 in

531 2438 829 2492 cubiculum
856 2437 1121 2508 genitricis
1153 2452 1278 2490 mea:
1309 2434 1486 2506 (Cant.
1539 2451 1619 2500 ut,
1671 2433 1806 2504 1-4).
1856 2431 2107 2487 Cucurrit

533 2541 786 2597 namque,
819 2537 875 2580 ut
900 2526 1157 2590 diximus,
1190 2526 1304 2580 haec
1331 2539 1484 2579 sacra
1511 2525 1728 2588 mulier,
1771 2531 1826 2578 et
1863 2521 2009 2576 venit
2039 2518 2107 2573 ad

533 2619 809 2675 Simonem
868 2617 1108 2684 Petrum,
1161 2626 1216 2672 et
1266 2617 1332 2670 ad
1364 2617 1528 2670 alium
1577 2613 1897 2684 discipulum
1947 2626 2107 2681 quem

534 2711 790 2782 diligebat
835 2709 1026 2776 Iesus,
1079 2719 1135 2764 et
1181 2709 1317 2763 dixit
1363 2709 1486 2764 eis:
1523 2705 1774 2761 Tulerunt
1827 2705 2108 2759 Dominum

533 2820 705 2858 meum
762 2803 826 2856 de
860 2811 1213 2868 monumento,
1242 2810 1289 2854 et
1322 2800 1494 2853 nescio
1543 2797 1631 2851 ubi
1659 2803 1942 2868 posuerunt
1967 2809 2106 2847 eum.

539 2897 603 2948 At
632 2894 711 2948 illi
738 2902 1002 2947 currentes
1028 2901 1272 2946 venerunt
1297 2891 1366 2944 ad
1400 2898 1814 2951 monumentum,
1844 2895 1890 2940 et
1918 2886 1992 2938 ita
2029 2884 2111 2937 iu-

539 2999 783 3040 venerunt
806 2984 936 3038 sicut
954 2981 1140 3036 mulier
1152 2981 1373 3036 dixerat.
1389 2979 1640 3033 Abierant
1660 2993 1780 3047 ergo
1796 2973 2041 3044 discipuli
2063 2982 2111 3027 et

539 3074 730 3128 reversi
771 3083 892 3127 sunt
937 3072 1006 3124 ad
1059 3070 1374 3140 semetipsos.
1425 3068 1600 3122 Maria
1633 3077 1806 3121 autem
1846 3065 2016 3120 stabat
2043 3063 2110 3117 ad

2203 1901 2355 1958 esset,
2411 1893 2536 1946 dicit
2575 1895 2642 1958 ei,
2701 1895 2926 1961 domine,
2957 1897 3002 1948 si
3029 1905 3085 1948 tu
3135 1897 3394 1950 sustulisti
3447 1913 3599 1964 eum,
3625 1900 3772 1950 dicito

2204 1981 2332 2034 mihi
2347 1982 2436 2036 ubi
2448 1985 2668 2052 posuisti
2689 1995 2888 2049 eutn,et
2909 2001 3000 2055 ego
3023 2001 3138 2040 eum
3160 1988 3340 2040 tollam
3355 1988 3540 2059 (Ioan.
3561 2005 3653 2055 xx,
3674 1990 3772 2058 i5).

2204 2069 2377 2126 Habet
2395 2071 2536 2126 enim
2568 2073 2648 2129 vis
2675 2075 2875 2130 amoris
2901 2076 3001 2130 hoc
3024 2077 3299 2145 proprium
3317 2117 3331 2142 ,
3358 2086 3420 2132 ut
3447 2093 3614 2148 quem
3641 2080 3776 2148 quis-

2204 2176 2309 2232 que
2359 2163 2580 2218 multum
2613 2174 2792 2230 amat,
2819 2180 3010 2222 omnes
3029 2182 3212 2224 amare
3256 2177 3424 2238 putet.
3453 2169 3567 2224 Sed
3597 2187 3702 2224 non
3730 2171 3777 2224 in

2207 2264 2320 2311 toto
2351 2256 2466 2312 haec
2493 2257 2686 2312 mulier
2715 2259 2938 2323 erravit,
2967 2274 3087 2314 cum
3116 2261 3392 2315 dominum
3435 2261 3778 2318 hortulanum

2205 2348 2508 2402 azstimavit.
2541 2349 2692 2403 Sicut
2718 2350 2864 2405 enim
2915 2351 3184 2406 hortulani
3215 2352 3458 2408 ofﬁcium
3487 2367 3574 2409 est
3601 2357 3781 2411 noxias

2206 2436 2402 2491 herbas
2424 2438 2720 2503 eradicare,
2742 2447 2804 2494 ut
2827 2439 2980 2494 bona:
2993 2455 3217 2512 quaeque
3239 2441 3511 2512 proﬁcere
3531 2445 3779 2508 valeant;

2207 2527 2278 2583 ita
2314 2528 2571 2584 Dominus
2597 2527 2754 2584 Jesus
2785 2529 3030 2586 Christus
3054 2531 3121 2587 de
3163 2533 3321 2588 horto
3349 2549 3470 2598 suo,
3507 2534 3564 2590 id
3607 2543 3690 2590 est
3725 2536 3784 2590 de

2205 2616 2450 2672 Ecclesia
2472 2633 2590 2684 sua,
2618 2619 2861 2687 quotidie
2882 2619 3012 2673 vitia
3035 2621 3298 2687 eradicat,
3325 2631 3383 2676 ut
3419 2623 3656 2679 virtutes
3677 2640 3787 2679 cre-

2209 2719 2359 2760 scere
2382 2705 2612 2761 valeant.
2645 2705 2781 2762 Cum
2831 2721 2958 2762 vero
2985 2721 3147 2762 sexus
3193 2709 3458 2764 femineus
3489 2710 3702 2781 fragilis
3724 2713 3789 2766 sit

2210 2795 2277 2850 ad
2311 2809 2475 2850 onera
2525 2795 2768 2864 ferenda,
2804 2798 2915 2852 haic
2961 2807 3181 2867 propter
3227 2799 3428 2854 amoris
3462 2801 3787 2870 magnitudi-

2212 2902 2354 2951 nem,
2408 2886 2522 2942 leve
2543 2897 2599 2942 et
2645 2889 2900 2957 possibile
2945 2888 3331 2955 arbitrabatur,
3360 2890 3551 2945 dicens
3584 2905 3600 2945 :
3637 2891 3702 2946 Si
3741 2904 3789 2944 tu

2210 2976 2469 3030 sustulisti
2491 2993 2630 3042 eum,
2653 2977 2810 3032 dicito
2830 2979 2956 3032 mihi
2979 2979 3067 3032 ubi
3088 2980 3307 3050 posuisti
3326 2995 3471 3045 eum,
3497 2990 3546 3034 et
3567 2997 3665 3050 ego
3680 2998 3790 3034 eest

2213 3067 2414 3121 tollam.
2446 3066 2586 3120 Dicit
2618 3069 2665 3122 ei
2695 3066 2872 3134 Iesus,
2909 3067 3104 3123 Maria.
3153 3069 3427 3125 Conversa
3478 3071 3573 3124 illa
3609 3071 3742 3126 dicit
3778 3090 3788 3122 :

540 3172 932 3216 monumentum
971 3161 1099 3229 [oris
1137 3159 1347 3229 plorans
1374 3157 1553 3228 (Ioan.
1583 3172 1674 3223 xx,
1704 3156 1760 3221 ἓ,
1785 3157 1842 3220 5,
1878 3155 1970 3220 10,
2003 3154 2110 3224 il).
2141 3173 2186 3234 ε
2218 3155 2474 3221 Rabboni,
2501 3161 2638 3227 quod
2660 3157 2856 3213 dicitur
2883 3157 3150 3229 Magister.
3183 3157 3317 3212 Dicit
3351 3161 3401 3213 ei
3431 3159 3594 3215 Iesus
3625 3181 3644 3217 :
3669 3160 3790 3215 Noli

541 3251 1003 3306 Considerandum
1033 3259 1116 3304 cst
1143 3250 1244 3304 hoc
1272 3249 1411 3313 loco,
1433 3247 1590 3315 hujus
1613 3245 1854 3300 mulieris
1882 3253 2112 3299 mentem

543 3351 781 3412 quantus
812 3356 964 3394 amor
995 3340 1204 3394 Domini
1229 3339 1569 3404 accenderat,
1593 3353 1732 3407 quae,
1761 3336 1924 3392 etiam
1955 3335 2116 3390 disci-

542 3434 683 3504 pulis
713 3449 744 3486 a
772 3439 1117 3487 monumento
1143 3431 1356 3486 Domini
1390 3429 1786 3494 recedentibus,
1818 3435 1924 3483 nan
1948 3427 2120 3481 disce-

548 3525 729 3578 debat.
762 3523 829 3577 Et
867 3523 989 3592 quia
1028 3521 1096 3576 ab
1143 3521 1488 3591 inquisitione
1522 3537 1628 3576 non
1663 3519 1914 3584 cessavit,
1945 3517 2118 3588 prima

547 3613 734 3668 videre
759 3613 972 3668 meruit.
1001 3611 1255 3666 Plorabat
1279 3627 1425 3683 ergo,
1450 3612 1574 3680 quia
1596 3625 1754 3680 quem
1779 3609 2002 3665 multum
2028 3609 2122 3663 de-

550 3705 824 3759 siderabat
870 3718 974 3757 non
1029 3702 1266 3758 videbat.
1300 3702 1571 3768 Plorabat,
1617 3702 1743 3772 quia
1794 3715 1989 3770 corpus
2019 3698 2122 3755 Do-

549 3793 680 3847 mini
725 3796 791 3849 de
841 3801 1188 3848 monumento
1234 3791 1468 3847 furatum
1525 3792 1768 3860 putabat.
1818 3790 1952 3843 Dum
1995 3801 2124 3843 vero

547 3882 721 3948 ﬂeret,
766 3883 1046 3937 inclinavit
1089 3897 1167 3945 se,
1221 3892 1277 3938 et
1321 3883 1598 3954 prospexit
1650 3882 1704 3936 in
1750 3888 2120 3934 monumento.

548 3973 667 4028 lam
695 3974 839 4028 enim
884 3981 1289 4028 monumentum
1316 3987 1546 4026 vacuum
1574 3971 1802 4036 viderat,
1850 3978 1906 4023 et
1949 3968 2126 4023 Domi-

549 4083 680 4120 num
706 4065 942 4120 furatum
974 4066 1042 4121 de
1081 4075 1430 4120 monumento
1457 4063 1734 4134 discipulis
1762 4062 2122 4117 nuntiaverat.

552 4156 690 4221 Quid
713 4156 960 4225 estquod
992 4155 1189 4210 iterum
1228 4168 1286 4209 se
1327 4153 1570 4220 inclinat,
1607 4153 1708 4208 nisi
1757 4152 1882 4222 quia
1932 4151 2127 4206 iterum

556 4248 740 4302 videre
774 4248 1078 4305 desiderat?
1111 4245 1272 4301 Verbi
1320 4247 1520 4316 gratia,
1553 4245 1693 4300 sicut
1721 4246 1847 4301 dum
1892 4245 2128 4315 aliquam

557 4353 670 4390 rem
701 4339 1015 4404 amittimus,
1047 4339 1294 4408 quamvis
1323 4338 1428 4392 huc
1454 4338 1685 4407 illucque
1706 4338 1902 4409 saepius
1923 4337 2128 4392 discur-

558 4431 724 4484 rendo
753 4445 1079 4499 qumramus,
1103 4432 1167 4486 ad
1193 4431 1338 4485 illum
1373 4441 1550 4486 tamen
1589 4431 1784 4501 sacpius
1817 4431 1993 4485 locum
2019 4430 2129 4485 dis-

2217 3266 2297 3304 me
2344 3260 2554 3321 tangere
2591 3250 2800 3315 (Ibid).
2834 3251 2970 3318 Quia
3014 3251 3270 3306 Dominus
3315 3253 3573 3321 superius
3615 3255 3792 3307 mulio

2218 3354 2330 3394 rem
2367 3342 2638 3396 communi
2658 3357 2789 3397 sexu
2832 3356 2951 3398 eam
2990 3341 3300 3411 appellavit,
3328 3351 3386 3396 et
3414 3344 3670 3413 cognitus
3695 3360 3794 3398 non

2217 3439 2302 3487 est
2333 3447 2350 3487 :
2386 3432 2598 3487 vocavit
2618 3445 2739 3487 eam
2770 3433 2992 3504 proprio
3014 3432 3254 3498 nomine,
3291 3441 3351 3486 ut
3379 3433 3578 3488 saltem
3609 3449 3796 3504 cogno-

2219 3528 2461 3576 scentem
2487 3536 2544 3576 se
2568 3532 2939 3592 cognosceret.
2965 3522 3056 3577 Ait
3073 3522 3242 3588 enim,
3267 3521 3470 3576 Maria.
3501 3523 3644 3578 Cum
3665 3526 3794 3578 enim

2221 3611 2362 3680 apud
2394 3611 2680 3666 Dominum
2729 3621 2911 3669 certus
2934 3612 3003 3668 sit
3048 3627 3306 3667 numerus
3335 3611 3670 3678 electorum,
3699 3628 3797 3666 ms-

2219 3717 2323 3771 gna
2345 3703 2520 3772 gratia
2569 3702 2677 3757 ilhs
2703 3702 2881 3768 datur,
2923 3703 3014 3772 qui
3055 3701 3285 3772 propriis
3332 3703 3656 3757 nominibus
3702 3703 3798 3756 Deo

2223 3792 2336 3846 noti
2357 3806 2476 3848 esse
2502 3791 2933 3847 manifestantur.
2989 3792 3176 3859 Qualis
3219 3801 3342 3847 erat
3377 3791 3599 3862 Moyses
3621 3793 3708 3847 cui
3729 3792 3799 3845 di-

2223 3891 2367 3935 ctum
2398 3891 2482 3937 est
2511 3899 2526 3935 :
2555 3882 2700 3936 Novi
2727 3893 2775 3936 te
2801 3898 2866 3937 ea:
2895 3883 3101 3936 nomine
3147 3881 3345 3951 (Exod.
3389 3882 3620 3951 xxxiii).
3664 3881 3799 3936 Unde

2223 3973 2416 4029 mulier
2454 3983 2742 4045 postquam
2783 3974 3003 4045 proprio
3048 3973 3266 4028 nomine
3295 3987 3326 4026 a
3355 3973 3594 4028 Domino
3625 3986 3800 4028 vocata

2224 4072 2308 4117 est
2341 4079 2354 4116 :
2387 4063 2572 4118 statim
2638 4071 3051 4133 cognoscentem
3099 4076 3160 4117 se
3207 4066 3535 4133 recognovit
3606 4064 3798 4123 dicens,

2225 4151 2477 4217 Rabboni,
2501 4155 2639 4225 quod
2671 4153 2869 4208 dicitur
2894 4153 3166 4225 Magister.
3182 4153 3306 4208 llzec
3329 4163 3522 4208 autem
3541 4155 3801 4224 inquiens,

2227 4243 2370 4300 illico
2394 4246 2598 4299 corruit
2626 4247 2679 4299 in
2710 4254 2930 4310 terram,
2957 4243 3144 4298 volens
3190 4243 3472 4297 adorando
3504 4244 3672 4312 pedes
3696 4243 3802 4311 eius

2229 4342 2433 4400 tenere,
2490 4348 2879 4405 recognoscens
2909 4347 3054 4399 eum,
3105 4343 3292 4389 vocata
3348 4331 3420 4386 ab
3447 4332 3570 4400 ipso
3613 4348 3680 4387 ex
3715 4347 3802 4386 no-

2228 4429 2392 4482 mine.
2423 4427 2574 4483 Cuia
2602 4429 2826 4483 Domino
2863 4429 3062 4483 dicitur
3093 4445 3106 4480 :
3141 4425 3268 4480 Noli
3323 4441 3408 4479 me
3446 4437 3683 4497 tangere.
3713 4422 3804 4478 Ubi

558 4522 830 4578 currimus
859 4531 913 4576 et
940 4521 1279 4590 respicimus,
1307 4521 1396 4576 ubi
1435 4535 1555 4576 eam
1598 4521 1842 4591 posuisse
1883 4521 2127 4574 memiui-
2155 4521 2204 4580 D
2230 4532 2337 4572 non
2360 4526 2443 4571 est
2466 4515 2757 4586 putandum
2789 4516 2931 4585 quod
2961 4524 3081 4586 post
3115 4516 3586 4570 resurrectionem
3618 4523 3805 4569 tactum

558 4635 701 4674 mus.
732 4617 808 4672 lta
837 4625 892 4672 et
922 4617 1035 4671 haec
1063 4623 1251 4670 sancta
1274 4616 1485 4681 mulier,
1509 4615 1754 4686 quamvis
1775 4617 1878 4669 huc
1897 4614 2128 4684 illucque

559 4717 807 4766 curreret
839 4723 1036 4778 corpus
1063 4707 1276 4762 Domini
1329 4722 1606 4777 quaerens;
1655 4707 1814 4761 anxia
1855 4713 2034 4760 tamen
2063 4705 2128 4759 de

558 4799 676 4871 ejus
717 4799 983 4864 absentia,
1033 4797 1347 4868 frequenter
1396 4807 1800 4852 monumentum
1839 4795 2133 4865 aspiciebat

559 4892 650 4944 ubi
681 4906 804 4947 cum
835 4888 1066 4960 positum
1095 4895 1336 4941 noverat.
1370 4885 1521 4942 Unde
1564 4886 1663 4940 etsi
1695 4885 1977 4940 Dominum
2022 4894 2134 4939 sta-

561 4981 659 5034 tim
703 4980 886 5035 videre
936 4993 1041 5034 non
1089 4977 1306 5042 meruit,
1354 4977 1668 5046 angelorum
1719 4983 1896 5030 tamen
1924 4975 2128 5030 visione

561 5073 766 5108 “vivata
795 5087 900 5108 smn
927 5080 1006 5108 ραι
1059 5069 1192 5108 Nam
1221 5069 1347 5108 vidit
1389 5069 1524 5108 cinna
1565 5065 1781 5108 ancillae
1807 5065 1858 5108 in
1889 5064 2026 5108 alliic
2051 5080 2135 5106 ερ-

2231 4605 2470 4660 renuerit
2521 4604 2874 4670 feminarum;
2905 4618 3028 4658 cum
3061 4605 3130 4658 de
3163 4602 3372 4658 duobus
3399 4618 3434 4657 a
3465 4612 3807 4657 monumento

2231 4695 2376 4750 illius
2434 4693 2810 4748 recedentibus
2857 4693 3060 4748 dictum
3091 4693 3182 4757 sit,
3208 4692 3355 4762 quod
3383 4699 3808 4747 accesseruntet

2235 4793 2524 4841 tenuerunt
2559 4785 2722 4855 pedes
2763 4784 2898 4854 ejus.
2933 4784 3038 4838 Sed
3075 4783 3196 4837 ideo
3226 4798 3257 4837 a
3283 4797 3384 4838 suo
3417 4795 3674 4839 contactu
3697 4797 3810 4852 pro-

2235 4876 2426 4939 hibuit,
2465 4875 2717 4944 quoniam
2747 4871 2864 4942 ejus
2905 4880 3139 4928 mentem
3183 4873 3362 4927 adhuc
3408 4874 3711 4943 perfectam
3760 4873 3806 4923 in

2238 4967 2342 5022 fide
2384 4980 2492 5022 non
2532 4965 2702 5022 sensit
2728 4984 2740 5019 :
2766 4963 2980 5035 quando
3017 4964 3300 5019 Dominum
3349 4963 3632 5019 viventem
3674 4966 3809 5018 inter

2237 5066 2481 5106 mortuos
2511 5055 2840 5104 requirebat.
2894 5054 3072 5100 ﬂuxam
3099 5064 3278 5102 autem
3309 5054 3380 5102 ab
3409 5055 3530 5102 ἰηςει
3571 5071 3631 5100 cp.
3676 5054 3809 5100 tangi
