3964 5360
200 443 302 500 ’ΖΞΙ

1484 443 1853 503 SERMONES
1886 444 2210 514 QUINQUE.

3354 442 3459 500 72!

200 552 575 622 vinitatisejus
588 554 882 626 potentiam
897 562 1244 628 cognoverat,
1271 557 1538 626 prohibita
1553 566 1637 613 est
1661 566 1786 612 tunc
1816 560 1860 618 Α
1887 555 2006 620 bus,
2041 565 2095 611 et
2122 556 2369 611 allectum
2396 557 2694 614 devotionis
2723 574 2942 626 augere,
2979 568 3033 614 et
3061 557 3301 628 spiritale
3326 573 3461 628 gau-

204 661 281 702 ne
298 654 542 718 tangeret
555 647 720 716 pedes
732 646 868 718 ejus.
889 646 1034 704 Vade
1047 656 1226 704 autem
1243 649 1309 704 ad
1324 646 1520 704 fratres
1534 663 1702 714 meos,
1734 656 1791 703 et

201 734 296 792 die
325 737 436 792 eis:
459 737 696 792 Ascendo
719 739 788 791 ad
815 747 1014 809 patrem
1037 755 1206 792 meum
1228 749 1274 792 et
1304 750 1502 807 putrem
1535 748 1788 804 vestrum,

217 825 389 878 Deum
430 842 602 880 meum
640 838 687 882 et
723 827 890 882 Deum
931 837 1176 882 vestrum.
1229 827 1378 882 Venit
1412 839 1585 882 autem
1616 827 1789 882 Maria

205 918 457 970 nuntians
471 917 740 988 discipulis
759 919 883 989 quia
904 918 1008 974 vidi
1031 917 1331 983 Dominum,
1351 930 1398 974 et
1427 921 1538 973 Ita'c
1562 920 1688 972 mihi
1708 919 1787 973 di-

201 1007 283 1059 ,τη
313 1005 524 1078 (Ibid.).
546 1007 976 1064 Clementissima
1001 1022 1234 1078 namque
1256 1007 1350 1062 Dei
1375 1009 1572 1078 pietas,
1612 1009 1664 1062 in
1689 1010 1791 1064 hoc

204 1093 328 1150 loco
349 1111 475 1166 erga
501 1090 788 1151 femineum
821 1113 991 1168 genus
1011 1097 1335 1153 declaratur.
1367 1098 1501 1165 Quia
1525 1099 1667 1154 enim
1691 1113 1790 1170 per

205 1186 464 1242 feminam
489 1202 634 1242 mors
660 1188 860 1242 mundo
886 1188 1034 1242 illata
1058 1187 1263 1255 fuerat,
1280 1204 1346 1245 ne
1365 1206 1580 1260 semper
1609 1190 1662 1246 in
1694 1206 1785 1260 op-

201 1278 485 1350 probrium
503 1295 664 1335 sexus
681 1277 947 1336 femineus
968 1279 1262 1336 haberetur
1277 1322 1292 1347 ,
1314 1297 1408 1352 per
1421 1298 1609 1338 sexum
1628 1283 1789 1338 femi-

205 1386 372 1425 neum
389 1371 553 1425 voluit
569 1371 820 1427 nuntiare
843 1371 974 1426 viris
989 1371 1185 1443 gaudia
1210 1373 1644 1430 Resurrectionis
1663 1393 1677 1441 ;
1696 1391 1792 1446 per

202 1476 368 1532 quem
408 1463 654 1517 nuntiata
685 1462 865 1518 fuerat
889 1465 1107 1519 tristitia
1131 1467 1342 1522 mortis.
1369 1466 1447 1522 Ac
1491 1468 1535 1524 si
1581 1469 1787 1524 dicere-

205 1561 299 1605 tur
328 1568 340 1603 :
373 1550 450 1607 De
475 1550 625 1621 cujus
655 1568 815 1608 manu
857 1555 1133 1624 sumpsisti
1187 1556 1436 1625 poculum
1486 1560 1696 1627 mortis,
1721 1560 1790 1615 ab

201 1643 328 1711 ejus
354 1660 450 1700 ore
502 1646 690 1701 audire
715 1646 908 1716 gaudia
937 1645 1396 1704 Resurrcctionis.
1433 1650 1496 1704 Et
1533 1651 1673 1706 sicut
1695 1666 1794 1721 per

203 1733 423 1789 beatam
452 1733 674 1790 Mariam
701 1751 916 1806 semper
940 1737 1202 1805 virginem
1227 1754 1345 1807 qua:
1378 1754 1500 1809 spes
1520 1749 1603 1796 est
1632 1742 1791 1796 unica

205 1827 416 1891 mundi,
452 1828 684 1896 paradisi
716 1838 884 1898 portze
918 1830 1073 1885 nobis
1113 1838 1238 1885 sunt
1283 1839 1503 1899 apertae,
1532 1842 1588 1888 et
1625 1833 1789 1888 male-

1894 645 2040 700 dium
2065 645 2258 702 all‘erre
2291 647 2588 702 consuevit.
2615 646 2804 704 Merito
2831 648 3089 719 siquidem
3139 648 3269 704 tanti
3295 648 3464 718 patris

1893 737 2166 792 memoria:
2188 737 2347 792 iidem
2370 737 2550 792 fideles
2562 739 2900 808 congaudent
2922 754 2936 792 :
2961 748 3018 793 ut
3039 738 3166 793 illud
3191 736 3465 807 prophetic

1892 842 2014 881 eum
2041 826 2364 896 impleatur:
2398 825 2564 880 Dicite
2575 826 2723 896 justo
2746 829 2990 896 quoniam
3022 830 3144 881 bene
3191 825 3327 894 (Isa.
3377 839 3459 885 Ill.

1895 916 2006 986 l0).
2037 916 2101 970 Et
2127 916 2253 970 item
2283 934 2296 971 :
2340 915 2596 970 Memoria
2616 915 2751 984 justi
2778 932 2895 969 cum
2923 915 3166 970 laudibus
3196 914 3380 984 (Prov.
3405 930 3460 977 x,

1892 1009 1970 1077 7).
2016 1008 2243 1064 Constat
2287 1007 2432 1063 enim
2490 1008 2632 1076 quod
2681 1021 3113 1078 unumquemque
3153 1015 3463 1062 sanctorum

1889 1098 2197 1156 Christiana
2250 1099 2422 1168 pietas
2466 1105 2614 1154 tanto
2659 1097 3020 1152 venerabilius
3065 1097 3211 1162 colit,
3263 1105 3468 1167 quanto

1889 1191 2087 1248 celsius
2113 1192 2258 1247 hunc
2288 1206 2319 1246 a
2342 1191 2453 1246 Deo
2481 1191 2792 1246 decoratum
2822 1189 3154 1260 cognoverit.
3209 1188 3364 1245 Unde
3410 1196 3468 1244 et

1894 1285 2054 1340 istum
2081 1291 2314 1353 patrem,
2341 1282 2523 1338 divino
2571 1282 2805 1351 quodam
2870 1280 3130 1336 instinctu
3177 1280 3468 1350 specialius

1892 1384 2059 1439 amat,
2085 1373 2308 1446 ejusque
2338 1374 2651 1428 memoriam
2673 1372 2882 1428 dulcius
2913 1379 3176 1426 recenset.
3203 1370 3468 1434 Nimirum

1893 1481 2000 1519 non
2057 1464 2262 1528 nescia,
2313 1465 2456 1532 quod
2508 1464 2654 1519 illum
2716 1464 3061 1534 omnipotens
3110 1463 3271 1528 Deus,
3327 1462 3470 1517 inter

1893 1569 2133 1612 summos
2153 1563 2208 1610 et
2230 1554 2430 1609 electos
2451 1563 2650 1609 sancta:
2679 1553 2928 1609 Ecclesia:
2956 1552 3168 1617 Patres,
3195 1553 3390 1618 mirum
3415 1550 3468 1605 in

1893 1647 2114 1700 modum
2143 1646 2411 1716 provexit,
2439 1654 2492 1702 et
2529 1646 2670 1701 inter
2695 1655 2898 1700 sancta:
2948 1645 3069 1700 fidei
3133 1643 3470 1702 l’undatores.

1891 1752 1956 1792 ac
1983 1737 2220 1793 cmlestis
2244 1737 2540 1808 disciplina:
2563 1753 2838 1801 censores,
2884 1737 3168 1806 insigniter
3210 1735 3471 1792 sublima-

1895 1831 1994 1884 vit.
2025 1829 2256 1900 Quippe,
2279 1845 2441 1901 quem
2491 1830 2660 1885 sancti
2716 1829 2952 1899 Spiritus
3009 1829 3300 1892 charisma,
3353 1835 3468 1880 tum

203 1916 382 1972 dictio
409 1917 628 1974 exclusa
654 1918 806 1985 Evte;
851 1918 923 1973 ita
948 1933 1043 1988 per
1076 1919 1292 1974 beatam
1323 1919 1546 1974 Mariam
1581 1921 1795 1992 Magda-
1822 1909 1868 1969 Β
1898 1920 2282 1976 miraculorum
2308 1920 2494 1992 signis,
2521 1930 2634 1975 tum
2674 1919 2931 1974 virtutum
2963 1918 3204 1975 exercitu
3236 1917 3469 1972 adorna-

202 2006 385 2062 lcnam
435 2010 782 2080 opprobrium
828 2010 1048 2066 feminei
1102 2026 1264 2066 sexus
1324 2011 1556 2066 deletmn
1604 2022 1706 2080 est,
1735 2020 1792 2068 ct

203 2098 465 2168 splendor
490 2108 686 2156 nostra:
726 2099 1166 2156 Rcsurrcetionis
1202 2101 1255 2156 in
1292 2103 1567 2157 Dominica
1610 2119 1794 2159 resur-

204 2189 451 2244 rectione
481 2199 722 2258 exortus,
753 2191 822 2246 ab
855 2205 917 2244 ea
949 2191 1264 2262 propinatns
1298 2201 1401 2247 est.
1451 2192 1605 2249 Unde
1655 2193 1791 2250 bene

205 2278 379 2333 Maria
405 2279 795 2351 interpretatur
818 2281 972 2338 stella
997 2283 1187 2339 maris.
1233 2281 1362 2350 Qua:
1411 2283 1790 2356 interpretatio

201 2371 460 2440 quamvis
497 2371 588 2426 Dei
613 2373 864 2442 genitriei
893 2374 1203 2444 specialiter
1235 2385 1518 2447 congruat,
1547 2392 1646 2447 per
1699 2393 1792 2434 cu-

195 2461 291 2530 jus
323 2471 538 2531 partum
571 2463 871 2535 virgineum
929 2465 1020 2522 Sol
1055 2465 1280 2535 justitia:
1314 2469 1515 2524 mundo
1552 2470 1791 2540 resplclo

206 2553 351 2619 duit,
379 2563 555 2609 tamen
587 2565 642 2612 et
681 2556 852 2613 beata:
892 2557 1222 2630 Magdalena:
1255 2571 1431 2631 potest
1469 2578 1790 2634 congruere,

203 2664 333 2718 qua:
391 2665 513 2704 cum
566 2651 904 2707 aromatibus
954 2654 1180 2708 veniens
1217 2655 1285 2708 ad
1330 2654 1634 2725 sepulcrum
1686 2657 1790 2712 Do-

207 2738 366 2802 mini,
417 2741 592 2808 prima
648 2741 987 2812 splendorem
1047 2744 1339 2800 Dominica:
1381 2747 1794 2803 resurrectionis

209 2832 416 2887 nume
446 2833 734 2888 nuntiavit.
769 2835 836 2890 Et
861 2836 905 2890 si
930 2835 1175 2907 discipuli
1202 2837 1318 2893 ideo
1341 2839 1569 2908 apostoli
1597 2841 1790 2908 vocati,

205 2923 334 2993 quia
374 2924 521 2979 missi
553 2933 679 2980 sunt
709 2927 778 2982 ab
803 2926 919 2998 ipso
939 2927 1004 2981 ad
1026 2928 1426 2998 praedicandum
1443 2929 1792 3003 Evangelium

204 3013 358 3067 omni
395 3023 678 3080 creatura',
728 3031 828 3071 nec
856 3016 1033 3072 minus
1062 3020 1219 3072 beata
1258 3018 1428 3074 Maria
1479 3019 1790 3090 Magdalene

207 3102 280 3156 ab
307 3102 425 3172 ipso
451 3103 681 3159 Domino
713 3105 984 3161 destinata
1011 3116 1096 3162 est
1123 3108 1188 3162 ad
1219 3109 1510 3176 apostolos,
1527 3119 1792 3180 quatenus

206 3195 544 3252 dubietatem
591 3204 647 3252 et
705 3198 1140 3256 incredulitatem
1199 3215 1308 3256 sua:
1334 3199 1791 3269 Resurreetisnis,

209 3284 281 3338 ab
310 3285 524 3341 illorum
553 3289 806 3344 cordibus
838 3299 1159 3346 removeret.
1191 3291 1269 3348 Te
1321 3309 1451 3364 ergo
1502 3295 1791 3364 supplices,

208 3391 548 3445 qumsumus,
597 3379 844 3447 Domine,
896 3393 953 3438 ut
997 3384 1088 3454 qui
1140 3385 1215 3439 illi
1267 3395 1368 3441 tua:
1413 3387 1796 3447 misericordia:

214 3481 424 3524 tantam
453 3473 729 3528 contulisti
779 3475 1033 3546 gratiam,
1084 3477 1240 3534 nobis
1299 3479 1467 3550 ipsius
1513 3482 1796 3552 pr0pitiari

208 3559 456 3630 digneris
510 3563 740 3630 meritis,
791 3575 1059 3636 quatenus
1111 3568 1204 3638 qui
1261 3578 1573 3624 nostrorum
1618 3572 1795 3626 obruti

210 3651 431 3706 sarcina
459 3665 825 3723 peccatorum,
855 3674 960 3714 non
1000 3659 1245 3716 valemus
1270 3662 1517 3718 obtinere
1556 3664 1794 3727 veniam,

211 3740 382 3810 ipsius
414 3743 504 3812 pio
545 3745 873 3816 suffragante
914 3750 1218 3820 patrocinio
1269 3767 1390 3822 qua:
1437 3753 1531 3808 tibi
1580 3755 1797 3819 devote,

210 3834 325 3888 imo
349 3835 660 3904 specialiter
681 3841 922 3906 servivit,
979 3842 1032 3896 in
1090 3842 1309 3910 saeculo,
1361 3860 1618 3916 nuncquc
1673 3862 1796 3902 eum

209 3925 422 3995 angelis
447 3927 712 3984 claritatis
733 3931 1018 4000 perfruens
1039 3932 1208 4002 gloria
1237 3933 1534 4005 triumphat
1560 3936 1613 3991 in
1636 3936 1798 4004 cwlo,

207 4012 376 4068 solito
397 4014 682 4073 charitatis
729 4020 946 4076 radians
986 4019 1198 4093 fulgore
1243 4024 1482 4080 omnium
1511 4025 1798 4082 criminum

207 4116 378 4162 exuat
419 4107 560 4172 labe.
589 4117 753 4180 atque
792 4128 1081 4184 supernam
1129 4130 1229 4172 suo
1267 4126 1487 4185 precatu
1533 4120 1694 4174 ducat
1731 4118 1799 4174 ad

207 4197 474 4267 patriam,
521 4216 630 4271 quo
676 4202 903 4260 laureati
953 4206 1122 4274 ipsius
1173 4215 1454 4263 consortes
1507 4206 1801 4264 efﬁciamur

187 4287 422 4360 ροηδε,
451 4300 503 4346 te
526 4303 801 4350 annuente.
829 4295 922 4364 qui
953 4295 1108 4361 vivis,
1131 4303 1236 4351 etc.

832 4426 1066 4484 SERMO
1094 4427 1177 4482 Ill.

562 4549 629 4589 DE
659 4549 864 4592 SANCTO
898 4550 1194 4592 BENEDICTO
1221 4552 1446 4593 ΔΒΒΑΤΕ.

1893 2010 1990 2074 vit,
2021 2019 2080 2064 ut
2108 2011 2300 2081 dignus
2336 2010 2390 2064 in
2421 2011 2621 2065 mundo
2649 2017 2954 2079 appareret,
2978 2022 3075 2078 per
3099 2021 3258 2076 quem
3285 2002 3468 2061 excel-

1894 2101 2054 2156 sioris
2091 2101 2300 2157 ordinis
2345 2101 2742 2156 multitudinem
2791 2099 3128 2156 informaret.
3183 2099 3309 2154 Inde
3363 2106 3470 2160 est,

1892 2191 2034 2260 quod
2063 2199 2120 2246 et
2149 2191 2201 2244 in
2235 2192 2337 2246 hac
2364 2191 2796 2258 solemnitate,et
2818 2192 2872 2246 in
2899 2191 3023 2246 aliis
3050 2199 3240 2246 saneto
3266 2188 3471 2244 nomini

1892 2283 2010 2352 ejus
2038 2282 2253 2349 dicatis,
2289 2284 2505 2353 quoties
2536 2283 2588 2337 in
2622 2298 2781 2348 anno,
2819 2283 2931 2338 suis
2965 2282 3298 2352 temporibus
3345 2293 3470 2336 eve-

1893 2375 2084 2441 niunt;
2128 2383 2236 2428 tam
2266 2374 2456 2428 devote
2485 2383 2698 2442 tamque
2726 2373 2974 2438 libenter,
2995 2380 3050 2428 et
3071 2387 3139 2427 ex
3165 2371 3329 2426 tantis
3354 2385 3472 2440 par-

1897 2467 2062 2533 tibus,
2099 2468 2167 2522 ad
2198 2464 2314 2534 ejus
2345 2474 2748 2542 sacrosanctum
2789 2463 3052 2518 tumulum
3099 2461 3234 2516 tanti
3281 2475 3472 2515 accur-

1896 2569 2040 2613 runt.
2082 2557 2217 2614 Nam
2250 2574 2356 2613 non
2393 2557 2593 2628 quique
2614 2569 2892 2626 pagenses,
2923 2569 3110 2610 verum
3136 2553 3297 2608 etiam
3321 2551 3472 2621 plebs

1897 2652 2126 2716 urbana,
2155 2651 2425 2706 nobilibus
2473 2649 2607 2704 viris
2645 2654 2917 2713 conserta,
2951 2645 3270 2701 clericorum
3306 2642 3471 2697 etiam

1898 2743 2140 2800 honestis
2184 2742 2337 2812 quasi
2386 2739 2630 2796 inﬂorata
2683 2738 2952 2809 personis,
3003 2735 3303 2792 laetabunda
3343 2749 3471 2788 con-

1896 2832 2038 2898 ﬂuit,
2065 2839 2121 2886 et
2150 2846 2438 2890 commune
2467 2829 2822 2900 patrocinium
2846 2827 3035 2883 devota
3067 2825 3312 2896 requirit.
3339 2822 3473 2876 Nam

1897 2920 2054 2992 quasi
2085 2935 2279 2992 parum
2315 2933 2436 2974 esse
2493 2917 2760 2974 desiderio
2807 2916 3121 2971 devotorum
3169 2913 3308 2969 Deus
3350 2927 3475 2984 pro-

1897 3011 2152 3082 spiceret,
2203 3010 2249 3066 si
2291 3009 2457 3065 semel
2513 3017 2720 3064 tantum
2769 3008 2822 3062 in
2873 3022 3035 3074 anno,
3079 3006 3474 3063 solemnitatem

1895 3102 2137 3173 ejusdem
2155 3091 2336 3172 'patris
2366 3098 2552 3156 ﬁdeles
2593 3097 2889 3154 coluissent
2939 3116 2952 3152 :
2997 3099 3232 3154 existere
3281 3111 3476 3152 causas

1897 3192 2174 3266 prtestitit,
2203 3192 2402 3262 quibus
2423 3199 2477 3249 et
2505 3190 2641 3247 alias
2667 3191 3036 3247 solemnitates
3082 3189 3276 3259 gaudio
3321 3186 3478 3243 Chri-

1821 3261 1866 3323 Ο
1897 3261 2197 3338 stianorum
2221 3261 2515 3354 adaugeret
2547 3280 2715 3352 (123).
2742 3279 2817 3334 De
2845 3287 3026 3335 sancta
3057 3278 3308 3334 videlicet
3336 3275 3478 3334 illius

1900 3374 2268 3441 translatione,
2301 3389 2403 3430 nec
2434 3388 2540 3428 non
2568 3380 2622 3428 et
2671 3367 3480 3440 tumulationc,quasdivinitus

1897 3483 2020 3524 esse
2049 3463 2544 3536 dispositas,multa
2572 3462 2847 3533 signorum
2878 3460 3201 3516 documenta
3223 3458 3475 3528 produnt.

1897 3557 2016 3625 Quo
2045 3554 2294 3610 videlicet
2332 3553 2384 3607 in
2417 3551 2533 3606 loco
2564 3561 2734 3614 tanta,
2754 3558 2811 3603 ut
2844 3549 2917 3602 ita
2936 3548 3186 3612 dixerim,
3207 3558 3312 3602 tam
3341 3547 3477 3600 mira

1899 3643 2180 3708 miracula,
2223 3652 2278 3696 et
2327 3641 2380 3695 in
2412 3639 2691 3708 Scriptura
2741 3636 3052 3692 referuntur
3093 3645 3266 3706 gesta,
3293 3642 3345 3687 ct
3379 3634 3480 3688 sub

1898 3735 2068 3793 oculis
2097 3740 2305 3803 patrata
2337 3730 2820 3802 dignoscantur,ut
2848 3727 3086 3798 ipsorum
3116 3725 3290 3796 fulgor
3313 3725 3477 3779 etiam

1899 3840 2143 3897 quosque
2170 3831 2409 3879 remotos
2428 3821 2496 3876 ad
2517 3820 2634 3892 ejus
2657 3819 3014 3876 reverentiam
3038 3819 3278 3876 excitare
3295 3828 3484 3886 potueo

1900 3919 1988 3974 rit.
2024 3916 2185 3984 Quae,
2234 3916 2362 3972 licet
2403 3913 2639 3969 instante
2683 3911 2798 3982 jam
2849 3919 3092 3982 tempore
3138 3906 3479 3972 Antichristi,

1899 4009 2051 4079 cujus
2105 4008 2330 4077 faciem,
2387 4013 2446 4060 ut
2485 4003 2745 4074 scriptum
2796 4011 2910 4070 est,
2972 4001 3226 4073 prwcedet
3280 4009 3482 4071 egestas

1901 4100 2021 4173 (Job
2059 4115 2168 4165 xu,
2200 4098 2320 4169 l5),
2357 4109 2575 4154 cessare
2599 4094 2911 4160 videantur;
2939 4092 3279 4164 praestantior
3303 4100 3480 4146 tamen

1900 4194 2106 4248 sanitas
2128 4190 2320 4246 anima:
2341 4202 2555 4260 semper
2573 4187 2689 4257 ejus
2711 4187 2919 4242 meritis
2940 4187 3163 4242 obtenta
3187 4186 3478 4255 prmbetur.

1899 4283 2128 4339 Cessare
2153 4289 2330 4338 autem
2363 4279 2543 4335 divina
2578 4276 2860 4342 miracula,
2909 4275 2994 4331 vel
3046 4277 3137 4341 ibi,
3191 4276 3273 4331 vel
3322 4275 3479 4338 alias.

1901 4382 2211 4428 nostrorum
2262 4370 2556 4427 enormitas
2596 4367 2969 4439 peccaminum
3021 4367 3151 4422 facit
3185 4385 3198 4422 :
3233 4367 3325 4437 qui
3361 4375 3486 4438 post

1900 4465 2191 4521 revelatam
2239 4461 2438 4517 Christi
2496 4461 2725 4532 gratiam
2773 4468 2921 4515 retro
2974 4475 3162 4515 sumus
3207 4459 3474 4514 conversi.

1974 4555 2050 4611 De
2093 4554 2210 4626 ipso
2249 4553 2445 4624 quippe
2476 4552 2702 4606 Domino
2728 4548 2855 4606 Jesu
2891 4549 3108 4607 Christo
3142 4548 3482 4620 perhibetur,

282 4612 434 4717 (ιὲξ)
458 4647 670 4704 chtiva
695 4649 1625 4716 beatissimiBenedictisolemnitas,
1642 4649 1800 4704 Chri-
1826 4609 1878 4670 D
1904 4609 2042 4716 quia
2056 4609 2283 4714 prbptcr
2305 4609 2725 4697 obcaecationem
2770 4638 3002 4694 inﬁdelis
3051 4609 3248 4709 populi,
3280 4609 3482 4691 nullam

204 4750 294 4797 sto
318 4739 552 4797 Domino
574 4743 900 4813 propitiante
932 4742 1177 4813 refulget,
1206 4757 1326 4812 qua:
1356 4740 1590 4796 fidelium
1615 4740 1795 4796 cordi-

284 4853 435 4922 (ΕΞ)
475 4851 683 4908 Festive
714 4853 781 4908 Β.
814 4852 1082 4907 Benedicti
1111 4851 1430 4906 solemnitas.
1479 4850 1794 4905 Sermonem

207 4925 360 4978 hunc
389 4925 558 4979 sancti
591 4925 794 4980 Odonis
828 4937 965 4984 esse,
1005 4926 1145 4977 sicut
1173 4930 1298 4977 sunt
1342 4929 1396 4976 et
1437 4922 1800 4991 prmeedentes

207 4993 282 5047 de.
313 5002 500 5048 sancto
527 4992 685 5049 Petro
727 5002 780 5048 et
830 4993 996 5046 Maria
1039 4991 1366 5062 Magdalena,
1417 4989 1803 5062 testatur‘Ayf

209 5063 435 5118 moinus
462 5063 599 5118 libro
627 5064 866 5120 secundo
889 5062 956 5118 de
988 5059 1260 5116 Miraculis
1287 5061 1459 5115 sancti
1501 5059 1797 5124 Benedicti,

207 5147 339 5201 cap.
367 5132 422 5197 4,
450 5148 569 5188 cum
594 5135 670 5189 ait
695 5154 707 5188 :
742 5153 761 5185 α
787 5130 1395 5202 lpse_tamen,_videlicet
1417 5138 1637 5201 sanctus
1659 5127 1798 5192 Odo,

1906 4735 1957 4788 in
1986 4732 2364 4803 Capharnaum
2392 4730 2628 4800 potuerit
2668 4736 2885 4800 patrare
2911 4728 3166 4784 virtutem
3199 4726 3480 4796 (Manum,

1900 4843 2240 4914 superabilis,
2284 4842 2354 4896 ita
2387 4840 2737 4895 ecclesiarum
2765 4839 3358 4914 exist_cus_instaurator
3389 4833 3486 4914 _in-

1901 4903 2168 4977 flexibilis,
2207 4903 2544 4980 nequaquam
2585 4909 3162 4980 passusumbraticmn
3195 4903 3490 4980 monachos

1937 4970 2175 5038 estantes
2203 4970 2462 5052 habiturn
2489 4970 2694 5052 absque
2746 4976 2924 5052 aliqua
2969 4976 3194 5052 ulterius
3235 4970 3492 5052 aberrare

1937 5002 2175 5038 θδίίιηιθε
2205 5002 2445 5036 ιωυιιιιηι
2489 5002 2694 5048 ansth
2746 5002 2924 5045 illlquu
2971 5002 3194 5030 uucnua
3235 5002 3492 5025 auc-laus

1901 5002 2148 5110 sectrina
2183 5092 2198 5117 ,
2255 5049 2559 5120 ctenobium
2617 5047 2960 5120 Floriaccnse
3004 5045 3230 5120 insigne
3247 5039 3495 5120 reliquiis

1902 5108 2144 5192 corporis
2186 5108 2681 5196 'piissimimPatris
2753 5108 3148 5196 ttlottaelmratn.
3192 5108 3494 5192 Benedicti,
