  <div class='ocr_page' id='page_1' title='image "/cluster/home/n/w/nwhite01/storage/ocr_20150623/133/hvd.32044010035673/365.png"; bbox 0 0 3964 5360; ppageno 0'>
   <div class='ocr_carea' id='block_1_1' title="bbox 476 370 600 431">
    <p class='ocr_par' dir='ltr' id='par_1_1' title="bbox 476 370 600 431">
     <span class='ocr_line' id='line_1_1' title="bbox 476 370 600 431; baseline 0.016 -3"><span class='ocrx_word' id='word_1_1' title='bbox 476 370 600 431; x_wconf 67' lang='grc'><strong>723</strong></span> 
     </span>
    </p>
   </div>
   <div class='ocr_carea' id='block_1_2' title="bbox 1439 374 2756 455">
    <p class='ocr_par' dir='ltr' id='par_1_2' title="bbox 1439 374 2756 455">
     <span class='ocr_line' id='line_1_2' title="bbox 1439 374 2756 455; baseline 0.005 -7"><span class='ocrx_word' id='word_1_2' title='bbox 1439 387 1527 448; x_wconf 91' lang='lat' dir='ltr'><strong>.s.</strong></span> <span class='ocrx_word' id='word_1_3' title='bbox 1570 374 1820 446; x_wconf 67' lang='lat' dir='ltr'><strong>onoai&#39;s</strong></span> <span class='ocrx_word' id='word_1_4' title='bbox 1857 391 2145 449; x_wconf 74' lang='lat' dir='ltr'><strong>ABBATIS</strong></span> <span class='ocrx_word' id='word_1_5' title='bbox 2184 393 2680 455; x_wconf 71' lang='lat' dir='ltr'><strong>CLUNIACENSIS</strong></span> <span class='ocrx_word' id='word_1_6' title='bbox 2715 399 2756 454; x_wconf 88' lang='grc' dir='ltr'><strong>ιι</strong></span> 
     </span>
    </p>
   </div>
   <div class='ocr_carea' id='block_1_3' title="bbox 3638 402 3729 459">
    <p class='ocr_par' dir='ltr' id='par_1_3' title="bbox 3638 402 3729 459">
     <span class='ocr_line' id='line_1_3' title="bbox 3638 402 3729 459; baseline 0.022 -2"><span class='ocrx_word' id='word_1_7' title='bbox 3638 402 3729 459; x_wconf 65' lang='grc'><strong>724</strong></span> 
     </span>
    </p>
   </div>
   <div class='ocr_carea' id='block_1_4' title="bbox 476 482 3734 582">
    <p class='ocr_par' dir='ltr' id='par_1_4' title="bbox 476 482 3734 582">
     <span class='ocr_line' id='line_1_4' title="bbox 476 482 3734 582; baseline 0.009 -39"><span class='ocrx_word' id='word_1_8' title='bbox 476 487 557 556; x_wconf 83' lang='grc'><strong>5).</strong></span> <span class='ocrx_word' id='word_1_9' title='bbox 602 482 710 582; x_wconf 68' lang='lat' dir='ltr'><strong>Dios</strong></span> <span class='ocrx_word' id='word_1_10' title='bbox 737 504 866 559; x_wconf 82' lang='lat' dir='ltr'><strong>ergo</strong></span> <span class='ocrx_word' id='word_1_11' title='bbox 896 504 1002 544; x_wconf 88' lang='lat' dir='ltr'><strong>non</strong></span> <span class='ocrx_word' id='word_1_12' title='bbox 1030 500 1219 549; x_wconf 87' lang='lat' dir='ltr'><strong>sumus</strong></span> <span class='ocrx_word' id='word_1_13' title='bbox 1253 493 1422 566; x_wconf 85' lang='lat' dir='ltr'><strong>digni,</strong></span> <span class='ocrx_word' id='word_1_14' title='bbox 1453 506 1511 551; x_wconf 93' lang='lat' dir='ltr'><strong>ut</strong></span> <span class='ocrx_word' id='word_1_15' title='bbox 1560 498 1653 553; x_wconf 89' lang='lat' dir='ltr'><strong>illo</strong></span> <span class='ocrx_word' id='word_1_16' title='bbox 1705 499 1889 555; x_wconf 78' lang='lat' dir='ltr'><strong>favore</strong></span> <span class='ocrx_word' id='word_1_17' title='bbox 1935 516 2060 557; x_wconf 89' lang='lat' dir='ltr'><strong>sau-</strong></span> <span class='ocrx_word' id='word_1_18' title='bbox 2088 505 2135 562; x_wconf 79' lang='grc' dir='ltr'>Α</span> <span class='ocrx_word' id='word_1_19' title='bbox 2164 515 2289 562; x_wconf 90' lang='lat' dir='ltr'><strong>runt</strong></span> <span class='ocrx_word' id='word_1_20' title='bbox 2323 525 2337 560; x_wconf 90' lang='lat'><strong>:</strong></span> <span class='ocrx_word' id='word_1_21' title='bbox 2377 509 2471 563; x_wconf 90' lang='lat' dir='ltr'><strong>sed</strong></span> <span class='ocrx_word' id='word_1_22' title='bbox 2508 509 2681 582; x_wconf 88' lang='lat' dir='ltr'><strong>magis</strong></span> <span class='ocrx_word' id='word_1_23' title='bbox 2728 519 2788 566; x_wconf 94' lang='lat' dir='ltr'><strong>ut</strong></span> <span class='ocrx_word' id='word_1_24' title='bbox 2816 504 3116 568; x_wconf 86' lang='lat' dir='ltr'><strong>assertores</strong></span> <span class='ocrx_word' id='word_1_25' title='bbox 3168 488 3283 582; x_wconf 81' lang='lat' dir='ltr'><strong>ejus</strong></span> <span class='ocrx_word' id='word_1_26' title='bbox 3309 484 3523 569; x_wconf 86' lang='lat' dir='ltr'><strong>saucita</strong></span> <span class='ocrx_word' id='word_1_27' title='bbox 3553 516 3734 571; x_wconf 78' lang='lat' dir='ltr'><strong>coutir&#39;</strong></span> 
     </span>
    </p>
   </div>
   <div class='ocr_carea' id='block_1_5' title="bbox 476 580 2055 663">
    <p class='ocr_par' dir='ltr' id='par_1_5' title="bbox 476 580 2055 663">
     <span class='ocr_line' id='line_1_5' title="bbox 476 580 2055 663; baseline 0.007 -28"><span class='ocrx_word' id='word_1_28' title='bbox 476 586 598 635; x_wconf 78' lang='lat' dir='ltr'><strong>etus</strong></span> <span class='ocrx_word' id='word_1_29' title='bbox 628 580 729 635; x_wconf 91' lang='lat' dir='ltr'><strong>iste</strong></span> <span class='ocrx_word' id='word_1_30' title='bbox 760 591 916 649; x_wconf 87' lang='lat' dir='ltr'><strong>pater</strong></span> <span class='ocrx_word' id='word_1_31' title='bbox 944 598 1045 638; x_wconf 86' lang='lat' dir='ltr'><strong>nos</strong></span> <span class='ocrx_word' id='word_1_32' title='bbox 1070 582 1276 649; x_wconf 88' lang='lat' dir='ltr'><strong>foveat,</strong></span> <span class='ocrx_word' id='word_1_33' title='bbox 1311 596 1405 641; x_wconf 87' lang='lat' dir='ltr'><strong>aut</strong></span> <span class='ocrx_word' id='word_1_34' title='bbox 1460 589 1733 645; x_wconf 91' lang='lat' dir='ltr'><strong>consolari</strong></span> <span class='ocrx_word' id='word_1_35' title='bbox 1782 590 2055 663; x_wconf 76' lang='lat' dir='ltr'><strong>dignetur,</strong></span> 
     </span>
    </p>
   </div>
   <div class='ocr_carea' id='block_1_6' title="bbox 475 669 2058 740">
    <p class='ocr_par' dir='ltr' id='par_1_6' title="bbox 475 669 2058 740">
     <span class='ocr_line' id='line_1_6' title="bbox 475 669 2058 740; baseline 0.01 -19"><span class='ocrx_word' id='word_1_36' title='bbox 475 682 585 739; x_wconf 88' lang='lat' dir='ltr'><strong>quo</strong></span> <span class='ocrx_word' id='word_1_37' title='bbox 611 669 712 724; x_wconf 86' lang='lat' dir='ltr'><strong>sibi</strong></span> <span class='ocrx_word' id='word_1_38' title='bbox 743 670 969 740; x_wconf 88' lang='lat' dir='ltr'><strong>placitos</strong></span> <span class='ocrx_word' id='word_1_39' title='bbox 1007 673 1257 730; x_wconf 84' lang='lat' dir='ltr'><strong>alumnos</strong></span> <span class='ocrx_word' id='word_1_40' title='bbox 1300 676 1579 735; x_wconf 70' lang='lat' dir='ltr'><strong>lmtiticare</strong></span> <span class='ocrx_word' id='word_1_41' title='bbox 1608 682 1908 737; x_wconf 86' lang='lat' dir='ltr'><strong>consuevit.</strong></span> <span class='ocrx_word' id='word_1_42' title='bbox 1944 681 2058 737; x_wconf 89' lang='lat' dir='ltr'><strong>Hoc</strong></span> 
     </span>
    </p>
   </div>
   <div class='ocr_carea' id='block_1_7' title="bbox 475 760 2058 842">
    <p class='ocr_par' dir='ltr' id='par_1_7' title="bbox 475 760 2058 842">
     <span class='ocr_line' id='line_1_7' title="bbox 475 760 2058 842; baseline 0.008 -27"><span class='ocrx_word' id='word_1_43' title='bbox 475 760 649 816; x_wconf 83' lang='lat' dir='ltr'><strong>solum</strong></span> <span class='ocrx_word' id='word_1_44' title='bbox 680 762 877 832; x_wconf 85' lang='lat' dir='ltr'><strong>quippe</strong></span> <span class='ocrx_word' id='word_1_45' title='bbox 925 779 1180 834; x_wconf 83' lang='lat' dir='ltr'><strong>maguum</strong></span> <span class='ocrx_word' id='word_1_46' title='bbox 1237 766 1392 822; x_wconf 82' lang='lat' dir='ltr'><strong>nobis</strong></span> <span class='ocrx_word' id='word_1_47' title='bbox 1455 769 1614 825; x_wconf 85' lang='lat' dir='ltr'><strong>debet</strong></span> <span class='ocrx_word' id='word_1_48' title='bbox 1660 771 1862 837; x_wconf 90' lang='lat' dir='ltr'><strong>videri,</strong></span> <span class='ocrx_word' id='word_1_49' title='bbox 1913 772 2058 842; x_wconf 89' lang='lat' dir='ltr'><strong>quod</strong></span> 
     </span>
    </p>
   </div>
   <div class='ocr_carea' id='block_1_8' title="bbox 475 849 2058 932">
    <p class='ocr_par' dir='ltr' id='par_1_8' title="bbox 475 849 2058 932">
     <span class='ocr_line' id='line_1_8' title="bbox 475 849 2058 932; baseline 0.009 -30"><span class='ocrx_word' id='word_1_50' title='bbox 475 849 672 905; x_wconf 87' lang='lat' dir='ltr'><strong>tulibus</strong></span> <span class='ocrx_word' id='word_1_51' title='bbox 710 861 930 920; x_wconf 76' lang='lat' dir='ltr'><strong>pr:e;tat</strong></span> <span class='ocrx_word' id='word_1_52' title='bbox 952 864 1042 918; x_wconf 87' lang='grc' dir='ltr'>,ιιι</span> <span class='ocrx_word' id='word_1_53' title='bbox 1063 854 1179 922; x_wconf 86' lang='lat' dir='ltr'><strong>ejus</strong></span> <span class='ocrx_word' id='word_1_54' title='bbox 1199 866 1399 912; x_wconf 62' lang='lat' dir='ltr'><strong>saneta:</strong></span> <span class='ocrx_word' id='word_1_55' title='bbox 1427 858 1752 915; x_wconf 87' lang='lat' dir='ltr'><strong>solemuitati</strong></span> <span class='ocrx_word' id='word_1_56' title='bbox 1786 863 2058 932; x_wconf 84' lang='lat' dir='ltr'><strong>possimus</strong></span> 
     </span>
    </p>
   </div>
   <div class='ocr_carea' id='block_1_9' title="bbox 478 939 2057 1022">
    <p class='ocr_par' dir='ltr' id='par_1_9' title="bbox 478 939 2057 1022">
     <span class='ocr_line' id='line_1_9' title="bbox 478 939 2057 1022; baseline 0.009 -29"><span class='ocrx_word' id='word_1_57' title='bbox 478 939 759 1007; x_wconf 88' lang='lat' dir='ltr'><strong>interesse,</strong></span> <span class='ocrx_word' id='word_1_58' title='bbox 788 952 843 998; x_wconf 90' lang='lat' dir='ltr'><strong>et</strong></span> <span class='ocrx_word' id='word_1_59' title='bbox 873 944 939 998; x_wconf 88' lang='lat' dir='ltr'><strong>de</strong></span> <span class='ocrx_word' id='word_1_60' title='bbox 959 959 1054 1014; x_wconf 85' lang='lat' dir='ltr'><strong>spe</strong></span> <span class='ocrx_word' id='word_1_61' title='bbox 1081 945 1472 1003; x_wconf 59' lang='lat' dir='ltr'><strong>misericordiae</strong></span> <span class='ocrx_word' id='word_1_62' title='bbox 1499 949 1616 1019; x_wconf 87' lang='lat' dir='ltr'><strong>ejus</strong></span> <span class='ocrx_word' id='word_1_63' title='bbox 1644 951 1902 1022; x_wconf 87' lang='lat' dir='ltr'><strong>gaudere.</strong></span> <span class='ocrx_word' id='word_1_64' title='bbox 1946 952 2057 1008; x_wconf 85' lang='lat' dir='ltr'><strong>Nec</strong></span> 
     </span>
    </p>
   </div>
   <div class='ocr_carea' id='block_1_10' title="bbox 476 1033 2055 1111">
    <p class='ocr_par' dir='ltr' id='par_1_10' title="bbox 476 1033 2055 1111">
     <span class='ocr_line' id='line_1_10' title="bbox 476 1033 2055 1111; baseline 0.008 -27"><span class='ocrx_word' id='word_1_65' title='bbox 476 1033 654 1087; x_wconf 85' lang='lat' dir='ltr'><strong>minor</strong></span> <span class='ocrx_word' id='word_1_66' title='bbox 678 1043 761 1088; x_wconf 89' lang='lat' dir='ltr'><strong>est</strong></span> <span class='ocrx_word' id='word_1_67' title='bbox 782 1034 909 1109; x_wconf 71' lang='lat' dir='ltr'><strong>_cjus</strong></span> <span class='ocrx_word' id='word_1_68' title='bbox 935 1036 1171 1105; x_wconf 88' lang='lat' dir='ltr'><strong>potentia</strong></span> <span class='ocrx_word' id='word_1_69' title='bbox 1201 1037 1287 1092; x_wconf 90' lang='lat' dir='ltr'><strong>vel</strong></span> <span class='ocrx_word' id='word_1_70' title='bbox 1312 1039 1505 1108; x_wconf 88' lang='lat' dir='ltr'><strong>pietas,</strong></span> <span class='ocrx_word' id='word_1_71' title='bbox 1537 1055 1698 1111; x_wconf 90' lang='lat' dir='ltr'><strong>quam</strong></span> <span class='ocrx_word' id='word_1_72' title='bbox 1722 1042 1767 1097; x_wconf 91' lang='lat' dir='ltr'><strong>si</strong></span> <span class='ocrx_word' id='word_1_73' title='bbox 1796 1042 2055 1097; x_wconf 87' lang='lat' dir='ltr'><strong>miracula</strong></span> 
     </span>
    </p>
   </div>
   <div class='ocr_carea' id='block_1_11' title="bbox 475 1123 2060 1204">
    <p class='ocr_par' dir='ltr' id='par_1_11' title="bbox 475 1123 2060 1204">
     <span class='ocr_line' id='line_1_11' title="bbox 475 1123 2060 1204; baseline 0.007 -27"><span class='ocrx_word' id='word_1_74' title='bbox 475 1123 864 1193; x_wconf 84' lang='lat' dir='ltr'><strong>frequentaret.</strong></span> <span class='ocrx_word' id='word_1_75' title='bbox 911 1127 1017 1183; x_wconf 92' lang='lat' dir='ltr'><strong>Sed</strong></span> <span class='ocrx_word' id='word_1_76' title='bbox 1053 1128 1307 1184; x_wconf 91' lang='lat' dir='ltr'><strong>nimirum</strong></span> <span class='ocrx_word' id='word_1_77' title='bbox 1338 1145 1563 1187; x_wconf 88' lang='lat' dir='ltr'><strong>necesse</strong></span> <span class='ocrx_word' id='word_1_78' title='bbox 1599 1140 1704 1198; x_wconf 89' lang='lat' dir='ltr'><strong>est,</strong></span> <span class='ocrx_word' id='word_1_79' title='bbox 1734 1143 1794 1188; x_wconf 92' lang='lat' dir='ltr'><strong>ut</strong></span> <span class='ocrx_word' id='word_1_80' title='bbox 1824 1150 1921 1204; x_wconf 90' lang='lat' dir='ltr'><strong>per</strong></span> <span class='ocrx_word' id='word_1_81' title='bbox 1942 1140 2060 1190; x_wconf 50' lang='lat' dir='ltr'><strong>om;</strong></span> 
     </span>
    </p>
   </div>
   <div class='ocr_carea' id='block_1_12' title="bbox 475 1214 2056 1293">
    <p class='ocr_par' dir='ltr' id='par_1_12' title="bbox 475 1214 2056 1293">
     <span class='ocr_line' id='line_1_12' title="bbox 475 1214 2056 1293; baseline 0.006 -26"><span class='ocrx_word' id='word_1_82' title='bbox 475 1228 597 1268; x_wconf 85' lang='lat' dir='ltr'><strong>nem</strong></span> <span class='ocrx_word' id='word_1_83' title='bbox 630 1214 932 1271; x_wconf 62' lang='lat' dir='ltr'><strong>Ecclesium</strong></span> <span class='ocrx_word' id='word_1_84' title='bbox 955 1218 1299 1273; x_wconf 86' lang='lat' dir='ltr'><strong>cessantibus</strong></span> <span class='ocrx_word' id='word_1_85' title='bbox 1323 1220 1512 1291; x_wconf 77' lang='lat' dir='ltr'><strong>signis,</strong></span> <span class='ocrx_word' id='word_1_86' title='bbox 1538 1222 1920 1278; x_wconf 79' lang='lat' dir='ltr'><strong>manil‘estetur</strong></span> <span class='ocrx_word' id='word_1_87' title='bbox 1963 1223 2056 1293; x_wconf 86' lang='lat' dir='ltr'><strong>qui</strong></span> 
     </span>
    </p>
   </div>
   <div class='ocr_carea' id='block_1_13' title="bbox 473 1304 2057 1383">
    <p class='ocr_par' dir='ltr' id='par_1_13' title="bbox 473 1304 2057 1383">
     <span class='ocr_line' id='line_1_13' title="bbox 473 1304 2057 1383; baseline 0.008 -26"><span class='ocrx_word' id='word_1_88' title='bbox 473 1304 584 1358; x_wconf 80' lang='lat' dir='ltr'><strong>sint</strong></span> <span class='ocrx_word' id='word_1_89' title='bbox 620 1304 696 1361; x_wconf 91' lang='lat' dir='ltr'><strong>illi</strong></span> <span class='ocrx_word' id='word_1_90' title='bbox 752 1306 842 1375; x_wconf 90' lang='lat' dir='ltr'><strong>qui</strong></span> <span class='ocrx_word' id='word_1_91' title='bbox 888 1307 1249 1363; x_wconf 87' lang='lat' dir='ltr'><strong>universalem</strong></span> <span class='ocrx_word' id='word_1_92' title='bbox 1294 1310 1476 1378; x_wconf 84' lang='lat' dir='ltr'><strong>ﬁdem,</strong></span> <span class='ocrx_word' id='word_1_93' title='bbox 1509 1322 1735 1383; x_wconf 84' lang='lat' dir='ltr'><strong>propter</strong></span> <span class='ocrx_word' id='word_1_94' title='bbox 1772 1316 2057 1383; x_wconf 56' lang='lat' dir='ltr'><strong>praesentia</strong></span> 
     </span>
    </p>
   </div>
   <div class='ocr_carea' id='block_1_14' title="bbox 474 1395 2053 1469">
    <p class='ocr_par' dir='ltr' id='par_1_14' title="bbox 474 1395 2053 1469">
     <span class='ocr_line' id='line_1_14' title="bbox 474 1395 2053 1469; baseline 0.005 -20"><span class='ocrx_word' id='word_1_95' title='bbox 474 1395 760 1461; x_wconf 84' lang='lat' dir='ltr'><strong>miracula,</strong></span> <span class='ocrx_word' id='word_1_96' title='bbox 811 1397 896 1453; x_wconf 93' lang='lat' dir='ltr'><strong>vel</strong></span> <span class='ocrx_word' id='word_1_97' title='bbox 943 1397 1035 1468; x_wconf 87' lang='lat' dir='ltr'><strong>qui</strong></span> <span class='ocrx_word' id='word_1_98' title='bbox 1079 1408 1303 1469; x_wconf 83' lang='lat' dir='ltr'><strong>propter</strong></span> <span class='ocrx_word' id='word_1_99' title='bbox 1351 1399 1588 1457; x_wconf 69' lang='lat' dir='ltr'><strong>futuram</strong></span> <span class='ocrx_word' id='word_1_100' title='bbox 1643 1403 2053 1469; x_wconf 82' lang='lat' dir='ltr'><strong>beatitudinem,</strong></span> 
     </span>
    </p>
   </div>
   <div class='ocr_carea' id='block_1_15' title="bbox 474 1480 2058 1567">
    <p class='ocr_par' dir='ltr' id='par_1_15' title="bbox 474 1480 2058 1567">
     <span class='ocr_line' id='line_1_15' title="bbox 474 1480 2058 1567; baseline 0.006 -25"><span class='ocrx_word' id='word_1_101' title='bbox 474 1489 678 1544; x_wconf 87' lang='lat' dir='ltr'><strong>colunt.</strong></span> <span class='ocrx_word' id='word_1_102' title='bbox 712 1490 850 1559; x_wconf 84' lang='lat' dir='ltr'><strong>Quin</strong></span> <span class='ocrx_word' id='word_1_103' title='bbox 878 1500 933 1546; x_wconf 89' lang='lat' dir='ltr'><strong>et</strong></span> <span class='ocrx_word' id='word_1_104' title='bbox 960 1480 1275 1548; x_wconf 86' lang='lat' dir='ltr'><strong>imminente</strong></span> <span class='ocrx_word' id='word_1_105' title='bbox 1306 1493 1420 1564; x_wconf 89' lang='lat' dir='ltr'><strong>jam</strong></span> <span class='ocrx_word' id='word_1_106' title='bbox 1451 1494 1677 1550; x_wconf 89' lang='lat' dir='ltr'><strong>terribili</strong></span> <span class='ocrx_word' id='word_1_107' title='bbox 1714 1495 2058 1567; x_wconf 54' lang='lat' dir='ltr'><strong>judicio,~se-</strong></span> 
     </span>
    </p>
   </div>
   <div class='ocr_carea' id='block_1_16' title="bbox 472 1582 2058 1657">
    <p class='ocr_par' dir='ltr' id='par_1_16' title="bbox 472 1582 2058 1657">
     <span class='ocr_line' id='line_1_16' title="bbox 472 1582 2058 1657; baseline 0.005 -23"><span class='ocrx_word' id='word_1_108' title='bbox 472 1596 676 1651; x_wconf 79' lang='lat' dir='ltr'><strong>quaces</strong></span> <span class='ocrx_word' id='word_1_109' title='bbox 706 1582 1026 1639; x_wconf 86' lang='lat' dir='ltr'><strong>Antichristi</strong></span> <span class='ocrx_word' id='word_1_110' title='bbox 1073 1584 1223 1654; x_wconf 86' lang='lat' dir='ltr'><strong>signa</strong></span> <span class='ocrx_word' id='word_1_111' title='bbox 1278 1586 1457 1657; x_wconf 86' lang='lat' dir='ltr'><strong>potius</strong></span> <span class='ocrx_word' id='word_1_112' title='bbox 1502 1586 1737 1654; x_wconf 83' lang='lat' dir='ltr'><strong>facient,</strong></span> <span class='ocrx_word' id='word_1_113' title='bbox 1780 1596 1839 1642; x_wconf 90' lang='lat' dir='ltr'><strong>ut</strong></span> <span class='ocrx_word' id='word_1_114' title='bbox 1880 1604 2058 1644; x_wconf 85' lang='lat' dir='ltr'><strong>caram</strong></span> 
     </span>
    </p>
   </div>
   <div class='ocr_carea' id='block_1_17' title="bbox 471 1671 2059 1747">
    <p class='ocr_par' dir='ltr' id='par_1_17' title="bbox 471 1671 2059 1747">
     <span class='ocr_line' id='line_1_17' title="bbox 471 1671 2059 1747; baseline 0.004 -23"><span class='ocrx_word' id='word_1_115' title='bbox 471 1671 547 1725; x_wconf 75' lang='lat' dir='ltr'><strong>cis</strong></span> <span class='ocrx_word' id='word_1_116' title='bbox 571 1674 662 1742; x_wconf 82' lang='lat' dir='ltr'><strong>qui</strong></span> <span class='ocrx_word' id='word_1_117' title='bbox 690 1672 984 1728; x_wconf 64' lang='lat' dir='ltr'><strong>voluntarie</strong></span> <span class='ocrx_word' id='word_1_118' title='bbox 1030 1686 1269 1745; x_wconf 75' lang='lat' dir='ltr'><strong>peccant,</strong></span> <span class='ocrx_word' id='word_1_119' title='bbox 1298 1685 1356 1730; x_wconf 89' lang='lat' dir='ltr'><strong>ut</strong></span> <span class='ocrx_word' id='word_1_120' title='bbox 1384 1678 1644 1747; x_wconf 87' lang='lat' dir='ltr'><strong>scriptum</strong></span> <span class='ocrx_word' id='word_1_121' title='bbox 1677 1687 1779 1741; x_wconf 85' lang='lat' dir='ltr'><strong>est,</strong></span> <span class='ocrx_word' id='word_1_122' title='bbox 1835 1679 2059 1747; x_wconf 71' lang='lat' dir='ltr'><strong>o/j‘endi-</strong></span> 
     </span>
    </p>
   </div>
   <div class='ocr_carea' id='block_1_18' title="bbox 472 1760 2056 1838">
    <p class='ocr_par' dir='ltr' id='par_1_18' title="bbox 472 1760 2056 1838">
     <span class='ocr_line' id='line_1_18' title="bbox 472 1760 2056 1838; baseline 0.004 -23"><span class='ocrx_word' id='word_1_123' title='bbox 472 1760 650 1816; x_wconf 70' lang='lat' dir='ltr'><strong>culum</strong></span> <span class='ocrx_word' id='word_1_124' title='bbox 676 1772 908 1833; x_wconf 88' lang='lat' dir='ltr'><strong>ponatur</strong></span> <span class='ocrx_word' id='word_1_125' title='bbox 937 1763 1156 1834; x_wconf 78' lang='lat' dir='ltr'><strong>(Ezech.</strong></span> <span class='ocrx_word' id='word_1_126' title='bbox 1188 1765 1410 1838; x_wconf 74' lang='lat'><strong>&quot;1.20).</strong></span> <span class='ocrx_word' id='word_1_127' title='bbox 1456 1766 1695 1822; x_wconf 82' lang='lat' dir='ltr'><strong>Necdum</strong></span> <span class='ocrx_word' id='word_1_128' title='bbox 1742 1774 1918 1838; x_wconf 84' lang='lat' dir='ltr'><strong>tamen</strong></span> <span class='ocrx_word' id='word_1_129' title='bbox 1967 1781 2056 1822; x_wconf 86' lang='lat' dir='ltr'><strong>ea-</strong></span> 
     </span>
    </p>
   </div>
   <div class='ocr_carea' id='block_1_19' title="bbox 2159 592 3735 676">
    <p class='ocr_par' dir='ltr' id='par_1_19' title="bbox 2159 592 3735 676">
     <span class='ocr_line' id='line_1_19' title="bbox 2159 592 3735 676; baseline 0.005 -23"><span class='ocrx_word' id='word_1_130' title='bbox 2159 592 2327 655; x_wconf 88' lang='lat' dir='ltr'><strong>ment.</strong></span> <span class='ocrx_word' id='word_1_131' title='bbox 2361 599 2546 671; x_wconf 84' lang='lat' dir='ltr'><strong>Neque</strong></span> <span class='ocrx_word' id='word_1_132' title='bbox 2570 602 2715 656; x_wconf 88' lang='lat' dir='ltr'><strong>enim</strong></span> <span class='ocrx_word' id='word_1_133' title='bbox 2755 603 2853 658; x_wconf 89' lang='lat' dir='ltr'><strong>abs</strong></span> <span class='ocrx_word' id='word_1_134' title='bbox 2887 618 2946 659; x_wconf 90' lang='lat' dir='ltr'><strong>re</strong></span> <span class='ocrx_word' id='word_1_135' title='bbox 2998 615 3218 660; x_wconf 89' lang='lat' dir='ltr'><strong>sanctus</strong></span> <span class='ocrx_word' id='word_1_136' title='bbox 3248 606 3353 661; x_wconf 90' lang='lat' dir='ltr'><strong>iste</strong></span> <span class='ocrx_word' id='word_1_137' title='bbox 3405 605 3573 676; x_wconf 76' lang='lat' dir='ltr'><strong>Moysi</strong></span> <span class='ocrx_word' id='word_1_138' title='bbox 3598 622 3735 662; x_wconf 83' lang='lat' dir='ltr'><strong>coin-</strong></span> 
     </span>
    </p>
   </div>
   <div class='ocr_carea' id='block_1_20' title="bbox 2158 691 3740 768">
    <p class='ocr_par' dir='ltr' id='par_1_20' title="bbox 2158 691 3740 768">
     <span class='ocr_line' id='line_1_20' title="bbox 2158 691 3740 768; baseline 0.009 -27"><span class='ocrx_word' id='word_1_139' title='bbox 2158 697 2403 758; x_wconf 85' lang='lat' dir='ltr'><strong>paratur,</strong></span> <span class='ocrx_word' id='word_1_140' title='bbox 2462 691 2924 761; x_wconf 82' lang='lat' dir='ltr'><strong>quandoquidem,</strong></span> <span class='ocrx_word' id='word_1_141' title='bbox 2954 710 3059 750; x_wconf 89' lang='lat' dir='ltr'><strong>non</strong></span> <span class='ocrx_word' id='word_1_142' title='bbox 3091 711 3263 766; x_wconf 86' lang='lat' dir='ltr'><strong>pauca</strong></span> <span class='ocrx_word' id='word_1_143' title='bbox 3310 698 3586 768; x_wconf 86' lang='lat' dir='ltr'><strong>magnalia</strong></span> <span class='ocrx_word' id='word_1_144' title='bbox 3614 711 3740 768; x_wconf 83' lang='lat' dir='ltr'><strong>pene</strong></span> 
     </span>
    </p>
   </div>
   <div class='ocr_carea' id='block_1_21' title="bbox 2157 780 3103 856">
    <p class='ocr_par' dir='ltr' id='par_1_21' title="bbox 2157 780 3103 856">
     <span class='ocr_line' id='line_1_21' title="bbox 2157 780 3103 856; baseline 0.006 -22"><span class='ocrx_word' id='word_1_145' title='bbox 2157 780 2428 847; x_wconf 85' lang='lat' dir='ltr'><strong>similiter,</strong></span> <span class='ocrx_word' id='word_1_146' title='bbox 2452 782 2521 835; x_wconf 87' lang='lat' dir='ltr'><strong>ab</strong></span> <span class='ocrx_word' id='word_1_147' title='bbox 2549 783 2794 854; x_wconf 88' lang='lat' dir='ltr'><strong>utrisque</strong></span> <span class='ocrx_word' id='word_1_148' title='bbox 2823 795 3103 856; x_wconf 88' lang='lat' dir='ltr'><strong>geruntur.</strong></span> 
     </span>
    </p>
   </div>
   <div class='ocr_carea' id='block_1_22' title="bbox 2228 869 3741 952">
    <p class='ocr_par' dir='ltr' id='par_1_22' title="bbox 2228 869 3741 952">
     <span class='ocr_line' id='line_1_22' title="bbox 2228 869 3741 952; baseline 0.008 -28"><span class='ocrx_word' id='word_1_149' title='bbox 2228 869 2468 942; x_wconf 78' lang='lat' dir='ltr'><strong>Mysterii</strong></span> <span class='ocrx_word' id='word_1_150' title='bbox 2494 873 2676 944; x_wconf 91' lang='lat' dir='ltr'><strong>itaque</strong></span> <span class='ocrx_word' id='word_1_151' title='bbox 2689 873 2975 943; x_wconf 86' lang='lat' dir='ltr'><strong>majestate</strong></span> <span class='ocrx_word' id='word_1_152' title='bbox 2999 888 3271 948; x_wconf 88' lang='lat' dir='ltr'><strong>separata,</strong></span> <span class='ocrx_word' id='word_1_153' title='bbox 3293 893 3400 949; x_wconf 89' lang='lat' dir='ltr'><strong>qua</strong></span> <span class='ocrx_word' id='word_1_154' title='bbox 3428 879 3533 935; x_wconf 87' lang='lat' dir='ltr'><strong>sub</strong></span> <span class='ocrx_word' id='word_1_155' title='bbox 3550 880 3741 952; x_wconf 75' lang='lat' dir='ltr'><strong>Moyse,</strong></span> 
     </span>
    </p>
   </div>
   <div class='ocr_carea' id='block_1_23' title="bbox 2156 964 3749 1043">
    <p class='ocr_par' dir='ltr' id='par_1_23' title="bbox 2156 964 3749 1043">
     <span class='ocr_line' id='line_1_23' title="bbox 2156 964 3749 1043; baseline 0.009 -29"><span class='ocrx_word' id='word_1_156' title='bbox 2156 964 2333 1016; x_wconf 82' lang='lat' dir='ltr'><strong>omnia</strong></span> <span class='ocrx_word' id='word_1_157' title='bbox 2371 964 2423 1017; x_wconf 82' lang='lat' dir='ltr'><strong>in</strong></span> <span class='ocrx_word' id='word_1_158' title='bbox 2462 964 2634 1034; x_wconf 79' lang='lat' dir='ltr'><strong>ﬁgura</strong></span> <span class='ocrx_word' id='word_1_159' title='bbox 2668 968 3031 1039; x_wconf 80' lang='lat' dir='ltr'><strong>contingebant</strong></span> <span class='ocrx_word' id='word_1_160' title='bbox 3058 968 3109 1028; x_wconf 81' lang='grc' dir='ltr'><strong>(Ι</strong></span> <span class='ocrx_word' id='word_1_161' title='bbox 3155 969 3276 1024; x_wconf 89' lang='lat' dir='ltr'><strong>Cor.</strong></span> <span class='ocrx_word' id='word_1_162' title='bbox 3315 987 3370 1037; x_wconf 75' lang='grc' dir='ltr'><strong>χ,</strong></span> <span class='ocrx_word' id='word_1_163' title='bbox 3408 972 3524 1043; x_wconf 75' lang='lat' dir='ltr'><strong>ii),</strong></span> <span class='ocrx_word' id='word_1_164' title='bbox 3552 971 3620 1027; x_wconf 90' lang='lat' dir='ltr'><strong>de</strong></span> <span class='ocrx_word' id='word_1_165' title='bbox 3650 989 3749 1028; x_wconf 75' lang='lat' dir='ltr'><strong>ca:-</strong></span> 
     </span>
    </p>
   </div>
   <div class='ocr_carea' id='block_1_24' title="bbox 2157 1051 3746 1130">
    <p class='ocr_par' dir='ltr' id='par_1_24' title="bbox 2157 1051 3746 1130">
     <span class='ocr_line' id='line_1_24' title="bbox 2157 1051 3746 1130; baseline 0.008 -26"><span class='ocrx_word' id='word_1_166' title='bbox 2157 1057 2275 1105; x_wconf 89' lang='lat' dir='ltr'><strong>tero</strong></span> <span class='ocrx_word' id='word_1_167' title='bbox 2298 1051 2462 1107; x_wconf 90' lang='lat' dir='ltr'><strong>multa</strong></span> <span class='ocrx_word' id='word_1_168' title='bbox 2501 1055 2760 1123; x_wconf 76' lang='lat' dir='ltr'><strong>reperies,</strong></span> <span class='ocrx_word' id='word_1_169' title='bbox 2788 1070 2909 1125; x_wconf 70' lang='lat' dir='ltr'><strong>quae</strong></span> <span class='ocrx_word' id='word_1_170' title='bbox 2954 1057 3170 1124; x_wconf 79' lang='lat' dir='ltr'><strong>similia,</strong></span> <span class='ocrx_word' id='word_1_171' title='bbox 3219 1068 3482 1130; x_wconf 83' lang='lat' dir='ltr'><strong>tanquam</strong></span> <span class='ocrx_word' id='word_1_172' title='bbox 3516 1062 3619 1115; x_wconf 89' lang='lat' dir='ltr'><strong>sub</strong></span> <span class='ocrx_word' id='word_1_173' title='bbox 3645 1077 3746 1116; x_wconf 86' lang='lat' dir='ltr'><strong>uno</strong></span> 
     </span>
    </p>
   </div>
   <div class='ocr_carea' id='block_1_25' title="bbox 2159 1142 3748 1220">
    <p class='ocr_par' dir='ltr' id='par_1_25' title="bbox 2159 1142 3748 1220">
     <span class='ocr_line' id='line_1_25' title="bbox 2159 1142 3748 1220; baseline 0.006 -24"><span class='ocrx_word' id='word_1_174' title='bbox 2159 1142 2350 1210; x_wconf 88' lang='lat' dir='ltr'><strong>spiritu</strong></span> <span class='ocrx_word' id='word_1_175' title='bbox 2373 1151 2542 1212; x_wconf 82' lang='lat' dir='ltr'><strong>gesta,</strong></span> <span class='ocrx_word' id='word_1_176' title='bbox 2572 1152 2759 1199; x_wconf 88' lang='lat' dir='ltr'><strong>noster</strong></span> <span class='ocrx_word' id='word_1_177' title='bbox 2783 1145 2886 1201; x_wconf 90' lang='lat' dir='ltr'><strong>iste</strong></span> <span class='ocrx_word' id='word_1_178' title='bbox 2929 1148 3182 1216; x_wconf 79' lang='lat' dir='ltr'><strong>patravit.</strong></span> <span class='ocrx_word' id='word_1_179' title='bbox 3224 1148 3290 1203; x_wconf 81' lang='lat' dir='ltr'><strong>Et</strong></span> <span class='ocrx_word' id='word_1_180' title='bbox 3337 1148 3446 1205; x_wconf 80' lang='lat' dir='ltr'><strong>hoc</strong></span> <span class='ocrx_word' id='word_1_181' title='bbox 3497 1152 3748 1220; x_wconf 83' lang='lat' dir='ltr'><strong>equidem</strong></span> 
     </span>
    </p>
   </div>
   <div class='ocr_carea' id='block_1_26' title="bbox 2157 1233 3746 1313">
    <p class='ocr_par' dir='ltr' id='par_1_26' title="bbox 2157 1233 3746 1313">
     <span class='ocr_line' id='line_1_26' title="bbox 2157 1233 3746 1313; baseline 0.009 -28"><span class='ocrx_word' id='word_1_182' title='bbox 2157 1233 2496 1305; x_wconf 84' lang='lat' dir='ltr'><strong>privilegium</strong></span> <span class='ocrx_word' id='word_1_183' title='bbox 2520 1236 2765 1307; x_wconf 88' lang='lat' dir='ltr'><strong>utrisque</strong></span> <span class='ocrx_word' id='word_1_184' title='bbox 2797 1249 2879 1294; x_wconf 90' lang='lat' dir='ltr'><strong>est</strong></span> <span class='ocrx_word' id='word_1_185' title='bbox 2906 1254 3214 1307; x_wconf 88' lang='lat' dir='ltr'><strong>commune,</strong></span> <span class='ocrx_word' id='word_1_186' title='bbox 3257 1246 3404 1313; x_wconf 89' lang='lat' dir='ltr'><strong>quod</strong></span> <span class='ocrx_word' id='word_1_187' title='bbox 3430 1246 3602 1300; x_wconf 86' lang='lat' dir='ltr'><strong>ambo</strong></span> <span class='ocrx_word' id='word_1_188' title='bbox 3622 1256 3746 1300; x_wconf 88' lang='lat' dir='ltr'><strong>sunt</strong></span> 
     </span>
    </p>
   </div>
   <div class='ocr_carea' id='block_1_27' title="bbox 2158 1324 3749 1400">
    <p class='ocr_par' dir='ltr' id='par_1_27' title="bbox 2158 1324 3749 1400">
     <span class='ocr_line' id='line_1_27' title="bbox 2158 1324 3749 1400; baseline 0.01 -22"><span class='ocrx_word' id='word_1_189' title='bbox 2158 1324 2512 1396; x_wconf 81' lang='lat' dir='ltr'><strong>legislatores.</strong></span> <span class='ocrx_word' id='word_1_190' title='bbox 2560 1328 2653 1385; x_wconf 90' lang='lat' dir='ltr'><strong>Ille</strong></span> <span class='ocrx_word' id='word_1_191' title='bbox 2722 1331 2978 1400; x_wconf 88' lang='lat' dir='ltr'><strong>querulas</strong></span> <span class='ocrx_word' id='word_1_192' title='bbox 3029 1332 3379 1390; x_wconf 71' lang='lat' dir='ltr'><strong>Hebrarorum</strong></span> <span class='ocrx_word' id='word_1_193' title='bbox 3442 1338 3639 1393; x_wconf 87' lang='lat' dir='ltr'><strong>turbas</strong></span> <span class='ocrx_word' id='word_1_194' title='bbox 3689 1340 3749 1394; x_wconf 87' lang='lat' dir='ltr'><strong>de</strong></span> 
     </span>
    </p>
   </div>
   <div class='ocr_carea' id='block_1_28' title="bbox 2157 1418 3748 1504">
    <p class='ocr_par' dir='ltr' id='par_1_28' title="bbox 2157 1418 3748 1504">
     <span class='ocr_line' id='line_1_28' title="bbox 2157 1418 3748 1504; baseline 0.008 -30"><span class='ocrx_word' id='word_1_195' title='bbox 2157 1418 2392 1491; x_wconf 65' lang='lat' dir='ltr'><strong>JEgypto</strong></span> <span class='ocrx_word' id='word_1_196' title='bbox 2426 1422 2577 1478; x_wconf 81' lang='lat' dir='ltr'><strong>exire</strong></span> <span class='ocrx_word' id='word_1_197' title='bbox 2605 1424 2805 1490; x_wconf 89' lang='lat' dir='ltr'><strong>suasit;</strong></span> <span class='ocrx_word' id='word_1_198' title='bbox 2835 1425 2937 1481; x_wconf 86' lang='lat' dir='ltr'><strong>iste</strong></span> <span class='ocrx_word' id='word_1_199' title='bbox 2965 1440 3137 1504; x_wconf 78' lang='lat' dir='ltr'><strong>vero,</strong></span> <span class='ocrx_word' id='word_1_200' title='bbox 3174 1430 3327 1499; x_wconf 89' lang='lat' dir='ltr'><strong>quasi</strong></span> <span class='ocrx_word' id='word_1_201' title='bbox 3383 1430 3451 1484; x_wconf 91' lang='lat' dir='ltr'><strong>de</strong></span> <span class='ocrx_word' id='word_1_202' title='bbox 3502 1432 3748 1502; x_wconf 77' lang='lat' dir='ltr'><strong>genuinis</strong></span> 
     </span>
    </p>
   </div>
   <div class='ocr_carea' id='block_1_29' title="bbox 2159 1511 3748 1590">
    <p class='ocr_par' dir='ltr' id='par_1_29' title="bbox 2159 1511 3748 1590">
     <span class='ocr_line' id='line_1_29' title="bbox 2159 1511 3748 1590; baseline 0.007 -25"><span class='ocrx_word' id='word_1_203' title='bbox 2159 1511 2462 1567; x_wconf 89' lang='lat' dir='ltr'><strong>carnalium</strong></span> <span class='ocrx_word' id='word_1_204' title='bbox 2497 1513 2889 1570; x_wconf 88' lang='lat' dir='ltr'><strong>desideriorum</strong></span> <span class='ocrx_word' id='word_1_205' title='bbox 2926 1517 3166 1573; x_wconf 87' lang='lat' dir='ltr'><strong>tenebris</strong></span> <span class='ocrx_word' id='word_1_206' title='bbox 3209 1518 3414 1574; x_wconf 89' lang='lat' dir='ltr'><strong>multas</strong></span> <span class='ocrx_word' id='word_1_207' title='bbox 3442 1535 3514 1575; x_wconf 79' lang='lat' dir='ltr'><strong>ex</strong></span> <span class='ocrx_word' id='word_1_208' title='bbox 3558 1521 3748 1590; x_wconf 87' lang='lat' dir='ltr'><strong>populo</strong></span> 
     </span>
    </p>
   </div>
   <div class='ocr_carea' id='block_1_30' title="bbox 2160 1602 3745 1674">
    <p class='ocr_par' dir='ltr' id='par_1_30' title="bbox 2160 1602 3745 1674">
     <span class='ocr_line' id='line_1_30' title="bbox 2160 1602 3745 1674; baseline 0.007 -19"><span class='ocrx_word' id='word_1_209' title='bbox 2160 1602 2533 1673; x_wconf 85' lang='lat' dir='ltr'><strong>acquisitionis</strong></span> <span class='ocrx_word' id='word_1_210' title='bbox 2553 1612 2934 1667; x_wconf 46' lang='lat' dir='ltr'><strong>catervasvsuo</strong></span> <span class='ocrx_word' id='word_1_211' title='bbox 2964 1607 3158 1662; x_wconf 86' lang='lat' dir='ltr'><strong>ducatu</strong></span> <span class='ocrx_word' id='word_1_212' title='bbox 3184 1610 3517 1674; x_wconf 85' lang='lat' dir='ltr'><strong>abstractas,</strong></span> <span class='ocrx_word' id='word_1_213' title='bbox 3549 1613 3619 1665; x_wconf 88' lang='lat' dir='ltr'><strong>ad</strong></span> <span class='ocrx_word' id='word_1_214' title='bbox 3644 1624 3745 1666; x_wconf 85' lang='lat' dir='ltr'><strong>ter-</strong></span> 
     </span>
    </p>
   </div>
   <div class='ocr_carea' id='block_1_31' title="bbox 2161 1695 3746 1767">
    <p class='ocr_par' dir='ltr' id='par_1_31' title="bbox 2161 1695 3746 1767">
     <span class='ocr_line' id='line_1_31' title="bbox 2161 1695 3746 1767; baseline 0.005 -19"><span class='ocrx_word' id='word_1_215' title='bbox 2161 1709 2276 1748; x_wconf 88' lang='lat' dir='ltr'><strong>ram</strong></span> <span class='ocrx_word' id='word_1_216' title='bbox 2307 1695 2600 1750; x_wconf 87' lang='lat' dir='ltr'><strong>viventium</strong></span> <span class='ocrx_word' id='word_1_217' title='bbox 2628 1697 2936 1753; x_wconf 84' lang='lat' dir='ltr'><strong>introducit.</strong></span> <span class='ocrx_word' id='word_1_218' title='bbox 2970 1699 3061 1755; x_wconf 82' lang='lat' dir='ltr'><strong>Ille</strong></span> <span class='ocrx_word' id='word_1_219' title='bbox 3090 1716 3240 1756; x_wconf 88' lang='lat' dir='ltr'><strong>mare</strong></span> <span class='ocrx_word' id='word_1_220' title='bbox 3265 1700 3518 1757; x_wconf 73' lang='lat' dir='ltr'><strong>Rubrum</strong></span> <span class='ocrx_word' id='word_1_221' title='bbox 3536 1703 3746 1767; x_wconf 75' lang='lat' dir='ltr'><strong>divisit;</strong></span> 
     </span>
    </p>
   </div>
   <div class='ocr_carea' id='block_1_32' title="bbox 2161 1786 3745 1861">
    <p class='ocr_par' dir='ltr' id='par_1_32' title="bbox 2161 1786 3745 1861">
     <span class='ocr_line' id='line_1_32' title="bbox 2161 1786 3745 1861; baseline 0.004 -22"><span class='ocrx_word' id='word_1_222' title='bbox 2161 1786 2263 1843; x_wconf 91' lang='lat' dir='ltr'><strong>iste</strong></span> <span class='ocrx_word' id='word_1_223' title='bbox 2312 1797 2434 1856; x_wconf 89' lang='lat' dir='ltr'><strong>post</strong></span> <span class='ocrx_word' id='word_1_224' title='bbox 2475 1787 2718 1853; x_wconf 89' lang='lat' dir='ltr'><strong>Petrum,</strong></span> <span class='ocrx_word' id='word_1_225' title='bbox 2781 1788 3038 1847; x_wconf 87' lang='lat' dir='ltr'><strong>inusitato</strong></span> <span class='ocrx_word' id='word_1_226' title='bbox 3087 1791 3371 1857; x_wconf 88' lang='lat' dir='ltr'><strong>miraculo,</strong></span> <span class='ocrx_word' id='word_1_227' title='bbox 3428 1792 3745 1861; x_wconf 87' lang='lat' dir='ltr'><strong>discipulum</strong></span> 
     </span>
    </p>
   </div>
   <div class='ocr_carea' id='block_1_33' title="bbox 479 1850 3748 1954">
    <p class='ocr_par' dir='ltr' id='par_1_33' title="bbox 479 1850 3748 1954">
     <span class='ocr_line' id='line_1_33' title="bbox 479 1850 3748 1954; baseline 0.002 -47"><span class='ocrx_word' id='word_1_228' title='bbox 479 1853 603 1954; x_wconf 74' lang='lat' dir='ltr'><strong>dem</strong></span> <span class='ocrx_word' id='word_1_229' title='bbox 650 1854 912 1911; x_wconf 85' lang='lat' dir='ltr'><strong>miracula</strong></span> <span class='ocrx_word' id='word_1_230' title='bbox 951 1856 1168 1954; x_wconf 40' lang='lat' dir='ltr'><strong>pen-itus-</strong></span> <span class='ocrx_word' id='word_1_231' title='bbox 1216 1857 1391 1911; x_wconf 88' lang='lat' dir='ltr'><strong>adhuc</strong></span> <span class='ocrx_word' id='word_1_232' title='bbox 1433 1850 1669 1954; x_wconf 66' lang='lat' dir='ltr'><strong>desunt,</strong></span> <span class='ocrx_word' id='word_1_233' title='bbox 1702 1857 1959 1928; x_wconf 88' lang='lat' dir='ltr'><strong>quoniam</strong></span> <span class='ocrx_word' id='word_1_234' title='bbox 2004 1867 2059 1913; x_wconf 92' lang='lat' dir='ltr'><strong>et</strong></span> <span class='ocrx_word' id='word_1_235' title='bbox 2089 1869 2133 1928; x_wconf 79' lang='grc' dir='ltr'><strong>Β</strong></span> <span class='ocrx_word' id='word_1_236' title='bbox 2162 1850 2408 1949; x_wconf 56' lang='lat' dir='ltr'><strong>equidem</strong></span> <span class='ocrx_word' id='word_1_237' title='bbox 2440 1894 2603 1950; x_wconf 61' lang='lat' dir='ltr'><strong>super</strong></span> <span class='ocrx_word' id='word_1_238' title='bbox 2653 1850 2823 1951; x_wconf 42' lang='lat' dir='ltr'><strong>minus</strong></span> <span class='ocrx_word' id='word_1_239' title='bbox 2873 1897 3096 1938; x_wconf 59' lang='lat' dir='ltr'><strong>currere</strong></span> <span class='ocrx_word' id='word_1_240' title='bbox 3139 1883 3286 1937; x_wconf 46' lang='lat' dir='ltr'><strong>fecit.</strong></span> <span class='ocrx_word' id='word_1_241' title='bbox 3326 1850 3472 1938; x_wconf 52' lang='lat' dir='ltr'><strong>D&#39;um</strong></span> <span class='ocrx_word' id='word_1_242' title='bbox 3505 1850 3667 1954; x_wconf 49' lang='lat' dir='ltr'><strong>p15,&quot;,</strong></span> <span class='ocrx_word' id='word_1_243' title='bbox 3697 1884 3748 1939; x_wconf 70' lang='lat' dir='ltr'><strong>in</strong></span> 
     </span>
    </p>
   </div>
   <div class='ocr_carea' id='block_1_34' title="bbox 480 1945 2059 2020">
    <p class='ocr_par' dir='ltr' id='par_1_34' title="bbox 480 1945 2059 2020">
     <span class='ocr_line' id='line_1_34' title="bbox 480 1945 2059 2020; baseline 0.006 -25"><span class='ocrx_word' id='word_1_244' title='bbox 480 1945 547 2000; x_wconf 89' lang='lat' dir='ltr'><strong>ad</strong></span> <span class='ocrx_word' id='word_1_245' title='bbox 570 1956 979 2001; x_wconf 87' lang='lat' dir='ltr'><strong>sacrosanctum</strong></span> <span class='ocrx_word' id='word_1_246' title='bbox 1018 1945 1258 2015; x_wconf 83' lang='lat' dir='ltr'><strong>ejusdem</strong></span> <span class='ocrx_word' id='word_1_247' title='bbox 1308 1948 1478 2017; x_wconf 86' lang='lat' dir='ltr'><strong>patris</strong></span> <span class='ocrx_word' id='word_1_248' title='bbox 1522 1949 1848 2020; x_wconf 84' lang='lat' dir='ltr'><strong>sepulcrum,</strong></span> <span class='ocrx_word' id='word_1_249' title='bbox 1892 1958 1950 2004; x_wconf 79' lang='lat' dir='ltr'><strong>et</strong></span> <span class='ocrx_word' id='word_1_250' title='bbox 2005 1950 2059 2004; x_wconf 90' lang='lat' dir='ltr'><strong>in</strong></span> 
     </span>
    </p>
   </div>
   <div class='ocr_carea' id='block_1_35' title="bbox 481 2028 2059 2107">
    <p class='ocr_par' dir='ltr' id='par_1_35' title="bbox 481 2028 2059 2107">
     <span class='ocr_line' id='line_1_35' title="bbox 481 2028 2059 2107; baseline 0.005 -21"><span class='ocrx_word' id='word_1_251' title='bbox 481 2032 603 2089; x_wconf 77' lang='lat' dir='ltr'><strong>aliis</strong></span> <span class='ocrx_word' id='word_1_252' title='bbox 623 2036 796 2090; x_wconf 70' lang='lat' dir='ltr'><strong>beatae</strong></span> <span class='ocrx_word' id='word_1_253' title='bbox 817 2036 933 2107; x_wconf 79' lang='lat' dir='ltr'><strong>ejus</strong></span> <span class='ocrx_word' id='word_1_254' title='bbox 962 2028 1237 2093; x_wconf 68' lang='lat' dir='ltr'><strong>memoria:</strong></span> <span class='ocrx_word' id='word_1_255' title='bbox 1262 2036 1416 2106; x_wconf 82' lang='lat' dir='ltr'><strong>locis,</strong></span> <span class='ocrx_word' id='word_1_256' title='bbox 1447 2038 1559 2094; x_wconf 74' lang='lat' dir='ltr'><strong>lucc</strong></span> <span class='ocrx_word' id='word_1_257' title='bbox 1590 2038 1752 2095; x_wconf 86' lang='lat' dir='ltr'><strong>etiam</strong></span> <span class='ocrx_word' id='word_1_258' title='bbox 1790 2038 1909 2095; x_wconf 75' lang='lat' dir='ltr'><strong>fieri</strong></span> <span class='ocrx_word' id='word_1_259' title='bbox 1953 2054 2059 2094; x_wconf 91' lang='lat' dir='ltr'><strong>non</strong></span> 
     </span>
    </p>
   </div>
   <div class='ocr_carea' id='block_1_36' title="bbox 477 2141 813 2195">
    <p class='ocr_par' dir='ltr' id='par_1_36' title="bbox 477 2141 813 2195">
     <span class='ocr_line' id='line_1_36' title="bbox 477 2141 813 2195; baseline 0.006 -17"><span class='ocrx_word' id='word_1_260' title='bbox 477 2141 813 2195; x_wconf 75' lang='lat' dir='ltr'><strong>ignoramus.</strong></span> 
     </span>
    </p>
   </div>
   <div class='ocr_carea' id='block_1_37' title="bbox 554 2212 2063 2294">
    <p class='ocr_par' dir='ltr' id='par_1_37' title="bbox 554 2212 2063 2294">
     <span class='ocr_line' id='line_1_37' title="bbox 554 2212 2063 2294; baseline 0.005 -24"><span class='ocrx_word' id='word_1_261' title='bbox 554 2212 845 2286; x_wconf 87' lang='lat' dir='ltr'><strong>Signorum</strong></span> <span class='ocrx_word' id='word_1_262' title='bbox 874 2232 1005 2274; x_wconf 85' lang='lat' dir='ltr'><strong>sane</strong></span> <span class='ocrx_word' id='word_1_263' title='bbox 1034 2219 1463 2290; x_wconf 80' lang='lat' dir='ltr'><strong>inquisitoribus,</strong></span> <span class='ocrx_word' id='word_1_264' title='bbox 1494 2223 1585 2293; x_wconf 90' lang='lat' dir='ltr'><strong>qui</strong></span> <span class='ocrx_word' id='word_1_265' title='bbox 1627 2237 2063 2294; x_wconf 87' lang='lat' dir='ltr'><strong>unumquemque</strong></span> 
     </span>
    </p>
   </div>
   <div class='ocr_carea' id='block_1_38' title="bbox 480 2308 2061 2386">
    <p class='ocr_par' dir='ltr' id='par_1_38' title="bbox 480 2308 2061 2386">
     <span class='ocr_line' id='line_1_38' title="bbox 480 2308 2061 2386; baseline 0.005 -25"><span class='ocrx_word' id='word_1_266' title='bbox 480 2316 688 2375; x_wconf 83' lang='lat' dir='ltr'><strong>patrem</strong></span> <span class='ocrx_word' id='word_1_267' title='bbox 719 2308 989 2386; x_wconf 87' lang='lat' dir='ltr'><strong>sanetum,</strong></span> <span class='ocrx_word' id='word_1_268' title='bbox 1018 2311 1100 2366; x_wconf 88' lang='lat' dir='ltr'><strong>vel</strong></span> <span class='ocrx_word' id='word_1_269' title='bbox 1142 2321 1439 2383; x_wconf 90' lang='lat' dir='ltr'><strong>potentem,</strong></span> <span class='ocrx_word' id='word_1_270' title='bbox 1471 2315 1555 2370; x_wconf 88' lang='lat' dir='ltr'><strong>vel</strong></span> <span class='ocrx_word' id='word_1_271' title='bbox 1606 2316 1978 2386; x_wconf 88' lang='lat' dir='ltr'><strong>impotentem,</strong></span> <span class='ocrx_word' id='word_1_272' title='bbox 2005 2323 2061 2371; x_wconf 91' lang='lat' dir='ltr'><strong>et</strong></span> 
     </span>
    </p>
   </div>
   <div class='ocr_carea' id='block_1_39' title="bbox 476 2401 2062 2476">
    <p class='ocr_par' dir='ltr' id='par_1_39' title="bbox 476 2401 2062 2476">
     <span class='ocr_line' id='line_1_39' title="bbox 476 2401 2062 2476; baseline 0.005 -23"><span class='ocrx_word' id='word_1_273' title='bbox 476 2401 703 2455; x_wconf 86' lang='lat' dir='ltr'><strong>raritate</strong></span> <span class='ocrx_word' id='word_1_274' title='bbox 733 2402 817 2456; x_wconf 87' lang='lat' dir='ltr'><strong>vel</strong></span> <span class='ocrx_word' id='word_1_275' title='bbox 867 2404 1262 2474; x_wconf 89' lang='lat' dir='ltr'><strong>multiplicitate</strong></span> <span class='ocrx_word' id='word_1_276' title='bbox 1301 2404 1614 2462; x_wconf 79' lang='lat' dir='ltr'><strong>eorumdem</strong></span> <span class='ocrx_word' id='word_1_277' title='bbox 1660 2407 1935 2476; x_wconf 88' lang='lat' dir='ltr'><strong>signorum</strong></span> <span class='ocrx_word' id='word_1_278' title='bbox 1976 2422 2062 2461; x_wconf 88' lang='lat' dir='ltr'><strong>ar-</strong></span> 
     </span>
    </p>
   </div>
   <div class='ocr_carea' id='block_1_40' title="bbox 475 2493 2058 2567">
    <p class='ocr_par' dir='ltr' id='par_1_40' title="bbox 475 2493 2058 2567">
     <span class='ocr_line' id='line_1_40' title="bbox 475 2493 2058 2567; baseline 0.003 -20"><span class='ocrx_word' id='word_1_279' title='bbox 475 2493 766 2557; x_wconf 87' lang='lat' dir='ltr'><strong>bitrantur.</strong></span> <span class='ocrx_word' id='word_1_280' title='bbox 790 2495 879 2551; x_wconf 92' lang='lat' dir='ltr'><strong>illa</strong></span> <span class='ocrx_word' id='word_1_281' title='bbox 903 2496 1181 2552; x_wconf 89' lang='lat' dir='ltr'><strong>Dominica</strong></span> <span class='ocrx_word' id='word_1_282' title='bbox 1205 2498 1525 2567; x_wconf 70' lang='lat' dir='ltr'><strong>exprobatio</strong></span> <span class='ocrx_word' id='word_1_283' title='bbox 1546 2498 1934 2552; x_wconf 86' lang='lat' dir='ltr'><strong>consideranda</strong></span> <span class='ocrx_word' id='word_1_284' title='bbox 1957 2507 2058 2560; x_wconf 88' lang='lat' dir='ltr'><strong>est,</strong></span> 
     </span>
    </p>
   </div>
   <div class='ocr_carea' id='block_1_41' title="bbox 476 2589 2064 2664">
    <p class='ocr_par' dir='ltr' id='par_1_41' title="bbox 476 2589 2064 2664">
     <span class='ocr_line' id='line_1_41' title="bbox 476 2589 2064 2664; baseline 0.003 -22"><span class='ocrx_word' id='word_1_285' title='bbox 476 2600 583 2657; x_wconf 88' lang='lat' dir='ltr'><strong>qua</strong></span> <span class='ocrx_word' id='word_1_286' title='bbox 625 2589 757 2643; x_wconf 85' lang='lat' dir='ltr'><strong>dicit</strong></span> <span class='ocrx_word' id='word_1_287' title='bbox 786 2605 800 2642; x_wconf 90' lang='lat'><strong>:</strong></span> <span class='ocrx_word' id='word_1_288' title='bbox 833 2589 1115 2645; x_wconf 81' lang='lat' dir='ltr'><strong>Generatio</strong></span> <span class='ocrx_word' id='word_1_289' title='bbox 1147 2590 1287 2645; x_wconf 86' lang='lat' dir='ltr'><strong>mala</strong></span> <span class='ocrx_word' id='word_1_290' title='bbox 1322 2600 1371 2647; x_wconf 86' lang='lat' dir='ltr'><strong>et</strong></span> <span class='ocrx_word' id='word_1_291' title='bbox 1399 2592 1642 2647; x_wconf 82' lang='lat' dir='ltr'><strong>adultera</strong></span> <span class='ocrx_word' id='word_1_292' title='bbox 1672 2592 1879 2663; x_wconf 74' lang='lat' dir='ltr'><strong>signum</strong></span> <span class='ocrx_word' id='word_1_293' title='bbox 1918 2608 2064 2664; x_wconf 70' lang='lat' dir='ltr'><strong>quir-</strong></span> 
     </span>
    </p>
   </div>
   <div class='ocr_carea' id='block_1_42' title="bbox 479 2674 2064 2754">
    <p class='ocr_par' dir='ltr' id='par_1_42' title="bbox 479 2674 2064 2754">
     <span class='ocr_line' id='line_1_42' title="bbox 479 2674 2064 2754; baseline 0.007 -26"><span class='ocrx_word' id='word_1_294' title='bbox 479 2677 546 2730; x_wconf 85' lang='lat' dir='ltr'><strong>rit</strong></span> <span class='ocrx_word' id='word_1_295' title='bbox 594 2676 810 2749; x_wconf 75' lang='lat' dir='ltr'><strong>(Matth.</strong></span> <span class='ocrx_word' id='word_1_296' title='bbox 842 2695 943 2745; x_wconf 75' lang='lat' dir='ltr'><strong>xu,</strong></span> <span class='ocrx_word' id='word_1_297' title='bbox 970 2679 1080 2750; x_wconf 79' lang='lat'><strong>59).</strong></span> <span class='ocrx_word' id='word_1_298' title='bbox 1123 2681 1190 2736; x_wconf 87' lang='lat' dir='ltr'><strong>Et</strong></span> <span class='ocrx_word' id='word_1_299' title='bbox 1215 2681 1304 2736; x_wconf 90' lang='lat' dir='ltr'><strong>illa</strong></span> <span class='ocrx_word' id='word_1_300' title='bbox 1332 2684 1601 2753; x_wconf 63' lang='lat' dir='ltr'><strong>praeconis</strong></span> <span class='ocrx_word' id='word_1_301' title='bbox 1636 2683 1824 2754; x_wconf 85' lang='lat' dir='ltr'><strong>ipsius,</strong></span> <span class='ocrx_word' id='word_1_302' title='bbox 1869 2674 2064 2754; x_wconf 79' lang='lat' dir='ltr'><strong>expro-</strong></span> 
     </span>
    </p>
   </div>
   <div class='ocr_carea' id='block_1_43' title="bbox 477 2768 2061 2845">
    <p class='ocr_par' dir='ltr' id='par_1_43' title="bbox 477 2768 2061 2845">
     <span class='ocr_line' id='line_1_43' title="bbox 477 2768 2061 2845; baseline 0.003 -21"><span class='ocrx_word' id='word_1_303' title='bbox 477 2768 660 2825; x_wconf 83' lang='lat' dir='ltr'><strong>bando</strong></span> <span class='ocrx_word' id='word_1_304' title='bbox 680 2770 932 2840; x_wconf 73' lang='lat' dir='ltr'><strong>dicentis,</strong></span> <span class='ocrx_word' id='word_1_305' title='bbox 959 2771 1140 2828; x_wconf 57' lang='lat' dir='ltr'><strong>Juda’i</strong></span> <span class='ocrx_word' id='word_1_306' title='bbox 1169 2774 1317 2845; x_wconf 78' lang='lat' dir='ltr'><strong>signa</strong></span> <span class='ocrx_word' id='word_1_307' title='bbox 1344 2778 1525 2845; x_wconf 75' lang='lat' dir='ltr'><strong>petunt</strong></span> <span class='ocrx_word' id='word_1_308' title='bbox 1577 2774 1631 2845; x_wconf 92' lang='lat' dir='ltr'><strong>(I</strong></span> <span class='ocrx_word' id='word_1_309' title='bbox 1659 2774 1785 2831; x_wconf 87' lang='lat' dir='ltr'><strong>Cor.</strong></span> <span class='ocrx_word' id='word_1_310' title='bbox 1811 2791 1871 2841; x_wconf 88' lang='grc' dir='ltr'>ιι,</span> <span class='ocrx_word' id='word_1_311' title='bbox 1906 2775 1999 2845; x_wconf 75' lang='lat'><strong>9.9.)</strong></span> <span class='ocrx_word' id='word_1_312' title='bbox 2045 2792 2061 2830; x_wconf 90' lang='lat'><strong>:</strong></span> 
     </span>
    </p>
   </div>
   <div class='ocr_carea' id='block_1_44' title="bbox 479 2864 2060 2945">
    <p class='ocr_par' dir='ltr' id='par_1_44' title="bbox 479 2864 2060 2945">
     <span class='ocr_line' id='line_1_44' title="bbox 479 2864 2060 2945; baseline 0.004 -30"><span class='ocrx_word' id='word_1_313' title='bbox 479 2875 619 2932; x_wconf 90' lang='lat' dir='ltr'><strong>quos</strong></span> <span class='ocrx_word' id='word_1_314' title='bbox 667 2864 801 2921; x_wconf 87' lang='lat' dir='ltr'><strong>alias</strong></span> <span class='ocrx_word' id='word_1_315' title='bbox 852 2865 964 2920; x_wconf 89' lang='lat' dir='ltr'><strong>Deo</strong></span> <span class='ocrx_word' id='word_1_316' title='bbox 1019 2865 1247 2922; x_wconf 90' lang='lat' dir='ltr'><strong>odibiles</strong></span> <span class='ocrx_word' id='word_1_317' title='bbox 1304 2865 1476 2937; x_wconf 85' lang='lat' dir='ltr'><strong>(Rom.</strong></span> <span class='ocrx_word' id='word_1_318' title='bbox 1504 2883 1544 2932; x_wconf 88' lang='grc' dir='ltr'>ι,</span> <span class='ocrx_word' id='word_1_319' title='bbox 1575 2868 1715 2945; x_wconf 24' lang='lat'><strong>50),‘</strong></span> <span class='ocrx_word' id='word_1_320' title='bbox 1744 2882 1853 2923; x_wconf 89' lang='lat' dir='ltr'><strong>non</strong></span> <span class='ocrx_word' id='word_1_321' title='bbox 1900 2875 2060 2945; x_wconf 86' lang='lat' dir='ltr'><strong>tacet.</strong></span> 
     </span>
    </p>
   </div>
   <div class='ocr_carea' id='block_1_45' title="bbox 480 2952 2065 3031">
    <p class='ocr_par' dir='ltr' id='par_1_45' title="bbox 480 2952 2065 3031">
     <span class='ocr_line' id='line_1_45' title="bbox 480 2952 2065 3031; baseline 0.004 -24"><span class='ocrx_word' id='word_1_322' title='bbox 480 2952 720 3012; x_wconf 82' lang='lat' dir='ltr'><strong>Herodes</strong></span> <span class='ocrx_word' id='word_1_323' title='bbox 741 2964 942 3023; x_wconf 87' lang='lat' dir='ltr'><strong>autem,</strong></span> <span class='ocrx_word' id='word_1_324' title='bbox 958 2958 1067 3029; x_wconf 84' lang='lat' dir='ltr'><strong>qui,</strong></span> <span class='ocrx_word' id='word_1_325' title='bbox 1102 2967 1161 3013; x_wconf 93' lang='lat' dir='ltr'><strong>ut</strong></span> <span class='ocrx_word' id='word_1_326' title='bbox 1180 2958 1438 3031; x_wconf 88' lang='lat' dir='ltr'><strong>scriptum</strong></span> <span class='ocrx_word' id='word_1_327' title='bbox 1457 2967 1560 3026; x_wconf 89' lang='lat' dir='ltr'><strong>est,</strong></span> <span class='ocrx_word' id='word_1_328' title='bbox 1577 2960 1825 3030; x_wconf 13' lang='lat' dir='ltr'><strong>(cupiebat</strong></span> <span class='ocrx_word' id='word_1_329' title='bbox 1854 2958 2065 3031; x_wconf 82' lang='lat' dir='ltr'><strong>aliquod</strong></span> 
     </span>
    </p>
   </div>
   <div class='ocr_carea' id='block_1_46' title="bbox 482 3045 2171 3125">
    <p class='ocr_par' dir='ltr' id='par_1_46' title="bbox 482 3045 2171 3125">
     <span class='ocr_line' id='line_1_46' title="bbox 482 3045 2171 3125; baseline 0.005 -29"><span class='ocrx_word' id='word_1_330' title='bbox 482 3045 687 3114; x_wconf 81' lang='lat' dir='ltr'><strong>signum</strong></span> <span class='ocrx_word' id='word_1_331' title='bbox 722 3046 787 3099; x_wconf 87' lang='lat' dir='ltr'><strong>ab</strong></span> <span class='ocrx_word' id='word_1_332' title='bbox 814 3064 874 3101; x_wconf 84' lang='lat' dir='ltr'><strong>eo</strong></span> <span class='ocrx_word' id='word_1_333' title='bbox 913 3048 1090 3102; x_wconf 83' lang='lat' dir='ltr'><strong>videre</strong></span> <span class='ocrx_word' id='word_1_334' title='bbox 1135 3046 1287 3125; x_wconf 78' lang='lat' dir='ltr'><strong>(an.</strong></span> <span class='ocrx_word' id='word_1_335' title='bbox 1310 3065 1471 3115; x_wconf 66' lang='grc' dir='ltr'>χχιιι,</span> <span class='ocrx_word' id='word_1_336' title='bbox 1495 3049 1572 3120; x_wconf 83' lang='grc'><strong>8),</strong></span> <span class='ocrx_word' id='word_1_337' title='bbox 1604 3065 1704 3105; x_wconf 85' lang='lat' dir='ltr'><strong>nec.</strong></span> <span class='ocrx_word' id='word_1_338' title='bbox 1751 3050 1805 3103; x_wconf 88' lang='lat' dir='ltr'><strong>in</strong></span> <span class='ocrx_word' id='word_1_339' title='bbox 1855 3050 2064 3105; x_wconf 90' lang='lat' dir='ltr'><strong>modico</strong></span> <span class='ocrx_word' id='word_1_340' title='bbox 2164 3045 2171 3081; x_wconf 68' lang='grc' dir='ltr'><em>λ</em></span> 
     </span>
    </p>
   </div>
   <div class='ocr_carea' id='block_1_47' title="bbox 481 3133 2065 3210">
    <p class='ocr_par' dir='ltr' id='par_1_47' title="bbox 481 3133 2065 3210">
     <span class='ocr_line' id='line_1_47' title="bbox 481 3133 2065 3210; baseline 0.004 -23"><span class='ocrx_word' id='word_1_341' title='bbox 481 3135 700 3204; x_wconf 86' lang='lat' dir='ltr'><strong>quidem</strong></span> <span class='ocrx_word' id='word_1_342' title='bbox 724 3133 842 3204; x_wconf 86' lang='lat' dir='ltr'><strong>ejus</strong></span> <span class='ocrx_word' id='word_1_343' title='bbox 864 3139 1279 3206; x_wconf 77' lang='lat' dir='ltr'><strong>responsionem</strong></span> <span class='ocrx_word' id='word_1_344' title='bbox 1309 3139 1504 3210; x_wconf 85' lang='lat' dir='ltr'><strong>dignus</strong></span> <span class='ocrx_word' id='word_1_345' title='bbox 1535 3139 1636 3194; x_wconf 89' lang='lat' dir='ltr'><strong>fuit</strong></span> <span class='ocrx_word' id='word_1_346' title='bbox 1673 3140 1882 3195; x_wconf 87' lang='lat' dir='ltr'><strong>audire.</strong></span> <span class='ocrx_word' id='word_1_347' title='bbox 1925 3139 2065 3194; x_wconf 56' lang='lat' dir='ltr'><strong>Cen.</strong></span> 
     </span>
    </p>
   </div>
   <div class='ocr_carea' id='block_1_48' title="bbox 481 3221 2135 3301">
    <p class='ocr_par' dir='ltr' id='par_1_48' title="bbox 481 3221 2135 3301">
     <span class='ocr_line' id='line_1_48' title="bbox 481 3221 2135 3301; baseline 0.004 -26"><span class='ocrx_word' id='word_1_348' title='bbox 481 3224 714 3281; x_wconf 82' lang='lat' dir='ltr'><strong>turionis</strong></span> <span class='ocrx_word' id='word_1_349' title='bbox 741 3235 923 3281; x_wconf 90' lang='lat' dir='ltr'><strong>autem</strong></span> <span class='ocrx_word' id='word_1_350' title='bbox 951 3226 1111 3284; x_wconf 77' lang='lat' dir='ltr'><strong>fidem</strong></span> <span class='ocrx_word' id='word_1_351' title='bbox 1152 3229 1300 3284; x_wconf 88' lang='lat' dir='ltr'><strong>omni</strong></span> <span class='ocrx_word' id='word_1_352' title='bbox 1337 3229 1523 3285; x_wconf 86' lang='lat' dir='ltr'><strong>lsraeli</strong></span> <span class='ocrx_word' id='word_1_353' title='bbox 1567 3230 1802 3301; x_wconf 68' lang='lat' dir='ltr'><strong>praitulit</strong></span> <span class='ocrx_word' id='word_1_354' title='bbox 1849 3228 2060 3301; x_wconf 71' lang='lat' dir='ltr'><strong>(Matth.</strong></span> <span class='ocrx_word' id='word_1_355' title='bbox 2091 3221 2135 3282; x_wconf 90' lang='lat' dir='ltr'>C</span> 
     </span>
    </p>
   </div>
   <div class='ocr_carea' id='block_1_49' title="bbox 483 3318 2067 3393">
    <p class='ocr_par' dir='ltr' id='par_1_49' title="bbox 483 3318 2067 3393">
     <span class='ocr_line' id='line_1_49' title="bbox 483 3318 2067 3393; baseline 0.002 -19"><span class='ocrx_word' id='word_1_356' title='bbox 483 3321 713 3393; x_wconf 70' lang='lat' dir='ltr'><strong>vui,13)</strong></span> <span class='ocrx_word' id='word_1_357' title='bbox 768 3339 782 3376; x_wconf 87' lang='lat'><strong>:</strong></span> <span class='ocrx_word' id='word_1_358' title='bbox 838 3318 930 3392; x_wconf 71' lang='lat' dir='ltr'><strong>q&#39;u&quot;</strong></span> <span class='ocrx_word' id='word_1_359' title='bbox 980 3323 1048 3378; x_wconf 90' lang='lat' dir='ltr'><strong>ad</strong></span> <span class='ocrx_word' id='word_1_360' title='bbox 1104 3325 1245 3379; x_wconf 86' lang='lat' dir='ltr'><strong>servi</strong></span> <span class='ocrx_word' id='word_1_361' title='bbox 1312 3318 1654 3380; x_wconf 85' lang='lat' dir='ltr'><strong>curationem</strong></span> <span class='ocrx_word' id='word_1_362' title='bbox 1719 3324 1889 3380; x_wconf 87' lang='lat' dir='ltr'><strong>solam</strong></span> <span class='ocrx_word' id='word_1_363' title='bbox 1951 3323 2067 3393; x_wconf 88' lang='lat' dir='ltr'><strong>ejus</strong></span> 
     </span>
    </p>
   </div>
   <div class='ocr_carea' id='block_1_50' title="bbox 479 3400 2067 3485">
    <p class='ocr_par' dir='ltr' id='par_1_50' title="bbox 479 3400 2067 3485">
     <span class='ocr_line' id='line_1_50' title="bbox 479 3400 2067 3485; baseline 0.004 -21"><span class='ocrx_word' id='word_1_364' title='bbox 479 3412 780 3480; x_wconf 70' lang='lat' dir='ltr'><strong>iussionem</strong></span> <span class='ocrx_word' id='word_1_365' title='bbox 821 3400 1070 3471; x_wconf 66' lang='lat' dir='ltr'><strong>subicere</strong></span> <span class='ocrx_word' id='word_1_366' title='bbox 1129 3431 1235 3471; x_wconf 94' lang='lat' dir='ltr'><strong>non</strong></span> <span class='ocrx_word' id='word_1_367' title='bbox 1294 3407 1577 3472; x_wconf 85' lang='lat' dir='ltr'><strong>dubitavit.</strong></span> <span class='ocrx_word' id='word_1_368' title='bbox 1610 3482 1613 3485; x_wconf 23' lang='grc' dir='ltr'>η</span> <span class='ocrx_word' id='word_1_369' title='bbox 1643 3415 1770 3471; x_wconf 59' lang='lat' dir='ltr'><strong>Haec</strong></span> <span class='ocrx_word' id='word_1_370' title='bbox 1827 3415 2067 3471; x_wconf 73' lang='lat' dir='ltr'><strong>exterius</strong></span> 
     </span>
    </p>
   </div>
   <div class='ocr_carea' id='block_1_51' title="bbox 484 3504 2064 3578">
    <p class='ocr_par' dir='ltr' id='par_1_51' title="bbox 484 3504 2064 3578">
     <span class='ocr_line' id='line_1_51' title="bbox 484 3504 2064 3578; baseline 0.001 -20"><span class='ocrx_word' id='word_1_371' title='bbox 484 3504 675 3571; x_wconf 83' lang='lat' dir='ltr'><strong>inseri,</strong></span> <span class='ocrx_word' id='word_1_372' title='bbox 716 3505 1072 3575; x_wconf 91' lang='lat' dir='ltr'><strong>quorumdam</strong></span> <span class='ocrx_word' id='word_1_373' title='bbox 1117 3506 1368 3577; x_wconf 85' lang='lat' dir='ltr'><strong>tepiditas</strong></span> <span class='ocrx_word' id='word_1_374' title='bbox 1429 3507 1628 3578; x_wconf 75' lang='lat' dir='ltr'><strong>exigit,</strong></span> <span class='ocrx_word' id='word_1_375' title='bbox 1686 3521 1915 3575; x_wconf 79' lang='lat' dir='ltr'><strong>quorum</strong></span> <span class='ocrx_word' id='word_1_376' title='bbox 1968 3505 2064 3560; x_wconf 89' lang='lat' dir='ltr'><strong>de-</strong></span> 
     </span>
    </p>
   </div>
   <div class='ocr_carea' id='block_1_52' title="bbox 485 3595 2064 3670">
    <p class='ocr_par' dir='ltr' id='par_1_52' title="bbox 485 3595 2064 3670">
     <span class='ocr_line' id='line_1_52' title="bbox 485 3595 2064 3670; baseline -0.001 -21"><span class='ocrx_word' id='word_1_377' title='bbox 485 3595 634 3651; x_wconf 79' lang='lat' dir='ltr'><strong>votio</strong></span> <span class='ocrx_word' id='word_1_378' title='bbox 693 3597 1036 3653; x_wconf 86' lang='lat' dir='ltr'><strong>cessantibus</strong></span> <span class='ocrx_word' id='word_1_379' title='bbox 1093 3596 1261 3669; x_wconf 80' lang='lat' dir='ltr'><strong>signis</strong></span> <span class='ocrx_word' id='word_1_380' title='bbox 1316 3596 1578 3670; x_wconf 80' lang='lat' dir='ltr'><strong>frigescit.</strong></span> <span class='ocrx_word' id='word_1_381' title='bbox 1653 3596 1823 3652; x_wconf 90' lang='lat' dir='ltr'><strong>Porro</strong></span> <span class='ocrx_word' id='word_1_382' title='bbox 1890 3596 2064 3650; x_wconf 76' lang='lat' dir='ltr'><strong>eidem</strong></span> 
     </span>
    </p>
   </div>
   <div class='ocr_carea' id='block_1_53' title="bbox 483 3683 2062 3759">
    <p class='ocr_par' dir='ltr' id='par_1_53' title="bbox 483 3683 2062 3759">
     <span class='ocr_line' id='line_1_53' title="bbox 483 3683 2062 3759; baseline -0.001 -19"><span class='ocrx_word' id='word_1_383' title='bbox 483 3683 802 3742; x_wconf 84' lang='lat' dir='ltr'><strong>beatissimo</strong></span> <span class='ocrx_word' id='word_1_384' title='bbox 851 3688 1014 3758; x_wconf 86' lang='lat' dir='ltr'><strong>patri,</strong></span> <span class='ocrx_word' id='word_1_385' title='bbox 1057 3703 1152 3743; x_wconf 87' lang='lat' dir='ltr'><strong>sua</strong></span> <span class='ocrx_word' id='word_1_386' title='bbox 1205 3688 1560 3759; x_wconf 81' lang='lat' dir='ltr'><strong>praerogativa</strong></span> <span class='ocrx_word' id='word_1_387' title='bbox 1611 3687 1901 3743; x_wconf 89' lang='lat' dir='ltr'><strong>admodum</strong></span> <span class='ocrx_word' id='word_1_388' title='bbox 1950 3684 2062 3741; x_wconf 82' lang='lat' dir='ltr'><strong>suf-</strong></span> 
     </span>
    </p>
   </div>
   <div class='ocr_carea' id='block_1_54' title="bbox 486 3771 2070 3859">
    <p class='ocr_par' dir='ltr' id='par_1_54' title="bbox 486 3771 2070 3859">
     <span class='ocr_line' id='line_1_54' title="bbox 486 3771 2070 3859; baseline -0.004 -16"><span class='ocrx_word' id='word_1_389' title='bbox 486 3779 602 3843; x_wconf 72' lang='lat' dir='ltr'><strong>ﬁcit</strong></span> <span class='ocrx_word' id='word_1_390' title='bbox 631 3802 645 3839; x_wconf 92' lang='lat'><strong>:</strong></span> <span class='ocrx_word' id='word_1_391' title='bbox 674 3784 767 3855; x_wconf 92' lang='lat' dir='ltr'><strong>qui</strong></span> <span class='ocrx_word' id='word_1_392' title='bbox 799 3793 1080 3859; x_wconf 87' lang='lat' dir='ltr'><strong>tantopere</strong></span> <span class='ocrx_word' id='word_1_393' title='bbox 1126 3784 1349 3855; x_wconf 80' lang='lat' dir='ltr'><strong>fulgoris</strong></span> <span class='ocrx_word' id='word_1_394' title='bbox 1392 3786 1610 3853; x_wconf 88' lang='lat' dir='ltr'><strong>emicat,</strong></span> <span class='ocrx_word' id='word_1_395' title='bbox 1669 3771 1734 3840; x_wconf 84' lang='lat' dir='ltr'><strong>ut</strong></span> <span class='ocrx_word' id='word_1_396' title='bbox 1778 3784 1942 3839; x_wconf 89' lang='lat' dir='ltr'><strong>etiam</strong></span> <span class='ocrx_word' id='word_1_397' title='bbox 1985 3797 2070 3837; x_wconf 89' lang='lat' dir='ltr'><strong>re-</strong></span> 
     </span>
    </p>
   </div>
   <div class='ocr_carea' id='block_1_55' title="bbox 484 3862 2069 3932">
    <p class='ocr_par' dir='ltr' id='par_1_55' title="bbox 484 3862 2069 3932">
     <span class='ocr_line' id='line_1_55' title="bbox 484 3862 2069 3932; baseline 0 -4"><span class='ocrx_word' id='word_1_398' title='bbox 484 3875 821 3931; x_wconf 88' lang='lat' dir='ltr'><strong>motissimos</strong></span> <span class='ocrx_word' id='word_1_399' title='bbox 867 3876 1034 3930; x_wconf 90' lang='lat' dir='ltr'><strong>totius</strong></span> <span class='ocrx_word' id='word_1_400' title='bbox 1073 3875 1498 3932; x_wconf 87' lang='lat' dir='ltr'><strong>Christianitatis</strong></span> <span class='ocrx_word' id='word_1_401' title='bbox 1551 3862 1710 3932; x_wconf 63' lang='lat' dir='ltr'><strong>sinus~</strong></span> <span class='ocrx_word' id='word_1_402' title='bbox 1756 3874 1924 3930; x_wconf 88' lang='lat' dir='ltr'><strong>radiis</strong></span> <span class='ocrx_word' id='word_1_403' title='bbox 1958 3888 2069 3930; x_wconf 76' lang='lat' dir='ltr'><strong>sua:</strong></span> 
     </span>
    </p>
   </div>
   <div class='ocr_carea' id='block_1_56' title="bbox 480 3955 2069 4038">
    <p class='ocr_par' dir='ltr' id='par_1_56' title="bbox 480 3955 2069 4038">
     <span class='ocr_line' id='line_1_56' title="bbox 480 3955 2069 4038; baseline -0.001 -19"><span class='ocrx_word' id='word_1_404' title='bbox 480 3964 835 4020; x_wconf 87' lang='lat' dir='ltr'><strong>beatitudinis</strong></span> <span class='ocrx_word' id='word_1_405' title='bbox 882 3958 1149 4038; x_wconf 51' lang='lat' dir='ltr'><strong>illustret.</strong></span> <span class='ocrx_word' id='word_1_406' title='bbox 1188 3964 1298 4022; x_wconf 89' lang='lat' dir='ltr'><strong>Nec</strong></span> <span class='ocrx_word' id='word_1_407' title='bbox 1363 3955 1753 4020; x_wconf 88' lang='lat' dir='ltr'><strong>monachorum</strong></span> <span class='ocrx_word' id='word_1_408' title='bbox 1812 3956 2069 4018; x_wconf 86' lang='lat' dir='ltr'><strong>cohortes</strong></span> 
     </span>
    </p>
   </div>
   <div class='ocr_carea' id='block_1_57' title="bbox 482 4040 2066 4129">
    <p class='ocr_par' dir='ltr' id='par_1_57' title="bbox 482 4040 2066 4129">
     <span class='ocr_line' id='line_1_57' title="bbox 482 4040 2066 4129; baseline -0.002 -17"><span class='ocrx_word' id='word_1_409' title='bbox 482 4057 681 4129; x_wconf 88' lang='lat' dir='ltr'><strong>ubique</strong></span> <span class='ocrx_word' id='word_1_410' title='bbox 710 4068 981 4113; x_wconf 87' lang='lat' dir='ltr'><strong>terrarum</strong></span> <span class='ocrx_word' id='word_1_411' title='bbox 1017 4055 1246 4122; x_wconf 71' lang='lat' dir='ltr'><strong>diil‘usce,</strong></span> <span class='ocrx_word' id='word_1_412' title='bbox 1292 4040 1498 4112; x_wconf 83' lang='lat' dir='ltr'><strong>tantam</strong></span> <span class='ocrx_word' id='word_1_413' title='bbox 1537 4058 1653 4129; x_wconf 88' lang='lat' dir='ltr'><strong>ejus</strong></span> <span class='ocrx_word' id='word_1_414' title='bbox 1690 4043 2066 4111; x_wconf 88' lang='lat' dir='ltr'><strong>celsitudinem</strong></span> 
     </span>
    </p>
   </div>
   <div class='ocr_carea' id='block_1_58' title="bbox 478 4132 2065 4221">
    <p class='ocr_par' dir='ltr' id='par_1_58' title="bbox 478 4132 2065 4221">
     <span class='ocr_line' id='line_1_58' title="bbox 478 4132 2065 4221; baseline 0.001 -22"><span class='ocrx_word' id='word_1_415' title='bbox 478 4132 733 4221; x_wconf 86' lang='lat' dir='ltr'><strong>ignorant</strong></span> <span class='ocrx_word' id='word_1_416' title='bbox 765 4164 778 4201; x_wconf 92' lang='lat'><strong>:</strong></span> <span class='ocrx_word' id='word_1_417' title='bbox 808 4147 899 4217; x_wconf 91' lang='lat' dir='ltr'><strong>qui</strong></span> <span class='ocrx_word' id='word_1_418' title='bbox 930 4155 1177 4202; x_wconf 89' lang='lat' dir='ltr'><strong>sanctam</strong></span> <span class='ocrx_word' id='word_1_419' title='bbox 1204 4147 1372 4218; x_wconf 86' lang='lat' dir='ltr'><strong>ipsius</strong></span> <span class='ocrx_word' id='word_1_420' title='bbox 1400 4147 1799 4203; x_wconf 89' lang='lat' dir='ltr'><strong>institutionem</strong></span> <span class='ocrx_word' id='word_1_421' title='bbox 1822 4160 1933 4216; x_wconf 62' lang='lat' dir='ltr'><strong>prae</strong></span> <span class='ocrx_word' id='word_1_422' title='bbox 1961 4161 2065 4200; x_wconf 76' lang='lat' dir='ltr'><strong>cte-</strong></span> 
     </span>
    </p>
   </div>
   <div class='ocr_carea' id='block_1_59' title="bbox 481 4247 2069 4320">
    <p class='ocr_par' dir='ltr' id='par_1_59' title="bbox 481 4247 2069 4320">
     <span class='ocr_line' id='line_1_59' title="bbox 481 4247 2069 4320; baseline -0.002 -15"><span class='ocrx_word' id='word_1_423' title='bbox 481 4247 616 4305; x_wconf 85' lang='lat' dir='ltr'><strong>leris</strong></span> <span class='ocrx_word' id='word_1_424' title='bbox 641 4255 939 4303; x_wconf 89' lang='lat' dir='ltr'><strong>sectantur.</strong></span> <span class='ocrx_word' id='word_1_425' title='bbox 964 4248 1041 4304; x_wconf 86' lang='lat' dir='ltr'><strong>ita</strong></span> <span class='ocrx_word' id='word_1_426' title='bbox 1070 4258 1130 4303; x_wconf 90' lang='lat' dir='ltr'><strong>ut</strong></span> <span class='ocrx_word' id='word_1_427' title='bbox 1153 4249 1319 4304; x_wconf 91' lang='lat' dir='ltr'><strong>etiam</strong></span> <span class='ocrx_word' id='word_1_428' title='bbox 1343 4249 1398 4304; x_wconf 90' lang='lat' dir='ltr'><strong>in</strong></span> <span class='ocrx_word' id='word_1_429' title='bbox 1446 4250 1685 4320; x_wconf 87' lang='lat' dir='ltr'><strong>ipsorum</strong></span> <span class='ocrx_word' id='word_1_430' title='bbox 1713 4249 1936 4303; x_wconf 83' lang='lat' dir='ltr'><strong>Patrum</strong></span> <span class='ocrx_word' id='word_1_431' title='bbox 1959 4262 2069 4302; x_wconf 82' lang='lat' dir='ltr'><strong>cce-</strong></span> 
     </span>
    </p>
   </div>
   <div class='ocr_carea' id='block_1_60' title="bbox 472 4324 2070 4412">
    <p class='ocr_par' dir='ltr' id='par_1_60' title="bbox 472 4324 2070 4412">
     <span class='ocr_line' id='line_1_60' title="bbox 472 4324 2070 4412; baseline 0 -21"><span class='ocrx_word' id='word_1_432' title='bbox 472 4333 697 4404; x_wconf 70' lang='lat' dir='ltr'><strong>&#39;noi:iis,&#39;</strong></span> <span class='ocrx_word' id='word_1_433' title='bbox 729 4338 823 4407; x_wconf 92' lang='lat' dir='ltr'><strong>qui</strong></span> <span class='ocrx_word' id='word_1_434' title='bbox 850 4354 1096 4393; x_wconf 87' lang='lat' dir='ltr'><strong>normam</strong></span> <span class='ocrx_word' id='word_1_435' title='bbox 1132 4340 1308 4395; x_wconf 88' lang='lat' dir='ltr'><strong>sancti</strong></span> <span class='ocrx_word' id='word_1_436' title='bbox 1335 4340 1593 4412; x_wconf 88' lang='lat' dir='ltr'><strong>propositi</strong></span> <span class='ocrx_word' id='word_1_437' title='bbox 1622 4339 1853 4395; x_wconf 79' lang='lat' dir='ltr'><strong>fideliter</strong></span> <span class='ocrx_word' id='word_1_438' title='bbox 1876 4324 1938 4393; x_wconf 76' lang='lat' dir='ltr'><strong>ac</strong></span> <span class='ocrx_word' id='word_1_439' title='bbox 1983 4352 2070 4391; x_wconf 90' lang='lat' dir='ltr'><strong>re-</strong></span> 
     </span>
    </p>
   </div>
   <div class='ocr_carea' id='block_1_61' title="bbox 482 4414 2068 4502">
    <p class='ocr_par' dir='ltr' id='par_1_61' title="bbox 482 4414 2068 4502">
     <span class='ocr_line' id='line_1_61' title="bbox 482 4414 2068 4502; baseline 0.001 -20"><span class='ocrx_word' id='word_1_440' title='bbox 482 4426 675 4500; x_wconf 85' lang='lat' dir='ltr'><strong>ligiose</strong></span> <span class='ocrx_word' id='word_1_441' title='bbox 713 4430 1143 4502; x_wconf 81' lang='lat' dir='ltr'><strong>promulgarunt,</strong></span> <span class='ocrx_word' id='word_1_442' title='bbox 1182 4431 1323 4486; x_wconf 89' lang='lat' dir='ltr'><strong>hanc</strong></span> <span class='ocrx_word' id='word_1_443' title='bbox 1366 4431 1570 4502; x_wconf 88' lang='lat' dir='ltr'><strong>proprii</strong></span> <span class='ocrx_word' id='word_1_444' title='bbox 1604 4430 1831 4486; x_wconf 86' lang='lat' dir='ltr'><strong>clientes</strong></span> <span class='ocrx_word' id='word_1_445' title='bbox 1880 4414 2068 4485; x_wconf 87' lang='lat' dir='ltr'><strong>eorum</strong></span> 
     </span>
    </p>
   </div>
   <div class='ocr_carea' id='block_1_62' title="bbox 480 4519 2068 4591">
    <p class='ocr_par' dir='ltr' id='par_1_62' title="bbox 480 4519 2068 4591">
     <span class='ocr_line' id='line_1_62' title="bbox 480 4519 2068 4591; baseline 0.001 -18"><span class='ocrx_word' id='word_1_446' title='bbox 480 4519 672 4581; x_wconf 81' lang='lat' dir='ltr'><strong>malint</strong></span> <span class='ocrx_word' id='word_1_447' title='bbox 722 4521 985 4591; x_wconf 77' lang='lat' dir='ltr'><strong>profiteri.</strong></span> <span class='ocrx_word' id='word_1_448' title='bbox 1034 4521 1152 4577; x_wconf 82' lang='lat' dir='ltr'><strong>Non</strong></span> <span class='ocrx_word' id='word_1_449' title='bbox 1199 4521 1468 4577; x_wconf 89' lang='lat' dir='ltr'><strong>immerito</strong></span> <span class='ocrx_word' id='word_1_450' title='bbox 1522 4522 1883 4588; x_wconf 88' lang='lat' dir='ltr'><strong>arbitrantes,</strong></span> <span class='ocrx_word' id='word_1_451' title='bbox 1928 4521 2068 4590; x_wconf 91' lang='lat' dir='ltr'><strong>quod</strong></span> 
     </span>
    </p>
   </div>
   <div class='ocr_carea' id='block_1_63' title="bbox 488 4610 2067 4682">
    <p class='ocr_par' dir='ltr' id='par_1_63' title="bbox 488 4610 2067 4682">
     <span class='ocr_line' id='line_1_63' title="bbox 488 4610 2067 4682; baseline 0 -19"><span class='ocrx_word' id='word_1_452' title='bbox 488 4612 635 4669; x_wconf 84' lang='lat' dir='ltr'><strong>hunc</strong></span> <span class='ocrx_word' id='word_1_453' title='bbox 666 4610 1010 4680; x_wconf 85' lang='lat' dir='ltr'><strong>specialiter,</strong></span> <span class='ocrx_word' id='word_1_454' title='bbox 1056 4619 1315 4682; x_wconf 87' lang='lat' dir='ltr'><strong>tanquam</strong></span> <span class='ocrx_word' id='word_1_455' title='bbox 1368 4610 1596 4665; x_wconf 82' lang='lat' dir='ltr'><strong>alterum</strong></span> <span class='ocrx_word' id='word_1_456' title='bbox 1644 4610 1865 4681; x_wconf 81' lang='lat' dir='ltr'><strong>Moysen</strong></span> <span class='ocrx_word' id='word_1_457' title='bbox 1924 4611 2067 4665; x_wconf 89' lang='lat' dir='ltr'><strong>Deus</strong></span> 
     </span>
    </p>
   </div>
   <div class='ocr_carea' id='block_1_64' title="bbox 483 4700 2068 4774">
    <p class='ocr_par' dir='ltr' id='par_1_64' title="bbox 483 4700 2068 4774">
     <span class='ocr_line' id='line_1_64' title="bbox 483 4700 2068 4774; baseline 0.003 -22"><span class='ocrx_word' id='word_1_458' title='bbox 483 4700 969 4769; x_wconf 68' lang='lat' dir='ltr'><strong>prmdcsti‘naverit,</strong></span> <span class='ocrx_word' id='word_1_459' title='bbox 1000 4716 1099 4772; x_wconf 91' lang='lat' dir='ltr'><strong>pcr</strong></span> <span class='ocrx_word' id='word_1_460' title='bbox 1137 4717 1295 4772; x_wconf 89' lang='lat' dir='ltr'><strong>quem</strong></span> <span class='ocrx_word' id='word_1_461' title='bbox 1329 4704 1637 4759; x_wconf 71' lang='lat' dir='ltr'><strong>monastica:</strong></span> <span class='ocrx_word' id='word_1_462' title='bbox 1680 4703 1813 4774; x_wconf 81' lang='lat' dir='ltr'><strong>legis</strong></span> <span class='ocrx_word' id='word_1_463' title='bbox 1852 4703 2068 4757; x_wconf 84' lang='lat' dir='ltr'><strong>decreta</strong></span> 
     </span>
    </p>
   </div>
   <div class='ocr_carea' id='block_1_65' title="bbox 468 4791 739 4847">
    <p class='ocr_par' dir='ltr' id='par_1_65' title="bbox 468 4791 739 4847">
     <span class='ocr_line' id='line_1_65' title="bbox 468 4791 739 4847; baseline -0.007 0"><span class='ocrx_word' id='word_1_464' title='bbox 468 4791 739 4847; x_wconf 78' lang='lat' dir='ltr'><strong>sanciret.</strong></span> 
     </span>
    </p>
   </div>
   <div class='ocr_carea' id='block_1_66' title="bbox 551 4894 2068 4969">
    <p class='ocr_par' dir='ltr' id='par_1_66' title="bbox 551 4894 2068 4969">
     <span class='ocr_line' id='line_1_66' title="bbox 551 4894 2068 4969; baseline 0 -18"><span class='ocrx_word' id='word_1_465' title='bbox 551 4894 793 4952; x_wconf 87' lang='lat' dir='ltr'><strong>Fuerunt</strong></span> <span class='ocrx_word' id='word_1_466' title='bbox 818 4898 1038 4967; x_wconf 89' lang='lat' dir='ltr'><strong>quidam</strong></span> <span class='ocrx_word' id='word_1_467' title='bbox 1086 4899 1199 4966; x_wconf 87' lang='lat' dir='ltr'><strong>alii,</strong></span> <span class='ocrx_word' id='word_1_468' title='bbox 1248 4900 1390 4955; x_wconf 89' lang='lat' dir='ltr'><strong>sicut</strong></span> <span class='ocrx_word' id='word_1_469' title='bbox 1430 4897 1545 4969; x_wconf 84' lang='lat' dir='ltr'><strong>jam</strong></span> <span class='ocrx_word' id='word_1_470' title='bbox 1574 4897 1778 4954; x_wconf 91' lang='lat' dir='ltr'><strong>dictum</strong></span> <span class='ocrx_word' id='word_1_471' title='bbox 1802 4905 1908 4964; x_wconf 87' lang='lat' dir='ltr'><strong>est,</strong></span> <span class='ocrx_word' id='word_1_472' title='bbox 1926 4895 2068 4965; x_wconf 84' lang='lat' dir='ltr'><strong>ejus-</strong></span> 
     </span>
    </p>
   </div>
   <div class='ocr_carea' id='block_1_67' title="bbox 468 4998 2069 5068">
    <p class='ocr_par' dir='ltr' id='par_1_67' title="bbox 468 4998 2069 5068">
     <span class='ocr_line' id='line_1_67' title="bbox 468 4998 2069 5068; baseline 0 -17"><span class='ocrx_word' id='word_1_473' title='bbox 468 4998 611 5053; x_wconf 84' lang='lat' dir='ltr'><strong>&#39;dem</strong></span> <span class='ocrx_word' id='word_1_474' title='bbox 632 5008 835 5054; x_wconf 67' lang='lat' dir='ltr'><strong>sanetae</strong></span> <span class='ocrx_word' id='word_1_475' title='bbox 864 5000 1221 5055; x_wconf 90' lang='lat' dir='ltr'><strong>institutionis</strong></span> <span class='ocrx_word' id='word_1_476' title='bbox 1276 5004 1616 5067; x_wconf 87' lang='lat' dir='ltr'><strong>decretores;</strong></span> <span class='ocrx_word' id='word_1_477' title='bbox 1669 5000 1762 5054; x_wconf 90' lang='lat' dir='ltr'><strong>sed</strong></span> <span class='ocrx_word' id='word_1_478' title='bbox 1807 5006 2069 5068; x_wconf 88' lang='lat' dir='ltr'><strong>tanquam</strong></span> 
     </span>
    </p>
   </div>
   <div class='ocr_carea' id='block_1_68' title="bbox 487 5078 2075 5167">
    <p class='ocr_par' dir='ltr' id='par_1_68' title="bbox 487 5078 2075 5167">
     <span class='ocr_line' id='line_1_68' title="bbox 487 5078 2075 5167; baseline 0 -19"><span class='ocrx_word' id='word_1_479' title='bbox 487 5093 831 5165; x_wconf 77' lang='lat' dir='ltr'><strong>Moysi,,huic</strong></span> <span class='ocrx_word' id='word_1_480' title='bbox 867 5112 1084 5167; x_wconf 89' lang='lat' dir='ltr'><strong>quoque</strong></span> <span class='ocrx_word' id='word_1_481' title='bbox 1103 5082 1315 5153; x_wconf 86' lang='lat' dir='ltr'><strong>dicatur</strong></span> <span class='ocrx_word' id='word_1_482' title='bbox 1346 5116 1360 5152; x_wconf 87' lang='lat'><strong>:</strong></span> <span class='ocrx_word' id='word_1_483' title='bbox 1393 5095 1532 5151; x_wconf 83' lang='lat' dir='ltr'><strong>Novi</strong></span> <span class='ocrx_word' id='word_1_484' title='bbox 1557 5106 1606 5152; x_wconf 85' lang='lat' dir='ltr'><strong>te</strong></span> <span class='ocrx_word' id='word_1_485' title='bbox 1634 5113 1699 5151; x_wconf 79' lang='lat' dir='ltr'><strong>ea:</strong></span> <span class='ocrx_word' id='word_1_486' title='bbox 1729 5078 2075 5150; x_wconf 80' lang='lat' dir='ltr'><strong>nominerte</strong></span> 
     </span>
    </p>
   </div>
   <div class='ocr_carea' id='block_1_69' title="bbox 487 5195 2070 5270">
    <p class='ocr_par' dir='ltr' id='par_1_69' title="bbox 487 5195 2070 5270">
     <span class='ocr_line' id='line_1_69' title="bbox 487 5195 2070 5270; baseline 0.001 -23"><span class='ocrx_word' id='word_1_487' title='bbox 487 5203 591 5259; x_wconf 91' lang='lat' dir='ltr'><strong>est,</strong></span> <span class='ocrx_word' id='word_1_488' title='bbox 614 5197 703 5266; x_wconf 86' lang='lat' dir='ltr'><strong>qui</strong></span> <span class='ocrx_word' id='word_1_489' title='bbox 744 5198 797 5251; x_wconf 91' lang='lat' dir='ltr'><strong>in</strong></span> <span class='ocrx_word' id='word_1_490' title='bbox 830 5198 946 5258; x_wconf 27' lang='lat' dir='ltr'><strong>hac,</strong></span> <span class='ocrx_word' id='word_1_491' title='bbox 972 5199 1180 5254; x_wconf 71' lang='lat' dir='ltr'><strong>ctelesti</strong></span> <span class='ocrx_word' id='word_1_492' title='bbox 1226 5198 1507 5269; x_wconf 89' lang='lat' dir='ltr'><strong>disciplina</strong></span> <span class='ocrx_word' id='word_1_493' title='bbox 1552 5198 1795 5270; x_wconf 89' lang='lat' dir='ltr'><strong>placidus</strong></span> <span class='ocrx_word' id='word_1_494' title='bbox 1831 5195 2070 5252; x_wconf 82' lang='lat' dir='ltr'><strong>ell&#39;ulsit:</strong></span> 
     </span>
    </p>
   </div>
   <div class='ocr_carea' id='block_1_70' title="bbox 492 5295 2073 5360">
    <p class='ocr_par' dir='ltr' id='par_1_70' title="bbox 492 5295 2073 5360">
     <span class='ocr_line' id='line_1_70' title="bbox 492 5295 2073 5360; baseline -0.001 -9"><span class='ocrx_word' id='word_1_495' title='bbox 492 5310 617 5351; x_wconf 90' lang='lat' dir='ltr'><strong>nam</strong></span> <span class='ocrx_word' id='word_1_496' title='bbox 650 5306 775 5352; x_wconf 90' lang='lat' dir='ltr'><strong>ante</strong></span> <span class='ocrx_word' id='word_1_497' title='bbox 798 5297 1049 5360; x_wconf 81' lang='lat' dir='ltr'><strong>Moysen,</strong></span> <span class='ocrx_word' id='word_1_498' title='bbox 1080 5299 1472 5356; x_wconf 78' lang='lat' dir='ltr'><strong>sacrificiorum</strong></span> <span class='ocrx_word' id='word_1_499' title='bbox 1493 5299 1854 5360; x_wconf 65' lang='lat' dir='ltr'><strong>cmremouiae,</strong></span> <span class='ocrx_word' id='word_1_500' title='bbox 1882 5306 1939 5352; x_wconf 90' lang='lat' dir='ltr'><strong>et</strong></span> <span class='ocrx_word' id='word_1_501' title='bbox 1967 5295 2073 5350; x_wconf 89' lang='lat' dir='ltr'><strong>eir-</strong></span> 
     </span>
    </p>
   </div>
   <div class='ocr_carea' id='block_1_71' title="bbox 2164 1971 3744 2044">
    <p class='ocr_par' dir='ltr' id='par_1_71' title="bbox 2164 1971 3744 2044">
     <span class='ocr_line' id='line_1_71' title="bbox 2164 1971 3744 2044; baseline 0.003 -17"><span class='ocrx_word' id='word_1_502' title='bbox 2164 1981 2393 2043; x_wconf 88' lang='lat' dir='ltr'><strong>utroque</strong></span> <span class='ocrx_word' id='word_1_503' title='bbox 2424 1971 2568 2029; x_wconf 85' lang='lat' dir='ltr'><strong>facto</strong></span> <span class='ocrx_word' id='word_1_504' title='bbox 2605 1973 2809 2044; x_wconf 89' lang='lat' dir='ltr'><strong>liqueat</strong></span> <span class='ocrx_word' id='word_1_505' title='bbox 2829 1991 3010 2031; x_wconf 89' lang='lat' dir='ltr'><strong>rerum</strong></span> <span class='ocrx_word' id='word_1_506' title='bbox 3030 1976 3249 2033; x_wconf 79' lang='lat' dir='ltr'><strong>obstare</strong></span> <span class='ocrx_word' id='word_1_507' title='bbox 3271 1988 3566 2041; x_wconf 84' lang='lat' dir='ltr'><strong>naturam;</strong></span> <span class='ocrx_word' id='word_1_508' title='bbox 3599 1977 3744 2032; x_wconf 82' lang='lat' dir='ltr'><strong>vide-</strong></span> 
     </span>
    </p>
   </div>
   <div class='ocr_carea' id='block_1_72' title="bbox 2164 2063 3749 2138">
    <p class='ocr_par' dir='ltr' id='par_1_72' title="bbox 2164 2063 3749 2138">
     <span class='ocr_line' id='line_1_72' title="bbox 2164 2063 3749 2138; baseline 0.001 -21"><span class='ocrx_word' id='word_1_509' title='bbox 2164 2063 2239 2117; x_wconf 85' lang='lat' dir='ltr'><strong>ris</strong></span> <span class='ocrx_word' id='word_1_510' title='bbox 2261 2063 2387 2133; x_wconf 88' lang='lat' dir='ltr'><strong>quid</strong></span> <span class='ocrx_word' id='word_1_511' title='bbox 2401 2063 2592 2119; x_wconf 89' lang='lat' dir='ltr'><strong>horum</strong></span> <span class='ocrx_word' id='word_1_512' title='bbox 2615 2064 2888 2135; x_wconf 72' lang='lat' dir='ltr'><strong>prmcellat</strong></span> <span class='ocrx_word' id='word_1_513' title='bbox 2908 2084 2921 2120; x_wconf 87' lang='lat'><strong>:</strong></span> <span class='ocrx_word' id='word_1_514' title='bbox 2940 2072 3119 2121; x_wconf 83' lang='lat' dir='ltr'><strong>utrum</strong></span> <span class='ocrx_word' id='word_1_515' title='bbox 3144 2066 3223 2121; x_wconf 82' lang='lat' dir='ltr'><strong>vel</strong></span> <span class='ocrx_word' id='word_1_516' title='bbox 3245 2067 3456 2136; x_wconf 68' lang='lat' dir='ltr'><strong>aequale</strong></span> <span class='ocrx_word' id='word_1_517' title='bbox 3473 2067 3563 2131; x_wconf 90' lang='lat' dir='ltr'><strong>sit,</strong></span> <span class='ocrx_word' id='word_1_518' title='bbox 3589 2082 3749 2138; x_wconf 84' lang='lat' dir='ltr'><strong>aquas</strong></span> 
     </span>
    </p>
   </div>
   <div class='ocr_carea' id='block_1_73' title="bbox 2164 2144 3747 2230">
    <p class='ocr_par' dir='ltr' id='par_1_73' title="bbox 2164 2144 3747 2230">
     <span class='ocr_line' id='line_1_73' title="bbox 2164 2144 3747 2230; baseline 0.003 -21"><span class='ocrx_word' id='word_1_519' title='bbox 2164 2144 2435 2220; x_wconf 86' lang='lat' dir='ltr'><strong>divisisse,</strong></span> <span class='ocrx_word' id='word_1_520' title='bbox 2466 2165 2559 2211; x_wconf 87' lang='lat' dir='ltr'><strong>aut</strong></span> <span class='ocrx_word' id='word_1_521' title='bbox 2596 2172 2758 2226; x_wconf 88' lang='lat' dir='ltr'><strong>super</strong></span> <span class='ocrx_word' id='word_1_522' title='bbox 2809 2173 2902 2213; x_wconf 90' lang='lat' dir='ltr'><strong>eas</strong></span> <span class='ocrx_word' id='word_1_523' title='bbox 2946 2158 3091 2214; x_wconf 88' lang='lat' dir='ltr'><strong>sicco</strong></span> <span class='ocrx_word' id='word_1_524' title='bbox 3146 2159 3376 2230; x_wconf 80' lang='lat' dir='ltr'><strong>vestigio</strong></span> <span class='ocrx_word' id='word_1_525' title='bbox 3420 2159 3747 2215; x_wconf 83' lang='lat' dir='ltr'><strong>cucurrisse.</strong></span> 
     </span>
    </p>
   </div>
   <div class='ocr_carea' id='block_1_74' title="bbox 2163 2249 3749 2327">
    <p class='ocr_par' dir='ltr' id='par_1_74' title="bbox 2163 2249 3749 2327">
     <span class='ocr_line' id='line_1_74' title="bbox 2163 2249 3749 2327; baseline -0.002 -22"><span class='ocrx_word' id='word_1_526' title='bbox 2163 2249 2258 2305; x_wconf 81' lang='lat' dir='ltr'><strong>ille</strong></span> <span class='ocrx_word' id='word_1_527' title='bbox 2286 2250 2337 2327; x_wconf 88' lang='lat' dir='ltr'><strong>in</strong></span> <span class='ocrx_word' id='word_1_528' title='bbox 2363 2249 2570 2325; x_wconf 76' lang='lat' dir='ltr'><strong>exustis</strong></span> <span class='ocrx_word' id='word_1_529' title='bbox 2617 2249 2781 2316; x_wconf 82' lang='lat' dir='ltr'><strong>arvis,</strong></span> <span class='ocrx_word' id='word_1_530' title='bbox 2813 2249 3244 2327; x_wconf 27' lang='lat' dir='ltr'><strong>aquamlsitienti</strong></span> <span class='ocrx_word' id='word_1_531' title='bbox 3284 2250 3487 2321; x_wconf 88' lang='lat' dir='ltr'><strong>populo</strong></span> <span class='ocrx_word' id='word_1_532' title='bbox 3515 2250 3585 2304; x_wconf 91' lang='lat' dir='ltr'><strong>de</strong></span> <span class='ocrx_word' id='word_1_533' title='bbox 3607 2259 3749 2319; x_wconf 79' lang='lat' dir='ltr'><strong>petra</strong></span> 
     </span>
    </p>
   </div>
   <div class='ocr_carea' id='block_1_75' title="bbox 2162 2326 3749 2413">
    <p class='ocr_par' dir='ltr' id='par_1_75' title="bbox 2162 2326 3749 2413">
     <span class='ocr_line' id='line_1_75' title="bbox 2162 2326 3749 2413; baseline -0.001 -18"><span class='ocrx_word' id='word_1_534' title='bbox 2162 2326 2416 2412; x_wconf 79' lang='lat' dir='ltr'><strong>produxit</strong></span> <span class='ocrx_word' id='word_1_535' title='bbox 2438 2338 2627 2413; x_wconf 86' lang='lat' dir='ltr'><strong>(Num.</strong></span> <span class='ocrx_word' id='word_1_536' title='bbox 2660 2357 2748 2404; x_wconf 80' lang='lat' dir='ltr'><strong>xx,</strong></span> <span class='ocrx_word' id='word_1_537' title='bbox 2785 2342 2905 2411; x_wconf 81' lang='lat' dir='ltr'><strong>ill);</strong></span> <span class='ocrx_word' id='word_1_538' title='bbox 2942 2326 3044 2395; x_wconf 84' lang='lat' dir='ltr'><strong>iste</strong></span> <span class='ocrx_word' id='word_1_539' title='bbox 3075 2341 3143 2396; x_wconf 91' lang='lat' dir='ltr'><strong>de</strong></span> <span class='ocrx_word' id='word_1_540' title='bbox 3173 2341 3315 2397; x_wconf 87' lang='lat' dir='ltr'><strong>sicca</strong></span> <span class='ocrx_word' id='word_1_541' title='bbox 3350 2357 3514 2412; x_wconf 87' lang='lat' dir='ltr'><strong>rupe,</strong></span> <span class='ocrx_word' id='word_1_542' title='bbox 3544 2341 3749 2396; x_wconf 82' lang='lat' dir='ltr'><strong>fontem</strong></span> 
     </span>
    </p>
   </div>
   <div class='ocr_carea' id='block_1_76' title="bbox 2164 2430 3751 2503">
    <p class='ocr_par' dir='ltr' id='par_1_76' title="bbox 2164 2430 3751 2503">
     <span class='ocr_line' id='line_1_76' title="bbox 2164 2430 3751 2503; baseline -0.003 -16"><span class='ocrx_word' id='word_1_543' title='bbox 2164 2430 2351 2488; x_wconf 85' lang='lat' dir='ltr'><strong>usibus</strong></span> <span class='ocrx_word' id='word_1_544' title='bbox 2398 2434 2786 2489; x_wconf 85' lang='lat' dir='ltr'><strong>monachorum</strong></span> <span class='ocrx_word' id='word_1_545' title='bbox 2835 2432 3038 2497; x_wconf 90' lang='lat' dir='ltr'><strong>elicuit,</strong></span> <span class='ocrx_word' id='word_1_546' title='bbox 3066 2433 3159 2503; x_wconf 90' lang='lat' dir='ltr'><strong>qui</strong></span> <span class='ocrx_word' id='word_1_547' title='bbox 3187 2432 3457 2502; x_wconf 87' lang='lat' dir='ltr'><strong>hodieque</strong></span> <span class='ocrx_word' id='word_1_548' title='bbox 3491 2433 3546 2485; x_wconf 88' lang='lat' dir='ltr'><strong>in</strong></span> <span class='ocrx_word' id='word_1_549' title='bbox 3584 2432 3751 2485; x_wconf 84' lang='lat' dir='ltr'><strong>rivum</strong></span> 
     </span>
    </p>
   </div>
   <div class='ocr_carea' id='block_1_77' title="bbox 2164 2520 3755 2592">
    <p class='ocr_par' dir='ltr' id='par_1_77' title="bbox 2164 2520 3755 2592">
     <span class='ocr_line' id='line_1_77' title="bbox 2164 2520 3755 2592; baseline -0.002 -15"><span class='ocrx_word' id='word_1_550' title='bbox 2164 2522 2299 2579; x_wconf 81' lang='lat' dir='ltr'><strong>fluit.</strong></span> <span class='ocrx_word' id='word_1_551' title='bbox 2324 2524 2417 2579; x_wconf 90' lang='lat' dir='ltr'><strong>llle</strong></span> <span class='ocrx_word' id='word_1_552' title='bbox 2463 2523 2652 2580; x_wconf 90' lang='lat' dir='ltr'><strong>brutos</strong></span> <span class='ocrx_word' id='word_1_553' title='bbox 2699 2539 2879 2579; x_wconf 88' lang='lat' dir='ltr'><strong>mores</strong></span> <span class='ocrx_word' id='word_1_554' title='bbox 2922 2522 3250 2587; x_wconf 61' lang='lat' dir='ltr'><strong>Iudaeorum,</strong></span> <span class='ocrx_word' id='word_1_555' title='bbox 3281 2537 3424 2592; x_wconf 91' lang='lat' dir='ltr'><strong>quos</strong></span> <span class='ocrx_word' id='word_1_556' title='bbox 3450 2520 3755 2576; x_wconf 86' lang='lat' dir='ltr'><strong>incredulos</strong></span> 
     </span>
    </p>
   </div>
   <div class='ocr_carea' id='block_1_78' title="bbox 2165 2602 3753 2686">
    <p class='ocr_par' dir='ltr' id='par_1_78' title="bbox 2165 2602 3753 2686">
     <span class='ocr_line' id='line_1_78' title="bbox 2165 2602 3753 2686; baseline -0.003 -14"><span class='ocrx_word' id='word_1_557' title='bbox 2165 2626 2325 2673; x_wconf 86' lang='lat' dir='ltr'><strong>vocat</strong></span> <span class='ocrx_word' id='word_1_558' title='bbox 2373 2627 2429 2672; x_wconf 92' lang='lat' dir='ltr'><strong>et</strong></span> <span class='ocrx_word' id='word_1_559' title='bbox 2471 2615 2715 2681; x_wconf 88' lang='lat' dir='ltr'><strong>rebelles,</strong></span> <span class='ocrx_word' id='word_1_560' title='bbox 2760 2615 2913 2686; x_wconf 85' lang='lat' dir='ltr'><strong>virga</strong></span> <span class='ocrx_word' id='word_1_561' title='bbox 2942 2602 3076 2683; x_wconf 73' lang='lat' dir='ltr'><strong>legis</strong></span> <span class='ocrx_word' id='word_1_562' title='bbox 3105 2616 3377 2679; x_wconf 87' lang='lat' dir='ltr'><strong>coercuit;</strong></span> <span class='ocrx_word' id='word_1_563' title='bbox 3414 2614 3521 2668; x_wconf 85' lang='lat' dir='ltr'><strong>iste</strong></span> <span class='ocrx_word' id='word_1_564' title='bbox 3566 2629 3753 2668; x_wconf 82' lang='lat' dir='ltr'><strong>mona-</strong></span> 
     </span>
    </p>
   </div>
   <div class='ocr_carea' id='block_1_79' title="bbox 2166 2703 3757 2781">
    <p class='ocr_par' dir='ltr' id='par_1_79' title="bbox 2166 2703 3757 2781">
     <span class='ocr_line' id='line_1_79' title="bbox 2166 2703 3757 2781; baseline -0.004 -18"><span class='ocrx_word' id='word_1_565' title='bbox 2166 2709 2393 2763; x_wconf 81' lang='lat' dir='ltr'><strong>chorum</strong></span> <span class='ocrx_word' id='word_1_566' title='bbox 2423 2722 2659 2781; x_wconf 76' lang='lat' dir='ltr'><strong>gregem.</strong></span> <span class='ocrx_word' id='word_1_567' title='bbox 2689 2708 2829 2771; x_wconf 88' lang='lat' dir='ltr'><strong>sicut</strong></span> <span class='ocrx_word' id='word_1_568' title='bbox 2868 2706 3167 2771; x_wconf 86' lang='lat' dir='ltr'><strong>voluntarie</strong></span> <span class='ocrx_word' id='word_1_569' title='bbox 3197 2705 3387 2760; x_wconf 86' lang='lat' dir='ltr'><strong>auditu</strong></span> <span class='ocrx_word' id='word_1_570' title='bbox 3432 2703 3589 2759; x_wconf 87' lang='lat' dir='ltr'><strong>auris</strong></span> <span class='ocrx_word' id='word_1_571' title='bbox 3632 2704 3757 2757; x_wconf 53' lang='lat' dir='ltr'><strong>ohe-</strong></span> 
     </span>
    </p>
   </div>
   <div class='ocr_carea' id='block_1_80' title="bbox 2166 2792 3758 2868">
    <p class='ocr_par' dir='ltr' id='par_1_80' title="bbox 2166 2792 3758 2868">
     <span class='ocr_line' id='line_1_80' title="bbox 2166 2792 3758 2868; baseline -0.005 -15"><span class='ocrx_word' id='word_1_572' title='bbox 2166 2799 2423 2864; x_wconf 84' lang='lat' dir='ltr'><strong>dientem,</strong></span> <span class='ocrx_word' id='word_1_573' title='bbox 2462 2798 2616 2868; x_wconf 86' lang='lat' dir='ltr'><strong>quasi</strong></span> <span class='ocrx_word' id='word_1_574' title='bbox 2668 2812 2774 2852; x_wconf 88' lang='lat' dir='ltr'><strong>una</strong></span> <span class='ocrx_word' id='word_1_575' title='bbox 2809 2810 3061 2866; x_wconf 88' lang='lat' dir='ltr'><strong>persona,</strong></span> <span class='ocrx_word' id='word_1_576' title='bbox 3102 2802 3322 2865; x_wconf 89' lang='lat' dir='ltr'><strong>propter</strong></span> <span class='ocrx_word' id='word_1_577' title='bbox 3358 2809 3533 2848; x_wconf 89' lang='lat' dir='ltr'><strong>unum</strong></span> <span class='ocrx_word' id='word_1_578' title='bbox 3563 2807 3658 2848; x_wconf 91' lang='lat' dir='ltr'><strong>cor</strong></span> <span class='ocrx_word' id='word_1_579' title='bbox 3687 2792 3758 2846; x_wconf 88' lang='lat' dir='ltr'><strong>al-</strong></span> 
     </span>
    </p>
   </div>
   <div class='ocr_carea' id='block_1_81' title="bbox 2168 2883 3760 2958">
    <p class='ocr_par' dir='ltr' id='par_1_81' title="bbox 2168 2883 3760 2958">
     <span class='ocr_line' id='line_1_81' title="bbox 2168 2883 3760 2958; baseline -0.004 -16"><span class='ocrx_word' id='word_1_580' title='bbox 2168 2889 2414 2958; x_wconf 87' lang='lat' dir='ltr'><strong>loquens,</strong></span> <span class='ocrx_word' id='word_1_581' title='bbox 2442 2887 2609 2943; x_wconf 80' lang='lat' dir='ltr'><strong>tilium</strong></span> <span class='ocrx_word' id='word_1_582' title='bbox 2657 2887 2921 2953; x_wconf 89' lang='lat' dir='ltr'><strong>nominat,</strong></span> <span class='ocrx_word' id='word_1_583' title='bbox 2968 2894 3023 2941; x_wconf 92' lang='lat' dir='ltr'><strong>et</strong></span> <span class='ocrx_word' id='word_1_584' title='bbox 3052 2900 3203 2941; x_wconf 74' lang='lat' dir='ltr'><strong>suavr</strong></span> <span class='ocrx_word' id='word_1_585' title='bbox 3233 2883 3364 2956; x_wconf 87' lang='lat' dir='ltr'><strong>jugo</strong></span> <span class='ocrx_word' id='word_1_586' title='bbox 3390 2883 3602 2938; x_wconf 83' lang='lat' dir='ltr'><strong>Christi</strong></span> <span class='ocrx_word' id='word_1_587' title='bbox 3635 2897 3760 2952; x_wconf 87' lang='lat' dir='ltr'><strong>sup-</strong></span> 
     </span>
    </p>
   </div>
   <div class='ocr_carea' id='block_1_82' title="bbox 2167 2981 2871 3057">
    <p class='ocr_par' dir='ltr' id='par_1_82' title="bbox 2167 2981 2871 3057">
     <span class='ocr_line' id='line_1_82' title="bbox 2167 2981 2871 3057; baseline 0 -22"><span class='ocrx_word' id='word_1_588' title='bbox 2167 2981 2338 3050; x_wconf 87' lang='lat' dir='ltr'><strong>ponit.</strong></span> <span class='ocrx_word' id='word_1_589' title='bbox 2866 3050 2871 3057; x_wconf 22' lang='grc' dir='ltr'>ν</span> 
     </span>
    </p>
   </div>
   <div class='ocr_carea' id='block_1_83' title="bbox 2245 3066 3761 3143">
    <p class='ocr_par' dir='ltr' id='par_1_83' title="bbox 2245 3066 3761 3143">
     <span class='ocr_line' id='line_1_83' title="bbox 2245 3066 3761 3143; baseline -0.006 -18"><span class='ocrx_word' id='word_1_590' title='bbox 2245 3070 2411 3126; x_wconf 81' lang='lat' dir='ltr'><strong>Multa</strong></span> <span class='ocrx_word' id='word_1_591' title='bbox 2450 3071 2554 3127; x_wconf 91' lang='lat' dir='ltr'><strong>dici</strong></span> <span class='ocrx_word' id='word_1_592' title='bbox 2600 3078 2860 3143; x_wconf 72' lang='lat' dir='ltr'><strong>praeterea</strong></span> <span class='ocrx_word' id='word_1_593' title='bbox 2891 3075 3134 3141; x_wconf 84' lang='lat' dir='ltr'><strong>possent,</strong></span> <span class='ocrx_word' id='word_1_594' title='bbox 3155 3068 3352 3139; x_wconf 84' lang='lat' dir='ltr'><strong>quibus</strong></span> <span class='ocrx_word' id='word_1_595' title='bbox 3386 3066 3625 3120; x_wconf 88' lang='lat' dir='ltr'><strong>istarum</strong></span> <span class='ocrx_word' id='word_1_596' title='bbox 3647 3077 3761 3132; x_wconf 85' lang='lat' dir='ltr'><strong>per-</strong></span> 
     </span>
    </p>
   </div>
   <div class='ocr_carea' id='block_1_84' title="bbox 2169 3148 3760 3229">
    <p class='ocr_par' dir='ltr' id='par_1_84' title="bbox 2169 3148 3760 3229">
     <span class='ocr_line' id='line_1_84' title="bbox 2169 3148 3760 3229; baseline -0.008 -11"><span class='ocrx_word' id='word_1_597' title='bbox 2169 3176 2423 3218; x_wconf 86' lang='lat' dir='ltr'><strong>sonarum</strong></span> <span class='ocrx_word' id='word_1_598' title='bbox 2467 3161 2844 3217; x_wconf 89' lang='lat' dir='ltr'><strong>convenientia</strong></span> <span class='ocrx_word' id='word_1_599' title='bbox 2896 3160 3174 3229; x_wconf 91' lang='lat' dir='ltr'><strong>patuisset.</strong></span> <span class='ocrx_word' id='word_1_600' title='bbox 3232 3158 3301 3213; x_wconf 86' lang='lat' dir='ltr'><strong>Et</strong></span> <span class='ocrx_word' id='word_1_601' title='bbox 3348 3148 3502 3212; x_wconf 86' lang='lat' dir='ltr'><strong>hunc</strong></span> <span class='ocrx_word' id='word_1_602' title='bbox 3542 3153 3760 3225; x_wconf 79' lang='lat' dir='ltr'><strong>quidem</strong></span> 
     </span>
    </p>
   </div>
   <div class='ocr_carea' id='block_1_85' title="bbox 2168 3246 3761 3322">
    <p class='ocr_par' dir='ltr' id='par_1_85' title="bbox 2168 3246 3761 3322">
     <span class='ocr_line' id='line_1_85' title="bbox 2168 3246 3761 3322; baseline -0.006 -14"><span class='ocrx_word' id='word_1_603' title='bbox 2168 3254 2544 3309; x_wconf 84' lang='lat' dir='ltr'><strong>beatissimum</strong></span> <span class='ocrx_word' id='word_1_604' title='bbox 2566 3265 2777 3322; x_wconf 88' lang='lat' dir='ltr'><strong>patrem</strong></span> <span class='ocrx_word' id='word_1_605' title='bbox 2800 3251 3064 3322; x_wconf 87' lang='lat' dir='ltr'><strong>legislatio</strong></span> <span class='ocrx_word' id='word_1_606' title='bbox 3090 3250 3402 3321; x_wconf 89' lang='lat' dir='ltr'><strong>specialiter</strong></span> <span class='ocrx_word' id='word_1_607' title='bbox 3425 3246 3602 3318; x_wconf 76' lang='lat' dir='ltr'><strong>Moysi</strong></span> <span class='ocrx_word' id='word_1_608' title='bbox 3617 3261 3761 3300; x_wconf 60' lang='lat' dir='ltr'><strong>como</strong></span> 
     </span>
    </p>
   </div>
   <div class='ocr_carea' id='block_1_86' title="bbox 2162 3338 3761 3418">
    <p class='ocr_par' dir='ltr' id='par_1_86' title="bbox 2162 3338 3761 3418">
     <span class='ocr_line' id='line_1_86' title="bbox 2162 3338 3761 3418; baseline -0.006 -17"><span class='ocrx_word' id='word_1_609' title='bbox 2162 3354 2344 3418; x_wconf 85' lang='lat' dir='ltr'><strong>parat.</strong></span> <span class='ocrx_word' id='word_1_610' title='bbox 2380 3345 2486 3401; x_wconf 92' lang='lat' dir='ltr'><strong>Sed</strong></span> <span class='ocrx_word' id='word_1_611' title='bbox 2539 3345 2853 3416; x_wconf 84' lang='lat' dir='ltr'><strong>magnitudo</strong></span> <span class='ocrx_word' id='word_1_612' title='bbox 2904 3338 3207 3408; x_wconf 33' lang='lat' dir='ltr'><strong>virtutum,‘</strong></span> <span class='ocrx_word' id='word_1_613' title='bbox 3244 3351 3417 3412; x_wconf 85' lang='lat' dir='ltr'><strong>atque‘</strong></span> <span class='ocrx_word' id='word_1_614' title='bbox 3451 3341 3761 3411; x_wconf 80' lang='lat' dir='ltr'><strong>signorum,</strong></span> 
     </span>
    </p>
   </div>
   <div class='ocr_carea' id='block_1_87' title="bbox 2170 3433 3760 3508">
    <p class='ocr_par' dir='ltr' id='par_1_87' title="bbox 2170 3433 3760 3508">
     <span class='ocr_line' id='line_1_87' title="bbox 2170 3433 3760 3508; baseline -0.006 -17"><span class='ocrx_word' id='word_1_615' title='bbox 2170 3438 2473 3508; x_wconf 86' lang='lat' dir='ltr'><strong>quibusque</strong></span> <span class='ocrx_word' id='word_1_616' title='bbox 2501 3436 2665 3491; x_wconf 89' lang='lat' dir='ltr'><strong>etiam</strong></span> <span class='ocrx_word' id='word_1_617' title='bbox 2699 3434 3176 3491; x_wconf 83' lang='lat' dir='ltr'><strong>excellentissimis</strong></span> <span class='ocrx_word' id='word_1_618' title='bbox 3224 3433 3382 3495; x_wconf 81' lang='lat' dir='ltr'><strong>viris,</strong></span> <span class='ocrx_word' id='word_1_619' title='bbox 3444 3441 3760 3486; x_wconf 87' lang='lat' dir='ltr'><strong>consertum</strong></span> 
     </span>
    </p>
   </div>
   <div class='ocr_carea' id='block_1_88' title="bbox 2169 3510 3763 3597">
    <p class='ocr_par' dir='ltr' id='par_1_88' title="bbox 2169 3510 3763 3597">
     <span class='ocr_line' id='line_1_88' title="bbox 2169 3510 3763 3597; baseline -0.006 -16"><span class='ocrx_word' id='word_1_620' title='bbox 2169 3526 2519 3581; x_wconf 77' lang='lat' dir='ltr'><strong>nihilominus</strong></span> <span class='ocrx_word' id='word_1_621' title='bbox 2562 3510 2817 3580; x_wconf 75' lang='lat' dir='ltr'><strong>Ostendit.</strong></span> <span class='ocrx_word' id='word_1_622' title='bbox 2860 3523 3011 3597; x_wconf 82' lang='lat' dir='ltr'><strong>Sicut</strong></span> <span class='ocrx_word' id='word_1_623' title='bbox 3039 3522 3128 3577; x_wconf 90' lang='lat' dir='ltr'><strong>ille</strong></span> <span class='ocrx_word' id='word_1_624' title='bbox 3173 3519 3445 3576; x_wconf 84' lang='lat' dir='ltr'><strong>mirabilis</strong></span> <span class='ocrx_word' id='word_1_625' title='bbox 3473 3519 3599 3587; x_wconf 86' lang='lat' dir='ltr'><strong>ejus</strong></span> <span class='ocrx_word' id='word_1_626' title='bbox 3645 3520 3763 3571; x_wconf 71' lang='lat' dir='ltr'><strong>vitae</strong></span> 
     </span>
    </p>
   </div>
   <div class='ocr_carea' id='block_1_89' title="bbox 2169 3606 3767 3685">
    <p class='ocr_par' dir='ltr' id='par_1_89' title="bbox 2169 3606 3767 3685">
     <span class='ocr_line' id='line_1_89' title="bbox 2169 3606 3767 3685; baseline -0.008 -14"><span class='ocrx_word' id='word_1_627' title='bbox 2169 3618 2391 3681; x_wconf 88' lang='lat' dir='ltr'><strong>relator,</strong></span> <span class='ocrx_word' id='word_1_628' title='bbox 2440 3630 2583 3685; x_wconf 83' lang='lat' dir='ltr'><strong>papa</strong></span> <span class='ocrx_word' id='word_1_629' title='bbox 2623 3613 2875 3668; x_wconf 88' lang='lat' dir='ltr'><strong>videlicet</strong></span> <span class='ocrx_word' id='word_1_630' title='bbox 2906 3611 3199 3683; x_wconf 77' lang='lat' dir='ltr'><strong>Gregorius</strong></span> <span class='ocrx_word' id='word_1_631' title='bbox 3243 3609 3464 3673; x_wconf 88' lang='lat' dir='ltr'><strong>astruit,</strong></span> <span class='ocrx_word' id='word_1_632' title='bbox 3494 3608 3593 3678; x_wconf 86' lang='lat' dir='ltr'><strong>qui</strong></span> <span class='ocrx_word' id='word_1_633' title='bbox 3638 3606 3767 3661; x_wconf 86' lang='lat' dir='ltr'><strong>assi-</strong></span> 
     </span>
    </p>
   </div>
   <div class='ocr_carea' id='block_1_90' title="bbox 2171 3698 3761 3779">
    <p class='ocr_par' dir='ltr' id='par_1_90' title="bbox 2171 3698 3761 3779">
     <span class='ocr_line' id='line_1_90' title="bbox 2171 3698 3761 3779; baseline -0.008 -18"><span class='ocrx_word' id='word_1_634' title='bbox 2171 3716 2402 3779; x_wconf 88' lang='lat' dir='ltr'><strong>gnanter</strong></span> <span class='ocrx_word' id='word_1_635' title='bbox 2423 3722 2488 3762; x_wconf 82' lang='lat' dir='ltr'><strong>ex</strong></span> <span class='ocrx_word' id='word_1_636' title='bbox 2511 3704 2832 3776; x_wconf 86' lang='lat' dir='ltr'><strong>quibusdam</strong></span> <span class='ocrx_word' id='word_1_637' title='bbox 2870 3701 3047 3763; x_wconf 84' lang='lat' dir='ltr'><strong>factis,</strong></span> <span class='ocrx_word' id='word_1_638' title='bbox 3082 3702 3257 3771; x_wconf 90' lang='lat' dir='ltr'><strong>ipsum</strong></span> <span class='ocrx_word' id='word_1_639' title='bbox 3287 3698 3567 3773; x_wconf 85' lang='lat' dir='ltr'><strong>aliquibus</strong></span> <span class='ocrx_word' id='word_1_640' title='bbox 3590 3698 3761 3751; x_wconf 42' lang='lat' dir='ltr'><strong>nornis</strong></span> 
     </span>
    </p>
   </div>
   <div class='ocr_carea' id='block_1_91' title="bbox 2170 3785 3755 3866">
    <p class='ocr_par' dir='ltr' id='par_1_91' title="bbox 2170 3785 3755 3866">
     <span class='ocr_line' id='line_1_91' title="bbox 2170 3785 3755 3866; baseline -0.008 -15"><span class='ocrx_word' id='word_1_641' title='bbox 2170 3797 2340 3851; x_wconf 88' lang='lat' dir='ltr'><strong>natim</strong></span> <span class='ocrx_word' id='word_1_642' title='bbox 2365 3794 2635 3866; x_wconf 84' lang='lat' dir='ltr'><strong>expressis</strong></span> <span class='ocrx_word' id='word_1_643' title='bbox 2678 3789 2941 3861; x_wconf 65' lang='lat' dir='ltr'><strong>comquat&#39;,</strong></span> <span class='ocrx_word' id='word_1_644' title='bbox 2974 3789 3327 3845; x_wconf 55' lang='lat' dir='ltr'><strong>dicens‘iuter</strong></span> <span class='ocrx_word' id='word_1_645' title='bbox 3351 3797 3551 3843; x_wconf 56' lang='lat' dir='ltr'><strong>caetera</strong></span> <span class='ocrx_word' id='word_1_646' title='bbox 3581 3805 3595 3841; x_wconf 90' lang='lat'><strong>:</strong></span> <span class='ocrx_word' id='word_1_647' title='bbox 3622 3785 3755 3839; x_wconf 81' lang='lat' dir='ltr'><strong>Nam</strong></span> 
     </span>
    </p>
   </div>
   <div class='ocr_carea' id='block_1_92' title="bbox 2170 3877 3762 3958">
    <p class='ocr_par' dir='ltr' id='par_1_92' title="bbox 2170 3877 3762 3958">
     <span class='ocr_line' id='line_1_92' title="bbox 2170 3877 3762 3958; baseline -0.009 -14"><span class='ocrx_word' id='word_1_648' title='bbox 2170 3888 2226 3943; x_wconf 85' lang='lat' dir='ltr'><strong>in</strong></span> <span class='ocrx_word' id='word_1_649' title='bbox 2258 3903 2399 3958; x_wconf 89' lang='lat' dir='ltr'><strong>aqua</strong></span> <span class='ocrx_word' id='word_1_650' title='bbox 2426 3903 2492 3943; x_wconf 83' lang='lat' dir='ltr'><strong>ex</strong></span> <span class='ocrx_word' id='word_1_651' title='bbox 2521 3895 2674 3956; x_wconf 87' lang='lat' dir='ltr'><strong>petra</strong></span> <span class='ocrx_word' id='word_1_652' title='bbox 2711 3882 2969 3954; x_wconf 84' lang='lat' dir='ltr'><strong>producta</strong></span> <span class='ocrx_word' id='word_1_653' title='bbox 2988 3922 3002 3947; x_wconf 95' lang='lat'><strong>,</strong></span> <span class='ocrx_word' id='word_1_654' title='bbox 3028 3880 3248 3952; x_wconf 83' lang='lat' dir='ltr'><strong>Moysen</strong></span> <span class='ocrx_word' id='word_1_655' title='bbox 3274 3895 3308 3953; x_wconf 26' lang='grc' dir='ltr'><strong>ς,</strong></span> <span class='ocrx_word' id='word_1_656' title='bbox 3334 3879 3388 3934; x_wconf 88' lang='lat' dir='ltr'><strong>in</strong></span> <span class='ocrx_word' id='word_1_657' title='bbox 3429 3877 3583 3933; x_wconf 73' lang='lat' dir='ltr'><strong>ferro</strong></span> <span class='ocrx_word' id='word_1_658' title='bbox 3606 3891 3762 3937; x_wconf 81' lang='lat' dir='ltr'><strong>vero.</strong></span> 
     </span>
    </p>
   </div>
   <div class='ocr_carea' id='block_1_93' title="bbox 2156 3969 3767 4049">
    <p class='ocr_par' dir='ltr' id='par_1_93' title="bbox 2156 3969 3767 4049">
     <span class='ocr_line' id='line_1_93' title="bbox 2156 3969 3767 4049; baseline -0.008 -16"><span class='ocrx_word' id='word_1_659' title='bbox 2156 3974 2315 4049; x_wconf 50' lang='lat' dir='ltr'><strong>’quod</strong></span> <span class='ocrx_word' id='word_1_660' title='bbox 2369 3992 2436 4031; x_wconf 75' lang='lat' dir='ltr'><strong>ex</strong></span> <span class='ocrx_word' id='word_1_661' title='bbox 2482 3973 2748 4046; x_wconf 87' lang='lat' dir='ltr'><strong>profundo</strong></span> <span class='ocrx_word' id='word_1_662' title='bbox 2800 3987 2952 4044; x_wconf 70' lang='lat' dir='ltr'><strong>aquae</strong></span> <span class='ocrx_word' id='word_1_663' title='bbox 2982 3972 3161 4036; x_wconf 90' lang='lat' dir='ltr'><strong>rediit,</strong></span> <span class='ocrx_word' id='word_1_664' title='bbox 3189 3970 3464 4026; x_wconf 68' lang='lat' dir='ltr'><strong>Elisaaum.</strong></span> <span class='ocrx_word' id='word_1_665' title='bbox 3493 3969 3557 4023; x_wconf 80' lang='lat' dir='ltr'><strong>In</strong></span> <span class='ocrx_word' id='word_1_666' title='bbox 3607 3983 3767 4037; x_wconf 81' lang='lat' dir='ltr'><strong>aqua:</strong></span> 
     </span>
    </p>
   </div>
   <div class='ocr_carea' id='block_1_94' title="bbox 2170 4057 3764 4139">
    <p class='ocr_par' dir='ltr' id='par_1_94' title="bbox 2170 4057 3764 4139">
     <span class='ocr_line' id='line_1_94' title="bbox 2170 4057 3764 4139; baseline -0.008 -17"><span class='ocrx_word' id='word_1_667' title='bbox 2170 4067 2388 4132; x_wconf 88' lang='lat' dir='ltr'><strong>itinere,</strong></span> <span class='ocrx_word' id='word_1_668' title='bbox 2411 4066 2653 4121; x_wconf 89' lang='lat' dir='ltr'><strong>Petrum.</strong></span> <span class='ocrx_word' id='word_1_669' title='bbox 2682 4063 2739 4117; x_wconf 88' lang='lat' dir='ltr'><strong>In</strong></span> <span class='ocrx_word' id='word_1_670' title='bbox 2771 4062 2919 4117; x_wconf 81' lang='lat' dir='ltr'><strong>corvi</strong></span> <span class='ocrx_word' id='word_1_671' title='bbox 2946 4061 3269 4139; x_wconf 81' lang='lat' dir='ltr'><strong>obedientia,</strong></span> <span class='ocrx_word' id='word_1_672' title='bbox 3300 4059 3497 4113; x_wconf 85' lang='lat' dir='ltr'><strong>Eliam.</strong></span> <span class='ocrx_word' id='word_1_673' title='bbox 3529 4058 3591 4112; x_wconf 89' lang='lat' dir='ltr'><strong>lu</strong></span> <span class='ocrx_word' id='word_1_674' title='bbox 3610 4057 3764 4110; x_wconf 80' lang='lat' dir='ltr'><strong>lucta</strong></span> 
     </span>
    </p>
   </div>
   <div class='ocr_carea' id='block_1_95' title="bbox 2152 4147 3768 4221">
    <p class='ocr_par' dir='ltr' id='par_1_95' title="bbox 2152 4147 3768 4221">
     <span class='ocr_line' id='line_1_95' title="bbox 2152 4147 3768 4221; baseline -0.008 -6"><span class='ocrx_word' id='word_1_675' title='bbox 2152 4156 2351 4214; x_wconf 76' lang='lat' dir='ltr'><strong>autem</strong></span> <span class='ocrx_word' id='word_1_676' title='bbox 2379 4157 2569 4213; x_wconf 88' lang='lat' dir='ltr'><strong>mortis</strong></span> <span class='ocrx_word' id='word_1_677' title='bbox 2615 4155 2842 4220; x_wconf 89' lang='lat' dir='ltr'><strong>inimici,</strong></span> <span class='ocrx_word' id='word_1_678' title='bbox 2869 4154 3036 4208; x_wconf 82' lang='lat' dir='ltr'><strong>David</strong></span> <span class='ocrx_word' id='word_1_679' title='bbox 3066 4154 3224 4208; x_wconf 89' lang='lat' dir='ltr'><strong>video</strong></span> <span class='ocrx_word' id='word_1_680' title='bbox 3248 4159 3304 4206; x_wconf 92' lang='lat' dir='ltr'><strong>et</strong></span> <span class='ocrx_word' id='word_1_681' title='bbox 3332 4150 3639 4221; x_wconf 88' lang='lat' dir='ltr'><strong>perpendo.</strong></span> <span class='ocrx_word' id='word_1_682' title='bbox 3668 4147 3768 4202; x_wconf 65' lang='lat' dir='ltr'><strong>Vir</strong></span> 
     </span>
    </p>
   </div>
   <div class='ocr_carea' id='block_1_96' title="bbox 2174 4240 3765 4319">
    <p class='ocr_par' dir='ltr' id='par_1_96' title="bbox 2174 4240 3765 4319">
     <span class='ocr_line' id='line_1_96' title="bbox 2174 4240 3765 4319; baseline -0.008 -13"><span class='ocrx_word' id='word_1_683' title='bbox 2174 4252 2277 4306; x_wconf 88' lang='lat' dir='ltr'><strong>iste</strong></span> <span class='ocrx_word' id='word_1_684' title='bbox 2302 4249 2489 4319; x_wconf 89' lang='lat' dir='ltr'><strong>spiritu</strong></span> <span class='ocrx_word' id='word_1_685' title='bbox 2513 4244 2785 4316; x_wconf 86' lang='lat' dir='ltr'><strong>justorum</strong></span> <span class='ocrx_word' id='word_1_686' title='bbox 2813 4245 3056 4301; x_wconf 89' lang='lat' dir='ltr'><strong>omnium</strong></span> <span class='ocrx_word' id='word_1_687' title='bbox 3099 4243 3291 4314; x_wconf 89' lang='lat' dir='ltr'><strong>plenus</strong></span> <span class='ocrx_word' id='word_1_688' title='bbox 3337 4241 3461 4296; x_wconf 85' lang='lat' dir='ltr'><strong>fuit.</strong></span> <span class='ocrx_word' id='word_1_689' title='bbox 3487 4240 3596 4309; x_wconf 83' lang='lat' dir='ltr'><strong>Qui</strong></span> <span class='ocrx_word' id='word_1_690' title='bbox 3624 4250 3685 4294; x_wconf 90' lang='lat' dir='ltr'><strong>et</strong></span> <span class='ocrx_word' id='word_1_691' title='bbox 3712 4240 3765 4296; x_wconf 88' lang='lat' dir='ltr'><strong>in</strong></span> 
     </span>
    </p>
   </div>
   <div class='ocr_carea' id='block_1_97' title="bbox 2173 4333 3759 4412">
    <p class='ocr_par' dir='ltr' id='par_1_97' title="bbox 2173 4333 3759 4412">
     <span class='ocr_line' id='line_1_97' title="bbox 2173 4333 3759 4412; baseline -0.007 -15"><span class='ocrx_word' id='word_1_692' title='bbox 2173 4343 2315 4398; x_wconf 92' lang='lat' dir='ltr'><strong>dono</strong></span> <span class='ocrx_word' id='word_1_693' title='bbox 2335 4340 2655 4412; x_wconf 64' lang='lat' dir='ltr'><strong>prophetiae,</strong></span> <span class='ocrx_word' id='word_1_694' title='bbox 2676 4347 2731 4395; x_wconf 89' lang='lat' dir='ltr'><strong>et</strong></span> <span class='ocrx_word' id='word_1_695' title='bbox 2754 4339 2807 4393; x_wconf 89' lang='lat' dir='ltr'><strong>in</strong></span> <span class='ocrx_word' id='word_1_696' title='bbox 2840 4337 3215 4409; x_wconf 87' lang='lat' dir='ltr'><strong>diguoscendis</strong></span> <span class='ocrx_word' id='word_1_697' title='bbox 3242 4335 3525 4391; x_wconf 88' lang='lat' dir='ltr'><strong>hominum</strong></span> <span class='ocrx_word' id='word_1_698' title='bbox 3548 4333 3759 4404; x_wconf 61' lang='lat' dir='ltr'><strong>cogita-</strong></span> 
     </span>
    </p>
   </div>
   <div class='ocr_carea' id='block_1_98' title="bbox 2174 4425 3769 4506">
    <p class='ocr_par' dir='ltr' id='par_1_98' title="bbox 2174 4425 3769 4506">
     <span class='ocr_line' id='line_1_98' title="bbox 2174 4425 3769 4506; baseline -0.008 -15"><span class='ocrx_word' id='word_1_699' title='bbox 2174 4435 2441 4501; x_wconf 91' lang='lat' dir='ltr'><strong>tionibus,</strong></span> <span class='ocrx_word' id='word_1_700' title='bbox 2489 4442 2651 4506; x_wconf 86' lang='lat' dir='ltr'><strong>atque</strong></span> <span class='ocrx_word' id='word_1_701' title='bbox 2702 4432 2756 4488; x_wconf 90' lang='lat' dir='ltr'><strong>in</strong></span> <span class='ocrx_word' id='word_1_702' title='bbox 2807 4440 3141 4488; x_wconf 89' lang='lat' dir='ltr'><strong>secretorum</strong></span> <span class='ocrx_word' id='word_1_703' title='bbox 3200 4428 3477 4501; x_wconf 83' lang='lat' dir='ltr'><strong>agnitione</strong></span> <span class='ocrx_word' id='word_1_704' title='bbox 3520 4425 3769 4494; x_wconf 82' lang='lat' dir='ltr'><strong>judicio-</strong></span> 
     </span>
    </p>
   </div>
   <div class='ocr_carea' id='block_1_99' title="bbox 2175 4504 3767 4591">
    <p class='ocr_par' dir='ltr' id='par_1_99' title="bbox 2175 4504 3767 4591">
     <span class='ocr_line' id='line_1_99' title="bbox 2175 4504 3767 4591; baseline -0.01 -8"><span class='ocrx_word' id='word_1_705' title='bbox 2175 4541 2328 4591; x_wconf 85' lang='lat' dir='ltr'><strong>rum,</strong></span> <span class='ocrx_word' id='word_1_706' title='bbox 2382 4507 2537 4580; x_wconf 82' lang='lat' dir='ltr'><strong>valde</strong></span> <span class='ocrx_word' id='word_1_707' title='bbox 2568 4504 2706 4577; x_wconf 83' lang='lat' dir='ltr'><strong>eum</strong></span> <span class='ocrx_word' id='word_1_708' title='bbox 2758 4520 3125 4590; x_wconf 87' lang='lat' dir='ltr'><strong>perspicacem</strong></span> <span class='ocrx_word' id='word_1_709' title='bbox 3192 4504 3520 4589; x_wconf 26' lang='lat' dir='ltr'><strong>fuisse‘non</strong></span> <span class='ocrx_word' id='word_1_710' title='bbox 3594 4523 3767 4568; x_wconf 83' lang='lat' dir='ltr'><strong>tacet.</strong></span> 
     </span>
    </p>
   </div>
   <div class='ocr_carea' id='block_1_100' title="bbox 2177 4604 3771 4683">
    <p class='ocr_par' dir='ltr' id='par_1_100' title="bbox 2177 4604 3771 4683">
     <span class='ocr_line' id='line_1_100' title="bbox 2177 4604 3771 4683; baseline -0.009 -13"><span class='ocrx_word' id='word_1_711' title='bbox 2177 4616 2474 4678; x_wconf 82' lang='lat' dir='ltr'><strong>Postremo,</strong></span> <span class='ocrx_word' id='word_1_712' title='bbox 2503 4611 2643 4683; x_wconf 91' lang='lat' dir='ltr'><strong>quod</strong></span> <span class='ocrx_word' id='word_1_713' title='bbox 2672 4612 2812 4665; x_wconf 90' lang='lat' dir='ltr'><strong>inter</strong></span> <span class='ocrx_word' id='word_1_714' title='bbox 2840 4610 3065 4679; x_wconf 89' lang='lat' dir='ltr'><strong>plurima</strong></span> <span class='ocrx_word' id='word_1_715' title='bbox 3092 4608 3311 4679; x_wconf 89' lang='lat' dir='ltr'><strong>superni</strong></span> <span class='ocrx_word' id='word_1_716' title='bbox 3352 4606 3602 4661; x_wconf 88' lang='lat' dir='ltr'><strong>muneris</strong></span> <span class='ocrx_word' id='word_1_717' title='bbox 3628 4604 3771 4659; x_wconf 81' lang='lat' dir='ltr'><strong>cha-</strong></span> 
     </span>
    </p>
   </div>
   <div class='ocr_carea' id='block_1_101' title="bbox 2179 4696 3774 4774">
    <p class='ocr_par' dir='ltr' id='par_1_101' title="bbox 2179 4696 3774 4774">
     <span class='ocr_line' id='line_1_101' title="bbox 2179 4696 3774 4774; baseline -0.008 -13"><span class='ocrx_word' id='word_1_718' title='bbox 2179 4709 2420 4769; x_wconf 86' lang='lat' dir='ltr'><strong>rismata,</strong></span> <span class='ocrx_word' id='word_1_719' title='bbox 2449 4704 2690 4774; x_wconf 86' lang='lat' dir='ltr'><strong>apprime</strong></span> <span class='ocrx_word' id='word_1_720' title='bbox 2715 4703 2951 4757; x_wconf 88' lang='lat' dir='ltr'><strong>disertus</strong></span> <span class='ocrx_word' id='word_1_721' title='bbox 2978 4701 3170 4766; x_wconf 79' lang='lat' dir='ltr'><strong>fuerit;</strong></span> <span class='ocrx_word' id='word_1_722' title='bbox 3202 4707 3258 4754; x_wconf 92' lang='lat' dir='ltr'><strong>et</strong></span> <span class='ocrx_word' id='word_1_723' title='bbox 3293 4696 3437 4769; x_wconf 88' lang='lat' dir='ltr'><strong>quod</strong></span> <span class='ocrx_word' id='word_1_724' title='bbox 3464 4697 3774 4751; x_wconf 83' lang='lat' dir='ltr'><strong>monacho-</strong></span> 
     </span>
    </p>
   </div>
   <div class='ocr_carea' id='block_1_102' title="bbox 2178 4784 3771 4865">
    <p class='ocr_par' dir='ltr' id='par_1_102' title="bbox 2178 4784 3771 4865">
     <span class='ocr_line' id='line_1_102' title="bbox 2178 4784 3771 4865; baseline -0.009 -14"><span class='ocrx_word' id='word_1_725' title='bbox 2178 4812 2296 4851; x_wconf 91' lang='lat' dir='ltr'><strong>rum</strong></span> <span class='ocrx_word' id='word_1_726' title='bbox 2347 4794 2586 4865; x_wconf 84' lang='lat' dir='ltr'><strong>regulam</strong></span> <span class='ocrx_word' id='word_1_727' title='bbox 2613 4833 2627 4857; x_wconf 94' lang='lat'><strong>,</strong></span> <span class='ocrx_word' id='word_1_728' title='bbox 2673 4805 2927 4846; x_wconf 88' lang='lat' dir='ltr'><strong>sermone</strong></span> <span class='ocrx_word' id='word_1_729' title='bbox 2972 4790 3282 4852; x_wconf 90' lang='lat' dir='ltr'><strong>luculento,</strong></span> <span class='ocrx_word' id='word_1_730' title='bbox 3330 4796 3387 4841; x_wconf 90' lang='lat' dir='ltr'><strong>et</strong></span> <span class='ocrx_word' id='word_1_731' title='bbox 3430 4784 3771 4841; x_wconf 77' lang='lat' dir='ltr'><strong>discretione</strong></span> 
     </span>
    </p>
   </div>
   <div class='ocr_carea' id='block_1_103' title="bbox 2150 4879 3776 4959">
    <p class='ocr_par' dir='ltr' id='par_1_103' title="bbox 2150 4879 3776 4959">
     <span class='ocr_line' id='line_1_103' title="bbox 2150 4879 3776 4959; baseline -0.01 -14"><span class='ocrx_word' id='word_1_732' title='bbox 2150 4889 2445 4959; x_wconf 62' lang='lat' dir='ltr'><strong>praecipua</strong></span> <span class='ocrx_word' id='word_1_733' title='bbox 2476 4885 2774 4956; x_wconf 87' lang='lat' dir='ltr'><strong>scripserit,</strong></span> <span class='ocrx_word' id='word_1_734' title='bbox 2810 4881 3128 4939; x_wconf 70' lang='lat' dir='ltr'><strong>lmtabuudis</strong></span> <span class='ocrx_word' id='word_1_735' title='bbox 3157 4879 3381 4935; x_wconf 90' lang='lat' dir='ltr'><strong>auribus</strong></span> <span class='ocrx_word' id='word_1_736' title='bbox 3408 4893 3776 4934; x_wconf 74' lang='lat' dir='ltr'><strong>eorumnar-</strong></span> 
     </span>
    </p>
   </div>
   <div class='ocr_carea' id='block_1_104' title="bbox 2179 4967 3775 5044">
    <p class='ocr_par' dir='ltr' id='par_1_104' title="bbox 2179 4967 3775 5044">
     <span class='ocr_line' id='line_1_104' title="bbox 2179 4967 3775 5044; baseline -0.008 -10"><span class='ocrx_word' id='word_1_737' title='bbox 2179 4987 2284 5035; x_wconf 88' lang='lat' dir='ltr'><strong>rat.</strong></span> <span class='ocrx_word' id='word_1_738' title='bbox 2337 4975 2716 5040; x_wconf 70' lang='lat' dir='ltr'><strong>Lzetabundis,</strong></span> <span class='ocrx_word' id='word_1_739' title='bbox 2769 4975 3030 5044; x_wconf 87' lang='lat' dir='ltr'><strong>inquam,</strong></span> <span class='ocrx_word' id='word_1_740' title='bbox 3077 4970 3205 5040; x_wconf 88' lang='lat' dir='ltr'><strong>quia</strong></span> <span class='ocrx_word' id='word_1_741' title='bbox 3250 4967 3455 5040; x_wconf 89' lang='lat' dir='ltr'><strong>grande</strong></span> <span class='ocrx_word' id='word_1_742' title='bbox 3504 4967 3775 5037; x_wconf 81' lang='lat' dir='ltr'><strong>gaudium</strong></span> 
     </span>
    </p>
   </div>
   <div class='ocr_carea' id='block_1_105' title="bbox 2177 5054 3778 5138">
    <p class='ocr_par' dir='ltr' id='par_1_105' title="bbox 2177 5054 3778 5138">
     <span class='ocr_line' id='line_1_105' title="bbox 2177 5054 3778 5138; baseline -0.007 -17"><span class='ocrx_word' id='word_1_743' title='bbox 2177 5069 2478 5138; x_wconf 91' lang='lat' dir='ltr'><strong>quibusque</strong></span> <span class='ocrx_word' id='word_1_744' title='bbox 2515 5080 2705 5121; x_wconf 89' lang='lat' dir='ltr'><strong>sanum</strong></span> <span class='ocrx_word' id='word_1_745' title='bbox 2746 5060 3080 5133; x_wconf 83' lang='lat' dir='ltr'><strong>sapientibus</strong></span> <span class='ocrx_word' id='word_1_746' title='bbox 3113 5058 3217 5115; x_wconf 84' lang='lat' dir='ltr'><strong>hoc</strong></span> <span class='ocrx_word' id='word_1_747' title='bbox 3250 5054 3447 5120; x_wconf 78' lang='lat' dir='ltr'><strong>aﬂ’ert;</strong></span> <span class='ocrx_word' id='word_1_748' title='bbox 3493 5055 3644 5124; x_wconf 81' lang='lat' dir='ltr'><strong>quod</strong></span> <span class='ocrx_word' id='word_1_749' title='bbox 3690 5055 3778 5110; x_wconf 83' lang='lat' dir='ltr'><strong>eis</strong></span> 
     </span>
    </p>
   </div>
   <div class='ocr_carea' id='block_1_106' title="bbox 2176 5145 3779 5230">
    <p class='ocr_par' dir='ltr' id='par_1_106' title="bbox 2176 5145 3779 5230">
     <span class='ocr_line' id='line_1_106' title="bbox 2176 5145 3779 5230; baseline -0.012 -15"><span class='ocrx_word' id='word_1_750' title='bbox 2176 5174 2405 5230; x_wconf 88' lang='lat' dir='ltr'><strong>superna</strong></span> <span class='ocrx_word' id='word_1_751' title='bbox 2434 5154 2770 5227; x_wconf 84' lang='lat' dir='ltr'><strong>providentia</strong></span> <span class='ocrx_word' id='word_1_752' title='bbox 2799 5192 2814 5219; x_wconf 94' lang='lat'><strong>,</strong></span> <span class='ocrx_word' id='word_1_753' title='bbox 2865 5151 3023 5206; x_wconf 87' lang='lat' dir='ltr'><strong>talem</strong></span> <span class='ocrx_word' id='word_1_754' title='bbox 3067 5164 3132 5205; x_wconf 87' lang='lat' dir='ltr'><strong>ac</strong></span> <span class='ocrx_word' id='word_1_755' title='bbox 3175 5145 3656 5208; x_wconf 83' lang='lat' dir='ltr'><strong>tantumducem,</strong></span> <span class='ocrx_word' id='word_1_756' title='bbox 3714 5159 3779 5198; x_wconf 81' lang='lat' dir='ltr'><strong>ac</strong></span> 
     </span>
    </p>
   </div>
   <div class='ocr_carea' id='block_1_107' title="bbox 2179 5232 3776 5321">
    <p class='ocr_par' dir='ltr' id='par_1_107' title="bbox 2179 5232 3776 5321">
     <span class='ocr_line' id='line_1_107' title="bbox 2179 5232 3776 5321; baseline -0.013 -15"><span class='ocrx_word' id='word_1_757' title='bbox 2179 5258 2564 5321; x_wconf 64' lang='lat' dir='ltr'><strong>praeceptorem</strong></span> <span class='ocrx_word' id='word_1_758' title='bbox 2615 5243 2930 5308; x_wconf 89' lang='lat' dir='ltr'><strong>constituit,</strong></span> <span class='ocrx_word' id='word_1_759' title='bbox 2984 5255 3144 5313; x_wconf 85' lang='lat' dir='ltr'><strong>quem</strong></span> <span class='ocrx_word' id='word_1_760' title='bbox 3195 5238 3260 5293; x_wconf 87' lang='lat' dir='ltr'><strong>ad</strong></span> <span class='ocrx_word' id='word_1_761' title='bbox 3310 5232 3776 5306; x_wconf 80' lang='lat' dir='ltr'><strong>promulgaudam</strong></span> 
     </span>
    </p>
   </div>
   <div class='ocr_carea' id='block_1_108' title="bbox 2581 5330 3777 5360">
    <p class='ocr_par' dir='ltr' id='par_1_108' title="bbox 2581 5330 3777 5360">
     <span class='ocr_line' id='line_1_108' title="bbox 2581 5330 3777 5360; baseline 0 0"><span class='ocrx_word' id='word_1_762' title='bbox 2581 5337 2735 5360; x_wconf 61' lang='lat' dir='ltr'><strong>-n‘:-_</strong></span> <span class='ocrx_word' id='word_1_763' title='bbox 2767 5337 2933 5360; x_wconf 56' lang='grc' dir='ltr'>,ιιι-Α...</span> <span class='ocrx_word' id='word_1_764' title='bbox 3002 5334 3216 5360; x_wconf 58' lang='grc' dir='ltr'>Δξηηιιιινι</span> <span class='ocrx_word' id='word_1_765' title='bbox 3250 5340 3298 5360; x_wconf 68' lang='grc' dir='ltr'><strong>Α.</strong></span> <span class='ocrx_word' id='word_1_766' title='bbox 3334 5330 3594 5360; x_wconf 61' lang='grc' dir='ltr'><strong>ζιΙΛηΔηΜ</strong></span> 
     </span>
    </p>
   </div>
  </div>
