3964 5360
169 315 277 377 725

1404 320 1772 379 SERMUNES
1810 319 2117 393 QUINQUE

3309 337 3413 396 716

172 429 489 488 intromitti.
530 430 598 486 Et
623 431 764 502 quod
794 431 907 488 suis
935 432 1144 489 meritis
1170 448 1505 506 nequaquam
1539 450 1743 506 prtesu-
1772 430 1825 491 Α
1852 433 2052 509 indigni
2082 482 2096 507 ,
2145 441 2492 513 gaudeamus.
2533 449 2597 503 Et
2642 446 2885 520 quamvis
2916 466 3021 506 non
3069 453 3140 508 sit
3172 454 3324 509 nobis
3354 468 3416 510 os

171 527 363 586 munt,
389 521 630 591 ejusdem
658 523 740 576 sui
769 524 922 579 ducis
947 525 1333 581 intercessione
1358 526 1577 596 adipisci
1609 542 1741 582 con-

171 610 365 668 ﬁdunt.
393 612 475 666 Ad
505 613 645 667 hanc
668 613 849 683 itaque
874 615 1170 682 lucernam,
1189 618 1344 687 quasi
1371 619 1422 673 in
1450 620 1743 691 caliginoso

172 702 298 757 vita:
328 702 487 772 hujus
514 705 690 759 stadio
717 706 1006 763 micantem
1024 750 1039 774 ,
1071 711 1299 768 subinde
1325 713 1648 782 respiciunt,
1688 724 1745 771 et

173 794 229 848 in
256 795 376 865 ipsa
400 796 582 853 vident
623 814 730 869 quo
750 817 993 871 gressum
1022 806 1204 874 operis
1232 807 1470 863 tendant.
1500 808 1744 865 Lucerna

168 896 256 941 est
279 887 447 957 igitur
468 891 808 947 beatissimus
837 892 1178 951 Benedictus.
1205 896 1470 964 Lucerna,
1498 901 1741 971 inquam,

169 979 241 1035 ad
272 980 374 1036 hoc
403 983 565 1052 super
588 985 969 1041 candelabrum
1000 991 1192 1059 posita,
1244 1000 1305 1045 ut
1352 995 1549 1050 ardens
1576 1004 1629 1050 et
1659 996 1740 1048 lu-

168 1084 305 1126 cens
327 1112 343 1137 ,
389 1072 532 1128 sicut
570 1075 637 1130 de
675 1091 774 1132 suo
811 1093 1147 1147 praecursore
1176 1083 1391 1140 Veritas
1433 1095 1742 1154 attestatur,

166 1157 425 1217 omnibus
447 1164 541 1233 qui
570 1165 623 1220 in
654 1166 811 1224 domo
848 1170 942 1225 Dei
971 1180 1125 1240 sunt,
1164 1175 1505 1244 resplendeat
1525 1178 1741 1249 (Matth.

164 1271 224 1321 ν,
256 1257 352 1321 l5;
380 1258 543 1313 Joan.
570 1276 623 1326 v,
648 1262 759 1327 35).
813 1264 895 1320 An
922 1273 980 1321 et
1029 1266 1131 1322 iste
1159 1283 1391 1339 superno
1421 1286 1607 1327 amore
1637 1290 1743 1339 non

162 1345 522 1402 vehementer
550 1350 725 1406 arsit?
774 1353 855 1407 An
886 1363 941 1408 et
968 1355 1091 1421 iste,
1123 1373 1245 1413 cum
1271 1361 1436 1415 verbo
1471 1371 1525 1417 et
1560 1379 1741 1432 opere,

164 1446 286 1490 tum
312 1439 586 1509 signorum
614 1442 899 1512 splendore
926 1461 1033 1501 non
1062 1448 1259 1504 reluxit
1280 1438 1328 1504 ’ξ’
1356 1451 1448 1506 Est
1475 1452 1640 1524 igitur
1666 1453 1747 1507 lu-

159 1542 354 1581 cerua.
408 1528 515 1585 Sed
540 1531 773 1600 qualiter
817 1537 1065 1592 eumdem
1117 1549 1499 1609 praeceptorem
1546 1558 1701 1597 suum
1730 1584 1745 1608 ,

161 1618 283 1672 imo
325 1628 381 1674 et
425 1620 700 1676 dominum
750 1623 990 1695 legiones
1035 1631 1423 1685 monachorum
1471 1634 1747 1689 decentius

159 1710 560 1779 appellabunt?
611 1708 894 1770 Dominum
914 1759 928 1782 ,
961 1719 1198 1787 inquam.
1230 1721 1492 1789 siquidem
1520 1733 1574 1777 et
1605 1724 1747 1780 Elius

1845 532 2058 600 aperire
2079 548 2189 603 prae
2210 534 2543 604 confusione,
2569 550 2744 596 tamen
2779 542 2906 597 illud
2933 540 3224 599 MosaicItm
3253 559 3418 600 unus-

1845 623 2074 693 quisque
2103 635 2344 682 nostrum
2372 630 2543 686 eidem
2572 634 2715 687 dicat
2748 650 2761 687 :
2798 633 2949 701 Scio,
2974 638 3098 706 quia
3123 637 3416 692 misericors

1844 733 1921 782 es,
1949 717 2169 774 Domine
2211 719 2381 792 (Psal.
2417 739 2579 788 xxxv,
2611 725 2688 795 8).
2717 726 2850 782 Cum
2880 739 3024 782 metu
3057 738 3112 782 et
3148 743 3242 796 spe
3283 741 3421 797 prte-

1846 806 2127 874 stolantes,
2159 818 2337 866 utrum
2376 814 2517 868 sicut
2539 816 2755 883 regibus
2781 817 3113 871 consuetudo
3138 825 3243 879 est,
3273 824 3333 870 ut
3364 814 3420 867 in

1846 896 1960 951 suis
2006 898 2261 955 natalitiis
2286 915 2409 958 reos
2437 903 2757 971 absolvant;
2793 906 2871 960 sic
2910 905 3010 959 iste
3054 905 3300 975 princeps
3325 902 3418 957 Dei

1845 998 2066 1058 propter
2100 991 2351 1060 gaudium
2382 1009 2492 1049 sum
2528 1005 2730 1051 sanctae
2774 996 3131 1052 solemnitatis
3156 1037 3172 1058 ,
3205 996 3420 1051 vincula

1848 1086 2030 1132 nostra
2059 1079 2286 1137 relaxet.
2313 1080 2593 1152 Siquidem
2623 1095 2678 1140 et
2708 1085 2837 1140 illud
2857 1086 3096 1141 occurrit
3124 1086 3418 1145 memoriae.

1847 1168 1989 1238 quod
2040 1170 2182 1225 inter
2225 1168 2457 1242 pretiosa
2508 1174 2739 1229 filiorum
2771 1174 2935 1230 Israel
2981 1190 3227 1238 munera,
3256 1175 3420 1229 etiam

1847 1258 1984 1325 pilos
2017 1275 2301 1330 caprarum
2337 1264 2535 1334 (Exod.
2584 1282 2708 1333 xxv,
2744 1268 2798 1339 4)
2845 1267 3063 1338 quidam
3093 1267 3420 1323 detulerunt.
3494 1334 3497 1337 _

1849 1348 1914 1401 Et
1942 1351 2068 1419 quia
2111 1367 2207 1421 per
2254 1353 2374 1411 illos
2400 1367 2746 1425 peccatorum
2790 1360 3057 1416 confessio
3091 1348 3419 1431 designatur,

1849 1440 2037 1496 saltem
2065 1443 2145 1496 vel
2173 1444 2272 1500 hoc
2304 1462 2469 1502 unum
2497 1449 2805 1505 offeramus.
2841 1450 3040 1505 Verum
3071 1451 3115 1507 si
3148 1451 3302 1506 deest
3329 1452 3425 1504 att-

1851 1548 1971 1587 rum
2001 1533 2277 1604 sapientia:
2300 1577 2314 1602 ,
2344 1540 2388 1593 si
2420 1550 2700 1608 argentum
2723 1544 2853 1599 ‘rite
2887 1542 3155 1599 laudantis
3175 1542 3378 1612 eloquii
3407 1581 3425 1606 ,

1851 1620 1895 1677 si
1926 1625 2260 1683 diversarum
2302 1631 2560 1687 virtutum
2590 1648 2845 1702 gemmae,
2876 1642 3152 1706 postremo
3180 1634 3225 1690 si
3255 1634 3424 1690 casti-

1854 1716 1978 1770 tatis
2011 1717 2203 1787 byssns
2232 1720 2444 1778 miseris
2470 1725 2620 1780 abest
2645 1766 2659 1792 ,
2691 1727 2774 1781 vel
2826 1727 3111 1796 prmdictos
3139 1740 3424 1796 caprarum

159 1799 349 1854 dictus
379 1810 461 1856 est
486 1803 735 1865 dgmimts
761 1806 958 1861 Elisaai.
1007 1782 1145 1879 Ergo
1173 1782 1390 1879 pietatis
1420 1811 1615 1867 auecta
1653 1828 1748 1868 νο-
1782 1782 1821 1840 Β
1852 1805 1988 1874 pilos
2015 1807 2308 1866 offeramus
2328 1852 2343 1878 ,
2373 1812 2497 1883 quia
2532 1813 2668 1870 forte
2698 1827 2753 1870 et
2793 1817 2892 1887 ipsi
2931 1832 3051 1873 cunt
3077 1818 3256 1872 veraci
3298 1833 3428 1872 con-

159 1896 329 1944 cetur
355 1888 594 1949 lucerna.
641 1894 747 1951 Sed
775 1898 926 1967 quasi
958 1914 1146 1969 parum
1178 1909 1291 1966 est,
1332 1914 1556 1957 vocetur
1584 1905 1746 1960 etiam

157 1983 348 2038 stella.
411 1983 528 2040 Non
580 1994 756 2043 tamen
807 1989 1235 2061 qualiscunque;
1288 1993 1382 2048 sed
1431 1994 1582 2058 talis,
1629 2010 1749 2066 quae

157 2076 423 2132 erudiens
453 2077 651 2149 multos
678 2080 744 2133 ad
769 2080 1063 2151 justitiam,
1108 2083 1398 2156 refulgent,
1434 2086 1587 2156 juxta
1620 2087 1748 2143 illud

158 2167 429 2232 Dauielis,
483 2168 536 2223 in
585 2181 872 2241 perpetuas
911 2176 1261 2231 aeternitates.
1310 2175 1543 2234 Vocetur
1583 2181 1745 2235 etiam

156 2260 269 2325 sol,
319 2261 445 2330 quia
494 2259 716 2331 fulgebit
759 2264 901 2320 sicut
928 2266 1005 2321 sol
1035 2268 1363 2339 cnm‘justis,
1411 2279 1466 2326 et
1510 2288 1650 2327 nunc
1694 2273 1745 2328 in

156 2352 413 2408 Ecclesia
437 2399 452 2421 ,
503 2362 558 2409 et
601 2342 733 2411 tunc)
763 2357 815 2412 in
852 2374 1021 2430 regno
1048 2362 1220 2430 patris
1249 2370 1471 2417 eorum.
1511 2366 1750 2421 Vocetur

155 2444 332 2498 etiam
365 2444 608 2514 angelus,
655 2449 777 2516 quia
824 2448 995 2520 legem
1028 2452 1311 2523 requirnnt
1357 2470 1423 2509 ex
1469 2471 1563 2511 ore
1611 2455 1746 2526 ejus.

156 2532 454 2588 Postremo
475 2534 693 2590 videant
715 2547 763 2591 et
795 2539 1081 2623 gaudeant,
1108 2556 1267 2611 quam
1289 2545 1503 2613 proprie
1529 2556 1750 2600 vocetur

157 2621 515 2689 Benedictus,
539 2641 697 2696 quem
730 2629 869 2687 Deus
891 2631 1026 2688 adeo
1044 2632 1321 2689 benedixit
1343 2635 1396 2689 in
1419 2638 1564 2690 omni
1587 2636 1748 2693 bene-

157 2713 408 2771 dictione
431 2718 719 2786 spirituali.
757 2722 821 2775 Et
845 2737 944 2793 per
968 2740 1127 2794 quem
1158 2727 1290 2782 tanti
1319 2728 1747 2786 benedictionem

158 2808 490 2866 haereditate
513 2814 885 2881 possidebunt.

238 2888 439 2956 Fateor
482 2903 660 2968 enim,
709 2907 852 2976 quod
899 2907 1139 2989 ejusdem
1185 2913 1355 2984 patris
1401 2916 1749 2978 dilectoribus

155 2992 308 3047 adeo
333 2994 513 3063 placet
540 2996 631 3072 tali
659 2999 921 3056 vocabulo
947 3004 1190 3073 censeri,
1230 3008 1371 3076 quod
1398 3009 1546 3074 solet
1572 3014 1747 3068 maxi-

156 3099 260 3140 me
290 3093 411 3154 post
455 3086 694 3142 divinum
726 3104 952 3156 nomen,
1004 3108 1155 3150 more
1183 3094 1492 3155 Christiano
1520 3103 1743 3157 versari.
1773 3122 1819 3189 ε

153 3172 305 3242 Quis
333 3177 479 3231 enim
507 3178 873 3249 piegloquens,
905 3191 997 3237 aut
1026 3185 1374 3263 Benedictum
1393 3229 1409 3254 ,
1454 3198 1547 3249 aut
1580 3192 1745 3247 bene-

155 3267 463 3325 dictionem
495 3273 597 3327 sub
623 3275 864 3343 quolibet
888 3278 1109 3337 obtentu
1138 3298 1245 3337 non
1272 3283 1456 3339 dicat?
1484 3286 1748 3343 Caeterum

156 3353 360 3411 laudes
380 3357 494 3425 ejus
508 3376 783 3428 resonare,
799 3365 994 3422 talibus
1014 3378 1284 3441 utcunque
1308 3384 1646 3444 congrueret,
1662 3378 1751 3445 qui

149 3443 323 3531 juxta
350 3448 665 3518 Apostolutn
693 3456 903 3523 sciunt,
941 3475 1059 3529 qua:
1094 3471 1170 3515 est
1199 3478 1313 3531 spes
1342 3443 1626 3519 vocationis
1656 3443 1754 3520 Dei

157 3530 387 3610 (Εριιεε.
414 3559 454 3606 ι,
484 3543 595 3615 ts).
632 3545 897 3604 Videlicet
922 3560 979 3606 et
1004 3552 1147 3607 illius
1169 3530 1485 3618 vocationis,
1511 3571 1615 3625 qua
1648 3572 1752 3611 non

154 3628 350 3685 solum
401 3647 523 3687 cum
575 3636 699 3707 aliis
744 3637 1072 3698 Christianis
1112 3644 1474 3699 communiter
1500 3646 1566 3701 ad
1598 3646 1755 3701 fidem

154 3721 352 3775 vocati
379 3731 523 3787 sunt,
554 3726 647 3780 sed
675 3728 840 3783 etiam
873 3730 939 3784 ad
966 3732 1300 3789 subeundum
1329 3735 1611 3792 eelsiorem
1638 3753 1756 3808 gra-

157 3812 327 3875 dum,
356 3828 454 3883 per
479 3817 727 3872 eumdem
755 3829 966 3889 patrem
990 3822 1313 3892 institutum,
1337 3827 1427 3897 qui
1452 3828 1505 3883 in
1532 3844 1756 3884 vacuum

154 3903 410 3971 gratiam
440 3905 579 3961 hanc
609 3924 948 3981 nequaquam
979 3915 1281 3984 accipiunt,
1321 3918 1412 3972 sed
1439 3934 1557 3988 qua:
1596 3935 1624 3974 a
1657 3919 1759 3976 Deo

161 3996 382 4051 donata
410 3994 537 4053 sunt
564 4000 649 4071 (11
676 4001 803 4057 Cor.
829 4020 901 4069 vx,
934 3992 1008 4076 l),
1039 4017 1256 4063 norunt.
1296 4010 1610 4085 Dequibus,
1638 4026 1759 4081 pro-

161 4094 302 4156 pter
326 4102 421 4143 cor
443 4098 500 4145 et
525 4091 757 4146 animam
789 4110 967 4158 unam,
993 4098 1094 4153 sub
1117 4101 1275 4155 unius
1298 4102 1474 4172 populi
1501 4102 1761 4158 vocabulo

162 4178 326 4235 Deus
357 4181 526 4236 dicit:
569 4182 837 4239 Obauditu
875 4189 1023 4243 auris
1069 4191 1354 4261 obaudiunt
1398 4194 1556 4256 mihi,
1599 4210 1760 4265 quem

164 4271 438 4327 nimirum
473 4275 527 4328 in
559 4278 752 4332 sanctis
775 4279 890 4348 ejus
938 4280 1158 4335 laudare
1177 4283 1760 4354 jubemur(Psal.xvtt,

162 4356 282 4427 45;
313 4378 399 4429 cn,
424 4364 501 4434 l).
554 4365 659 4420 Sed
686 4368 874 4437 quales
903 4386 1025 4425 eum
1063 4364 1285 4428 laudare
1310 4374 1575 4440 debeant,
1609 4375 1761 4432 Scri-

159 4462 337 4524 ptura
370 4471 474 4510 non
507 4464 669 4525 tacet,
705 4446 890 4516 dicens
918 4460 983 4515 ad
1012 4462 1156 4531 ipsos
1183 4479 1197 4515 :
1235 4460 1337 4526 Qui
1364 4463 1555 4517 timetis
1585 4463 1763 4518 Domi-

168 4563 328 4612 num,
358 4547 573 4603 laudate
600 4566 753 4614 eum;
800 4559 855 4605 et
897 4552 1066 4606 item:
1106 4552 1418 4605 Laudabunt
1458 4553 1760 4633 Dominum,

166 4638 271 4705 qui
313 4650 557 4707 qua'runt
603 4657 722 4694 eum
758 4639 930 4712 (Paul.
958 4659 1070 4708 XXI,
1098 4642 1189 4707 24,
1217 4642 1329 4714 25).
1386 4642 1504 4710 Quo
1531 4654 1719 4699 contra
1746 4661 1760 4700 :

178 4724 309 4783 Non
332 4730 650 4800 est,,inquit,
674 4732 906 4801 speciosa
929 4733 1046 4787 laus
1072 4734 1125 4787 in
1151 4750 1240 4788 ore
1264 4737 1550 4803 peccatoris
1573 4733 1761 4805 (Eccli.

170 4831 278 4880 xv,
297 4816 371 4886 9).
406 4817 547 4886 Quid
572 4833 706 4889 ergo
731 4819 797 4875 de
822 4821 976 4876 nobis
1002 4823 1328 4877 censendum
1351 4832 1453 4888 est,
1483 4823 1574 4895 qui
1603 4838 1764 4892 supra

174 4907 396 4963 modum
434 4905 759 4981 peccatores
793 4925 1002 4977 smnus,
1041 4923 1096 4967 et
1126 4914 1314 4969 laudes
1350 4913 1466 4982 ejus
1494 4924 1765 4971 attentare

174 5000 554 5065 praesumimus
575 5000 602 5053 ?
639 4996 749 5053 Sed
774 5000 970 5056 divinae
998 5003 1216 5072 pietatis
1244 5005 1457 5062 divitias
1485 5005 1767 5061 attenden-

180 5098 284 5155 tes,
311 5092 376 5148 de
396 5093 647 5165 ejusdem
680 5089 1127 5163 indulgentissimi
1153 5098 1364 5167 patroni
1391 5096 1766 5154 misericordia

178 5184 571 5255 praesumimus,
752 5196 753 5199 ‘
827 5183 830 5187 ’
864 5252 869 5259 ,

249 5269 479 5343 Denique
520 5270 729 5328 eadem
773 5266 1088 5342 Scriptura,
1140 5291 1259 5347 qum
1302 5276 1355 5331 in
1400 5288 1633 5348 persona
1675 5274 1761 5344 ju-

1851 1898 2086 1955 fessione
2115 1901 2424 1971 placebunt.
2450 1904 2638 1962 Veraci
2663 1907 2893 1971 scilicet,
2914 1909 3041 1977 quia
3062 1924 3224 1978 quem
3250 1909 3424 1964 adhuc

1848 2005 1915 2045 cx
1942 2006 2210 2049 consensu
2256 2012 2485 2066 peccare
2515 1998 2779 2065 delectat;
2810 2000 3001 2056 falsum
3036 2011 3158 2066 est,
3192 2000 3332 2070 quod
3362 2000 3429 2054 de

1847 2084 2136 2151 prteleritis
2171 2100 2300 2141 vere
2343 2090 2622 2157 poeniteat.
2657 2090 2725 2145 Ut
2750 2080 2929 2145 autem
2954 2092 3210 2161 quiddam
3236 2092 3304 2145 de
3330 2090 3431 2144 ltu-

1849 2188 2010 2228 mano
2037 2190 2136 2229 usu
2168 2175 2468 2246 loquamur,
2518 2180 2564 2236 si
2605 2182 2821 2250 quando
2869 2181 3272 2252 paterfamilias,
3308 2190 3431 2252 post

1851 2272 2081 2333 tempus.
2106 2265 2321 2321 domum
2350 2284 2507 2323 suam!
2525 2262 2838 2337 revertitur,
2859 2272 3037 2326 omnis
3064 2270 3265 2326 familia
3293 2270 3432 2326 solet

1848 2353 2151 2425 adgaudere
2181 2373 2194 2409 :
2223 2372 2345 2412 cum
2376 2360 2591 2429 quidem
2613 2368 2667 2416 et
2696 2362 2870 2418 catelli
2910 2363 3221 2419 exsilientes
3248 2404 3263 2428 ,
3291 2377 3424 2431 quo-

1848 2444 1971 2498 dam
2007 2456 2162 2515 gestu
2198 2451 2567 2507 membrorum
2610 2468 2669 2507 se
2717 2463 3022 2509 monstrant
3059 2453 3249 2508 laetari.
3279 2452 3428 2519 Qua-

1848 2544 2073 2606 propter
2113 2547 2169 2591 ct
2203 2552 2301 2594 nos
2325 2579 2340 2604 ,
2372 2539 2499 2596 licet
2524 2540 2784 2610 jnmentis
2813 2543 3194 2612 insipientibus
3236 2544 3431 2598 merito

1849 2626 2020 2683 simus
2053 2631 2419 2699 comparandi,
2477 2639 2655 2687 tamen
2686 2633 2730 2688 si
2760 2633 2828 2688 ob
2858 2634 3013 2688 istius
3040 2622 3301 2690 bonurem
3344 2649 3432 2689 so-

1850 2716 2143 2774 lemnitatis
2165 2759 2181 2784 ,
2212 2736 2331 2790 qua:
2371 2723 2648 2778 eumdem:
2669 2713 2938 2780 nostrum
2961 2723 3246 2780 Dominum
3276 2726 3433 2780 nobis

1850 2811 2248 2879 quodammodo
2271 2806 2648 2881 reprmsentat,
2680 2816 2848 2885 gavisi
2881 2815 3174 2883 fuerimus;
3198 2817 3283 2871 vel
3328 2817 3434 2871 mi-

1851 2915 1945 2957 cas
1996 2902 2384 2961 misericordia:
2432 2904 2549 2973 ejus
2613 2920 2832 2976 sperare
2904 2907 3057 2975 quasi
3119 2907 3285 2962 catuli
3331 2907 3431 2961 sub

1851 3007 2040 3049 mensa
2088 2994 2403 3064 poterimus.
2455 2996 2522 3050 Et
2577 2997 2681 3053 hoc
2722 3012 2830 3052 non
2873 3011 2938 3051 ex
3001 2998 3187 3057 nobis,
3233 2996 3326 3051 sed
3365 3011 3434 3050 ex

1851 3086 2093 3140 bonitate
2134 3085 2429 3158 evangelici
2478 3087 2621 3156 regis
2674 3087 2767 3158 qui
2802 3102 2975 3142 caecos
3009 3078 3064 3142 et
3109 3086 3330 3142 claudos
3366 3086 3437 3140 ad

1850 3178 2156 3234 convivium
2185 3194 2340 3233 suum
2386 3178 2639 3249 dignatus
2686 3187 2770 3233 est
2819 3179 3087 3233 asciscere
3127 3177 3278 3249 (Luc.
3312 3192 3433 3241 xw,

1856 3269 1965 3339 15).
1997 3269 2141 3325 Bene
2170 3284 2298 3341 ergo
2347 3271 2628 3325 nobiscum
2676 3270 2874 3339 agitur,
2902 3271 3047 3340 quod
3072 3270 3211 3324 idem
3249 3278 3435 3338 paler—

1852 3359 2086 3416 familias
2118 3376 2219 3416 nos
2241 3361 2353 3417 suis
2371 3361 2647 3417 solemniis
2672 3361 2934 3416 interesse
2963 3376 3067 3416 non
3090 3361 3433 3430 dedignatur.

1854 3457 1899 3513 0
1930 3457 2118 3528 quanti
2166 3465 2291 3513 sunt
2325 3458 2486 3511 etiam
2534 3457 2589 3512 in
2640 3456 3021 3511 remotissimis
3069 3462 3220 3509 trans
3263 3456 3469 3524 maria;

1856 3547 2189 3620 regionibus,
2221 3546 2312 3616 qui
2345 3555 2620 3617 tantopere
2651 3546 2946 3617 gauderent
2971 3546 3013 3599 si
3047 3545 3125 3600 eis
3153 3544 3235 3597 vel
3267 3542 3437 3598 semel

1857 3640 1923 3694 ad
1963 3622 2325 3706 ejus-sacrum
2364 3637 2625 3691 tumulum
2659 3634 2951 3690 accedendi
2999 3634 3327 3704 possibilitas
3352 3648 3437 3690 es-

1857 3728 1974 3784 set!
2007 3726 2159 3783 Unde
2182 3726 2345 3782 etiam
2382 3725 2831 3781 considerandum
2861 3732 2944 3779 est
2970 3721 3098 3793 quid
3127 3737 3158 3775 a
3202 3722 3313 3777 Deo
3341 3737 3436 3777 no-

1857 3821 1942 3876 bis
1979 3821 2239 3874 donatum
2267 3819 2355 3874 sit.
2388 3817 2465 3872 Ne
2490 3817 2631 3895 forte
2671 3816 2715 3871 si
2745 3815 2861 3886 ejus
2888 3815 3229 3885 praesentiam
3260 3813 3437 3867 minus

1859 3920 2173 3967 reverenter
2216 3909 2544 3966 senserimus
2572 3950 2586 3976 ,
2610 3912 2703 3963 aut
2735 3907 2932 3963 infecto
2959 3906 3141 3972 corde,
3170 3906 3311 3975 quod
3339 3906 3435 3959 ab‘-

1859 4004 1950 4069 sit,
1985 4004 2038 4057 in
2079 4010 2366 4071 conspectu
2398 4001 2516 4069 ejus
2553 4000 2712 4054 vacui
2757 3998 3066 4053 venerimus
3098 4036 3113 4062 ,
3146 3997 3290 4052 dicat
3321 3995 3435 4065 ipse

1859 4094 2234 4164 propheticum
2271 4091 2401 4147 illud
2434 4109 2449 4145 :
2481 4089 2604 4144 Non
2632 4098 2707 4143 est
2731 4088 2909 4143 anima
2952 4104 3067 4141 mea
3093 4090 3162 4141 ad
3184 4085 3433 4156 populum

1860 4188 2018 4242 istum
2044 4185 2176 4258 (Ira.
2201 4199 2292 4257 xv,
2320 4184 2395 4253 l);
2425 4190 2481 4238 et
2508 4182 2635 4236 item
2670 4198 2683 4234 :
2724 4179 2896 4250 Prope
2923 4196 2977 4234 es
3011 4187 3067 4232 tu
3107 4178 3188 4233 ori
3232 4193 3434 4241 eorum,

1861 4287 1907 4332 et
1935 4276 2084 4346 longe
2105 4294 2137 4330 a
2164 4274 2369 4329 renibus
2395 4271 2738 4343 eorum-(Jer.
2770 4287 2868 4337 xu,
2897 4269 2975 4341 Ξ).
3002 4269 3291 4341 Propterea
3314 4283 3437 4324 cum

1864 4366 1927 4421 ad
1956 4364 2258 4435 exemplum
2304 4362 2599 4434 evangelici
2651 4361 2795 4417 illius
2835 4362 2976 4431 regis
3028 4358 3349 4425 intraverit,
3381 4369 3440 4412 ut

1864 4456 2045 4511 videat
2082 4454 2498 4509 solemnizantes
2526 4494 2542 4520 ,
2583 4461 2839 4522 tanquam
2868 4451 3266 4507 discumbentes
3290 4449 3439 4517 (nam

1867 4561 1990 4601 cum
2042 4544 2233 4614 spiritu
2278 4542 2381 4598 Dei
2410 4544 2602 4613 plenus
2650 4544 2762 4609 sit,
2801 4543 2934 4598 nihil
2970 4550 3053 4597 est
3089 4541 3141 4595 in
3178 4540 3443 4595 creaturis

1868 4636 1964 4691 Dei
1990 4634 2131 4705 quod
2159 4649 2280 4688 eum
2308 4632 2480 4689 latere
2527 4634 2751 4703 possit),
2782 4632 3011 4702 quisque
3043 4637 3285 4684 nostrum
3320 4643 3443 4697 pro-

1870 4737 2043 4795 curet,
2084 4743 2153 4783 ne
2180 4726 2320 4782 forte
2350 4737 2610 4797 paternos
2657 4726 2773 4795 ejus
2809 4725 2993 4781 oculos
3037 4719 3217 4777 cordis
3245 4719 3449 4774 amictu

1869 4818 1954 4873 vel
2004 4816 2245 4887 corporis
2292 4814 2554 4873 offendat.
2600 4812 2774 4904 liam,
2803 4823 2865 4868 ut
2910 4815 3021 4884 ipse
3061 4806 3230 4903 dicit:
3266 4804 3454 4904 Omnis

1868 4906 2119 4962 exaltatio
2143 4920 2303 4974 genus
2324 4915 2402 4959 est
2436 4900 2713 4974 superbire,
2734 4915 2832 4969 per
2858 4914 3018 4971 quam
3045 4900 3283 4948 maxime
3311 4900 3465 4963 quis-

1850 4996 1968 5069 que
1996 5000 2061 5054 sit
2082 4994 2478 5066 abominabilis,
2506 5001 2567 5049 ut
2585 4990 2857 5060 scriptum
2876 5000 2983 5056 est,
3011 4981 3151 5055 apud
3180 4978 3477 5037 Dominum

1872 5091 2053 5164 (Deut.
2087 5104 2224 5153 XXII,
2247 5087 2327 5159 5).
2364 5083 2772 5150 Meminerimus
2802 5091 3008 5145 tamen,
3034 5074 3163 5147 quia
3186 5071 3485 5164 ad‘supero

1874 5160 2003 5239 num
2040 5178 2279 5253 judicem
2309 5216 2326 5242 ,
2370 5184 2459 5239 vel
2488 5177 2554 5233 ad
2585 5179 2869 5229 senatores
2899 5170 3019 5229 caeli
3043 5160 3390 5236 placandos,
3411 5178 3492 5218 re-

1850 5273 2132 5347 ‘cOgitatio
2162 5283 2259 5325 seu
2314 5269 2595 5329 confessio
2640 5263 2852 5360 peccati
2909 5253 3497 5360 speciali-[terfrms'itl
