3964 5360
505 447 608 505 ΊΞἹ

1370 506 1373 509 ἰ
1475 436 1532 491 S.
1571 431 1819 491 ODONIS
1854 425 2144 486 ABBATIS
2177 424 2675 484 CLUNIACENSIS
2708 424 2751 480 ll

3650 410 3742 471 728

507 564 614 622 hoc
645 559 922 634 speculum
953 554 1219 623 intendat,
1242 553 1292 611 id
1316 562 1418 618 est,
1441 563 1502 608 ut
1522 552 1761 623 ejusdem
1781 544 2075 605 beatissimi
2105 547 2151 607 Α
2183 544 2330 599 ribus
2370 544 2763 605 innotesceret;
2813 551 2868 595 et
2918 553 3025 595 non
3072 536 3245 594 solum
3309 530 3454 605 apud
3498 508 3751 597 Latinos,

511 650 842 709 confessoris
873 657 1027 704 actus
1065 640 1328 704 sollicitus
1358 642 1676 715 perpendat.
1714 638 1973 711 inspectis
2005 646 2107 691 et-‘-~

505 745 674 809 enim,
704 751 865 814 prout
914 749 1101 796 nostra
1147 738 1391 809 parvitas
1442 743 1547 801 est,
1579 734 1723 790 illius
1761 732 1962 803 gestis,
2001 728 2087 785 vel

505 841 770 902 quantum
806 845 904 886 nos
933 829 987 885 in
1019 829 1127 883 imo
1153 867 1170 895 ,
1198 825 1284 881 vel
1317 833 1575 896 quantum
1614 822 1729 892 ipse
1774 821 1826 874 in
1857 818 2087 875 sublime

507 924 579 977 sit
603 962 620 987 ,
645 920 1075 976 animadvertere
1101 916 1418 987 poterimus.
1446 913 1584 968 Hinc
1610 913 1673 967 de
1701 908 1939 981 quolibet
1967 922 2085 978 pm-

509 1014 715 1067 nitente
763 1010 1021 1079 scriptum
1068 1016 1153 1063 est
1189 1021 1206 1061 :
1238 1005 1496 1075 Respiciet
1541 1002 1791 1067 homines,
1844 999 1897 1054 id
1960 1007 2085 1066 est,

510 1109 833 1166 sanctos,_et
867 1100 998 1153 dicet
1030 1111 1051 1149 :
1077 1095 1295 1153 Peccavi
1317 1094 1439 1167 (Iob
1470 1108 1662 1157 xxxiii,
1682 1090 1796 1161 27).
1819 1089 2086 1157 Quoniam

514 1191 584 1248 ad
610 1190 820 1245 illorum
850 1187 1248 1259 speciositatem
1287 1183 1593 1241 considerat
1624 1188 1883 1251 quantum
1910 1193 1969 1235 se
1997 1179 2088 1234 de-

507 1283 737 1345 formem
762 1279 1027 1337 attend.~.t.
1057 1278 1186 1345 Quae
1208 1277 1413 1334 utilitas
1438 1285 1617 1330 autem
1645 1274 1712 1329 de
1740 1272 1925 1329 eadem
1953 1284 2085 1326 con-

508 1370 745 1430 fessione
787 1371 1107 1442 proveniat,
1140 1367 1336 1423 ibidem
1368 1367 1633 1434 signatum
1654 1372 1738 1420 est
1760 1404 1777 1432 ,
1803 1377 1927 1418 cum
1957 1361 2092 1415 dici-

513 1472 602 1520 tur
632 1482 646 1519 :
685 1461 983 1516 Liberemua
1007 1475 1125 1514 eum
1153 1458 1215 1510 de
1243 1456 1504 1527 superbia,
1527 1466 1574 1509 et
1603 1458 1667 1508 de
1685 1453 1766 1508 Itis
1787 1467 1904 1523 qua!
1934 1451 2086 1520 fecit,

510 1562 570 1610 ut
616 1570 719 1610 non
752 1563 835 1608 eat
882 1554 936 1607 in
974 1552 1314 1623 perditionem
1350 1548 1538 1621 (lbid.,
1568 1546 1681 1618 17).
1714 1546 1785 1600 At
1808 1559 1935 1601 vero
1962 1541 2088 1613 quia

511 1644 791 1715 Scriptura
833 1643 1026 1713 jubet:
1058 1640 1282 1698 Sanetus
1308 1642 1445 1697 enim
1482 1641 1594 1695 dies
1623 1639 1833 1695 Domini
1874 1646 1969 1704 est,
1995 1652 2089 1691 no-

446 1800 451 1803 _
509 1734 600 1790 lite
628 1736 927 1791 contristari
954 1733 1037 1807 (II
1061 1732 1219 1788 Esdr.
1260 1749 1381 1798 vui,
1407 1732 1529 1805 l0);
1557 1732 1698 1802 quod
1728 1747 1793 1789 ex
1822 1729 1977 1786 nobis
2002 1725 2089 1785 vel

510 1828 567 1882 in
597 1827 750 1883 nobis
798 1826 953 1882 triste
980 1833 1065 1881 est
1101 1825 1417 1879 omittamus
1447 1840 1462 1879 :
1508 1832 1563 1879 et
1606 1822 1763 1894 quasi
1804 1821 2083 1877 nobiscum

510 1920 581 1975 sit
608 1919 766 1975 hodie
786 1933 1035 1988 sponsus,
1062 1916 1294 1986 gaudere
1312 1930 1719 1987 praesumamus.
1744 1914 1936 1970 Munus
1957 1930 2085 1971 vero
2112 1890 2159 1949 Β

511 2018 713 2066 nostrae
738 2006 1273 2073 confessionis,velut
1297 2016 1422 2062 ante
1444 2007 1605 2077 pedes
1618 2014 1858 2075 paternae
1874 2005 2088 2075 pietatis

509 2097 819 2164 atterentes,
867 2107 1115 2154 nostrum
1148 2112 1307 2169 posse
1334 2096 1388 2152 in
1420 2096 1535 2167 ejus
1579 2095 1734 2150 laude
1760 2104 1817 2151 et
1857 2094 2090 2150 admira-

512 2194 686 2259 tione,
713 2200 882 2249 tolum
910 2191 1269 2247 sublevemus.
1310 2190 1438 2262 Ejus
1466 2205 1594 2247 vero
1624 2189 1831 2255 laudes,
1859 2189 2090 2259 quisque

513 2293 664 2338 tanto
679 2281 887 2339 celsiori
904 2297 1033 2341 voce
1047 2282 1243 2339 clamet
1255 2292 1458 2353 quanto
1475 2281 1618 2337 hunc
1632 2280 1908 2336 ardentius
1921 2286 2090 2345 amat,

510 2374 597 2428 vel
632 2371 750 2442 ejus
780 2374 945 2428 vitam
978 2372 1345 2444 perspicacius
1377 2380 1587 2443 pensat,
1616 2386 1736 2443 qua:
1776 2369 2029 2425 nimirum
2058 2384 2091 2424 a

512 2465 593 2522 sui
621 2465 942 2537 primordio,
966 2474 1080 2521 tota
1102 2464 1459 2520 admiratione
1482 2462 1794 2535 dignissima
1819 2469 1926 2517 est.
1956 2460 2090 2516 Nam

513 2571 672 2625 quam
698 2554 1039 2627 magniﬁcum
1064 2553 1193 2610 illud
1222 2564 1328 2621 est,
1343 2553 1485 2624 quod
1506 2563 1780 2623 paternas,
1808 2560 1867 2606 ut
1894 2550 2090 2615 fertur,

511 2664 579 2707 co
605 2648 888 2705 deserente
914 2660 1064 2716 opes,
1086 2644 1375 2702 admodum
1394 2644 1722 2701 domicilium
1745 2642 1846 2699 sibi
1862 2642 2094 2713 Spiritus

512 2745 757 2803 sanctus,
780 2736 833 2791 in
849 2736 966 2807 ejus
977 2748 1133 2791 sacro
1149 2732 1458 2806 pectusculo
1473 2732 1852 2798 collocaverat,
1865 2732 1955 2802 qui
1973 2745 2093 2787 esse

512 2826 954 2896 philosophorum
993 2824 1175 2881 inania
1211 2824 1385 2885 studia
1413 2824 1593 2880 adhuc
1626 2824 1950 2879 tenerrimus
1998 2838 2093 2878 co—

515 2920 731 2991 gnovit;
763 2920 854 2989 qui
884 2919 1172 2991 grandaevo
1202 2918 1383 2977 animo
1411 2917 1525 2986 jam
1567 2926 1694 2972 tunc
1718 2915 1887 2972 eremi
1930 2914 2094 2970 vasti-

516 3017 683 3064 tatem
713 3009 893 3064 subire
921 3023 1084 3064 ausus
1112 3016 1217 3063 est.
1254 3006 1407 3074 Quod
1434 3021 1534 3062 nec
1562 3006 1674 3075 ipse
1703 3004 1918 3074 quidem
1950 3003 2091 3058 illar-

516 3103 663 3159 tinus
685 3143 700 3167 ,
733 3110 847 3156 toto
872 3099 1004 3155 orbe
1029 3099 1293 3155 mirabilis
1316 3139 1332 3166 ,
1374 3098 1566 3154 fecisse
1591 3097 1844 3153 refertur.
1868 3096 1932 3150 Et
1969 3096 2093 3166 quia

512 3193 701 3262 jugum
722 3207 829 3246 non
853 3189 1025 3245 solum
1054 3190 1124 3245 ab
1149 3188 1534 3255 adolescentia,
1557 3186 1652 3243 sed
1690 3186 1853 3242 etiam
1883 3187 1952 3242 ab
1976 3187 2091 3256 ipsa

518 3280 745 3335 infantia
790 3277 1027 3349 portavit
1066 3277 1200 3348 (Jer.
1229 3291 1327 3342 ιιι,
1352 3276 1476 3348 25),
1506 3284 1567 3330 ut
1608 3275 1802 3330 ibidem
1831 3273 2094 3332 Jeremias

521 3371 901 3442 prosequitur,
953 3370 1008 3425 in
1055 3368 1144 3425 illo
1173 3368 1378 3425 caelesti
1436 3366 1688 3438 capitolio
1749 3362 2096 3438 singulariter

518 3461 748 3517 sedebit.
775 3459 885 3516 Nec
924 3459 1044 3517 sine
1063 3458 1244 3515 divino
1271 3458 1644 3514 moderamine
1679 3465 1888 3529 gestum
1927 3456 2096 3515 fuisse

518 3558 765 3617 constat,
808 3549 952 3620 quod
995 3548 1208 3605 aculeus
1243 3547 1555 3604 tentationis
1579 3548 1633 3603 in
1663 3562 1786 3604 sese
1820 3556 1930 3603 tam
1957 3546 2094 3603 vali-

518 3644 636 3707 dos,
670 3641 866 3697 ibidem
895 3648 1155 3710 expertus
1180 3646 1284 3696 est.
1316 3637 1468 3694 Sicut
1493 3637 1638 3693 enim
1681 3637 1789 3693 dux
1832 3637 2095 3693 bonorum

516 3733 734 3800 Petrus,
756 3735 929 3805 primo
962 3733 1065 3789 sibi
1094 3741 1366 3797 ostensus,
1388 3740 1470 3787 est
1498 3739 1624 3786 tunc
1649 3728 1928 3786 Dominico
1948 3728 2097 3800 gregi

520 3827 804 3896 praelatus;
840 3827 918 3882 sic
953 3826 1057 3882 iste
1095 3826 1350 3895 princeps
1395 3824 1491 3880 Dei
1544 3831 1817 3878 tantorum
1865 3820 2100 3877 millibus

523 3916 909 3973 monachorum
954 3915 1321 3985 praeferendus
1346 3954 1361 3980 ,
1384 3913 1625 3984 oportuit
1661 3922 1721 3968 ut
1746 3912 1966 3983 proprio
1992 3911 2101 3967 dis-

521 4007 751 4062 crimine
778 4006 1029 4076 probaret
1056 4045 1071 4072 ,
1101 4005 1333 4075 qualiter
1357 4004 1585 4060 subditis
1610 4004 1858 4060 misereri
1886 4002 2101 4059 debuis-

520 4104 623 4151 set.
651 4094 786 4162 Quia
821 4104 1001 4151 tamen
1031 4094 1208 4166 primo
1232 4094 1545 4150 certaminis
1587 4092 1844 4163 impetum
1888 4092 2103 4148 fortiter

520 4186 720 4242 devicit
742 4226 759 4250 ,
788 4184 896 4241 tale
937 4185 1067 4257 quid
1102 4184 1358 4255 deinceps
1404 4198 1676 4254 nunquam
1711 4181 1898 4237 sensit.
1930 4180 2100 4248 Quam

522 4274 834 4329 obedienter
859 4277 1009 4340 sane,
1035 4282 1089 4330 et
1111 4287 1272 4344 quam
1302 4272 1503 4328 diserte
1538 4271 1751 4343 privato
1781 4271 1922 4326 bono
1960 4272 2104 4340 quis-

523 4380 628 4434 que
656 4364 848 4419 debeat
876 4379 1160 4421 commune
1189 4365 1390 4421 bonum
1418 4364 1693 4435 praeferre,
1725 4363 1813 4418 hic
1847 4362 2105 4433 spiritalis

524 4453 822 4525 disciplinae
862 4455 1115 4525 magister
1154 4454 1208 4509 in
1262 4455 1365 4509 hoc
1413 4468 1510 4510 suo
1547 4454 1690 4509 facto
1746 4453 2101 4507 demonstrat.

2188 638 2281 694 sed
2309 637 2475 692 etiam
2521 633 2662 705 apud
2710 629 2926 689 Graecos
2971 628 3251 686 notissima
3279 625 3442 682 t'oret.
3472 621 3586 678 Nec
3632 623 3749 677 illud

2188 735 2472 800 prastereat
2515 724 2658 796 quod
2708 723 3031 780 omnimodis
3072 718 3411 791 gaudendum
3461 714 3624 769 nobis
3654 722 3749 776 est,

2188 820 2331 876 hunc
2361 825 2566 874 tantum
2595 813 2935 886 splendorem
2964 812 3017 866 in
3045 810 3185 865 banc
3213 815 3461 862 nostram
3482 803 3754 859 occiduam

2189 916 2462 987 regionem
2498 912 2685 967 venire
2715 949 2731 973 ,
2763 908 2948 963 divino
2990 913 3121 960 nutu
3170 902 3430 958 donatum
3484 912 3632 954 esse.
3656 894 3757 951 Nec

2189 986 2288 1062 abs
2327 1020 2384 1061 re
2431 1001 2701 1059 credimus
2725 998 3017 1068 contigisse
3041 993 3185 1065 quod
3218 989 3478 1048 clientem
3504 989 3665 1042 unice
3688 986 3760 1041 di-

2188 1098 2385 1153 lectum
2411 1133 2427 1160 ,
2470 1094 2686 1149 beatum
2742 1088 2995 1145 videlicet
3039 1083 3286 1140 Maurum
3314 1119 3333 1146 ,
3364 1081 3471 1135 has
3495 1078 3556 1133 in
3589 1088 3762 1147 partes

2189 1187 2365 1245 adhuc
2396 1184 2586 1240 vivens
2611 1178 2907 1243 direxerit,
2935 1181 2991 1234 et
3015 1176 3230 1232 demum
3258 1186 3321 1228 se
3366 1166 3665 1225 transferri
3686 1181 3763 1220 vo-

2189 1277 2370 1334 luerit.
2395 1275 2558 1331 Forte
2579 1272 2722 1331 enim
2745 1310 2760 1337 ,
2789 1276 2911 1327 c’um
2941 1275 3130 1325 sancta
3151 1278 3305 1320 mens
3324 1260 3450 1331 ejus
3478 1259 3623 1315 adeo
3646 1258 3764 1313 dila-

2191 1380 2301 1426 tata
2329 1376 2473 1425 esset
2495 1400 2512 1430 ,
2543 1374 2604 1420 ut
2634 1377 2850 1419 omnem
2884 1359 3140 1417 mundum
3169 1353 3330 1412 simul
3370 1351 3717 1422 conspiceret
3748 1363 3762 1401 ε

2191 1459 2331 1516 hunc
2353 1457 2553 1520 locum,
2582 1452 2683 1508 sibi
2704 1450 2933 1522 quodam
2959 1446 3172 1505 occulto
3196 1442 3427 1502 consilio
3461 1439 3767 1512 specialiter

2191 1547 2406 1618 delegit.
2431 1542 2636 1601 Viderit
2659 1556 2788 1611 ergo
2816 1538 3060 1609 quisquis
3079 1542 3184 1601 cst,
3211 1533 3299 1590 cui
3329 1532 3491 1588 locus
3512 1538 3627 1585 tam
3649 1528 3767 1582 mul-

2192 1638 2262 1695 tis
2287 1646 2671 1707 usquequaque
2698 1638 2907 1686 tantum
2942 1624 3315 1684 desiderabilis
3353 1638 3466 1679 non
3501 1628 3767 1690 negatur:

2190 1726 2379 1800 quanti
2436 1723 2717 1780 habendus
2754 1722 2865 1786 sit,
2915 1725 3227 1789 quantaque
3274 1711 3592 1769 reverentia
3619 1722 3773 1762 exco-

2189 1799 2406 1879 lendus.
2442 1814 2659 1874 Pondus
2687 1812 2883 1883 quippe
2910 1808 3194 1880 cujuslibet
3222 1814 3431 1869 reatus,
3462 1817 3578 1857 non
3608 1799 3772 1857 solum

2186 1932 2253 1974 ex
2276 1910 2551 1970 intellectu
2575 1903 2835 1978 gerentis,
2856 1900 2941 1957 vel
2970 1909 3228 1970 tempore,
3251 1895 3346 1953 sed
3370 1894 3545 1950 etiam
3573 1908 3641 1946 ex
3662 1890 3773 1945 loco

2186 2004 2324 2064 solet
2348 1998 2585 2074 pensari.
2635 1994 2773 2061 Hinc
2809 1992 2955 2048 enim
2981 1990 3130 2045 velut
3164 2003 3196 2044 a
3234 1986 3433 2056 majori
3475 1982 3768 2054 exprobra-

2189 2098 2357 2162 tione,
2392 2100 2581 2149 contra
2616 2085 2843 2157 impium
2877 2098 2982 2138 vox
3014 2080 3196 2138 divina
3234 2076 3510 2149 queritur,
3552 2074 3768 2130 dicens:

2186 2188 2256 2244 In
2284 2159 2422 2241 terra
2451 2189 2757 2238 sanctorum
2787 2174 2962 2245 inique
2987 2170 3164 2243 gessit,
3204 2178 3250 2222 et
3289 2183 3397 2221 non
3435 2162 3634 2219 uidebit
3668 2159 3773 2229 glo-

2188 2278 2321 2332 riam
2352 2269 2563 2328 Domini
2589 2266 2896 2340 (Isa.xxvr,
2918 2264 3038 2332 i0);
3069 2266 3125 2314 et
3149 2258 3280 2313 item
3320 2273 3334 2308 :
3372 2251 3616 2307 Dilectus
3637 2264 3772 2340 mea:

2187 2367 2245 2421 in
2273 2364 2428 2418 domo
2472 2338 2609 2414 mea
2630 2354 2766 2412 male
2806 2359 3053 2425 operatus
3081 2356 3156 2403 est
3186 2346 3322 2417 (Jer.
3352 2359 3431 2407 ιιι,
3463 2341 3581 2411 15).
3632 2338 3773 2393 Alio-

2189 2461 2317 2530 quin
2338 2499 2353 2524 ,
2400 2468 2561 2526 quem
2590 2449 2878 2522 praesentia
2908 2445 3040 2501 tanti
3070 2442 3242 2515 patris
3282 2439 3350 2494 ad
3390 2438 3480 2494 sui
3521 2447 3773 2491 reveren-

2193 2526 2322 2606 tiam
2349 2561 2454 2604 non
2485 2542 2675 2607 ﬂectit,
2712 2538 2959 2610 spiritum
2992 2534 3144 2593 Iudae
3179 2531 3396 2587 videtur
3420 2526 3771 2598 participare.

2191 2639 2355 2711 Cujus
2375 2635 2651 2699 duritiam,
2672 2645 2772 2687 nec
2789 2628 2951 2694 visio,
2973 2640 3072 2683 nec
3093 2622 3314 2688 locutio,
3341 2634 3446 2675 nec
3471 2618 3775 2674 convivium

2193 2708 2360 2803 ipsius
2389 2724 2599 2783 Domini
2635 2719 2918 2778 emollivit.
2969 2714 3326 2785 Inspiciamus
3365 2725 3534 2781 ergo,
3580 2708 3712 2779 quid
3746 2722 3777 2761 a

2194 2798 2304 2876 Deo
2331 2819 2586 2874 donatum
2614 2821 2699 2869 est
2724 2811 2902 2875 nobis,
2932 2816 2989 2864 et
3014 2805 3251 2863 oblatam
3280 2801 3520 2874 gratiam
3552 2798 3777 2854 nullate-

2194 2925 2296 2967 nus
2320 2910 2374 2965 in
2396 2919 2623 2961 vacuum
2648 2902 2989 2972 recipiamus.
3021 2898 3227 2953 Tantus
3250 2892 3453 2964 fulgor,
3477 2891 3777 2947 caecitatem

2195 3000 2394 3057 mentis
2442 3003 2643 3051 nostrae.
2690 2992 2977 3049 illuminct.
3032 2988 3203 3043 Tanta
3246 2986 3469 3055 pietas,
3521 2981 3778 3038 duritiam

2193 3088 2448 3146 emolliat.
2472 3085 2604 3140 Tam
2627 3090 2817 3155 potens
2837 3079 3119 3142 medicina,
3140 3067 3367 3132 vulnera
3386 3082 3588 3131 nostra
3608 3079 3776 3128 sanet.

2196 3181 2253 3238 Si
2288 3179 2434 3237 enim
2465 3178 2640 3233 adhuc
2672 3172 2929 3245 puerulus
2966 3171 3042 3225 ita
3079 3168 3433 3239 capisterium
3471 3164 3776 3235 reparavit.

2198 3286 2255 3331 ut
2281 3287 2384 3330 nec
2411 3271 2649 3328 scissura
2672 3265 2895 3337 quidem
2922 3268 3237 3334 appareret;
3279 3273 3402 3323 nos,
3431 3258 3531 3329 qui
3556 3270 3690 3311 vasa
3717 3254 3780 3309 ad

2196 3369 2456 3424 honorem
2504 3364 2559 3418 in
2600 3360 2761 3417 domo
2806 3358 2900 3414 Dei
2941 3372 3038 3428 per
3073 3354 3305 3427 gratiam
3345 3350 3539 3407 vocati
3579 3362 3777 3409 sumus.

2195 3457 2323 3526 quia
2361 3452 2557 3510 multas
2593 3456 2939 3520 peccatorum
2978 3443 3244 3500 scissuras
3276 3439 3657 3504 incurrimus,
3696 3451 3780 3506 per

2194 3549 2443 3606 eumdem
2492 3543 2756 3601 medicum
2804 3539 2895 3611 qui
2936 3536 3051 3608 jam
3090 3550 3188 3593 suo
3225 3533 3341 3604 regi
3377 3531 3636 3588 sociatus
3674 3536 3777 3590 est,

2198 3638 2441 3712 reparari
2474 3634 2789 3708 poterimus.
2838 3630 2895 3687 Si
2933 3626 3156 3699 nigredo
3183 3624 3459 3680 scelerum
3492 3636 3598 3677 nos
3626 3621 3781 3675 deco-

2199 3732 2428 3797 loravit,
2476 3742 2584 3784 non
2625 3724 2797 3780 simus
2839 3730 2899 3776 ut
2932 3718 3244 3787 Ethiopes,
3287 3713 3380 3784 qui
3422 3727 3545 3768 non
3582 3718 3784 3766 mutant

2199 3824 2394 3897 pellem
2415 3834 2605 3885 suam;
2630 3816 2725 3873 sed
2749 3815 2818 3870 ad
2843 3813 2961 3884 ejus
2985 3823 3203 3866 manum
3231 3812 3614 3868 recurrentes,
3627 3816 3784 3856 anuo-

2200 3892 2326 3971 nam
2356 3907 2776 3972 misericordiae,
2815 3903 2958 3959 sicut
2981 3900 3072 3957 ille
3098 3911 3313 3962 corvus,
3341 3895 3413 3950 ab
3442 3910 3513 3950 eo
3541 3892 3781 3963 requira-

2201 4020 2341 4061 mus.
2394 4002 2453 4058 Si
2481 3999 2646 4055 etiam
2676 3998 2819 4052 inter
2851 3991 3143 4062 injuriosos
3190 3986 3386 4043 merito
3435 3980 3785 4054 computandi

2202 4111 2423 4163 sumus,
2459 4093 2608 4149 illum
2649 4101 2830 4146 tamen
2862 4086 3150 4151 allectum,
3191 4097 3300 4154 quo
3335 4096 3441 4151 pro
3478 4095 3546 4136 se
3581 4079 3787 4135 odiente

2201 4189 2388 4254 ﬂevit,
2439 4187 2509 4242 ab
2558 4185 2677 4254 ipso
2723 4193 3093 4252 reposcamus.
3150 4175 3338 4245 Neque
3383 4173 3545 4228 enim
3595 4169 3788 4241 suppli-

2204 4296 2312 4345 ces,
2361 4276 2608 4348 quamvis
2652 4273 2924 4341 indignos,
2972 4266 3329 4330 aversabitur,
3380 4264 3479 4334 qui
3525 4278 3630 4334 pro
3671 4275 3780 4331 per-

2205 4374 2491 4424 severante
2528 4365 2581 4418 in
2621 4362 2824 4418 malitia
2853 4359 3090 4431 lugebat.
3142 4355 3496 4412 Gaudeamus
3545 4368 3697 4425 ergo,
3736 4358 3787 4402 et

2205 4472 2331 4527 erga
2362 4454 2647 4512 Dominum
2676 4459 2923 4508 nostrum
2942 4489 2957 4515 ,
2988 4463 3094 4518 quo
3122 4445 3369 4501 valemus
3419 4443 3623 4498 adnisu
3666 4441 3785 4494 dile-

525 4543 678 4639 Quod
708 4559 834 4598 mox
862 4552 921 4598 ut
958 4543 1228 4613 expetitus
1254 4552 1358 4609 est,
1389 4543 1640 4598 dilectam
1671 4540 2014 4597 solitudinem
2045 4554 2104 4596 se
2135 4577 2182 4639 υ
2208 4544 2403 4601 ctionis
2432 4541 2682 4597 affectum
2711 4540 3082 4595 exlribeamus.
3132 4533 3266 4589 Nam
3312 4532 3533 4587 idcirco
3578 4530 3787 4585 (Ιὶιιιίεει

526 4635 748 4690 vincens
772 4634 1042 4700 deseruit,
1071 4642 1126 4690 et
1160 4644 1285 4690 voto
1314 4635 1614 4706 supplicum
1653 4632 1935 4691 satisfecit.
1962 4633 2104 4703 Quo-
2135 4619 2180 4639 ν
2208 4643 2334 4690 sunt
2352 4632 2533 4688 Mariae
2552 4638 2773 4701 peccata
2802 4626 2989 4693 multa,
3013 4626 3139 4696 quia
3162 4623 3353 4680 dilexit
3378 4623 3619 4678 multum
3645 4619 3784 4689 (Luc.

525 4723 676 4779 uiam
729 4736 858 4777 vero
909 4732 1094 4778 sancta
1142 4732 1303 4793 atque
1350 4723 1664 4779 admiranda
1703 4722 1824 4793 ejus
1866 4731 2015 4793 gesta
2049 4723 2102 4777 in

525 4822 775 4886 promptu
817 4814 1085 4869 habentur
1110 4854 1126 4879 ,
1167 4829 1266 4869 nos
1314 4814 1530 4869 interim
1578 4822 1853 4869 taceamus
1881 4811 1948 4866 de
1974 4811 2099 4867 illis.

526 4905 641 4961 Hoc
682 4915 861 4961 tamen
914 4902 982 4958 ad
1036 4904 1207 4973 ipsius
1244 4904 1709 4959 honoriﬁcentiam
1763 4900 2061 4957 referamus
2085 4942 2102 4968 ,

528 4996 675 5067 quod.
698 5012 807 5051 non
837 4994 975 5049 alius
1005 4993 1228 5064 quilibet
1251 5009 1319 5049 ex
1350 4995 1619 5065 magistris
1647 4993 1905 5049 Ecclesia:
1938 4993 2103 5049 vitam

530 5088 670 5142 tanti
687 5086 856 5156 patris
885 5084 1128 5157 digessit,
1154 5099 1316 5155 quam
1348 5085 1574 5156 insignis
1603 5084 1693 5141 ille
1720 5084 2108 5142 disertissimus

530 5190 667 5247 papa
701 5174 1017 5247 Gregorius,
1046 5174 1137 5246 qui
1170 5183 1344 5232 totum
1368 5175 1514 5245 quod
1543 5175 1790 5247 scripsit,
1821 5175 1974 5248 quasi
2013 5188 2108 5230 au-

532 5280 654 5320 rum
683 5264 933 5335 refulget.

2288 4765 2304 4790 ν
2329 4724 2440 4790 47)ι
2727 4781 2729 4783 ,

2288 4765 2304 4790 ,
2329 4724 2393 4778 47
2427 4761 2440 4775 .
2727 4781 2729 4783 ,

2208 4721 2544 4872 v"Caetdrum
2573 4812 2641 4869 ad
2666 4810 2852 4867 laudes
2874 4808 3114 4878 ejusdem
3139 4804 3406 4877 principis
3431 4804 3531 4859 Dei
3558 4818 3785 4873 semper,

2194 4907 2357 4987 juxta
2388 4904 2759 4968 Psalmistam,
2792 4900 3055 4971 adjicere,
3089 4897 3345 4965 cuiquam
3375 4894 3790 4950 desiderandus

2211 5009 2318 5057 est.
2369 4997 2477 5053 Sed
2515 5011 2614 5053 nos
2647 4993 2898 5049 allectum
2935 4989 3151 5061 quidem
3186 4985 3453 5042 exhibere
3486 4998 3785 5055 possumus,

2212 5091 2598 5165 perfectionem
2663 5100 2794 5143 vero
2838 5092 3000 5140 tanta:
3045 5080 3123 5137 rei
3170 5093 3527 5149 nequaquam
3580 5075 3789 5147 explere

2214 5184 2528 5243 suibcimus.
2581 5180 2922 5251 Quapropter
2958 5173 3175 5232 easdem
3217 5171 3366 5226 illius
3408 5170 3644 5233 laudes,
3692 5182 3789 5221 non

2212 5291 2317 5331 una
2343 5289 2445 5329 vox
2466 5311 2482 5338 ,
2516 5286 2621 5327 non
2652 5285 2758 5326 una
2787 5264 3149 5337 congregatio,
3189 5276 3371 5331 neque
3411 5275 3519 5314 una
3556 5260 3689 5313 urbs
3715 5256 3791 5311 vel
