3964 5360
158 325 271 384 τευ

1426 322 1796 381 SERMONES
1829 321 2159 393 ουιδικυε.

3312 334 3420 395 7‘50

156 440 440 496 chorum?
481 436 612 508 Quis
639 454 878 512 unquam
909 454 1006 496 rex
1036 440 1130 497 aut
1168 436 1460 509 Imperator
1492 453 1546 493 tn
1584 428 1745 492 tantis
1773 438 1819 499 Α
1849 436 2065 508 quidam
2104 438 2264 508 ’quasi
2311 439 2415 497 fide
2453 441 2725 508 vacillant,
2767 441 2985 513 quidam
3015 443 3235 516 insuper
3267 444 3423 507 stultl

94 538 103 541 '
157 532 350 586 nmndi
376 532 618 601 partibus
640 533 947 603 imperavit,
968 540 1062 587 aut
1081 546 1147 587 ex
1177 540 1284 587 tam
1312 530 1542 586 diversis
1568 528 1743 585 natio-

154 622 328 677 nibus
347 622 452 678 sibi
476 630 654 679 tantas
678 621 917 694 legiones
941 621 1222 687 conduxit,
1244 629 1474 691 quantas
1496 618 1743 673 videlicet

154 711 290 777 iste,
317 712 606 783 cujuslibet
641 728 806 770 sexus
853 723 910 769 et
955 714 1136 768 aetatis
1180 712 1234 766 in
1279 709 1482 767 Christi
1528 707 1740 772 militia,

151 801 468 859 voluntarie
489 804 702 874 juratas
726 803 1005 874 disponit?
1046 802 1216 870 Quem
1245 802 1398 873 quasi
1427 807 1740 871 praesentem

153 891 460 958 intuentes,
483 903 539 949 et
563 894 815 950 vexillum
845 894 1198 952 institutionis
1222 900 1541 963 sequentes,
1557 890 1742 946 diabo-

153 982 296 1040 licas
323 985 469 1040 acies
494 986 724 1042 viriliter
746 985 1063 1058 infringunt.
1088 984 1295 1052 Quibus
1319 983 1444 1039 illud
1466 983 1740 1055 propheti-

153 1092 286 1134 cum
311 1087 617 1149 coaptatur,
647 1093 797 1135 erunt
828 1080 968 1135 oculi
998 1081 1098 1147 tui,
1122 1079 1350 1135 videntes
1379 1087 1740 1148 praeoptarent

155 1176 312 1221 tuum
351 1167 486 1240 (ha.
527 1185 658 1236 xxx,
712 1170 825 1241 20).
879 1170 1123 1241 Denique
1172 1169 1345 1225 fidelis
1389 1169 1567 1240 opinio
1614 1177 1737 1243 est,

154 1259 307 1326 quod
356 1261 726 1332 unusquisque
775 1271 1085 1319 sanctorum
1138 1276 1261 1317 cum
1316 1260 1419 1316 illis
1459 1268 1641 1332 surget
1683 1261 1735 1316 in

154 1348 609 1416 regeneratione,
653 1364 791 1421 quos
830 1350 1064 1406 Domino
1109 1349 1413 1420 acquisivit.
1461 1348 1593 1404 Cum
1641 1350 1737 1417 igi-

155 1446 254 1491 tur
291 1439 530 1495 universi
591 1441 818 1512 hujusce
869 1440 1224 1497 institutionis
1277 1439 1389 1508 ejus
1436 1454 1732 1510 sequaces,

154 1526 213 1580 in
256 1544 424 1584 unum
466 1532 637 1592 coacti
679 1532 917 1598 fuerint;
961 1533 1123 1603 quale
1164 1533 1372 1604 signum
1410 1531 1737 1602 apostolatus

151 1618 457 1678 Benedicto
513 1633 641 1680 tunc
697 1625 787 1681 ille
842 1626 1092 1696 cepiosus
1168 1626 1435 1680 exercitus
1499 1624 1733 1693 seipsum

151 1713 483 1770 exhibebit?
518 1715 564 1772 Ο
590 1716 733 1785 quali
760 1718 957 1787 gaudio
987 1724 1116 1772 tunc
1144 1716 1233 1772 ille
1260 1715 1565 1786 tripudiabit
1584 1757 1600 1782 ,
1640 1717 1730 1787 qui

1843 527 2103 598 garriunt,
2130 544 2230 584 cur
2257 528 2563 587 incendium
2599 549 2706 589 non
2747 533 3101 604 represserit;
3143 535 3297 605 dolor
3325 537 3419 607 qui

1842 618 1911 675 de
1936 619 2103 688 priori
2135 620 2420 677 adustione
2456 625 2775 695 contigerat,
2811 626 2966 683 nobis
2992 636 3283 684 renovatus
3311 637 3418 698 est,

1841 716 1897 764 et
1918 709 1989 765 ob
2018 710 2120 767 hoc
2143 711 2382 781 exigitis,
2406 721 2466 766 ut
2489 714 2734 782 quaedam
2755 716 2908 783 quasi
2934 715 3107 771 sicera
3128 718 3418 772 verborum

1841 799 1993 855 vobis
2009 799 2350 868 conﬁciatur,
2371 817 2491 873 quae
2519 805 2871 861 maerentibus
2886 807 3220 877 propinetur,
3243 807 3420 865 etillis

1839 887 2180 959 aliquatenus
2210 902 2549 948 succenseat.
2590 892 2745 961 Quod
2777 894 2997 965 quidem
3034 909 3137 967 ego
3166 896 3255 951 diu
3286 911 3422 952 cun-

1841 991 2021 1039 ctatus
2048 983 2240 1059 refugi.
2266 984 2530 1042 Martinus
2549 985 2774 1051 etenim,
2795 984 2949 1056 cujus
2972 988 3233 1058 obsequio
3260 987 3421 1044 debet

1840 1075 1943 1130 iste
1989 1088 2168 1130 sermo
2211 1074 2505 1143 famulari,
2563 1074 2737 1145 major
2781 1085 2864 1133 est
2889 1092 3052 1148 quam
3094 1078 3203 1133 dici
3232 1086 3416 1147 queat.

1839 1164 2009 1232 Quem
2038 1206 2054 1231 ,
2094 1167 2234 1223 sicut
2277 1168 2344 1224 de
2371 1184 2437 1224 eo
2485 1168 2822 1239 perhibetur,
2861 1182 3250 1241 usquequaque
3279 1169 3420 1225 Deus

1839 1256 2153 1322 tnirilicans,
2177 1259 2340 1313 etiam
2378 1259 2429 1314 in
2475 1260 2580 1314 hoc
2626 1258 2912 1329 gloriﬁcat,
2945 1258 3088 1328 quod
3115 1258 3294 1313 omnis
3322 1256 3416 1328 qui
3516 1283 3523 1291 -

1836 1348 1904 1402 de
1943 1348 2031 1403 illo
2057 1357 2112 1402 et
2140 1348 2387 1418 prosaice
2410 1357 2465 1402 et
2504 1348 2751 1414 metrice,
2783 1349 2896 1404 sive
2922 1347 3087 1403 etiam
3116 1346 3421 1418 rhythmice

1794 1430 1801 1435 ’
1836 1434 2190 1505 scripserunt,
2218 1444 2273 1491 et
2299 1436 2473 1492 sancti
2498 1445 2554 1492 et
2575 1437 2735 1507 periti
2762 1435 2950 1503 fuisse,
2980 1444 3038 1491 et
3066 1434 3207 1490 dulei
3235 1435 3422 1490 admo-

1835 1526 1961 1579 dum
2009 1534 2171 1595 atque
2213 1536 2429 1597 compto
2456 1527 2672 1597 eloquio
2700 1535 3016 1592 noscuntur,
3041 1540 3162 1597 quae
3187 1524 3422 1597 pertule-

1835 1627 1960 1672 runt
1988 1616 2239 1674 edidisse.
2266 1618 2331 1673 Et
2361 1619 2638 1685 nimirum,
2664 1619 2766 1675 nisi
2781 1618 3084 1689 jubentium
3116 1617 3420 1674 auctoritas

1832 1715 1889 1763 et
1914 1707 1991 1763 rei
2016 1708 2311 1764 necessitas
2334 1716 2573 1780 urgeret,
2602 1710 3002 1779 inconsequens
3031 1708 3325 1774 videretur,
3356 1715 3418 1762 ut

152 1817 282 1857 sese
333 1802 441 1859 illis
492 1805 807 1862 cohortibus
859 1806 1164 1862 immiscere
1221 1805 1452 1877 potuerit
1493 1806 1508 1861 !
1578 1804 1731 1862 Nunc
1763 1792 1805 1850 Β
1833 1798 1914 1865 i8,
1956 1800 2047 1870 qui
2078 1800 2145 1857 de
2173 1799 2394 1856 homine
2420 1808 2477 1855 et
2502 1801 2636 1856 nihil
2666 1800 2857 1866 habet,
2896 1810 2950 1856 et
2977 1816 3188 1871 parum,
3217 1800 3270 1855 id
3301 1808 3421 1855 ten-

148 1908 367 1960 omnes,
398 1894 482 1950 vel
527 1895 647 1951 loco
689 1896 776 1953 vel
821 1895 1017 1954 aﬂ‘ectu
1063 1897 1249 1964 vieini,
1299 1897 1351 1953 in
1389 1913 1513 1953 eum
1553 1899 1732 1955 cordis

148 1983 408 2039 intuitum
434 1986 694 2057 dirigant.
744 1987 938 2046 Omnia
967 1990 1112 2045 enim
1141 1989 1392 2045 omnibus
1414 1988 1594 2046 factus
1624 2000 1727 2047 est.

148 2072 327 2129 Habet
354 2076 498 2130 enim
529 2078 680 2147 pueri
710 2078 939 2133 formam
981 2079 1035 2134 in
1079 2094 1252 2150 puero
1298 2095 1453 2151 quam
1500 2095 1731 2151 sequan-

147 2170 275 2227 tur;
311 2172 370 2218 ut
394 2166 649 2235 quoniam
672 2167 737 2222 ad
760 2168 1066 2240 exemplum
1090 2169 1241 2225 Isaac
1264 2171 1372 2225 Deo
1392 2170 1551 2224 oblati
1578 2178 1728 2239 sant,

109 2266 125 2279 ·
144 2254 453 2322 primordia
480 2271 576 2311 sua
604 2269 832 2314 caveant
854 2260 1205 2317 fermentare.
1238 2263 1317 2318 Ac
1340 2263 1588 2333 deinceps
1613 2264 1730 2333 qui-

143 2359 257 2414 que
276 2360 376 2415 per
392 2354 610 2402 artatum
636 2350 1010 2406 successiones
1032 2352 1141 2406 sint
1161 2351 1378 2422 perfecti
1403 2367 1594 2416 sensu;
1619 2361 1727 2406 uta

147 2444 379 2522 paterna
408 2439 491 2493 sui
522 2441 729 2495 nutritii
759 2442 959 2512 pietate
984 2458 1089 2499 non
1118 2445 1454 2515 degenerem.
1485 2441 1561 2498 Ne
1591 2443 1730 2499 forte

143 2526 193 2580 si
224 2526 295 2582 ab
320 2527 691 2587 excellentiori
726 2532 893 2603 gradu
921 2533 1239 2601 ceciderint,
1269 2534 1481 2605 gravius
1514 2533 1720 2591 elidan-

144 2626 257 2671 tur.
283 2616 388 2673 Sed
414 2629 470 2674 et
489 2635 586 2675 nos
608 2621 917 2692 quicunque
939 2622 1278 2693 deliquimus,
1304 2623 1441 2679 nullo
1466 2624 1624 2680 modo
1649 2625 1717 2680 ab

140 2708 416 2773 speranda
463 2707 748 2765 clementia
781 2710 1126 2778 deficiamus;
1173 2708 1295 2783 quia
1324 2712 1500 2768 vivens
1525 2721 1725 2784 etpost

138 2793 351 2848 obitum
403 2807 643 2854 mortuos
698 2800 1015 2868 suscitavit,
1062 2801 1331 2859 confracta
1380 2803 1721 2872 restauravit,

142 2882 430 2953 desperata
472 2888 702 2945 curavit.

212 2974 285 3029 Et
308 2979 555 3045 quamvis
581 2995 686 3035 non
716 2980 1007 3039 fecerimus
1031 2982 1148 3053 ejus
1172 2984 1508 3051 voluntatem,
1540 2984 1723 3040 Domi-

139 3080 274 3120 num
307 3074 484 3122 tamen
519 3069 833 3127 invocemus
855 3087 1012 3139 eum,
1062 3084 1116 3130 et
1150 3075 1253 3133 sint
1290 3075 1428 3131 oeuli
1468 3076 1635 3130 nostri
1668 3076 1720 3129 in

1839 1900 1954 1948 tare
2001 1901 2373 1964 prtesumeret.
2426 1891 2534 1949 Sed
2582 1894 2649 1948 ad
2684 1908 2833 1964 spem
2863 1908 3204 1948 communem
3235 1891 3417 1948 cordis

1832 1983 2022 2040 oculos
2047 1984 2332 2050 reducens,
2354 1999 2535 2055 spero,
2559 1984 2814 2056 quoniam
2842 1981 3111 2059 Christus,
3134 1983 3224 2054 qui
3252 1985 3417 2039 bette-

1833 2072 1964 2129 dicit
1991 2074 2200 2145 pusillis
2243 2082 2299 2130 et
2342 2074 2654 2143 majoribus,
2686 2090 2797 2130 non
2832 2076 3112 2130 desereret
3142 2075 3245 2129 hoc
3273 2071 3418 2144 quod

1831 2162 2135 2219 obedientia
2180 2171 2410 2219 conatur
2473 2165 2779 2235 obsequens
2835 2165 3064 2235 imperio
3110 2165 3414 2221 charitatis.

1832 2253 1965 2309 Nam
1996 2256 2108 2326 ipse
2136 2254 2281 2311 volat
2327 2272 2490 2328 super
2531 2271 2738 2328 pennas
2781 2266 3093 2323 ventorum,
3142 2256 3418 2313 excellens

1831 2360 2043 2401 omnem
2072 2346 2581 2418 contemplationem
2610 2347 2962 2418 angelorum;
2996 2348 3110 2417 ipse
3136 2347 3416 2404 descendit

1830 2433 1897 2487 ad
1927 2433 2182 2489 inferiora
2206 2443 2385 2502 terrm,
2404 2436 2704 2493 laetescens
2725 2438 3141 2493 teneritudinem
3166 2438 3418 2508 parvulo-

1830 2537 1971 2577 rum.
2004 2523 2123 2593 lpse
2147 2523 2276 2578 facit
2306 2534 2363 2579 ut
2393 2525 2647 2580 animalia
2673 2526 2856 2581 volent
2878 2527 3227 2597 sequentibus
3256 2527 3411 2592 rotis,

1830 2614 1947 2683 ipse
1994 2622 2054 2669 ut
2105 2613 2280 2672 stellio
2329 2616 2569 2672 brachiis
2617 2616 2795 2673 nitens
2833 2629 3075 2673 moretur
3119 2617 3174 2672 in
3211 2616 3417 2675 aedibus

1830 2704 1991 2774 regis.
2042 2703 2110 2759 Et
2159 2705 2245 2760 cui
2273 2707 2602 2775 patriarchae
2647 2706 2729 2763 vel
2771 2707 3047 2777 praphette
3074 2707 3412 2773 cecinerunt,

1827 2796 1943 2867 ejus
1970 2794 2158 2850 laudes
2188 2795 2538 2852 liebneorum
2568 2798 2717 2867 pueri
2759 2797 3151 2853 clamaverunt.
3182 2795 3254 2852 Ut
3282 2810 3415 2871 ergo

1827 2886 1974 2942 dedit
2017 2885 2344 2943 excellentes
2373 2888 2538 2953 viros,
2575 2886 2666 2958 qui
2713 2888 2996 2943 mandatus
3028 2888 3284 2943 excubias
3312 2887 3414 2942 du-

1826 2986 2011 3033 centes
2074 2978 2128 3032 in
2200 2977 2414 3034 laudem
2483 2980 2628 3034 beati
2676 2977 2890 3033 Martini
2944 2978 3113 3034 multo
3160 2976 3415 3034 nobiliter

1825 3073 2160 3140 scriberent;
2201 3074 2273 3128 ita
2309 3073 2539 3129 inﬁrmis
2563 3081 2823 3146 praestare
2858 3073 3109 3144 dignetur
3131 3114 3146 3139 ,
3192 3080 3253 3127 ut
3299 3070 3412 3127 sal-

138 3160 397 3216 manibus
428 3162 545 3231 ejus
571 3164 931 3232 intendentes,
964 3166 1137 3222 donec
1184 3167 1289 3237 ipse
1335 3182 1464 3222 suos
1499 3166 1714 3221 attollat
1750 3145 1793 3207 Ο
1826 3176 1938 3220 tem
1984 3164 2131 3220 velut
2176 3181 2342 3229 canes
2386 3145 2657 3222 modicum
2687 3164 2816 3236 quid
2860 3179 2958 3236 pro
2982 3162 3098 3233 ejus
3122 3162 3239 3219 zelu
3266 3161 3414 3219 dela-

139 3263 312 3319 super
337 3266 435 3307 nos
458 3292 473 3318 ,
520 3262 571 3307 et
604 3255 927 3310 misereatur
955 3256 1145 3311 nostri.
1199 3256 1272 3313 Sit
1312 3257 1465 3312 nobis
1493 3272 1710 3327 semper

137 3340 466 3397 Benedictus
496 3342 546 3397 in
575 3344 771 3410 corde,
816 3344 1139 3402 Benedictus
1180 3346 1228 3401 in
1255 3361 1367 3410 ore,
1398 3348 1718 3404 Benedictus

138 3436 290 3494 actu,
324 3440 591 3499 quatenus
618 3433 663 3487 si
693 3449 798 3503 qua
828 3433 1020 3500 virtus,
1055 3435 1100 3491 si
1134 3450 1231 3506 qua
1254 3435 1370 3490 laus
1396 3436 1713 3507 disciplinae,

137 3528 200 3573 ut
228 3519 357 3575 illud
388 3521 744 3591 apostolicum
775 3524 1070 3591 imitantes,
1107 3524 1477 3595 quaevidimus
1504 3528 1556 3583 in
1599 3529 1712 3595 illo,

128 3617 196 3663 ct
220 3608 525 3664 audivimus
551 3611 605 3666 in
641 3612 751 3677 Illo,
775 3622 829 3667 et
853 3614 1157 3669 audivimus
1185 3615 1245 3669 ab
1278 3614 1389 3680 illo,
1422 3629 1711 3683 sectemur,

132 3705 200 3751 ut
219 3696 498 3753 nobiscum
521 3701 610 3755 sit.
641 3702 783 3758 Deus
803 3703 950 3773 pacis
970 3719 1068 3774 per
1089 3704 1270 3774 ipsum,
1302 3704 1355 3759 in
1383 3706 1577 3763 smcula
1608 3722 1712 3763 sze-

132 3785 402 3841 culorum.
432 3786 622 3844 Amen.

754 3880 989 3939 SERMO
1025 3884 1115 3940 IV.

333 3981 399 4022 DE
422 3983 788 4027 COIBUSTIONE
816 3988 1072 4030 BASILICE
1104 3991 1250 4030 ΒεΑτι
1279 3992 1530 4034 MARTINI.

202 4058 459 4128 Exigitis,
492 4062 691 4116 domini
721 4064 863 4131 mei,
898 4065 1094 4122 divites
1138 4068 1360 4138 inopem,
1396 4071 1710 4142 eloquentes

126 4148 424 4219 elinguem.
442 4149 573 4206 Nam
600 4154 727 4223 quia
748 4170 919 4225 nuper
939 4156 1218 4214 basilicam
1246 4158 1380 4229 ΝΞΛ)
1397 4162 1574 4232 domui
1603 4179 1706 4219 no-

124 4241 235 4297 stri
262 4240 475 4296 Martini
501 4241 716 4299 ﬂamma
743 4246 918 4303 denuo
944 4248 1173 4317 voravit,
1196 4259 1247 4305 et
1279 4251 1381 4308 hac
1418 4254 1703 4313 occasione

127 4428 288 4499 rasit.
337 4428 467 4499 Non
486 4428 675 4499 semel,
701 4429 795 4483 sed
823 4429 1025 4499 pluries
1052 4428 1270 4499 ecclesia
1291 4436 1459 4490 sancti
1485 4435 1702 4492 Martini

1827 3272 1990 3318 treat.

1896 3353 2120 3420 Quando
2164 3352 2318 3426 [quo]
2356 3354 2532 3424 primo
2566 3354 2731 3424 igitur
2760 3361 2921 3407 tantae
2949 3352 3276 3407 calamitatis
3316 3358 3439 3406 ιιι-ι’

1823 3429 1963 3509 mor,
2012 3454 2066 3499 et
2099 3444 2308 3500 vicinas
2341 3451 2395 3498 et
2447 3444 2763 3499 remotiores
2812 3458 3056 3515 quasque
3097 3442 3408 3513 provincias

1820 3538 2111 3606 derepente
2144 3535 2444 3605 pervolavit
2469 3574 2485 3599 ,
2531 3536 2718 3604 ingens
2753 3548 2956 3588 muaror
2982 3542 3037 3588 et
3079 3532 3256 3588 luctus
3283 3547 3404 3587 om-

1821 3625 1969 3679 nium
1996 3624 2158 3679 corda
2204 3624 2542 3693 perstrinxit,
2574 3624 2646 3677 ita
2675 3632 2754 3686 ut,
2787 3624 2929 3677 sicut
2975 3621 3134 3676 nobis
3174 3622 3405 3676 relatum

1820 3724 1933 3780 est,
1990 3731 2095 3768 non
2155 3713 2327 3769 solum
2388 3713 2616 3782 quilibet
2672 3711 2980 3773 rusticani,
3032 3710 3126 3780 qui
3181 3709 3402 3765 beatum

1822 3805 1998 3860 virum
2027 3804 2183 3875 quasi
2212 3803 2539 3873 peculiarius
2576 3802 2800 3872 diligere
2832 3808 3264 3866 consueverunt,
3301 3799 3401 3855 sed

1820 3903 1879 3951 et
1921 3896 2213 3966 optimates
2282 3895 2482 3964 quique
2544 3892 2875 3963 lacrymati,
2928 3891 3059 3961 quin
3124 3890 3289 3945 etiam
3348 3896 3406 3945 et

1815 3998 1974 4057 reges
2023 3984 2192 4041 fuisse
2244 3984 2512 4040 dicantur.
2566 3982 2772 4050 Quibus
2826 3982 3076 4051 equidem
3130 3980 3239 4035 vim
3300 3978 3401 4033 do-

1821 4074 1952 4130 loris
2008 4076 2112 4131 hoc
2162 4077 2398 4131 maxime
2433 4073 2831 4145 exaggerabat,
2872 4071 3015 4140 quod
3070 4070 3258 4126 eadem
3306 4069 3404 4124 do-

1814 4180 1933 4220 mus
1964 4173 2091 4220 ante
2120 4179 2226 4219 non
2259 4164 2460 4219 multos
2490 4178 2664 4219 annos
2692 4161 2974 4217 combusta
3002 4159 3185 4217 fuerat
3208 4159 3356 4231 (125)
3382 4177 3402 4216 :

1808 4263 1863 4309 et
1890 4269 2034 4309 nunc
2089 4253 2262 4309 multo
2323 4261 2578 4323 sumptu,
2631 4250 2910 4321 multaque
2969 4263 3190 4306 suorum
3242 4248 3402 4303 indu-

204 4355 382 4480 (ιειῖδό
410 4356 694 4412 Basilicam
729 4358 907 4413 damni
938 4358 1156 4441 Martini
1176 4363 1378 4431 [lamna
1407 4366 1578 4420 denuo
1621 4384 1705 4422 vo-
1812 4366 2105 4423 Dominiea:
2128 4366 2251 4433 994,
2275 4367 2502 4423 ecclesia
2530 4366 2674 4422 beati
2699 4366 2913 4422 Martini
2947 4367 3144 4424 iterum
3167 4380 3396 4421 concre-

204 4436 288 4480 mt.
385 4442 454 4480 011
486 4428 675 4480 semel.
701 4429 795 4480 sed
823 4429 1025 4480 nlunes
1052 4431 1269 4480 ecclesia
1291 4436 1458 4480 sancti
1487 4435 1701 4480 Martini
1812 4446 1953 4480 nan
1981 4447 2065 4480 pel
2094 4452 2193 4480 mm
2223 4453 2345 4480 mnn
2381 4448 2561 4480 «instra
2605 4437 2674 4480 nh
2712 4439 2926 4480 nripntp
2999 4453 3026 4480 ξι
3073 4438 3179 4480 [inn
3220 4432 3395 4480 sancti

1812 4446 1955 4493 mata
1981 4447 2066 4493 est
2094 4452 2195 4492 una
2223 4453 2346 4494 cum
2381 4448 2561 4493 castro
2605 4437 2674 4490 ah
2712 4439 2946 4500 oriente,
2998 4453 3028 4492 a
3072 4438 3179 4490 line
3220 4437 3405 4491 sancti

127 4496 411 4577 combusta
443 4496 546 4577 fuit
578 4508 703 4553 ante
722 4496 1036 4577 g._§t_n_nun_r.
1067 4498 1261 4577 Primo,
1304 4512 1541 4574 tempore
1584 4507 1707 4563 Clo-
1736 4497 1784 4557 Ι)
1810 4506 2000 4562 Hilarii
2046 4523 2216 4577 usque
2261 4508 2329 4562 ad
2372 4516 2614 4564 sanctam
2647 4507 2874 4562 Mariam
2919 4496 3329 4577 Paupereulam,
3359 4521 3404 4562 a

128 4565 300 4647 therii
350 4567 676 4647 rggisuper
722 4567 1096 4647 \_Viliel_i_arium
1148 4565 1537 4647 coniugem-que
1565 4578 1705 4646 ejus,

125 4637 214 4708 uti
279 4637 471 4691 scribit
530 4637 822 4708 Gregorius
886 4637 1349 4705 Turonensis,'lib.
1402 4637 1452 4699 tv
1502 4637 1705 4703 Hister.

1811 4577 2034 4633 meridie
2070 4593 2102 4647 a
2129 4574 2285 4646 porta
2330 4578 2502 4634 sancti
2545 4577 2877 4633 Petrutiouis
2916 4574 3086 4647 usque
3133 4577 3198 4647 ad
3240 4574 3395 4647 Lige:

1810 4648 1931 4702 rim.
1963 4667 1983 4700 ι
2037 4643 2152 4703 Νοιί
2184 4648 2235 4702 in
2268 4648 2370 4702 hac
2411 4657 2590 4703 autem
2616 4690 2632 4713 ,
2680 4663 2857 4718 neque
2895 4648 2947 4702 in
2987 4643 3245 4718 secunda,
3298 4643 3400 4699 sed

124 4704 328 4789 graue.
369 4720 489 4775 cap.
522 4705 613 4771 20,
645 4704 886 4789 'ethlibro
912 4725 975 4789 _x,
1023 4727 1156 4789 cap.‘
1188 4704 1273 4769 ult.
1323 4713 1565 4789 Secundo
1610 4734 1707 4788 per
1809 4718 1862 4772 in
1896 4718 2052 4772 tertia
2079 4718 2474 4789 conthustione,
2521 4704 2641 4789 quae
2681 4704 2908 4789 contigit
2938 4733 3082 4773 anno
3126 4704 3240 4789 903i
3277 4727 3395 4767 ser-

129 4773 521 4840 Nortmannos,
552 4792 695 4835 arum
723 4778 845 4843 855,
881 4780 1020 4835 sicut
1070 4773 1301 4838 referunt
1342 4786 1573 4843 Annales
1610 4773 1703 4843 in-

1807 4802 2020 4843 monem
2071 4789 2213 4844 hunc
2251 4789 2321 4843 ab
2355 4784 2553 4845 Odoue'
2584 4789 2809 4854 dictum,
2834 4784 2909 4843 'et
2955 4798 3165 4855 tempus
3215 4784 3391 4851 ipsum

125 4845 275 4928 certi
302 4846 576 4928 aue-toris,
615 4846 699 4927 his
736 4850 915 4928 verbis
952 4868 966 4903 :
1011 4870 1027 4902 ι
1059 4852 1213 4928 Almo
1247 4855 1348 4911 853
1380 4856 1702 4928 Nortmanni
1805 4873 1912 4928 quo
1938 4858 2156 4923 claruit,
2186 4866 2243 4912 et
2273 4862 2436 4915 verba
2471 4874 2590 4927 qua:
2622 4845 2808 4913 statim
2832 4845 3155 4927 sequuntur,
3177 4845 3391 4928 nempe.

123 4929 229 4984 per
255 4912 488 4985 Ligerim
522 4915 742 4972 fluvium
775 4918 1051 4975 venientes
1081 4923 1341 4980 Turonum
1368 4925 1546 4983 Gallia:
1572 4912 1703 4985 civi?

124 4992 296 5039 tatem
330 4987 663 5067 praedantur,
686 4995 751 5067 _et
774 4988 914 5067 inter
938 4990 1071 5067 alias
1096 4993 1239 5048 mdes
1265 4997 1541 5067 ecclesiam
1569 5013 1702 5067 quo-

124 5067 238 5123 que
277 5054 450 5133 sancti
482 5054 710 5133 Martini
749 5058 1094 5133 confessoris,
1140 5065 1345 5120 nemine
1396 5054 1698 5133 resistente,

1803 4921 1946 4996 quod
1970 4921 2151 4984 eadem
2188 4928 2376 4984 domus
2402 4921 2522 4983 ante
2553 4944 2658 4982 non
2684 4929 2875 4985 multos
2910 4921 3080 4985 annos
3125 4921 3395 4981 combusta

1806 4998 2003 5066 fuerat,
2032 5008 2218 5068 aperte
2250 4999 2649 5055 demonstrant.

1873 5068 2023 5141 (H5)
2066 5066 2139 5122 Ὲι
2190 5084 2337 5124 ’ωηο
2379 5067 2542 5141 multo
2588 5080 2839 5141 sumptu,
2873 5066 3141 5141 multaqus
3175 5076 3394 5141 suorum

124 5125 478 5206 succendunt.
515 5145 536 5178 ι
592 5124 796 5206 Quibus
818 5124 1106 5206 concordat
1134 5133 1516 5206 et_Sigehertus
1535 5124 1698 5191 Gem-'-
1800 5124 2067 5194 industr'ia
2109 5150 2383 5206 reparata.
2429 5138 2667 5191 Primum
2712 5124 2944 5195 basilica!
2971 5124 3144 5206 sancti
3168 5130 3401 5206 Martini

121 5190 730 5278 blasensismonachus
758 5197 813 5252 in
851 5198 1162 5278 Cht'tniico._
1188 5190 1360 5278 {stitio
1380 5190 1700 5278 rursus
1798 5190 2232 5265 combustione'm
2276 5190 2605 5278 restauravit
2654 5190 2997 5278 Belin-unius
3030 5202 3400 5278 archiepisco-

118 5263 1165 5360 gos‘t‘lemmtannogbristi
1203 5274 1322 5360 90},
1346 5263 1696 5360 quemadmo-
1795 5292 1917 5360 pus,
1942 5263 1945 5264 ν
1969 5263 2235 5360 illamque
2274 5263 2655 5360 sta—unotex'i't,
2688 5263 2979 5360 oﬁiiu‘lame
3020 5286 3153 5360 regis
3179 5263 3401 5360 Clama:

122 5332 249 5360 ninam
300 5342 531 5360 ΙΛηΙιιιιι-
588 5331 666 5360 UL
688 5338 817 5360 ιημξ..

3132 5357 3153 5360 _
3218 5339 3288 5360 an
3346 5352 3372 5360 Α
