3964 5360
157 395 260 450 755

1368 407 1734 468 SERMONES
1770 412 2096 483 QUINQUE.

3315 440 3418 522 m

153 508 338 564 viores
387 511 587 568 fratres
642 514 913 583 vidimus,
965 519 1056 588 qui
1115 521 1186 576 ita
1239 525 1600 590 testabantur,
1656 526 1812 589 di-A
1842 543 2106 598 cxosam,
2157 549 2256 590 nec
2301 551 2450 593 more
2499 555 2598 597 suo
2645 559 2834 613 preces
2886 548 3186 619 supplicum
3239 562 3417 608 atten-

152 613 394 672 centes,,
474 608 616 676 quod
690 611 940 666 machina
1017 614 1210 670 dooms
1297 626 1486 672 contra
1568 619 1736 672 solem

150 696 515 765 resplendens
572 702 727 769 quasi
790 704 1118 760 monticulus
1176 723 1375 764 aureus
1431 710 1735 777 videbatur,

147 795 209 841 et
267 797 378 843 tam
427 800 633 860 gratam
687 795 921 864 speciem
976 799 1328 854 cernentibus
1379 811 1738 870 repraesenta-

148 878 280 941 bat,
325 888 384 933 ut
429 881 652 950 gloriam
705 885 846 941 beati
892 886 1106 942 Martini
1142 891 1540 960 quodammodo
1573 903 1737 949 testa-

147 978 329 1024 retur.
373 972 428 1025 ln
482 976 718 1031 arcuatis
769 993 900 1033 vero
952 981 1252 1047 porticibus
1289 983 1578 1038 voluerunt
1614 1000 1736 1040 eam

143 1060 322 1128 prisci
393 1076 800 1122 constructor-es
862 1069 1254 1137 architectari;
1325 1075 1579 1144 quoniam
1642 1077 1740 1131 do-

152 1168 283 1208 mus
346 1155 471 1219 illa,
526 1161 777 1226 quamvis
831 1160 1101 1217 latissima
1159 1166 1271 1230 sit,
1331 1166 1504 1221 turbis
1558 1177 1735 1222 tamen

149 1258 281 1299 sese
341 1247 779 1317 imprimentibus
837 1262 1045 1308 tantum
1107 1255 1244 1310 solet
1296 1272 1416 1312 esse
1475 1269 1732 1328 angusta,

147 1343 214 1388 ut
275 1337 552 1406 antipodia
599 1342 762 1396 .chori
831 1352 888 1398 et
948 1346 1071 1416 angi
1135 1347 1430 1414 posticulas
1491 1351 1736 1419 quamvis

145 1424 406 1481 nolentes
467 1429 750 1485 subruant.
821 1432 994 1500 Quam
1060 1436 1307 1492 devotam
1377 1440 1733 1508 violentiam,

142 1515 353 1579 credo,
404 1527 613 1587 gratam
660 1521 836 1577 habet.
865 1520 1096 1582 domnus
1147 1527 1260 1598 ipse
1311 1528 1612 1597 Martinus,
1668 1534 1734 1588 ad

142 1605 460 1675 exemplum
536 1609 789 1666 videlicet
848 1610 1059 1670 Domini
1135 1619 1257 1681 sui,
1331 1635 1494 1688 quem
1562 1623 1734 1678 turbae

142 1696 603 1763 comprimebant.
653 1700 806 1757 Nunc
861 1712 1039 1761 tamen
1088 1719 1144 1763 et
1197 1709 1464 1766 histriatis
1511 1715 1734 1783 parieti-

140 1783 282 1850 bus,
335 1797 390 1842 et
441 1789 626 1846 vitreis
675 1795 932 1862 sapphiro
969 1799 1307 1864 subornatis,
1352 1803 1479 1872 quin
1516 1812 1570 1858 et
1608 1807 1732 1859 bra-

1842 621 1974 688 dat,
2019 639 2142 678 cum
2186 641 2243 681 se
2279 644 2377 696 per
2415 632 2670 686 miracula
2721 647 3035 705 prmsentem
3077 656 3184 696 non
3234 658 3416 697 oswn-

1841 711 1955 765 dat.
2015 714 2118 769 Alii
2167 716 2518 776 nihilominus
2566 725 2720 792 quasi
2767 726 3104 784 discuterent
3157 733 3414 801 quidnam

1848 800 1965 866 sit,
2031 803 2121 858 ubi
2191 815 2338 861 tanta
2400 810 2741 880 psalmodia,
2808 825 3066 888 tantaque
3128 800 3416 878 missarum

1840 887 2142 960 frequentia
2203 896 2546 966 celebretur,
2602 902 2690 956 ubi
2747 905 2911 960 etiam
2966 887 3242 965 temeritas
3289 925 3419 979 pre-

1839 981 2000 1036 candi
2068 991 2273 1040 tantum
2340 991 2687 1060 reprimatur,
2748 1011 2848 1050 cur
2911 997 3091 1054 divina
3151 1001 3416 1058 severitas

1839 1071 1975 1128 adeo
2027 1074 2236 1131 domari
2278 1077 2632 1156 [dominari]
2670 1087 2931 1154 permissa
2970 1091 3080 1156 sit,
3133 1107 3255 1147 cum
3303 1095 3411 1149 uti-

1837 1179 1945 1234 que
1994 1166 2047 1219 in
2099 1168 2282 1224 multis
2335 1171 2458 1226 aliis
2515 1174 2650 1230 locis
2701 1186 2757 1232 et
2809 1179 2990 1234 minus
3042 1181 3154 1236 Deo
3205 1185 3414 1239 servia-

1841 1261 1947 1318 tur,
1984 1264 2040 1310 et
2077 1261 2330 1326 precandi
2373 1262 2595 1320 libertas
2635 1265 2949 1324 eﬂ‘renatior
2982 1271 3250 1327 videatur.
3295 1274 3408 1330 Hoc

1837 1359 1936 1399 nos
1995 1348 2278 1405 audientes
2335 1363 2556 1424 stupore
2609 1361 2920 1427 percussit,
2982 1372 3038 1417 et
3091 1363 3275 1420 dolore
3333 1376 3414 1420 at-

1838 1437 2014 1494 toniti.
2065 1437 2284 1497 fraudes
2341 1446 2547 1515 antiqui
2603 1448 2906 1519 deceptoris
2960 1453 3104 1509 illico
3156 1471 3415 1528 recogno-

1834 1525 2031 1582 vimus.
2089 1529 2223 1584 Nam
2273 1547 2394 1587 cum
2446 1539 2673 1607 apostoli
2725 1541 2836 1596 sint
2879 1543 3052 1599 bonus
3101 1546 3235 1600 odor
3284 1525 3412 1615 beo,

1835 1615 1966 1671 facit
2031 1629 2210 1675 tamen
2264 1622 2402 1678 idem
2466 1627 2752 1699 deceptor,
2813 1640 2871 1685 ut
2926 1634 3248 1703 quibusdam
3304 1637 3418 1693 sint

1834 1707 1970 1763 odor
2010 1712 2200 1766 mortis
2240 1712 2292 1767 in
2335 1725 2584 1771 mortem.
2636 1719 2790 1786 Quod
2828 1722 3085 1778 nimirum
3124 1725 3241 1781 istis
3277 1718 3412 1781 con-4

1838 1805 2044 1875 tingere
2111 1806 2432 1875 timuimus,
2493 1812 2587 1881 qui
2645 1812 2712 1868 de
2773 1815 3169 1873 medicamento
3217 1819 3417 1876 vulnus

140 1877 338 1932 cteolis
388 1881 567 1936 aureis
601 1883 853 1941 deeusata
893 1904 998 1944 non
1043 1906 1232 1960 parum
1275 1893 1549 1950 intuentes
1581 1896 1728 1952 oble-
1759 1895 1802 1953 Β
1832 1895 1933 1948 sibi
1986 1905 2318 1966 exaggerant
2379 1901 2841 1958 murmurationis.
2908 1905 3041 1971 Quia
3097 1921 3228 1962 vero
3283 1906 3416 1962 bea-

137 1970 350 2024 ctabat.
408 1970 634 2038 Quando
690 1987 914 2046 autem,
970 1995 1030 2034 ut
1083 1982 1358 2049 diximus,
1415 1985 1557 2039 fama
1616 1995 1724 2041 tam

137 2059 248 2114 diri
291 2064 465 2117 nuntii
521 2065 944 2139 circumquaque
989 2073 1317 2141 pervolavit,
1357 2085 1570 2147 tempus
1610 2079 1724 2148 jam

136 2151 426 2215 instabat.
484 2171 591 2226 quo
637 2160 877 2229 ejusdem
934 2162 1079 2218 beati
1136 2165 1349 2222 Martini
1408 2170 1726 2227 solemnitas

135 2241 282 2296 solet
337 2245 622 2303 celebrari.
683 2249 816 2305 Cum
881 2255 1100 2324 quidem
1161 2265 1354 2313 turmze
1402 2262 1723 2331 populorum

134 2330 462 2390 catervatim
513 2338 729 2395 irruunt’
774 2345 969 2412 partim
1021 2362 1186 2402 causa
1231 2330 1589 2409 solemnitatis
1644 2365 1725 2410 at-

135 2427 346 2491 tracti,
402 2431 597 2499 partim
663 2443 721 2489 ut
780 2436 1134 2506 dejectionem
1200 2443 1392 2500 domus
1449 2447 1721 2503 viderent.

134 2513 422 2583 Siquidem
481 2535 542 2573 ea
594 2522 678 2577 vis
732 2535 938 2595 natura:
991 2539 1111 2594 est,
1163 2539 1220 2585 ut
1265 2533 1492 2602 quilibet
1540 2535 1726 2592 dolens

132 2608 312 2660 oculis
360 2609 545 2665 videre
576 2608 793 2682 gestiat
852 2618 954 2672 hoc
1015 2621 1188 2688 ipsum
1241 2624 1381 2678 umle
1435 2625 1598 2681 dolet.
1661 2627 1726 2681 Et

129 2712 258 2750 cum
320 2715 405 2752 res
451 2702 562 2755 visa
614 2704 735 2773 plus
786 2722 883 2761 cor
929 2712 1269 2778 mmstilieet,
1332 2726 1509 2770 tamen
1568 2719 1722 2787 quasi

131 2789 204 2840 ad
254 2789 512 2844 solatium
569 2794 750 2851 videre
807 2799 986 2868 cupit,
1045 2804 1187 2858 unde
1241 2806 1413 2874 magis
1466 2807 1719 2863 indoleat.

131 2876 441 2932 Ferebatur
468 2889 648 2936 autem
680 2885 823 2939 inter
870 2889 1172 2958 plurimos,
1228 2893 1368 2962 quod
1421 2897 1560 2950 inter
1612 2897 1721 2952 fra-

127 2978 244 3022 tres
284 2972 480 3026 nudius
518 2975 707 3031 tertius
746 2986 902 3034 antea
944 2981 1214 3038 discordia
1264 2987 1531 3054 StBViL‘l'il,
1563 2990 1721 3058 quin-

123 3059 293 3112 etiam
323 3058 504 3130 prizlie
549 3080 707 3134 quam
745 3079 932 3125 sancta
991 3075 1134 3128 :eales
1186 3087 1545 3144 cremaretur,
1600 3083 1722 3150 qni-

125 3149 258 3202 dam
317 3159 443 3206 ante
514 3167 760 3212 sanctum
817 3161 986 3216 altare
1037 3175 1092 3219 et
1142 3167 1428 3234 conviciis,
1484 3180 1538 3224 et
1601 3187 1719 3226 ver-

1834 1985 2030 2040 tissimi
2082 1987 2265 2042 domui
2306 1990 2478 2043 nostri
2516 1990 2741 2060 injurias
2777 1993 3083 2050 audivimus
3120 1997 3410 2061 exerceri,

1827 2087 1987 2148 prout
2039 2079 2321 2134 charitatis
2371 2081 2579 2137 viscera
2614 2084 2898 2153 quisquam
2950 2086 3148 2150 sensit,
3182 2086 3412 2155 amplius

1828 2173 1994 2242 cmpit
2037 2171 2238 2227 dolere.
2290 2171 2404 2228 Non
2451 2176 2586 2229 satis
2634 2175 2811 2230 fuerat
2859 2177 3004 2246 quod
3059 2178 3257 2232 nostris
3298 2179 3414 2232 exi-

1826 2262 2074 2331 gentibus
2127 2262 2336 2331 culpis,
2391 2265 2683 2319 seeundum
2733 2265 2862 2319 illud
2915 2267 3173 2336 templum
3219 2276 3409 2337 pertu-

1828 2353 1889 2408 lit
1933 2354 2274 2422 conllagrari,
2325 2356 2522 2422 adhuc,
2591 2357 2727 2426 proh
2778 2356 2966 2411 dolor!
3025 2359 3084 2424 ii,
3135 2373 3234 2427 pro
3287 2359 3411 2429 qui-

1826 2448 1928 2502 bus
1999 2449 2138 2504 hane
2197 2450 2450 2520 injuriam
2506 2451 2714 2516 sensit,
2775 2452 3022 2505 nituntur
3084 2453 3131 2507 ei
3199 2454 3409 2508 calum-

1827 2542 1988 2596 niari.
2034 2542 2298 2597 Memores
2345 2552 2522 2598 tamen
2569 2543 2709 2599 illius
2755 2544 2896 2613 quod
2941 2545 3141 2599 dicitur
3169 2547 3233 2600 de
3275 2547 3411 2613 Deo,

1824 2635 1950 2704 quia
2006 2635 2150 2689 dedit
2200 2636 2445 2690 carmina
2494 2638 2546 2690 in
2597 2645 2774 2701 nocte,
2825 2638 2875 2692 id
2927 2649 3031 2704 est,
3081 2639 3411 2694 consolatio-

1825 2743 1948 2782 nem
2001 2727 2405 2796 Scripturarum
2454 2729 2506 2783 in
2553 2729 2943 2794 tribulatione,
2997 2731 3410 2786 conferebamus

1825 2819 2061 2873 vicissim
2106 2821 2246 2889 quod
2294 2821 2460 2874 menti
2506 2821 2574 2876 ad
2621 2821 2869 2876 solatium
2929 2822 3270 2876 occurrebat.
3331 2822 3408 2876 Ac

1828 2920 1938 2965 tum
1989 2911 2130 2966 forte
2181 2912 2248 2966 de
2301 2911 2403 2966 hoc
2453 2911 2593 2981 quod
2648 2913 2949 2974 dicebatur,
3003 2928 3125 2967 sese
3180 2913 3406 2980 ingessit

1821 3005 2075 3068 occasio,
2122 3011 2180 3057 ut
2229 3004 2369 3058 idem
2423 3003 2735 3074 diligentius
2787 3013 3139 3058 retractatum
3195 3003 3403 3058 scribe-

1822 3103 1994 3148 retur.
2054 3093 2194 3165 Ergo
2249 3095 2406 3165 juxta
2474 3103 2714 3149 tenorem
2777 3103 2904 3149 tunc
2963 3095 3163 3149 habita:
3215 3095 3402 3149 confa-

1821 3183 2152 3249 bulatiouis,
2204 3185 2330 3254 quid
2388 3201 2532 3240 nunc
2583 3185 2765 3240 divina
2819 3184 3062 3254 dignatio
3119 3184 3406 3240 indulserit

123 3243 352 3298 boribus
423 3249 683 3317 quosdam
755 3267 819 3305 ex
890 3253 1149 3311 fratribus
1224 3259 1710 3318 dehonestaverit:
1747 3241 1790 3302 Ε
1831 3264 2166 3339 adoriamur,
2226 3277 2400 3344 primo
2447 3276 2774 3340 suadentes,
2835 3286 2892 3328 ut
2947 3274 3102 3343 juxta
3173 3276 3404 3345 pmphe-

122 3346 352 3392 sanctus
398 3355 614 3409 quoque
669 3343 932 3401 Martinus
983 3350 1195 3405 cuidam
1247 3355 1575 3422 pauperculo
1619 3371 1716 3426 per

121 3425 301 3480 visum
356 3433 710 3498 apparuerit,
765 3443 818 3488 et
865 3439 1019 3505 quasi
1075 3455 1414 3509 conquerens
1467 3425 1710 3512 dixerit,

119 3516 269 3570 quod
326 3518 378 3571 in
431 3536 526 3573 sua
582 3522 742 3578 domo
796 3527 866 3580 sit
923 3528 1236 3596 injuriatus,
1279 3542 1332 3587 et
1377 3537 1590 3590 eoneite
1643 3538 1714 3592 sit

121 3607 256 3662 inde
323 3611 698 3680 migraturus,
766 3626 930 3687 atque
996 3621 1062 3673 ad
1125 3621 1465 3680 Tutelenscm
1531 3629 1710 3681 vicum

116 3705 507 3766 perventurus.
575 3703 648 3756 Ita
714 3706 856 3759 enim
916 3709 1219 3765 confluebat
1275 3713 1462 3783 ingens
1514 3718 1710 3780 turba,

112 3799 178 3841 nt
236 3800 456 3857 putares
513 3797 654 3861 quod
711 3796 970 3852 afflictum
1029 3800 1123 3855 lob
1187 3803 1386 3858 vellent
1433 3808 1590 3861 amici
1641 3824 1705 3862 ex

110 3879 372 3933 condicto
432 3882 669 3938 visitare.
732 3887 867 3942 Tum
933 3890 1148 3958 quidem
1201 3902 1254 3946 et
1304 3909 1401 3950 nos
1466 3899 1709 3952 occurri-

109 3986 259 4024 mus.
315 3971 498 4027 Oculis
555 3990 682 4029 vero
732 3989 927 4034 cuncta
980 3985 1419 4050 pet-currentibus
1474 3987 1704 4042 inunda-

111 4061 252 4115 Ιιειιιι
303 4063 578 4133 lacrynue.
631 4068 694 4121 Et
736 4085 858 4123 cum
908 4071 1117 4142 singula
1171 4076 1404 4145 qualiter
1451 4090 1575 4134 ante
1627 4081 1738 4135 vi-~

104 4152 347 4218 debant,
396 4155 586 4211 flentes
631 4159 994 4228 inspicerent,
1036 4167 1268 4235 gemitus
1309 4169 1702 4240 irrumpebaut.

105 4241 308 4297 Cordis
358 4260 489 4301 vero
540 4251 831 4319 sanguine,
886 4254 952 4308 de
1005 4271 1112 4324 quo
1160 4257 1413 4328 lacrymaa
1463 4278 1699 4317 nascun-

106 4343 237 4398 tur,
293 4334 406 4403 jam
489 4341 754 4396 exhausto
821 4343 994 4413 (nam
1060 4347 1126 4401 de
1184 4351 1372 4404 eodem
1440 4354 1702 4423 sanguine

104 4427 286 4483 flutmt
311 4471 326 4496 ,
365 4438 419 4486 et
459 4432 580 4486 ideo
615 4449 738 4488 cum
790 4452 887 4506 pro
925 4438 1128 4508 pietate
1178 4440 1499 4508 funduntur,
1554 4461 1698 4499 mar-

102 4518 310 4589 tyrium
375 4523 771 4590 quodammodo
831 4527 1160 4600 imitantur),
1231 4533 1298 4586 ad
1362 4535 1690 4590 auditorium

1823 3377 1970 3432 tam,
2047 3368 2268 3422 vexatio
2335 3369 2513 3422 saltim
2589 3369 2678 3423 del
2746 3369 3081 3422 intellectum
3150 3368 3396 3433 auditui,

1816 3468 2086 3528 quatenus
2150 3458 2641 3522 comminationes,
2705 3473 2840 3527 quas
2903 3457 3042 3512 Deus
3104 3456 3405 3525 peccatori-

1815 3548 1917 3602 bus
1974 3548 2246 3607 intentat,
2306 3547 2389 3600 νει
2441 3561 2538 3615 per
2590 3546 2694 3601 hoc
2742 3545 2886 3614 quod
2949 3545 3150 3600 accidit
3207 3561 3400 3615 exper-

1815 3647 1929 3702 tas,
1985 3638 2311 3700 timeamus;
2368 3635 2868 3706 rogantesChrisli
2920 3635 3296 3699 clementiam,
3342 3645 3399 3689 ut

1806 3729 1958 3798 juxta
2015 3728 2142 3781 illud
2199 3725 2339 3789 Job,
2390 3727 2595 3779 molliat
2649 3741 2743 3779 cor
2798 3733 3080 3788 nostrum,
3128 3734 3181 3776 et
3210 3725 3393 3779 eihare

1811 3832 1908 3871 nos
1952 3817 2206 3886 dignetur
2252 3831 2390 3884 pane
2438 3816 2834 3885 lacrymarum,
2885 3829 2954 3868 ne
3003 3815 3141 3868 forte
3187 3814 3398 3866 dicatur

1809 3907 1875 3962 de
1919 3905 2111 3960 nobis:
2147 3906 2402 3959 Attririsfi
2430 3924 2537 3971 eos,
2574 3912 2666 3960 nec
2697 3907 2975 3959 doluerunt
3011 3905 3028 3975 (
3055 3905 3168 3958 Jer.
3199 3920 3250 3968 v,
3277 3906 3310 3959 5
3340 3905 3390 3970 );

1808 4007 1862 4053 et
1907 3997 2035 4052 item
2080 4016 2094 4052 :
2151 3997 2394 4050 Percussi
2434 3995 2681 4066 populum
2724 4012 2929 4055 meum.
2978 4003 3026 4048 et
3068 4011 3101 4046 a
3146 3993 3239 4048 viis
3283 3994 3391 4046 suis

1807 4103 1910 4140 non
1975 4096 2051 4140 est
2106 4102 2341 4140 reversus
2396 4085 2554 4156 (Jer.
2604 4102 2692 4151 xv,
2747 4084 2848 4155 7).
2910 4084 2974 4138 Et
3027 4098 3150 4138 cum
3206 4091 3391 4136 nostra

1803 4175 2130 4244 perversitas
2177 4189 2272 4228 eor
2314 4175 2466 4244 justi,
2511 4174 2718 4229 scilicet
2763 4173 2945 4227 donmi
2991 4171 3228 4236 Martini,
3277 4171 3386 4226 sic-

1805 4273 1862 4319 ut
1909 4265 2044 4319 alias
2097 4265 2374 4329 diximus,
2423 4279 2653 4318 moerere
2711 4263 2910 4327 faciat,
2970 4279 3092 4316 cum
3146 4277 3244 4316 nos
3294 4278 3390 4332 po-

1804 4357 1908 4410 tius
1960 4356 2156 4409 viderit
2206 4356 2258 4410 in
2310 4356 2767 4425 rebus’pessimis
2830 4355 3202 4420 exsultantes,
3257 4370 3389 4425 que-

1801 4440 1974 4510 ratur,
2034 4445 2267 4499 dicens:
2322 4445 2560 4500 Sustinui
2610 4447 2699 4514 qui
2745 4450 2932 4499 saltent
2986 4446 3390 4498 contristaretur

1799 4546 1846 4589 et
1899 4553 2001 4590 non
2041 4536 2140 4604 fuit
2169 4535 2187 4606 (
2215 4535 2358 4589 Psal.
2395 4551 2592 4601 1.xvm,
2619 4535 2682 4589 2|
2717 4535 2769 4606 );
2823 4536 3060 4604 itemque
3094 4550 3109 4588 :
3161 4533 3282 4588 Non
3309 4545 3386 4587 est

99 4616 456 4670 secessimus.
525 4617 662 4672 Tum
725 4636 853 4676 vero
914 4626 1095 4678 nescio
1149 4625 1275 4694 quid
1331 4627 1422 4682 diu
1480 4645 1691 4685 sermo-

1820 4626 1886 4682 tui
1933 4598 2091 4678 vicem
2145 4598 2314 4678 nieam
2370 4624 2544 4679 doleat
2579 4598 2619 4695 '(
2651 4625 2678 4678 1
2717 4598 2860 4695 περ.
2910 4598 3059 4687 ΧΧ-ιι.
3112 4624 3211 4693 8).
3264 4624 3382 4678 Non

98 4704 276 4756 cinati
335 4720 542 4760 sumus.
584 4708 862 4776 Siquidem
915 4711 1222 4769 dolentibus
1262 4731 1379 4772 mos
1418 4728 1529 4782 est,
1583 4735 1689 4774 non

95 4792 157 4844 id
196 4793 344 4861 quod
400 4795 538 4848 ratio
591 4797 795 4865 poscit,
848 4800 940 4854 sed
995 4802 1138 4870 quod
1186 4804 1340 4859 dolor
1400 4817 1689 4878 extorquet

95 4881 414 4938 identitare.
474 4884 713 4941 Tandem
773 4890 840 4943 ad
891 4891 996 4946 hoc
1049 4903 1267 4949 ventum
1324 4907 1443 4964 est,
1499 4909 1557 4952 ut
1619 4903 1687 4956 ad

93 4971 310 5027 doloris
348 4984 695 5044 augmentum
733 4979 1022 5048 diceretur,
1063 4985 1203 5052 quod
1244 4989 1484 5044 nonnulli
1529 4990 1688 5045 beato

90 5061 336 5117 Martino
391 5065 783 5134 detraherent,
841 5072 996 5142 quasi
1051 5075 1142 5144 qui
1193 5091 1297 5130 non
1353 5089 1538 5149 posset
1600 5082 1684 5136 in-

87 5154 352 5192 mundi-Ini
418 5158 718 5192 νοηι-ἶη-ιονιο
804 5155 805 5158 “
827 5178 932 5192 nun
1009 5164 1223 5192 Anu“...

1796 4715 1942 4768 enim
1970 4714 2104 4768 satis
2134 4729 2232 4768 nos
2258 4715 2605 4769 remordebat
2649 4716 2911 4769 memoria
2957 4719 3185 4784 peccati.
3229 4713 3384 4778 Quod

1794 4808 1902 4862 illis
1947 4823 2090 4878 saepe
2138 4808 2445 4878 contingit,
2493 4808 2585 4876 qui
2630 4815 2684 4861 et
2727 4817 2951 4877 peccata
3001 4819 3097 4860 sua
3145 4819 3248 4856 non
3293 4804 3386 4855 de-

1791 4900 1955 4968 ﬂent,
2002 4902 2096 4956 sed
2141 4903 2322 4971 potius
2363 4901 2759 4970 multiplicant,
2802 4909 2856 4956 et
2895 4900 3033 4955 nihil
3073 4893 3269 4950 accidit
3310 4895 3393 4950 eis

1792 4995 1969 5050 triste.
2025 4993 2180 5048 Unde
2239 4994 2502 5064 scriptum
2565 4999 2707 5043 est:
2763 4991 2901 5057 Quia
2965 5004 3068 5045 non
3127 4981 3398 5052 profertur

1795 5085 1901 5139 cito
1956 5093 2139 5138 contra
2199 5083 2368 5138 malos
2421 5079 2728 5146 sententia,
2779 5081 2972 5151 absque
3033 5072 3145 5127 “"0
3209 5069 3406 5126 “more

1803 5175 1894 5192 ιη..
1946 5177 1958 5192 ο
2069 5175 2094 5191 -,
2419 5183 2431 5192 .
2478 5189 2495 5191 η
2543 5181 2556 5192 .
2617 5172 2731 5192 .---ι
2816 5168 3003 5192 [ιπηι-
3085 5174 3178 5192 νιη
3257 5159 3330 5192 ΙΙ
3371 5160 3392 5192 \
