3964 5360
543 426 649 484 735

1507 426 1565 481 S.
1607 424 1858 483 ODONIS
1897 423 2186 480 ABBATIS
2223 422 2723 481 CLUNIACENSIS
2759 426 2800 479 ll

3670 422 3762 477 736

544 539 765 594 nihilum
825 537 1064 592 redactus
1115 554 1230 592 sum
1257 578 1271 605 ,
1326 547 1373 593 et
1431 538 1623 592 nescivi
1677 535 1875 608 (Psal.
1927 552 2103 602 um,
2137 539 2184 597 Α
2211 534 2299 590 ille
2328 544 2613 606 postquam
2661 546 2806 590 tanta
2848 551 2913 590 ac
2958 535 3082 592 talia
3117 535 3359 606 pertulit,
3392 550 3516 590 cum
3564 535 3764 590 interim

544 630 675 700 22).
720 627 1043 700 Congregata
1091 639 1210 685 sunt
1253 645 1407 700 super
1455 645 1535 682 me
1579 627 1830 699 ﬂagella,
1870 639 1918 682 et
1968 629 2113 698 igno-

544 719 656 772 ravi
709 717 902 788 (Psal.
954 735 1152 786 xxxrv,
1197 721 1325 792 18).
1381 722 1449 776 Ει
1502 722 1705 780 idcirco
1760 723 1935 788 Deus,
2013 721 2108 792 qui

548 806 805 862 terribilis
865 815 949 862 est
1001 809 1053 862 in
1111 811 1388 876 consiliis,
1442 811 1732 866 vindictam
1788 827 1948 881 quam
1999 825 2114 865 me-

546 908 748 960 remur,
803 896 856 949 in
915 897 1057 952 illius
1111 898 1282 952 sancti
1329 899 1508 969 templi
1553 897 1920 954 combustione
1961 914 2112 953 mon-

545 983 783 1049 stravit,
827 986 980 1053 quasi
1025 986 1287 1042 ministris
1311 987 1560 1042 vindicta:
1603 988 1846 1042 diceret:
1879 987 1968 1042 Isti
2018 985 2112 1041 do-

547 1086 668 1127 mus
705 1086 1036 1142 exasperans
1074 1074 1204 1130 mihi
1244 1083 1388 1131 sunt.
1428 1075 1697 1132 Ultionem
1731 1090 1764 1131 a
1805 1076 2115 1131 sanctuario

548 1177 672 1217 meo
724 1163 977 1234 incipite,
1037 1175 1097 1221 ut
1143 1167 1283 1236 ignis
1339 1168 1742 1240 indignationis,
1797 1169 1891 1238 qui
1955 1169 2118 1240 abys-

552 1265 676 1307 sum
718 1254 896 1309 cordis
937 1255 1156 1310 humani
1184 1257 1563 1314 combusturus
1587 1267 1668 1313 est
1693 1266 1900 1326 partem
1921 1257 2115 1314 domus

555 1341 771 1396 interim
818 1355 1074 1409 assumat,
1126 1355 1184 1400 ut
1230 1362 1351 1402 cum
1402 1362 1433 1402 a
1481 1363 1540 1402 se
1590 1349 1945 1404 desiderabile
1990 1364 2116 1404 ocu-

548 1430 726 1486 lorum
773 1432 974 1489 auferri
1016 1435 1289 1502 viderint,
1322 1452 1408 1492 me
1436 1439 1502 1491 ad
1548 1438 1748 1493 ostium
1803 1439 1982 1494 cordis
2031 1427 2115 1493 sui

557 1523 860 1592 pulsantem
915 1526 1302 1595 contempsisse
1349 1527 1627 1596 poeniteat.
1684 1525 1787 1582 Per
1841 1528 1942 1582 hoc
1987 1543 2116 1599 ergo

545 1617 692 1686 quod
742 1618 794 1672 in
840 1618 1037 1687 templo
1078 1619 1306 1684 accidit,
1337 1619 1646 1690 arrogantia
1686 1628 1898 1685 nostra,
1931 1628 1990 1674 ut
2040 1621 2115 1674 ita

550 1708 816 1775 dixerim,
865 1709 1021 1764 nobis
1064 1711 1118 1764 in
1167 1709 1361 1767 faciem
1404 1711 1704 1781 respondit.
1751 1711 1817 1766 Et
1853 1713 2116 1768 omnimo-

547 1797 630 1852 dis
655 1799 949 1854 cavendum
975 1809 1056 1855 est
1075 1840 1090 1866 ,
1114 1815 1179 1855 ne
1202 1800 1338 1857 forte
1356 1843 1370 1868 ,
1397 1802 1534 1858 sicut
1561 1801 1668 1858 illic
1719 1802 1984 1871 sequitur,
2007 1802 2114 1872 spi-

2214 624 2345 695 ipsis
2371 629 2683 684 verberibus
2713 630 2914 700 gratior
2941 639 3102 696 esset,
3134 639 3192 686 ut
3217 631 3360 686 Deus
3381 630 3451 685 ad
3482 630 3627 684 hunc
3652 631 3767 684 visi-

2213 714 2431 769 tandum
2455 717 2638 771 venire
2658 717 2989 786 dignaretur,
3009 719 3180 774 adhuc
3200 734 3260 773 se
3285 718 3538 772 bumiliat
3562 718 3767 772 dicens:

2213 802 2602 874 Reprehendam
2635 823 2715 860 me
2740 816 2787 860 et
2813 824 2968 878 agam
3002 808 3352 878 paenitentiam
3387 806 3518 877 (Job
3544 821 3676 870 nu,
3703 807 3770 870 6).

2214 895 2347 951 Nam
2373 910 2495 968 post
2517 897 2663 952 illam
2691 899 2989 969 pridianam
3011 900 3440 963 succensionem,
3471 899 3646 953 muris
3666 913 3773 952 cun

2215 985 2416 1057 ingenti
2452 989 2630 1042 studio
2666 991 2981 1060 compactis.
3010 1000 3158 1062 septa
3191 989 3516 1045 monasterii
3548 1003 3778 1044 commu-

2216 1075 2372 1130 nistis
2397 1117 2413 1143 ,
2460 1077 2561 1132 hoc
2589 1079 2839 1133 nimirum
2868 1093 3170 1149 praecavere
3197 1078 3468 1142 volentes,
3507 1091 3580 1131 ne
3609 1087 3778 1132 saneta

2217 1165 2409 1221 domus
2437 1166 2576 1220 ultra
2603 1177 2785 1236 posset
2819 1168 2886 1225 ab
2925 1168 3168 1223 hostibus
3194 1167 3337 1222 laedi.
3381 1166 3496 1223 Sed
3527 1183 3637 1220 non
3663 1167 3782 1222 satis

2217 1255 2558 1310 attendentes
2601 1258 2654 1310 in
2703 1266 2902 1326 quanta
2933 1258 3230 1312 reverentia
3260 1268 3488 1312 sanctus
3514 1258 3623 1311 iste
3650 1257 3784 1312 locus

2218 1343 2286 1397 ab
2314 1343 2551 1412 antiquis
2589 1346 2916 1414 temporibus
2944 1343 3224 1410 eﬂ'ulserit,
3251 1347 3504 1416 protinus
3541 1345 3786 1414 religione

2216 1431 2422 1495 relicta,
2451 1447 2733 1486 commune
2763 1432 3116 1488 diversorium
3165 1448 3284 1489 esse
3317 1434 3693 1502 permisistis;
3723 1433 3786 1486 ita

2217 1529 2276 1575 ut
2307 1520 2520 1576 feminis
2543 1521 2610 1575 ad
2657 1521 3009 1576 hauriendum
3059 1538 3273 1592 aquam,
3302 1531 3358 1577 et
3385 1523 3457 1577 ad
3489 1523 3790 1576 discurren-

2219 1611 2344 1666 dum
2383 1625 2490 1679 quo
2518 1610 2782 1664 voluerint
2828 1612 3050 1680 portarii
3081 1625 3183 1668 non
3223 1613 3520 1677 resistant;
3569 1626 3690 1667 cum
3715 1613 3789 1666 vi-

2218 1699 2454 1754 derimus
2483 1700 2623 1768 quod
2653 1699 2782 1752 nulli
2825 1701 2967 1754 intra
2999 1703 3306 1757 monasterii
3349 1711 3548 1773 portas
3592 1702 3676 1757 vel
3702 1718 3793 1771 pa-

2219 1803 2337 1842 rum
2367 1788 2566 1842 intrare
2595 1789 2837 1855 licuerit;
2871 1805 3042 1860 neque
3069 1792 3264 1861 aliquis
3292 1792 3599 1862 equitando
3619 1793 3790 1860 statim

550 1888 686 1942 ritus
727 1887 1105 1946 fornicationis
1143 1891 1214 1946 sit
1257 1892 1309 1946 in
1351 1891 1530 1946 medio
1571 1900 1846 1957 nostrum,
1889 1902 1943 1947 et
1982 1892 2117 1947 inte-

2222 1891 2313 1946 per
2343 1878 2538 1932 atrium
2577 1880 2807 1935 transire
2835 1896 2999 1936 ausus
3042 1880 3224 1937 fuerit.
3275 1883 3382 1938 Sed
3424 1899 3580 1939 nunc
3608 1886 3681 1939 ita
3709 1901 3796 1938 ne-

549 1977 651 2028 rim
704 1977 850 2032 illius
894 1978 1032 2048 ignis
1072 1980 1373 2048 pernicies,
1418 1981 1504 2036 isti
1545 1981 2007 2038 exterioritoties
2045 1983 2117 2038 sit

547 2065 739 2121 fomcs.
796 2067 950 2138 Saepe
977 2078 1154 2125 autem
1186 2072 1244 2125 lit
1276 2081 1333 2127 ut
1365 2083 1617 2142 peccator
1659 2084 1858 2143 quanto
1884 2074 2118 2130 deterior

548 2166 652 2222 est,
687 2168 836 2214 tanto
867 2161 1102 2216 densiori
1135 2163 1372 2218 c:ecitate
1413 2178 1507 2219 cor
1543 2162 1658 2232 ejus
1686 2164 2116 2230 obtenebrescat,

547 2257 603 2302 et
652 2263 774 2304 cum
819 2250 942 2306 boni
983 2251 1183 2322 aliquid
1212 2251 1420 2319 fecerit,
1450 2253 1552 2316 hoc
1582 2254 1722 2322 apud
1753 2270 1830 2321 se,
1863 2255 2003 2310 sicut
2031 2257 2120 2311 ille

547 2335 872 2404 Pharisaeus,
898 2337 1086 2408 jactet,
1115 2341 1295 2398 minus
1341 2345 1621 2400 attendens
1659 2343 1782 2414 quia
1809 2344 1948 2399 bona
1977 2360 2119 2414 qua:-

549 2424 678 2480 libet
724 2427 831 2482 Deo
879 2444 986 2483 non
1029 2429 1280 2498 placent,
1329 2447 1448 2501 qua:
1499 2433 1760 2487 malorum
1800 2433 2120 2490 admistione

544 2515 900 2572 maculantur.
935 2518 1048 2572 Tali
1075 2519 1294 2576 cuilibet
1319 2521 1497 2576 divina
1527 2538 1628 2577 vox
1656 2522 1910 2577 inclamat
1937 2523 2121 2589 :_Dicis

545 2608 671 2676 quia
703 2609 852 2665 dives
878 2626 1017 2678 sum,
1049 2621 1104 2668 et
1150 2613 1326 2669 nescis
1368 2615 1493 2684 quia
1541 2615 1863 2670 miserabilis
1906 2625 2026 2680 est,
2067 2627 2123 2673 et

546 2713 720 2755 aecus
744 2712 798 2758 et
818 2704 988 2759 nudus
1018 2723 1030 2758 :
1057 2707 1230 2762 nudus
1249 2707 1495 2763 videlicet
1516 2709 1756 2778 justitia;
1779 2723 1951 2762 caicus
1972 2724 2120 2774 vero,

549 2790 796 2846 nesciens
827 2792 998 2862 ipsam
1029 2795 1324 2853 nuditatem
1355 2812 1508 2874 suam
1535 2797 1738 2852 videre.
1767 2795 1966 2851 Effudit
1995 2812 2122 2867 ergo

548 2879 829 2948 Dominus,
856 2891 916 2937 ut
947 2886 1209 2956 sesiptum
1255 2896 1358 2950 est,
1392 2889 1568 2959 ignem
1597 2889 1650 2943 in
1688 2888 1840 2955 Sion,
1873 2899 1926 2944 et
1956 2890 2124 2946 voluit

550 2971 774 3028 reddere
801 2977 1153 3032 vastationem
1181 2979 1233 3034 in
1265 2977 1511 3047 ﬂamma;
1562 2990 1621 3036 ut
1649 2981 1897 3037 videlicet
1925 2999 2019 3052 per
2045 2983 2124 3037 in-

551 3062 937 3134 dignationem,
966 3083 1086 3135 quas
1132 3069 1187 3124 in
1225 3071 1488 3126 materiali
1521 3073 1680 3128 domo
1709 3073 1948 3138 desaevit,
1981 3075 2124 3129 exti-

551 3172 795 3212 ineamus
829 3160 1020 3214 domus
1051 3177 1379 3232 exasperans
1421 3179 1540 3219 esse
1569 3207 1583 3230 ,
1631 3166 2124 3223 animadvertentes

2218 1967 2456 2038 gligitur,
2507 1979 2760 2040 Ianquam
2789 1971 2832 2027 si
2861 1989 3046 2028 murus
3072 1973 3162 2028 ille
3187 1989 3292 2028 non
3338 1975 3408 2028 ad
3444 1975 3686 2030 hostium
3718 1993 3796 2030 re-

2217 2060 2544 2129 pulsionem,
2583 2063 2677 2116 sed
2728 2063 2797 2117 ad
2841 2064 3227 2119 excludendam
3280 2065 3384 2120 loci
3438 2067 3793 2121 reverentiam

2217 2159 2360 2204 esset
2385 2160 2619 2206 erectus.
2656 2150 2766 2207 Nec
2793 2153 2964 2208 valuit
3001 2154 3168 2210 isdem
3195 2170 3386 2209 murus
3411 2155 3598 2226 ignem
3626 2156 3797 2226 prohi-

2218 2241 2368 2307 bere,
2400 2257 2559 2312 quem
2590 2244 2832 2314 neglecte
2871 2253 3211 2315 contemptus
3235 2246 3496 2317 exigebat
3525 2248 3794 2303 succendi.

2220 2331 2521 2390 Mordacius
2542 2335 2644 2390 hoc
2665 2335 2912 2402 dixerim,
2934 2337 3078 2406 quia,
3103 2351 3228 2391 vere
3251 2337 3484 2402 fatebor,
3512 2338 3800 2392 multorum

2219 2423 2382 2480 corda
2411 2440 2504 2496 per
2532 2427 2634 2482 hoc
2662 2429 3094 2494 mmstilicantur,
3117 2429 3257 2498 quod
3290 2428 3469 2484 locum
3499 2445 3601 2499 pro
3622 2445 3802 2484 amore

2220 2517 2362 2572 beati
2415 2517 2627 2574 Martini
2679 2531 3085 2577 sacrosanctum
3135 2539 3240 2578 non
3295 2525 3559 2588 videant,
3615 2539 3802 2578 secari-

2220 2607 2344 2662 dum
2391 2609 2627 2678 priscam
2684 2597 3080 2677 reverentiam,
3131 2613 3400 2668 venerari.
3461 2612 3656 2682 Neque
3705 2613 3804 2668 hoc

2220 2714 2410 2768 parum
2443 2701 2689 2770 displicet
2713 2741 2727 2762 ,
2783 2702 2927 2772 quod
2954 2703 3172 2771 quidam
3219 2703 3273 2756 in
3323 2703 3518 2758 eodem
3557 2702 3680 2757 loco
3711 2719 3804 2756 nn-

2223 2791 2359 2855 triti,
2403 2806 2464 2847 se
2490 2792 2810 2861 quibusdam
2843 2793 3119 2849 laiealibus
3146 2793 3232 2848 vel
3260 2794 3491 2848 nimium
3530 2794 3804 2862 pomposis

2221 2879 2461 2935 vestibus
2506 2882 2905 2949 dehonestent,
2954 2898 3076 2937 cum
3111 2883 3234 2937 talis
3287 2897 3409 2938 esse
3454 2885 3800 2938 consueverit

2221 2985 2407 3026 eorum
2441 2973 2799 3039 conversatio,
2830 2982 2887 3028 ut
2910 2975 3050 3028 hanc
3069 2974 3230 3029 etiam
3261 2974 3448 3029 Roma:
3485 2974 3701 3030 laudari
3719 2991 3806 3028 au-

2222 3061 2534 3129 diverimus,
2557 3064 2876 3134 quibusdam
2893 3065 3152 3122 Romanis
3173 3066 3484 3122 dicentibus
3505 3085 3517 3121 :
3537 3067 3676 3134 Quia
3699 3083 3801 3122 non

2222 3162 2365 3209 esset
2395 3169 2613 3210 necesse
2662 3154 2887 3210 Romam
2938 3155 3239 3225 proficisci,
3274 3156 3365 3224 qui
3415 3158 3630 3226 templo
3669 3159 3804 3212 beati

551 3248 679 3317 quid
707 3250 755 3302 in
787 3251 996 3306 occulto
1025 3251 1140 3322 ejus
1158 3253 1358 3322 judicio
1403 3271 1724 3310 mereamur.
1765 3257 1949 3327 Neque
1979 3261 2121 3315 enim

2228 3241 2438 3297 Martini
2468 3253 2803 3298 morerentur
2827 3245 3349 3301 vicinariJeremias
3377 3249 3654 3316 propheta
3670 3249 3806 3317 plan-

553 3353 753 3407 parvus
802 3352 980 3396 reatus
1035 3352 1153 3409 est,
1204 3346 1296 3414 qui
1335 3355 1577 3402 sanctam
1628 3348 1770 3403 illam
1819 3351 2034 3405 domum
2069 3361 2124 3407 et

553 3444 583 3481 e
615 3430 858 3500 vestigio,
883 3441 937 3486 et
969 3434 1126 3489 tnties
1155 3437 1319 3507 exigit
1346 3439 1700 3503 concremari,
1728 3450 1786 3494 ut
1813 3456 1935 3496 cum
1968 3443 2124 3512 paulo

555 3531 678 3574 ante
709 3536 970 3578 succensa
999 3523 1178 3590 fuerit,
1213 3544 1317 3582 non
1347 3529 1418 3582 sit
1443 3545 1664 3585 aversus
1689 3529 1839 3586 furor
1870 3529 2004 3600 ejus,
2033 3535 2125 3589 sed

554 3612 730 3668 adhuc
761 3629 952 3670 manus
979 3615 1094 3684 ejus
1125 3626 1360 3674 extenta.
1413 3619 1519 3674 Sed
1569 3636 1669 3676 nec
1717 3623 2007 3691 putandum
2045 3631 2126 3679 est

553 3706 696 3771 quod
745 3705 847 3759 llOC
897 3722 1024 3762 casu
1079 3709 1336 3764 acciderit
1387 3719 1607 3780 propter
1655 3711 1780 3766 illud
1831 3711 2121 3768 let-entire:

553 3791 684 3856 Quis
719 3804 792 3847 est
829 3796 926 3849 isle
951 3798 1040 3865 qui
1066 3797 1197 3852 dixit
1225 3808 1278 3852 ut
1311 3799 1479 3868 ﬁeret,
1506 3799 1728 3854 Domino
1757 3817 1857 3856 non
1875 3803 2128 3872 jubcnle?

555 3881 767 3949 (Thrcn.
799 3901 882 3951 ιιι,
906 3884 1019 3956 57.)
1063 3886 1130 3941 Ει.
1169 3888 1295 3943 item
1331 3907 1344 3944 :
1377 3888 1433 3943 Si
1465 3900 1538 3944 est
1573 3889 1767 3944 malum
1807 3893 1860 3945 in
1901 3894 2124 3959 cia-irate,

555 3974 692 4042 quod
741 3991 834 4044 ego
884 3993 987 4031 non
1036 3981 1403 4048 prwccperim,
1450 3979 1573 4034 dicit
1619 3979 1873 4034 Dominus
1927 3981 2126 4051 (Amos

556 4080 640 4130 ιιι,
669 4065 743 4137 6),
771 4069 846 4122 vel
874 4069 990 4137 quis
1032 4069 1172 4124 dedit
1201 4069 1371 4126 Israel
1395 4071 1756 4125 uastantibus?
1797 4069 1984 4126 Nonne
2025 4073 2128 4126 Do-

557 4157 731 4210 minus
780 4158 865 4211 cui
908 4160 1173 4227 peccavit?
1240 4160 1374 4234 (Isa.
1416 4177 1570 4226 χιιι,
1629 4160 1746 4230 24.)
1798 4160 1905 4217 Nos
1947 4163 2129 4233 itaque

557 4245 790 4304 scientes
834 4249 960 4319 quia
1007 4259 1224 4320 peccata
1269 4265 1451 4308 nostra
1480 4253 1721 4308 fecerunt
1758 4253 1895 4317 haec,
1935 4269 2127 4310 conse-

557 4355 731 4410 quens
761 4349 882 4408 est,
928 4351 988 4398 ut
1033 4344 1446 4414 ingemiscamus
1475 4360 1638 4415 super
1690 4343 1914 4411 injurias
1947 4347 2127 4400 domni

560 4433 806 4500 Martini;
837 4435 945 4490 imo
972 4437 1150 4505 potius
1169 4452 1330 4506 super
1359 4453 1476 4504 nos,
1501 4437 1624 4507 quia
1648 4438 1691 4491 si
1723 4438 1776 4493 in
1804 4438 1959 4492 viridi
1985 4437 2130 4507 ligno

560 4525 678 4578 lucc
706 4523 946 4590 faciunt,
979 4525 1034 4578 in
1066 4527 1216 4580 arido
1244 4528 1370 4596 quid
1398 4526 1529 4582 fiet?
1578 4527 1826 4596 Alioquin
1874 4528 2083 4584 dicetur
2111 4547 2123 4582 :

2223 3331 2338 3400 git,
2379 3332 2615 3388 colorem
2648 3335 2890 3404 religioni
2917 3350 3218 3407 congruum
3259 3336 3568 3390 immutari.
3612 3337 3808 3392 Dicitur

2222 3421 2354 3476 alias
2387 3440 2400 3476 :
2434 3421 2515 3476 Ne
2541 3423 2777 3492 glorieris
2826 3426 2880 3479 in
2911 3427 3093 3480 vestitu
3118 3442 3347 3494 unquam
3377 3425 3581 3496 (Eccli.
3617 3444 3703 3491 ιι,
3735 3427 3788 3494 ι)

2229 3509 2469 3567 Viderint
2493 3528 2622 3584 ergo
2652 3515 2736 3568 isti
2766 3531 2927 3584 quam
2954 3516 3175 3570 stultum
3213 3517 3303 3581 sit,
3339 3517 3549 3572 decore
3585 3519 3808 3573 vestitus

2223 3600 2446 3674 gloriam
2471 3605 2810 3660 emendieare
2830 3647 2844 3671 ,
2872 3614 2926 3660 et
2962 3607 3154 3661 decore
3182 3607 3402 3662 virtutis
3436 3609 3687 3663 animam
3716 3626 3806 3663 nu-

2225 3695 2370 3751 dare.
2412 3697 2674 3752 Caeterum
2701 3699 2796 3764 iis,
2827 3700 2916 3768 qui
2941 3699 3008 3754 de
3034 3701 3269 3769 potentia
3300 3701 3447 3756 beati
3476 3701 3700 3757 Martini
3732 3703 3812 3756 de-

2226 3785 2412 3850 lirant,
2440 3797 2652 3842 amator
2686 3787 2800 3855 ejus
2826 3830 2840 3854 ,
2863 3799 2916 3844 et
2957 3790 3371 3846 decentissimus
3404 3792 3618 3846 relator
3647 3792 3812 3861 Sulpi-

2228 3877 2333 3930 tius
2363 3879 2475 3947 jam
2505 3879 2629 3932 olim
2683 3880 2815 3932 satis
2848 3880 3139 3948 respondit.
3190 3878 3326 3934 Nam
3359 3897 3486 3936 cum
3533 3883 3815 3951 aliquando

2227 3969 2544 4024 vestimenta
2578 3968 2693 4037 ejus
2719 3971 2922 4039 pariter
2943 3968 3148 4023 amaret
3174 3971 3518 4034 incendium,
3557 3973 3706 4040 quod
3737 3981 3813 4024 ta-

2228 4072 2350 4112 men
2390 4057 2478 4112 ille
2506 4059 2752 4127 protinus
2781 4059 2831 4112 in
2865 4059 3097 4112 medium
3146 4073 3204 4112 se
3231 4059 3539 4127 projiciens
3568 4061 3814 4129 [rigidum

2228 4149 2438 4216 sensit,
2495 4150 2709 4220 quidam
2774 4150 3021 4205 similiter
3078 4153 3423 4206 occasionem
3496 4150 3817 4208 detrahendi

2229 4249 2591 4311 sumpserunt.
2627 4241 2923 4311 Responsio
2953 4241 3200 4296 tunciilis
3231 4240 3393 4305 facta,
3423 4242 3549 4296 istis
3575 4241 3818 4296 sufficere

2230 4333 2465 4397 deberet,
2493 4332 2584 4400 qui
2611 4348 2945 4402 nequaquam
2974 4333 3076 4387 hoc
3107 4333 3436 4386 mirarentur
3460 4372 3477 4397 ,
3506 4334 3554 4386 si
3592 4334 3817 4402 disposi-

2233 4423 2432 4477 tionem
2461 4437 2563 4490 qua
2596 4421 2734 4477 Deus
2763 4423 3021 4478 mundum
3051 4422 3206 4492 regit,
3235 4422 3318 4475 vel
3351 4424 3592 4476 tenuerit
3611 4462 3626 4490 ,
3651 4433 3819 4476 atten-

2233 4511 2456 4567 dissent.
2496 4511 2692 4565 Parum
2719 4521 2804 4567 est
2844 4522 2904 4568 ut
2943 4513 3228 4579 mirentur,
3265 4515 3309 4567 si
3343 4514 3448 4568 hoc
3483 4514 3748 4582 templum
3771 4523 3819 4566 et

559 4613 815 4683 Dissipali
841 4589 959 4666 sunt
980 4623 1026 4666 et
1051 4629 1152 4666 non
1171 4589 1289 4668 sunt
1313 4617 1600 4684 compuncti
1625 4614 1799 4685 (Psal.
1819 4633 2002 4681 χχχιιι,
2022 4617 2121 4685 16)⁴

2236 4602 2522 4671 superbize,
2545 4601 2628 4657 vel
2664 4601 2891 4658 luxuriae
2927 4604 3070 4658 vitiis
3099 4601 3237 4658 forte
3270 4604 3541 4672 pollutum
3574 4644 3589 4669 ,
3624 4604 3820 4658 talibus

561 4703 628 4757 Et
655 4703 783 4758 item
814 4720 828 4756 :
862 4702 1033 4756 Frons
1060 4705 1343 4758 meretricis
1372 4703 1509 4772 facta
1533 4717 1607 4761 est
1636 4707 1750 4771 tibi,
1783 4709 1989 4762 nescisti
2017 4725 2136 4761 eru-

563 4794 763 4849 bescere
811 4793 942 4862 (Jer.
968 4810 1051 4857 Ill,
1076 4794 1152 4864 5).
1204 4793 1302 4860 Qui
1333 4809 1456 4849 vero
1485 4796 1550 4850 ad
1585 4805 1770 4854 nutum
1804 4797 1895 4851 Dei
1927 4807 2136 4851 centre.

564 4885 820 4948 miscunt,
857 4894 910 4938 et
939 4884 1038 4938 sub
1066 4886 1267 4953 potenti
1314 4900 1470 4938 manu
1502 4886 1617 4954 ejus
1647 4885 1822 4939 sciunt
1855 4887 2139 4952 liumiliati,

568 4976 789 5029 audiant
809 4975 1232 5030 consolationem
1261 4975 1424 5038 illam,
1443 4990 1562 5044 qua:
1582 4983 1705 5044 post
1726 4975 2142 5030 destructionem

2233 4697 2551 4767 quibusdam
2584 4695 2692 4750 Deo
2723 4696 2952 4767 cognitis
2978 4697 3158 4751 causis
3195 4696 3566 4766 exigentibus,
3605 4695 3819 4749 flauum:

2236 4789 2570 4859 purgaverit.
2602 4787 2903 4842 Discutiant
2953 4787 3132 4856 potius
3173 4788 3432 4857 quidnam
3480 4787 3552 4841 sit
3581 4787 3730 4856 quod
3759 4786 3821 4839 ab

2242 4881 2454 4950 origine
2503 4879 2691 4933 mundi
2739 4879 2877 4933 mala
2919 4879 3264 4948 praevaleant.
3319 4879 3431 4933 Cur
3473 4878 3642 4946 impio
3692 4877 3821 4931 Cain

2235 4973 2440 5043 justum
2466 4969 2597 5024 Abel
2631 4969 2891 5024 subruere
2919 4969 3062 5024 Deus
3089 4968 3437 5038 permiserit?
3480 4967 3548 5021 Et
3594 4982 3699 5022 cur
3727 4964 3823 5021 Job
