3964 5360
111 197 222 256 757

1402 184 1768 243 SERMONES
1807 182 2139 250 QUINQUE.

3287 184 3388 243 138

109 315 301 371 vivere
321 311 510 380 cmpit,
543 309 830 366 consilium
859 305 1058 364 divina:
1081 307 1486 378 dispositionis,
1521 307 1566 362 si
1611 320 1697 361 re-
1731 315 1776 374 Α
1806 304 2021 360 tandem
2075 305 2394 359 mirabiliter
2437 314 2650 376 reperta
2696 301 3038 376 postmodum
3085 317 3115 358 a
3163 301 3388 372 profano

109 409 375 457 verenter
405 400 657 466 attendit,
705 398 976 470 intelligit,
999 398 1126 469 quia
1169 412 1393 467 regnum
1424 396 1552 451 Jesu
1595 409 1701 450 non

108 503 201 550 est
226 495 296 548 de
323 493 430 547 hoc
452 491 670 555 mundo,
695 499 750 544 et
777 489 949 544 sancti
971 488 1088 557 ejus
1121 502 1226 542 non
1252 487 1454 542 habent
1476 486 1564 540 hic
1591 498 1705 538 ma-

109 594 340 640 nentem
365 583 672 645 civitatem,
703 591 760 636 et
789 580 990 635 idcirco
1013 579 1102 634 hic
1146 593 1254 633 non
1293 585 1546 648 quierunt
1591 576 1707 647 glo-

113 674 284 734 riam.
320 688 485 742 quam
526 672 580 726 in
603 669 783 725 futuro
806 676 1026 740 sperant
1053 707 1068 734 ,
1097 681 1197 723 nec
1245 667 1455 738 signum
1487 665 1709 737 aliquod

115 778 366 833 unquam
402 762 491 816 hic
526 747 628 817 nisi
659 776 758 832 pro
784 760 1018 815 utilitate
1043 760 1414 830 proximorum
1438 766 1705 828 quaerunt.

111 853 258 908 Hinc
289 853 553 923 propheta
586 866 692 907 non
724 861 944 922 propter
969 863 1061 916 se,
1085 850 1181 904 sed
1212 856 1430 919 propter
1457 848 1708 903 inimicos

111 957 249 996 suos
274 952 398 998 orat
423 941 642 1007 salvari,
658 942 881 997 dicens:
913 939 1388 1011 Propterim'micos
1409 954 1548 992 meos
1573 938 1711 1008 eripe

111 1048 202 1085 me
231 1032 630 1102 (Psal.t.xv111,
669 1031 782 1101 19),
832 1031 886 1085 id
924 1039 1028 1095 est,
1056 1045 1152 1100 per
1171 1042 1349 1083 meam
1377 1027 1712 1096 ereptionem

114 1123 488 1194 intelligentes
533 1124 830 1194 potentiam
885 1130 1034 1176 tuam
1087 1127 1476 1176 convertantur
1521 1117 1587 1172 ad
1636 1124 1709 1171 te.

115 1213 378 1270 Seientes
401 1215 548 1270 enim
589 1214 718 1284 quia
750 1226 1092 1283 nequaquam
1122 1218 1349 1281 possunt
1375 1210 1516 1263 hanc
1543 1209 1709 1262 vitam

115 1306 245 1361 sine
296 1314 526 1375 peccato
557 1314 927 1359 transcurrere
949 1342 963 1368 ,
993 1309 1184 1373 optant
1218 1301 1396 1370 potius
1422 1308 1482 1353 ut
1517 1298 1605 1352 hic
1638 1296 1709 1350 ad

114 1396 208 1450 sui
250 1394 682 1449 emendationem
711 1391 1036 1462 afﬂigantur.
1073 1388 1206 1443 Nam
1236 1389 1500 1458 propheta
1522 1393 1712 1456 rogat:

117 1480 308 1537 Proba
329 1498 428 1546 me,
461 1480 704 1545 Domine,
729 1489 778 1534 et
804 1489 945 1534 tenta
975 1494 1056 1532 me
1092 1476 1264 1548 (Paul.
1296 1491 1435 1541 xxv,
1461 1475 1542 1546 2).
1584 1474 1714 1529 Item

118 1571 272 1628 alius
302 1589 314 1624 :
345 1569 685 1641 Ingrediatur
706 1569 925 1640 putredo
953 1570 1008 1624 in
1036 1585 1155 1623 ossa
1199 1583 1314 1621 mea
1349 1565 1580 1639 (Hebae.
1612 1579 1712 1630 ιιι,

1805 409 1933 464 rege
1958 395 2221 464 asportari
2260 396 2519 463 permissa
2540 405 2641 451 est.
2667 395 2912 451 Viderint
2936 394 3022 449 isti
3053 401 3387 448 secretorum

1803 487 2162 552 diseussores,
2196 501 2301 556 qua
2353 486 2565 542 Domini
2614 488 3013 558 dispensatione
3061 496 3116 542 et
3146 486 3266 540 talia
3288 525 3302 552 ,
3335 493 3396 542 et.

1806 575 1892 630 his
1917 576 2116 631 similia
2145 578 2259 631 fieri
2289 577 2556 631 sinantur.
2589 576 2754 633 Nobis
2782 579 2885 632 hoc
2907 593 3073 632 unum
3101 575 3391 631 convenire

1811 665 2050 732 videtur,
2084 675 2142 720 ut
2170 681 2200 720 a
2232 667 2431 722 divinis
2453 665 2670 737 judiciis
2713 667 3032 733 timeamus,
3061 667 3120 722 ἐι
3146 666 3392 724 videntes

1806 754 1911 810 hoc
1953 756 2093 824 quod
2120 755 2346 820 accidit,
2374 755 2604 825 quisque
2647 762 2890 810 nostrum
2925 757 3110 811 dicat:
3144 754 3391 816 Domine,

1809 848 1987 902 audivi
2017 847 2256 901 auditum
2290 857 2468 912 tuum,
2492 857 2540 902 et
2567 849 2751 914 timui;
2780 847 3031 914 Domine,
3071 847 3395 904 considerari

1809 955 1965 1010 Opera
1994 949 2107 1005 tua,
2132 949 2181 994 et
2205 941 2389 1010 expavi
2421 938 2650 1011 (IIabac.
2683 939 2875 1011 111,2).
2905 941 2969 994 Et
3012 941 3140 995 item
3167 957 3183 995 :
3212 939 3394 1010 Conﬁ-

1811 1031 1954 1084 tebor
1975 1031 2091 1096 tibi,
2126 1031 2366 1097 Domine,
2394 1033 2640 1103 quoniam
2669 1033 2836 1086 iratus
2871 1049 2924 1087 es
2957 1032 3085 1085 mihi
3111 1031 3245 1100 (Ira.
3292 1048 3394 1095 xu,

1811 1117 1886 1189 1),
1911 1126 1966 1173 ει
1994 1129 2210 1175 czetera.
2241 1121 2307 1174 Et
2351 1121 2477 1192 quia
2508 1136 2604 1192 per
2635 1122 2916 1178 materiale
2957 1123 3210 1192 templum
3251 1122 3398 1178 dedit

1812 1209 2188 1280 spiritualibus
2246 1211 2742 1283 significationem,
2798 1222 2858 1268 ut
2923 1212 3132 1284 fugiant
3180 1228 3212 1267 a
3263 1213 3402 1268 facie

1812 1313 2002 1366 arcus,
2049 1300 2104 1356 id
2141 1303 2285 1371 quod
2341 1302 2448 1357 illic
2486 1303 2853 1373 praemittitur,
2914 1304 3308 1374 supplicemus,
3339 1313 3400 1359 ut

1813 1392 2068 1459 quoniam
2122 1393 2294 1448 iratus
2341 1401 2446 1458 est,
2476 1393 2546 1448 sit
2593 1393 2757 1447 etiam
2809 1393 3084 1461 misertus,
3113 1394 3400 1450 dicentes:

1813 1480 2241 1553 lncrepationem
2291 1485 2507 1540 Domini
2558 1485 2867 1552 sustinebo,
2903 1487 3028 1556 quia
3061 1487 3300 1558 peccavi
3331 1488 3402 1543 ei.

1815 1569 1967 1627 Tunc
2007 1583 2272 1642 praeterea
2321 1590 2428 1629 non
2463 1574 2667 1630 incidat
2707 1575 2865 1630 nobis
2909 1575 3039 1631 illud
3081 1576 3402 1632 diaboliemn

117 1661 242 1734 16).
273 1660 448 1729 Quam
462 1660 564 1716 sibi
589 1659 876 1714 utilitatem
890 1658 1015 1715 inde
1041 1659 1363 1729 speraverit,
1386 1655 1714 1721 manifestat,
1747 1667 1793 1727 Β
1821 1662 2111 1732 suspicari,
2151 1665 2295 1733 quod
2345 1663 2432 1719 illa
2458 1665 2632 1720 vinus
2657 1665 2838 1719 domui
2869 1665 3084 1721 Mal-lini
3123 1666 3400 1724 defecerit,

119 1747 400 1819 subdens,
431 1762 486 1805 ut
529 1751 847 1822 requiescam
878 1751 934 1804 in
978 1750 1063 1804 die
1083 1749 1474 1821 [tribulationis
1501 1747 1712 1818 (lbid.).

122 1839 384 1895 Amictus
413 1854 629 1910 quoque
653 1838 754 1894 Job
785 1857 798 1892 :
833 1838 982 1903 Haec,
1011 1839 1216 1908 inquit,
1245 1838 1342 1892 erit
1382 1837 1508 1890 mihi
1529 1852 1715 1890 como-

117 1929 280 1994 latio,
315 1938 369 1981 ut
403 1929 630 1998 afﬂigens
669 1944 750 1986 me
777 1927 978 1994 dolore,
1010 1943 1111 1981 non
1135 1937 1314 1994 parcat
1350 1926 1471 1997 (Job
1502 1941 1572 1991 v1,
1600 1925 1712 1994 10).

119 2020 268 2076 Nam
292 2029 348 2076 et
369 2021 658 2092 Apostolus
682 2035 788 2076 non
814 2019 1102 2092 gloriatur,
1123 2019 1271 2089 quod
1293 2019 1346 2073 in
1379 2018 1714 2089 paradisum,

119 2122 186 2169 et
227 2114 392 2168 etiam
437 2129 608 2185 usque
636 2115 704 2169 ad
747 2115 968 2170 tertium
1011 2113 1206 2169 caelum
1239 2121 1426 2184 raptus
1469 2114 1578 2179 sit,
1617 2126 1717 2166 nec

123 2207 280 2276 quod
319 2205 592 2261 ineffabile
633 2221 890 2261 arcanum
921 2205 1053 2260 inihi
1106 2205 1376 2269 audierit;
1402 2203 1496 2259 sed
1538 2202 1718 2272 potius

123 2299 333 2369 gaudet
363 2299 509 2368 quod
542 2307 625 2353 ter
655 2283 994 2368 naufragium
1019 2296 1242 2362 fecerit,
1271 2299 1415 2366 quod
1444 2304 1525 2352 ter
1551 2295 1718 2366 virgis

125 2404 309 2444 caesus
330 2429 344 2453 ,
387 2389 529 2458 quod
571 2388 738 2444 semel
772 2388 1041 2458 lapidatus
1067 2386 1159 2442 sit.
1196 2385 1303 2441 Sed
1335 2387 1426 2441 isti
1473 2385 1714 2456 queruli,

124 2480 229 2550 qui
253 2480 513 2536 miracula
542 2496 756 2552 semper
786 2490 1058 2550 quaerunt,
1092 2481 1233 2536 hanc
1263 2479 1719 2549 dispensationem

127 2571 421 2627 attendere
449 2572 718 2628 nesciunt.
750 2571 886 2626 Nam
901 2571 1118 2641 superbi
1148 2579 1204 2626 et
1231 2573 1354 2626 vani
1381 2573 1481 2627 hoc
1507 2585 1721 2641 semper

127 2663 256 2718 fieri
281 2662 540 2734 gestiunt,
578 2662 720 2717 unde
751 2677 936 2718 rumor
957 2661 1234 2733 popularis
1262 2673 1318 2717 et
1343 2661 1521 2716 inanis
1548 2661 1721 2730 gloria

127 2763 368 2809 crescat.
398 2753 506 2809 Sed
531 2753 840 2824 quicunque
870 2743 1108 2808 timorati
1135 2763 1284 2818 sunt,
1309 2755 1412 2809 hoc
1434 2754 1610 2823 magis
1636 2752 1725 2808 de-

129 2846 402 2911 siderant,
431 2845 573 2900 unde
597 2845 682 2900 vel
708 2845 958 2915 purgatio
978 2853 1326 2916 peccatorum
1352 2845 1467 2911 flat,
1490 2854 1544 2900 et
1569 2860 1723 2901 mens

131 2953 167 2991 ιι
205 2937 456 3007 superbia
484 2936 819 2993 defendatur.
845 2936 980 2991 Nam
998 2937 1043 2993 si
1070 2935 1332 2991 Martinus
1355 2937 1456 2991 sibi
1481 2937 1720 3007 potentia

1803 1743 1918 1807 'llla
1943 1768 2041 1823 pm
2071 1755 2153 1809 sui
2180 1755 2551 1826 magnitudine
2577 1764 2690 1811 toto
2717 1758 2849 1812 orbe
2876 1758 3166 1824 mirabilis;
3199 1757 3311 1825 illa,
3349 1769 3408 1815 ut

1824 1845 1902 1900 ita
1933 1846 2131 1924 dicam,
2160 1848 2386 1917 probata
2433 1848 2622 1919 signis.
2663 1847 2802 1916 Quin
2857 1851 3036 1920 potius
3081 1851 3408 1906 credendum

1821 1941 1925 1999 est,
1952 1935 2096 2005 quod
2126 1935 2218 1990 illa
2244 1937 2362 2007 ejus
2391 1938 2658 2003 charitas,
2687 1953 2809 2007 quae
2839 1953 3054 2007 semper
3089 1939 3252 1994 etiam
3279 1953 3409 2010 erga

1819 2022 1938 2093 ejus
1981 2024 2205 2080 aemulos
2244 2040 2515 2097 propensa
2561 2034 2617 2082 et
2663 2027 2902 2082 benefica
2949 2027 3082 2092 fuit,
3129 2029 3204 2081 ita
3260 2025 3410 2082 illum

1818 2114 2082 2185 adegerit,
2116 2123 2176 2168 ut
2219 2117 2322 2171 hoc
2369 2131 2401 2170 a
2452 2116 2680 2172 Domino
2731 2117 3068 2188 impetraret.
3099 2117 3233 2173 Nam
3276 2133 3411 2189 quo-

1821 2205 2070 2261 rumdarn
2101 2215 2436 2272 sanctorum,
2464 2206 2556 2276 qui
2583 2217 2744 2261 causa
2769 2207 2998 2261 aliorum
3027 2206 3271 2276 injuriari
3297 2222 3413 2261 ma-

1821 2295 2055 2362 luerunt,
2081 2296 2224 2355 facta
2251 2297 2692 2363 consrderantes;
2724 2297 2779 2352 in
2806 2299 2946 2354 hanc
2971 2299 3279 2370 opinionem
3302 2313 3412 2354 non

1823 2389 1921 2444 abs
1949 2403 2009 2444 re
2032 2389 2298 2445 venimus.
2330 2388 2608 2458 Siquidem
2631 2388 2841 2458 Moyses
2867 2391 3093 2460 rogabat
3125 2389 3410 2444 Dominum

1825 2479 1996 2533 Deum
2026 2493 2208 2545 suum,
2241 2487 2302 2534 ut
2330 2494 2527 2535 noxam
2557 2478 2756 2550 populo
2781 2479 3113 2546 dimitteret;
3145 2480 3228 2536 sin
3255 2478 3410 2545 alias,

1825 2571 2032 2626 deleret
2057 2587 2181 2627 eum
2208 2573 2276 2628 de
2305 2572 2445 2628 libro
2474 2573 2617 2627 vitaa.
2649 2571 2818 2626 David
2841 2585 3056 2641 quoque
3097 2571 3287 2626 videns
3316 2585 3413 2624 an-

1822 2661 2000 2734 gelum
2016 2663 2311 2718 cazdentem
2328 2663 2604 2733 populum,
2625 2662 2907 2734 postulatu
2953 2676 3117 2732 super
3149 2675 3208 2717 se
3235 2672 3290 2717 et
3317 2661 3412 2716 do-

1830 2769 1976 2808 mum
2007 2755 2176 2825 patris
2224 2755 2308 2809 sui
2361 2755 2573 2826 gladius
2619 2762 2884 2809 vertatur.
2910 2754 3013 2820 Qui
3039 2763 3097 2808 ct
3128 2751 3412 2808 interfecto

1825 2841 2088 2912 patricida
2119 2841 2230 2897 filio
2254 2841 2492 2913 lugebat,
2524 2842 2711 2898 dicens
2740 2859 2754 2896 :
2786 2841 2916 2908 Qui:
2945 2842 3073 2895 mihi
3101 2841 3210 2908 det,
3237 2850 3294 2894 ut
3321 2857 3413 2911 ego

1826 2933 2026 2986 moriar
2056 2949 2150 3002 pro
2178 2942 2245 2998 te,
2277 2933 2356 3002 ﬁli
2375 2934 2399 2986 Ρ
2437 2931 2541 3002 (11-
2562 2932 2684 3003 Reg.
2717 2948 2874 2997 xvttt,
2912 2931 3028 3001 22.)
3058 2930 3163 2988 Sed
3187 2940 3242 2987 et
3264 2930 3418 2986 εἱειε-

131 3033 398 3080 consueta
412 3023 681 3080 flammam
695 3025 1012 3096 depulisset,
1035 3027 1222 3096 utique
1237 3026 1368 3082 ultio
1385 3027 1622 3096 peccatis
1635 3027 1722 3082 de—
1751 3036 1795 3096 ο
1828 3023 1966 3079 mias
1986 3039 2110 3078 cum
2136 3040 2201 3080 ex
2228 3039 2322 3079 ore
2367 3024 2462 3078 Dei
2503 3024 2759 3094 populum
2789 3025 2840 3078 in
2871 3021 3166 3094 Egyptum
3193 3023 3416 3078 descen-

134 3118 253 3172 bita
269 3125 594 3182 restaret,et
627 3117 873 3188 impietas
895 3117 1048 3187 quasi
1066 3117 1327 3188 impunita
1341 3118 1480 3173 forte
1506 3133 1723 3175 succre-

134 3215 340 3262 sceret.
369 3205 476 3266 Sin
489 3215 665 3262 autem
683 3221 745 3261 ex
773 3207 875 3262 hoc
902 3206 1044 3275 quod
1061 3216 1248 3262 sancto
1264 3208 1489 3263 cuilibet
1511 3208 1563 3262 in
1593 3224 1725 3278 pra:-

137 3295 287 3350 senti
314 3296 531 3362 accidit,
553 3295 724 3351 virtus
749 3294 866 3364 ejus
888 3297 1163 3366 pensanda
1183 3307 1287 3364 est,
1299 3295 1412 3367 jam
1437 3313 1544 3351 non
1564 3314 1722 3366 unus,

135 3385 238 3440 sed
277 3397 466 3441 onutes
501 3385 703 3453 sancti;
737 3400 843 3440 non
899 3386 1220 3454 mediocres,
1264 3387 1357 3441 sed
1391 3387 1586 3442 summi
1633 3389 1728 3443 de-

136 3479 598 3533 honestabuntur.

215 3567 446 3622 Sanctus
468 3583 700 3636 namque
736 3567 1058 3625 Benedictus
1087 3567 1476 3625 monasterium
1498 3565 1730 3625 aedifica-

133 3666 329 3722 verat,
361 3658 608 3728 religiose
638 3658 884 3714 videlicet
925 3675 988 3715 ac
1016 3661 1135 3730 pie,
1179 3661 1321 3716 sicut
1357 3662 1543 3730 utique
1568 3661 1729 3715 bene-

135 3750 342 3804 dictus.
367 3747 465 3803 Cui
497 3759 674 3804 tamen
701 3750 997 3805 revelatum
1022 3761 1126 3816 est,
1150 3751 1293 3821 quod
1319 3752 1562 3806 hostibus
1589 3759 1732 3807 esset

136 3840 327 3894 divino
343 3839 548 3908 judicio
571 3840 923 3904 tradendum;
956 3841 1060 3896 hoc
1087 3841 1189 3895 sibi
1222 3850 1426 3895 tantum
1449 3855 1728 3906 concesso,

137 3945 216 3984 ne
245 3929 497 3999 qurelibet
518 3945 584 3984 ex
619 3929 903 3984 animabus
941 3930 1162 4000 periret.
1192 3930 1387 3986 Parum
1432 3946 1561 3986 sane
1589 3931 1731 3985 dixe-

136 4020 252 4073 rint
299 4018 442 4087 quod
499 4027 555 4072 et
608 4019 950 4083 forinsecus,
1005 4029 1060 4074 et
1125 4018 1420 4075 confessori
1487 4020 1732 4089 quamvis

141 4123 346 4179 magno
387 4109 665 4164 acciderit.
734 4109 840 4165 Sed
893 4111 1080 4166 credo
1112 4126 1217 4166 non
1274 4127 1468 4182 parum
1500 4121 1558 4167 et
1601 4111 1732 4166 insi-

139 4201 303 4269 piens“
329 4201 587 4267 censebit,
612 4201 753 4270 quod
787 4201 1129 4271 supradictus
1154 4202 1393 4271 Baptista
1424 4211 1615 4271 potens
1643 4201 1733 4256 ille

139 4290 200 4342 in
257 4289 565 4354 miraculis,
595 4297 751 4344 utero
795 4288 1072 4344 Christum
1121 4289 1406 4346 Dominum
1460 4293 1729 4356 sentiens,

1825 3115 1954 3170 dere
1988 3115 2320 3186 prohiberet,
2346 3122 2401 3170 et
2441 3115 2530 3170 ille
2570 3122 2960 3180 contemneret,
3010 3128 3111 3169 nec
3161 3113 3241 3168 sic
3291 3128 3416 3168 eum

1826 3205 2078 3262 deserere
2120 3207 2326 3277 potuit,
2357 3207 2451 3262 sed
2495 3220 2616 3262 cum
2660 3207 2777 3276 ipso
2815 3205 3012 3277 populo
3056 3205 3354 3273 descendit,
3383 3219 3416 3260 a

1827 3309 1932 3365 quo
1958 3305 2015 3351 et
2059 3296 2379 3352 interfectus
2415 3305 2516 3351 est.
2569 3295 2768 3351 Paulus
2801 3297 2967 3351 etiam
3001 3297 3278 3366 apostolus
3315 3310 3412 3350 vas

1827 3387 2107 3443 electionis
2134 3396 2286 3457 optat
2334 3387 2622 3448 anathema
2669 3400 2791 3442 esse
2832 3401 2931 3457 pro
2975 3385 3233 3442 fratribus
3272 3386 3406 3441 suis.

1829 3476 1974 3532 Sane
2011 3476 2317 3547 Stephanus
2340 3492 2501 3532 orare
2529 3493 2634 3533 non
2664 3487 2894 3547 poterat,
2926 3485 2986 3531 ut
3014 3493 3111 3548 pro
3153 3461 3417 3546 lapidato-

1830 3569 1979 3623 ribus
2011 3577 2336 3634 moreretur,
2367 3568 2622 3636 quoniam
2663 3566 2765 3636 ipsi
2807 3567 2951 3621 hunc
2980 3567 3034 3620 in
3053 3574 3304 3622 .mortem
3331 3580 3420 3619 ιιι·-

1830 3654 2028 3730 gebant
2053 3673 2068 3711 :
2094 3670 2258 3714 unum
2289 3664 2468 3712 tamen
2495 3655 2574 3713 eis
2595 3654 2737 3727 quod
2765 3662 3045 3726 supererat
3064 3653 3414 3724 impendens:

1833 3747 1917 3801 Ne
1941 3757 2166 3814 statuas,
2201 3748 2399 3816 inquit,
2430 3746 2536 3800 illis
2563 3747 2660 3800 hoc
2698 3758 2969 3815 peccatum
2988 3745 3139 3816 (Act.
3162 3757 3235 3796 v11
3257 3782 3270 3807 ,
3302 3740 3418 3812 55).

1834 3841 1940 3898 Sed
1989 3843 2118 3913 quid
2163 3843 2229 3898 de
2274 3843 2447 3898 servis
2488 3841 2754 3904 dicimus,
2811 3836 3258 3910 quandoquide‘m'
3303 3836 3420 3906 ipse

1835 3933 2093 3987 Dominus
2121 3932 2358 3987 omnium
2387 3947 2487 4002 pro
2513 3930 2712 4001 impiis,
2739 3939 2800 3984 ut
2827 3930 2903 3985 ait
2937 3929 3242 3998 Apostolus,
3269 3942 3417 3982 mor-

1837 4030 1959 4077 tuus
1986 4031 2088 4077 est.
2128 4021 2280 4076 Unde
2301 4035 2356 4076 et
2388 4022 2651 4092 propheta
2689 4021 2817 4076 dicit
2845 4019 2988 4089 quod
3023 4018 3255 4074 alienum
3282 4033 3421 4088 opus

1834 4113 2152 4183 susceperit,
2190 4121 2249 4166 ut
2273 4113 2475 4168 faceret
2497 4127 2633 4181 opus
2651 4126 2828 4166 suum.
2863 4109 2975 4164 Pati
3005 4109 3169 4176 enim,
3202 4117 3257 4164 et
3290 4109 3419 4164 irri-

1835 4201 1969 4267 deri,
2021 4211 2078 4256 et
2121 4203 2256 4256 mori
2289 4201 2524 4256 alienum
2572 4211 2658 4257 est
2701 4216 2731 4255 a
2784 4201 2939 4256 Deo:
2976 4199 3186 4256 salvare
3214 4209 3419 4267 autem,

1836 4293 1952 4362 ejus
1985 4307 2122 4363 opus
2150 4301 2251 4347 est.
2285 4292 2392 4349 Sed
2439 4293 2570 4348 illud
2616 4293 2758 4363 quod
2817 4292 3052 4349 alienum
3083 4301 3167 4348 est
3215 4309 3246 4348 a
3285 4293 3419 4358 Deo,

139 4378 553 4436 sanctissimam
581 4380 746 4435 vitam
775 4378 999 4446 ducens,
1032 4394 1131 4450 pro
1154 4380 1463 4436 testimonio
1491 4382 1736 4437 veritatis
1767 4372 1814 4432 D
1841 4385 2083 4452 peccanti
2115 4383 2320 4437 homini
2353 4383 2669 4438 debebatur.
2709 4383 2778 4438 Et
2811 4391 2990 4440 tamen
3022 4383 3256 4438 alienutn
3285 4397 3425 4452 opus

141 4470 497 4536 occumbens,
533 4469 620 4525 ille
652 4470 1142 4538 incomparabiliter
1176 4484 1404 4541 magnus
1452 4471 1506 4524 in
1534 4481 1734 4526 semet-

141 4561 292 4629 ipso,
328 4561 430 4616 hoc
469 4560 638 4616 estin
681 4562 795 4616 suis
836 4562 1040 4617 sanctis
1077 4562 1290 4617 ossibus
1339 4561 1462 4616 talia
1490 4562 1732 4630 pertulit.

145 4667 273 4722 qua:
299 4652 571 4723 ingentem
597 4654 944 4711 audientibus
972 4655 1254 4710 horrorem
1281 4656 1567 4711 incutiant.
1599 4655 1733 4712 Nam

147 4752 209 4798 ut
243 4743 502 4800 Eusebius
528 4745 582 4800 in
616 4743 967 4800 Historiarum
997 4745 1134 4802 libro
1161 4760 1214 4800 χι
1243 4755 1459 4810 narrat,
1486 4755 1733 4802 sanctum

144 4833 269 4903 ejus
290 4835 597 4904 sepulcrum
625 4835 765 4904 apud
802 4834 1063 4891 Sebasten
1103 4837 1338 4906 positum
1366 4836 1559 4909 pagani
1603 4851 1729 4890 con-

147 4928 466 4997 fregerunt,
517 4936 650 4982 tunc
698 4940 820 4982 ossa
880 4928 1328 4995 combusserunt,
1387 4944 1509 5000 qua:
1558 4935 1734 4982 terreo

150 5016 350 5084 pulveri
398 5018 843 5082 immiscuerunt,
897 5029 951 5074 et
1006 5018 1078 5072 ita
1126 5033 1223 5089 per
1270 5034 1489 5089 campos
1532 5016 1734 5088 passim

149 5105 528 5175 disperserunt.
589 5103 700 5159 Sed
726 5108 974 5164 monachi
1006 5108 1222 5177 quidam
1270 5108 1731 5179 supervenientes,

148 5195 330 5250 eadem
379 5198 509 5253 hora
571 5195 748 5249 sancti
801 5199 1045 5270 corporis
1099 5198 1302 5256 frustra
1353 5201 1539 5256 divino
1600 5204 1731 5252 nutu

151 5295 351 5354 reperta
375 5288 740 5360 collegerunt.
773 5286 854 5344 Ad
899 5289 1206 5360 sepulcrum
1239 5305 1452 5360 quoque
1493 5289 1733 5346 Domini-

1837 4474 2111 4544 suscepit,
2143 4482 2202 4527 ut
2231 4488 2365 4543 opus
2391 4488 2548 4528 suum
2576 4471 2816 4541 faceret,
2845 4475 2973 4544 quia
3000 4474 3137 4529 mori
3173 4473 3424 4544 dignatus

1835 4571 1941 4628 est,
1971 4572 2033 4618 ut
2081 4572 2258 4617 morte
2304 4562 2497 4630 dignos
2531 4560 2787 4618 salvaret.
2823 4563 3114 4620 Videamus
3143 4572 3322 4616 autem
3352 4575 3420 4614 an

1839 4656 1894 4710 in
1926 4654 2158 4709 Martino
2190 4653 2296 4716 tale
2335 4653 2540 4725 aliquid
2571 4652 2756 4710 fuerit.
2795 4652 2878 4708 An
2911 4669 3018 4710 non
3049 4654 3149 4708 ista
3184 4652 3426 4706 charitas

1837 4744 1984 4800 hunc
2010 4745 2256 4814 urgebat,
2292 4745 2512 4814 quando
2553 4743 2890 4815 chlamydem
2931 4742 3154 4815 pauperi
3199 4739 3426 4795 divisit?

1839 4834 1915 4892 De
1941 4836 2147 4892 duabus
2174 4835 2373 4906 quippe
2419 4834 2616 4892 tunicis
2659 4843 2988 4905 prteceptum
3016 4841 3118 4897 est,
3144 4838 3201 4883 ut
3231 4829 3431 4885 harum

1839 4927 2009 4982 altera
2039 4941 2146 4981 non
2177 4925 2400 4982 habenti
2423 4925 2676 4980 donetur.
2703 4923 2811 4979 Sed
2837 4925 2940 4980 iste
2960 4937 3066 4979 non
3090 4917 3264 4974 solum
3293 4919 3438 4976 Pha-

1840 5019 2092 5075 risaicam
2117 5014 2409 5086 justitiam,
2441 5014 2540 5071 sed
2565 5013 2730 5069 etiam
2759 5014 3127 5072 Christianam
3154 5006 3336 5078 longe
3361 5020 3448 5062 su-

1840 5122 2178 5180 pergressus,
2213 5106 2389 5177 ipsam
2419 5119 2581 5164 unam
2627 5119 2752 5160 cum
2792 5120 2888 5161 sua
2932 5102 3173 5160 nuditate
3200 5102 3459 5166 partitus

1842 5214 1945 5258 est.
1977 5200 2112 5256 Nam
2134 5215 2164 5255 a
2190 5200 2404 5257 latrone
2433 5197 2764 5262 vinculatus,
2794 5213 2854 5254 se
2894 5213 3014 5255 esse
3040 5205 3270 5266 prorsus
3303 5203 3462 5252 asse-

1840 5294 1994 5348 rebat
2021 5303 2296 5352 securum,
2331 5291 2516 5360 illique
2568 5285 2744 5354 magis
2781 5285 2987 5354 dolere,
3027 5280 3121 5354 qui
3152 5279 3466 5341 latrocinia
