3964 5360
541 197 637 265 I39

1507 202 1562 258 S.
1607 202 1857 260 ODONIS
1891 202 2199 266 ABBATIS’
2221 206 2717 269 CLUNIACENSIS
2754 203 2796 271 li
2832 282 2835 285 Α

3689 234 3781 292 740

529 319 715 381 verti,
752 331 852 388 pro
904 330 1034 387 paco
1088 323 1267 370 tamen
1321 313 1460 369 inter
1500 313 1726 370 clericos
1774 315 2097 371 restituenda

2214 337 2522 389 quiescunt,
2535 326 2627 394 qui
2645 327 2894 384 nimirum
2910 319 3012 391 hoc
3027 333 3093 391 de
3119 335 3217 393 illis
3230 341 3467 410 peccatis
3481 346 3781 414 asserimns,

531 408 796 481 proliciSci
820 407 1029 477 longius
1056 422 1159 462 non
1187 404 1465 461 dubitavit.
1494 404 1559 459 Et
1581 412 1708 460 tunc
1731 406 1955 475 quilibet
1978 406 2115 462 alius

486 550 487 553 η
529 504 693 557 etiam
729 510 1021 571 praesentes
1051 506 1261 570 poterat
1290 498 1556 554 oblivisci.
1597 492 1730 553 Nam
1760 500 1947 555 eadem
1985 500 2116 555 cha-

529 595 664 650 ritas
692 593 743 646 in
776 592 902 659 ﬁne,
932 591 1075 662 quod
1105 598 1187 645 est
1215 587 1652 644 decentissimum
1671 627 1686 652 ,
1711 587 1979 660 praecipue
2010 586 2118 653 fer:

528 686 706 748 vebat,
738 683 865 739 cum
890 686 1111 738 caeleste
1140 695 1365 752 regnum
1404 679 1547 750 quod
1575 679 1645 734 ab
1678 678 1901 733 infantia
1941 677 2117 748 suspi-

528 783 767 838 raverat,
799 781 854 828 et
878 772 1097 842 insuper
1120 771 1287 841 ipsam
1319 768 1518 825 Christi
1549 768 1915 839 praesentiam,
1938 767 2115 837 quoad

530 870 645 938 ipse
672 866 851 929 vellet,
879 863 1081 918 differri
1113 862 1216 918 sibi
1258 875 1355 931 pro
1378 874 1562 915 amore
1590 857 1977 927 discipulorum
2008 872 2114 924 non

527 959 833 1015 recusabat.
867 956 948 1010 An
981 955 1189 1010 modica
1231 960 1316 1008 est
1360 952 1448 1006 illa
1488 950 1765 1006 charitas?
1790 950 1891 1003 Atil
1935 949 2113 1004 homi-

528 1068 653 1108 nem
686 1048 903 1122 quando
934 1047 1250 1117 negligeret,
1278 1044 1369 1113 qui
1398 1043 1572 1098 brutis
1601 1041 1763 1096 etiam
1791 1038 2114 1105 animalibus

528 1139 889 1212 compatiendi
919 1137 1168 1194 affectum
1201 1134 1513 1205 frequenter
1538 1132 1797 1188 indulsit?
1818 1129 1972 1186 Unde
1996 1129 2115 1197 qui-

527 1234 676 1299 dam,
695 1231 785 1301 qni
800 1222 1708 1299 Grammaticuscognominabatur,
1725 1235 1897 1291 nuper
1910 1218 2116 1290 garriee

525 1327 639 1389 bat,
660 1322 800 1394 quod
827 1322 877 1375 in
904 1317 1019 1388 ejus
1044 1317 1155 1371 vita
1176 1312 1448 1384 superﬂuo
1476 1312 1706 1382 positum
1730 1310 1801 1364 sit
1819 1309 1885 1363 de
1910 1309 2111 1378 lepore,

525 1436 689 1492 quem
716 1434 746 1472 a
775 1416 999 1472 canibus
1024 1410 1244 1467 exemit.
1272 1407 1377 1463 Sed
1406 1407 1714 1476 quicunque
1742 1403 1876 1459 tales
1904 1418 2109 1483 sumust

524 1513 616 1583 qui
662 1510 865 1565 nullum
908 1519 1078 1577 genus
1131 1498 1623 1557 commendationis
1668 1496 1810 1566 apud
1851 1494 1999 1549 illum
2044 1507 2111 1553 ex

524 1614 707 1660 nostra
729 1599 937 1670 justitia
981 1596 1266 1657 habemus,
1303 1605 1409 1646 non
1440 1589 1560 1659 plus
1593 1586 1747 1641 nobis
1776 1585 1920 1640 aliud
1949 1584 2111 1641 mira-

2217 424 2337 480 qua:
2365 415 2503 484 apud
2527 417 2839 487 Apostolum
2880 437 2978 493 per
3014 426 3196 484 fenum
3244 447 3309 486 ac
3341 436 3604 504 stipulam
3649 438 3785 494 desi-

2217 509 2470 603 gnantur,
2504 520 2607 559 non
2646 506 2712 562 de
2750 507 2855 565 illis
2888 526 3010 582 quae
3036 531 3134 585 per
3164 518 3369 575 ferrum
3398 540 3464 577 ac
3490 524 3778 596 plumbum,

2215 603 2336 692 quae
2364 593 2504 663 ignis
2534 611 2853 655 consumere
2878 617 2983 657 non
3009 615 3207 675 potest.
3231 610 3533 677 Cteterum,’
3557 620 3643 672 cui
3672 593 3784 688 pro;

2215 686 2306 745 sit,
2336 691 2391 737 et
2421 686 2504 739 cui
2535 686 2753 754 officiat,
2784 695 2999 757 noverit
3029 696 3149 763 ille,
3178 703 3273 770 qui
3300 704 3441 757 uitii-1
3471 706 3595 761 sine
3634 686 3780 767 causa

2214 770 2331 825 ﬁeri
2352 776 2636 842 permittit.
2668 777 2834 836 Nobis
2857 782 2988 859 illud
3021 785 3317 857 Scriptura:
3337 786 3780 854 considerandum

2214 866 2298 950 est
2326 861 2466 929 quod
2490 866 2730 945 omnium
2753 884 2976 938 operum
3010 875 3101 931 Dei
3130 877 3331 933 nullam
3352 883 3537 950 possit
3561 885 3783 944 invenire

2215 948 2375 1041 homo
2407 953 2668 1010 rationem
2700 998 2714 1021 ,
2740 960 2832 1013 sed
2857 962 2994 1017 sicut
3027 964 3153 1027 item
3197 948 3469 1041 scriptum
3518 987 3609 1033 est
3631 1016 3649 1041 ,
3675 992 3779 1032 cum

2214 1036 2281 1093 de
2312 1042 2468 1097 nobis
2495 1044 2808 1115 judicatnr,
2856 1068 3138 1123 speramus
3184 1036 3651 1125 misericordiam.
3693 1071 3777 1121 ι’ρ-

2214 1138 2516 1227 rumtamen
2569 1139 2844 1197 memoriae
2888 1157 2995 1205 non
3040 1147 3260 1202 excidat
3299 1155 3451 1227 quod
3501 1173 3632 1212 arca
3670 1159 3770 1217 Dei.

2213 1231 2331 1315 quae
2341 1220 2519 1315 primo
2540 1227 2803 1291 permissa
2831 1240 2915 1285 est
2938 1233 3007 1315 ab
3032 1220 3334 1315 Allopliylis
3349 1220 3651 1310 asportari,
3676 1261 3779 1314 post

2211 1309 2315 1365 hoc
2338 1310 2391 1364 in
2425 1321 2571 1368 tanta
2600 1320 2898 1374 reverentia
2923 1361 2938 1387 ,
2966 1309 3210 1396 tamque
3248 1309 3502 1398 pavenda
3533 1332 3649 1387 suis

2210 1404 2574 1459 reversionem
2618 1405 2820 1475 fuerit,
2860 1422 2917 1466 ιιι
2947 1428 3068 1469 cum
3101 1418 3239 1474 hanc
3260 1422 3460 1492 vulgus
3503 1423 3781 1481 indiscrete

2210 1495 2438 1585 aspexit,
2471 1502 2808 1570 septuaginta
2847 1502 2923 1561 de
2944 1509 3278 1575 senioribus,
3310 1522 3367 1567 et
3392 1515 3783 1585 quinquaginta

2210 1582 2379 1646 millia
2409 1586 2474 1640 tle
2517 1588 2671 1656 plebe
2721 1591 3018 1661 perierunt.
3047 1597 3391 1671 Quapropter
3414 1582 3782 1674 summopere

521 1667 998 1760 culum,vquamvis
1039 1684 1264 1757 grande,
1290 1679 1539 1751 placituri
1561 1673 1927 1750 [placiturum]
1961 1673 2104 1737 vitle—
2134 1667 2179 1726 B
2207 1676 2503 1731 cavendum
2522 1690 2625 1745 est,
2648 1697 2715 1737 ne
2739 1667 3238 1757 domum,quamvis
3265 1667 3509 1750 llammis
3540 1667 3780 1754 traditam

524 1793 650 1840 tur:
679 1782 934 1852 quoniam
959 1779 1006 1833 si
1038 1777 1091 1831 in
1133 1775 1254 1830 aliis
1287 1770 1544 1841 majorem
1573 1766 1890 1838 potentiam,
1918 1765 1970 1819 in
2000 1764 2103 1819 isto

519 1887 701 1934 tamen
746 1881 1012 1931 monstrat
1055 1867 1460 1941 propensiorem
1502 1861 1790 1938 miserendi
1828 1860 2099 1924 affectum.

521 1965 627 2022 Sed
649 1964 779 2035 quid
799 1960 1093 2018 debilitatis
1114 1954 1486 2031 [deliberatis]
1514 1952 1835 2010 animalibus
1851 1952 2099 2017 dicimus,

519 2068 645 2110 cum
674 2052 741 2106 ab
762 2050 892 2120 ipsis
912 2062 1127 2119 quoque
1152 2044 1422 2100 hmreticis
1450 2042 1667 2098 Maximi
1696 2041 1932 2113 gladium
1958 2054 2105 2095 sum-

520 2140 789 2197 moverit?
835 2138 1061 2208 Insuper
1105 2134 1205 2206 ipsi
1259 2132 1554 2197 dicmonio,
1609 2132 1656 2187 si
1711 2131 1779 2186 ab
1823 2122 2100 2185 heminum

520 2231 868 2288 infcstatione
917 2235 1187 2292 cessaret,
1219 2225 1431 2280 veniam
1478 2222 1746 2292 pollicitus
1790 2221 1901 2276 sit?
1948 2220 2100 2288 Quod

518 2324 770 2395 equidem
818 2322 1020 2378 idcirco
1050 2318 1210 2384 dixit,
1250 2325 1311 2371 ut
1336 2315 1596 2386 quosdam
1628 2312 1845 2378 fratres,
1871 2327 2099 2383 quorum

516 2414 649 2468 vitia
689 2413 896 2467 daemon
935 2409 1036 2464 ille
1078 2406 1400 2477 exponebat,
1434 2419 1466 2460 a
1507 2402 1887 2473 deSperatione
1927 2409 2098 2465 retra-

517 2507 692 2562 hcrct.
722 2505 908 2575 Itaque
956 2503 1072 2557 hzec
1118 2508 1172 2557 et
1200 2498 1503 2569 hujusmodi
1537 2497 1641 2552 alia
1669 2494 1988 2559 recolentes,
2020 2493 2099 2547 in-

517 2604 839 2653 cunctanter
867 2594 1159 2657 credimus,
1214 2588 1356 2660 quod
1402 2587 1621 2644 domum
1657 2600 1812 2643 suam
1848 2600 1955 2640 non
2000 2599 2098 2656 pro

517 2687 698 2757 inopia
748 2684 985 2748 virtutis,
1014 2681 1107 2737 sed
1152 2680 1255 2751 pia:
1298 2677 1716 2749 dispensationis
1769 2690 1931 2732 causa
1970 2690 2095 2746 per-

516 2777 730 2834 miserit
752 2775 926 2831 aduri.
959 2773 1018 2828 Si
1044 2771 1304 2843 quaeritur
1330 2784 1451 2840 qua:
1474 2769 1545 2823 sit
1596 2768 1699 2824 ista
1731 2766 2059 2836 dispensatio
2079 2805 2094 2829 ,

516 2867 622 2922 hoc
642 2867 835 2921 iterum
868 2863 1034 2919 menti
1063 2860 1322 2925 occurrit,
1356 2859 1498 2929 quod
1528 2857 1623 2923 illi,
1655 2857 1748 2926 qui
1775 2857 1829 2911 in
1854 2855 2092 2926 ejusdem

515 2958 709 3013 domus
748 2954 1150 3013 constructione
1190 2951 1395 3021 pridem
1436 2950 1834 3015 laboraverant,
1867 2948 1998 3004 nihil
2028 2949 2095 3004 de

2207 1762 2431 1831 quilibet
2450 1773 2897 1835 contemnendam
2925 1784 3098 1847 putet,
3127 1782 3253 1851 quia
3278 1782 3409 1840 licet
3434 1790 3779 1859 paupercula,

2209 1858 2532 1922 tempestate,
2554 1860 2841 1919 commissa
2870 1863 3137 1933 videatur,
3165 1878 3221 1925 et
3246 1873 3336 1927 cui
3379 1858 3652 1933 Dominus
3703 1878 3775 1933 fa-

2206 1942 2344 1999 ciem
2373 1960 2525 2007 suam
2554 1966 2843 2023 parumper
2869 1954 3250 2028 absconderit,
3293 1972 3487 2025 tamen
3528 1968 3584 2021 in
3627 1971 3781 2024 mise-

2206 2035 2533 2115 rationibus.
2556 2042 2738 2099 multis
2769 2045 3137 2105 consolabitur
3179 2066 3300 2107 eam
3329 2094 3344 2118 ,
3392 2065 3457 2109 ut
3483 2060 3778 2114 secundum

2206 2126 2607 2217 multitudinem
2650 2132 2897 2191 dolorum
2940 2134 3056 2205 ejus
3079 2178 3095 2204 ,
3127 2142 3537 2200 consolationes
3573 2161 3781 2217 quoque

2205 2215 2475 2307 letiﬁcent
2497 2234 2639 2276 eam.
2670 2220 2903 2289 Quzestio
2922 2241 3072 2291 sane,
3097 2243 3215 2297 qua:
3258 2216 3387 2287 illos
3414 2247 3600 2289 movet
3625 2278 3645 2299 ,

2204 2306 2408 2374 dicunt,
2438 2325 2537 2366 cur
2562 2311 2619 2395 in
2642 2327 2707 2389 eo
2730 2314 2851 2371 loco
2874 2317 2962 2371 ubi
2993 2317 3111 2387 plus
3137 2321 3300 2388 bona,
3326 2331 3382 2378 et
3412 2327 3608 2387 minus
3642 2306 3779 2381 mala

2203 2397 2358 2466 fiunt,
2389 2401 2521 2457 ultio
2542 2403 2875 2474 frequentius
2894 2411 3063 2476 secvit,
3093 2413 3330 2473 amultis
3351 2430 3499 2485 sazpe
3525 2406 3781 2474 ventilata

2202 2497 2304 2553 est,
2334 2491 2427 2545 sed
2448 2507 2478 2545 a
2510 2493 2656 2550 nullo
2682 2496 2899 2574 penitus
2925 2501 3191 2570 exposita.
3221 2502 3357 2558 Nam
3379 2488 3603 2575 quando
3628 2510 3780 2565 malis

2201 2580 2339 2636 bene
2362 2591 2467 2648 est,
2495 2593 2551 2640 et
2582 2586 2738 2643 bonis
2759 2589 2915 2655 male,
2940 2592 3008 2647 ob
3031 2593 3393 2659 hocfortasse
3420 2598 3480 2651 tit
3505 2639 3522 2663 ,
3560 2582 3775 2655 utbuaa

2200 2672 2325 2759 mali
2352 2678 2636 2747 praesentia
2662 2693 2781 2751 quae
2806 2682 3028 2749 cupiunt
3070 2686 3415 2755 percipiant,
3447 2698 3505 2743 et
3548 2693 3775 2759 perenni

2203 2758 2455 2819 felicitate
2507 2766 2862 2823 excludantur
2912 2759 2946 2824 :‘
2981 2772 3104 2827 boui
3153 2791 3283 2831 vero
3331 2778 3426 2846 qui
3460 2758 3561 2833 hic,
3595 2780 3780 2837 felices

2190 2866 2320 2919 esse
2370 2869 2474 2909 non
2523 2866 2746 2929 curant,
2796 2871 3016 2931 propter
3057 2867 3300 2934 quaedam
3347 2881 3577 2938 peccata
3608 2912 3624 2936 ,
3666 2873 3781 2927 sine

2200 2941 2392 3009 quibus
2416 2945 2553 3000 banc
2577 2946 2741 3021 vitam
2768 2950 2962 3021 ducere
2976 2965 3274 3022 nequeunt,
3300 2957 3392 3013 hic
3418 2958 3775 3028 ﬂagelleutur,

516 3063 612 3103 sua
643 3046 890 3102 mercede
927 3041 1596 3115 perdiderunt,quoniam,
1624 3040 1726 3097 etsi
1756 3056 1891 3111 opus
1912 3039 2094 3110 periit,
2124 3011 2167 3071 (ἶ
2201 3041 2261 3086 ut
2288 3028 2536 3103 post‘boc
2560 3015 2832 3095 mansuris
2856 3011 3080 3113 gaudiis.
3102 3011 3438 3102 inserantur.
3696 3011 3771 3106 in:

514 3137 590 3209 pii
620 3149 797 3192 tamen
830 3134 1011 3204 operis
1048 3146 1257 3187 merces
1284 3139 1482 3196 restat;
1512 3131 1656 3186 sicut
1681 3145 1860 3187 sermo
1887 3130 2097 3185 divinus

513 3230 834 3301 quibusdam
859 3227 948 3297 pie
974 3221 1343 3293 laborantibus
1370 3229 1679 3286 asseverat,
1721 3221 1911 3276 dicens
1936 3238 1948 3273 :
1977 3217 2096 3277 Erit

512 3333 708 3374 merces
729 3317 869 3387 operi
896 3328 1063 3369 vestro
1095 3310 1178 3382 (II
1211 3309 1343 3364 Par.
1380 3325 1506 3371 xxv,
1536 3310 1612 3382 7).
1651 3310 1790 3376 Quin
1839 3309 2018 3380 potius
2048 3308 2091 3387 si

513 3431 620 3489 qua
673 3416 734 3468 at
770 3406 902 3470 levis
941 3405 1119 3482 culpa,
1163 3399 1315 3480 quod
1353 3398 1663 3478 irai-,ticnter
1697 3400 1776 3464 tit,
1809 3399 1862 3452 in
1906 3398 2090 3452 eodem

513 3510 701 3565 labore
731 3521 791 3563 se
833 3505 1236 3568 immiscuerat,
1285 3501 1557 3557 credimus
1585 3501 1725 3554 hanc
1756 3506 1875 3547 csse
1894 3503 2093 3563 purga-

513 3612 646 3658 tam.
690 3600 852 3656 Nam.
881 3599 935 3653 in
964 3597 1096 3667 ipsis
1142 3594 1301 3651 bonis
1339 3593 1592 3664 operibus
1638 3599 1731 3646 aut
1779 3605 1878 3660 per
1902 3588 2091 3643 elatio-

510 3710 670 3760 nem,
703 3701 798 3748 aut
850 3705 947 3763 per
987 3698 1227 3760 teporem
1286 3699 1428 3755 saepe
1481 3683 1736 3739 delictum
1765 3696 1886 3737 sese
1919 3678 2092 3734 immi-

513 3795 650 3843 scet.
698 3783 769 3839 Et
825 3782 1029 3837 idcirco
1086 3777 1347 3848 iubentur
1396 3775 1706 3831 sacerdotes
1776 3770 2091 3827 holocausta

512 3890 610 3931 sua
659 3873 876 3935 Lvare,
916 3868 1165 3925 videlicet
1210 3874 1273 3920 ut
1316 3864 1370 3919 in
1419 3865 1535 3934 ipso
1582 3863 1723 3917 bono
1751 3874 1912 3930 opere
1939 3861 2088 3929 quis-

513 3981 618 4037 que
682 3966 905 4027 timeat,
979 3968 1035 4015 et
1080 3958 1227 4014 velut
1272 3956 1503 4012 hostiam
1553 3955 1769 4016 lavans,
1825 3952 2089 4022 lacrymas

514 4054 722 4110 fundat.
773 4053 869 4108 Est
911 4062 966 4106 et
1013 4049 1118 4105 alia
1168 4045 1584 4117 dispensationis
1629 4058 1809 4099 causa.
1844 4041 2089 4112 Plerique

513 4149 659 4204 enim
700 4155 756 4202 et
795 4159 896 4216 pro
937 4142 1133 4213 injuria
1180 4138 1352 4197 sancti
1403 4137 1500 4192 viri
1536 4136 1798 4201 dolendo,
1823 4144 1879 4189 et
1904 4134 1969 4188 ad
1997 4150 2085 4189 re-

517 4238 913 4294 staurationem
974 4233 1253 4295 locorum,
1314 4240 1560 4285 sanctum
1624 4227 1861 4283 studium
1890 4268 1905 4292 ,
1973 4227 2085 4282 sive

513 4342 604 4383 res
640 4340 769 4381 suas
804 4323 1202 4394 impertientes,
1241 4318 1462 4383 cmleste
1502 4318 1603 4375 sibi
1643 4318 1917 4389 premium
1961 4327 2086 4372 sunt

511 4416 757 4474 mercati.
802 4413 904 4482 Qui
947 4413 1188 4477 scilicet,
1225 4411 1273 4467 si
1312 4410 1531 4467 basilica
1573 4411 1628 4465 in
1658 4425 1757 4465 suo
1783 4416 1922 4464 statu
1958 4423 2083 4479 per-

512 4508 763 4572 sisteret,
794 4504 929 4561 nihil
958 4504 1063 4559 tale
1092 4503 1365 4565 fecissent,
1398 4503 1495 4558 sed
1538 4502 1762 4572 picturis
1788 4500 2081 4555 inhiantes

512 4599 655 4656 forte
702 4598 967 4654 risissent.
1018 4595 1209 4650 Adhuc
1235 4595 1378 4649 enim
1407 4592 1580 4662 majus
1604 4633 1619 4660 ,
1653 4594 1697 4650 si
1729 4609 1833 4649 non
1880 4603 2083 4650 temere

511 4690 764 4755 dixerim,
777 4703 873 4757 per
891 4688 994 4742 hoc
1006 4682 1224 4742 evenire
1243 4682 1580 4740 confidimus.
1606 4683 1739 4740 Nam
1753 4684 1821 4740 de
1846 4685 2082 4755 peccatis

510 4783 642 4848 illis,
663 4780 858 4850 quibus
885 4778 1223 4849 exigentibus
1249 4776 1301 4830 id
1325 4784 1504 4831 actum
1534 4785 1637 4842 est,
1671 4777 1716 4831 si
1734 4777 1989 4847 deinceps
2010 4777 2080 4832 ab

509 4874 581 4928 iis
602 4880 867 4928 cessatum
893 4869 1083 4933 fuerit,
1118 4866 1498 4938 indulgentiam
1546 4882 1826 4935 speramus
1854 4867 2040 4923 venire
2061 4907 2075 4932 ,

513 4963 638 5031 quia
671 4963 809 5017 Deus
847 4966 953 5016 non
985 4957 1240 5027 dijudicat
1268 4959 1352 5019 bis
1396 4958 1448 5011 in
1499 4958 1751 5026 idipsum.
1797 4956 1865 5010 Et
1892 4971 2079 5011 verum

514 5060 597 5096 ml
616 5052 742 5096 illud
769 5050 869 5096 Job
890 5040 1118 5096 dir-antis
1144 5066 1156 5096 :
1181 5048 1286 5096 Diti
1316 5047 1535 5096 amicta:
1560 5046 1738 5096 fuerit.
1763 5046 1860 5096 erit
1886 5045 1943 5096 in
1963 5044 2079 5096 alo-

2198 3122 2507 3180 tlill'erenter
2529 3136 2585 3182 et
2612 3129 2765 3185 bonis
2790 3132 2944 3197 bene,
2975 3142 3030 3189 et
3054 3136 3211 3191 malis
3246 3139 3390 3193 male
3411 3151 3497 3195 est
3519 3159 3535 3208 ;
3568 3151 3622 3197 et
3648 3155 3772 3199 tunc

2196 3227 2408 3282 quoque
2422 3218 2565 3289 nesci
2575 3228 2658 3273 tur
2670 3229 2849 3275 utrum
2871 3212 3024 3278 bonis
3044 3241 3143 3295 pro
3169 3233 3617 3288 remuneratione
3634 3235 3770 3290 bona

2198 3303 2513 3373 reddantur,
2543 3317 2598 3391 et
2622 3311 2776 3381 malis
2803 3313 2944 3368 mala
2972 3301 3029 3369 ut
3048 3318 3419 3387 corrigantur.
3452 3322 3565 3378 Cur
3594 3338 3768 3382 autem

2193 3394 2312 3451 hinc
2341 3399 2575 3456 varietas
2592 3405 2876 3471 proveniat
2901 3407 3219 3464 mortalibus
3244 3411 3530 3469 incertum
3573 3425 3677 3471 est.
3710 3418 3770 3471 Et

2193 3489 2291 3549 hac
2319 3501 2402 3544 est
2427 3495 2722 3575 pessimum
2746 3536 2760 3562 .
2794 3507 2950 3564 utait
2977 3498 3362 3575 Ecclesiastes,
3400 3508 3555 3570 it.tcr
3595 3512 3768 3570 enim:

2191 3606 2312 3661 quae
2342 3592 2477 3651 (lunt
2529 3597 2631 3652 sub
2667 3595 2804 3663 sole,
2828 3600 2972 3668 quod
2991 3602 3179 3657 eadem
3213 3606 3435 3663 cunctis
3478 3624 3634 3679 aeque
3664 3626 3773 3665 cre-

2192 3683 2367 3749 niant,
2393 3682 2540 3755 justo
2567 3696 2623 3741 et
2649 3686 2845 3757 impio,
2873 3688 3016 3757 bono
3045 3699 3099 3747 et
3121 3692 3286 3749 malo.
3337 3694 3452 3751 Sed
3472 3737 3491 3763 ,
3539 3709 3603 3753 ut
3626 3700 3773 3770 mulo

2191 3775 2436 3843 superius
2456 3777 2930 3845 pnemisi,omnia
2973 3783 3029 3836 in
3056 3781 3297 3838 futurum
3346 3800 3652 3845 servantur
3695 3792 3771 3845 iu-

2191 3875 2357 3920 certa.
2408 3866 2640 3923 Maxime
2693 3878 2872 3925 tamen
2917 3871 2971 3927 in
3014 3873 3122 3929 hoc
3162 3877 3554 3946 ingemiscitur
3580 3921 3598 3946 ,
3635 3883 3773 3951 quod

2191 3954 2337 4025 impii
2367 3957 2680 4026 prievalent,
2703 3968 2759 4013 et
2788 3960 3102 4019 innocentes
3126 3964 3468 4037 aﬂliguntur.
3510 3972 3665 4038 Unde
3692 3984 3772 4028 est

2189 4045 2319 4101 illud
2363 4045 2610 4103 let-emite
2658 4066 2672 4104 :
2718 4048 2896 4115 Quare
2938 4054 3022 4107 via
3068 4054 3352 4125 impiorum
3397 4073 3771 4133 prosper-utr;

2188 4138 2313 4193 bene
2352 4149 2424 4194 est
2446 4141 2683 4196 omnibus
2702 4145 2793 4213 qui
2815 4148 3245 4217 praevaricaretur,
3287 4160 3337 4205 el
3366 4153 3554 4225 inique
3579 4156 3775 4226 egw!

2188 4228 2322 4298 (λεν.
2356 4245 2453 4294 χιι,
2488 4231 2563 4303 1.)
2621 4230 2749 4286 Item
2779 4232 3033 4291 Habacuc
3082 4255 3096 4291 :
3129 4237 3343 4304 Quare,
3402 4243 3589 4314 inquit
3610 4286 3626 4311 ,
3666 4246 3768 4300 De-

2115 4351 2162 4415 D
2187 4319 2347 4387 mine,
2370 4338 2490 4415 non
2515 4321 2726 4415 respicis
2740 4340 2895 4397 super
2913 4326 3087 4397 inique
3106 4340 3338 4399 agentes,
3368 4343 3419 4386 et
3450 4345 3597 4389 lares
3622 4337 3773 4390 dao-

2187 4419 2336 4467 rante
2361 4414 2520 4482 impio
2558 4414 2977 4483 juuiaremse.’
3009 4416 3235 4489 (Hebae.
3265 4436 3309 4488 ι,
3356 4422 3478 4493 15.)
3512 4424 3616 4491 Qui
3639 4441 3771 4481 voce

2186 4502 2559 4560 suﬂ'erentium
2586 4508 2923 4577 prtemiserat
2960 4527 2975 4562 :
3009 4507 3305 4581 Usquequo,
3340 4512 3608 4582 Domine,
3636 4518 3772 4572 uoci-

2168 4597 2393 4667 .ferabor
2421 4600 2491 4653 ad
2519 4611 2590 4665 te,
2625 4601 2729 4654 vim
2755 4601 2989 4670 patiens,
3018 4613 3065 4656 et
3109 4619 3213 4658 non
3239 4604 3519 4660 salvebis?
3538 4607 3769 4677 (Beier.

2183 4703 2224 4752 ι,
2273 4688 2356 4759 2.)
2398 4688 2512 4743 Hoc
2556 4689 2722 4759 igitur
2764 4691 2997 4746 maxime
3040 4693 3373 4759 conturbat,
3423 4698 3574 4763 quod
3606 4697 3772 4765 iustis

2182 4777 2349 4831 multa
2372 4779 2716 4848 proveniant,
2744 4788 2805 4833 ut
2828 4782 3088 4851 scriptum
3106 4791 3211 4849 est,
3250 4786 3412 4853 quasi
3448 4800 3624 4855 opera
3648 4802 3771 4857 ege-

2189 4872 2300 4926 rint
2320 4872 2625 4940 impiorutn,
2641 4881 2696 4927 et
2708 4873 2854 4943 impii
2875 4874 2984 4928 sint
2994 4874 3192 4941 securi,
3205 4876 3359 4944 quasi
3374 4875 3773 4933 habeanthcta

2179 4961 2472 5031 justorum.
2505 4963 2611 5019 Sed
2638 4964 2829 5019 altiora
2854 4973 2905 5018 te
2930 4980 2997 5020 ne
3016 4965 3320 5034 quaesieris,
3341 4975 3400 5020 et
3425 4967 3483 5021 in
3507 4968 3774 5037 operibus

2160 5084 2169 5095 ι
2187 5055 2280 5096 “ni
2309 5071 2414 5096 nnn
2438 5056 2514 5096 eis:
2535 5056 2779 5096 pair-imm:
2817 5055 3009 5096 Mullnc
3031 5057 3174 5096 anim
3201 5056 3566 5096 crinnlnnlnvir
3596 5060 3774 5096 caeni-
