3964 5360
153 204 248 262 Ήι

1387 207 1752 262 SERMOMSS
1790 208 2046 275 QUINQIJ
2060 208 2120 261 Ε.

3295 217 3400 274 743

152 320 389 389 intelligit
445 320 842 376 misericordias
889 323 1146 379 Domini?
1206 324 1345 379 Dicit
1391 325 1715 393 Apostolus:
1748 329 1795 385 Α
1825 337 2037 390 semper
2095 321 2195 374 sub
2263 323 2442 376 divino
2489 321 2693 390 judicio
2750 324 2999 380 timentes
3029 365 3042 392 ,
3097 327 3400 388 nullatenus

150 409 357 481 Oquam
375 414 737 467 inscrutabiles
762 417 855 468 vim
879 415 1310 487 Domini?(Rom.
1341 433 1417 478 χι,
1448 416 1561 485 35.)
1588 415 1719 469 Uni-

145 518 303 556 versis
339 515 514 557 autem
574 506 672 558 via!
731 505 938 560 Domini
981 509 1364 572 misericordia,
1435 518 1482 562 et
1530 510 1717 562 veritas

145 587 313 658 (Psal.
344 608 492 657 xxiv,
526 593 635 663 10).
671 593 817 659 Quas
843 595 982 648 idem
1010 597 1296 666 Apostolus
1329 612 1447 651 cum
1472 611 1719 666 perscru-

143 681 246 734 tari
268 683 544 747 vetuisset,
578 683 712 736 dixit
735 701 746 736 :
770 683 813 736 Ο
843 686 1020 750 homo,
1053 693 1108 738 tu
1130 687 1217 755 qui
1244 703 1298 740 es
1325 687 1414 755 qui
1444 687 1716 756 respondes

143 767 249 822 Deo
265 771 290 823 .9
314 769 486 838 (Rom.
509 787 584 833 ix,
608 770 724 840 20.)
753 772 920 825 llomo
947 789 1178 843 namque
1202 783 1425 828 vocatur
1443 774 1509 829 ab
1533 776 1713 840 humo,

141 861 282 928 quod
309 876 503 916 nomen
535 863 602 916 ad
647 862 748 916 hoc
780 863 1102 933 interposuit
1169 875 1223 919 ut
1257 867 1308 919 in
1334 866 1449 934 ipso
1497 881 1592 921 suo
1621 882 1716 921 no-

140 952 280 1007 mine
309 962 596 1023 cognoscat
623 952 784 1007 homo
813 955 955 1022 quod
1005 956 1074 1009 ad
1102 955 1193 1010 Dei
1240 955 1441 1024 judicia
1469 973 1714 1025 perscru-

142 1046 301 1098 tanda
339 1057 680 1114 nequaquam
707 1044 930 1098 idoneus
956 1044 1046 1098 sit.
1081 1045 1137 1100 Si
1177 1061 1328 1116 ergo,
1360 1047 1434 1100 ait
1460 1048 1714 1118 Augusti~

138 1149 261 1197 nus,
314 1148 418 1187 non
453 1132 536 1187 vis
580 1147 784 1198 errare,
836 1150 932 1188 cur
972 1135 1067 1199 ita,
1096 1136 1180 1189 vel
1228 1153 1330 1190 non
1363 1138 1432 1191 ita
1484 1139 1571 1203 sit,
1604 1139 1710 1193 noli

138 1227 426 1282 discutere.
458 1229 522 1282 Et
546 1229 670 1283 item
720 1229 1012 1301 Gregorius
1043 1231 1129 1285 ille
1175 1232 1532 1301 dnlciloquus.
1567 1233 1708 1288 Nihil

136 1319 350 1374 evenire
376 1329 574 1388 potest,
600 1336 705 1376 non
731 1323 872 1390 quod
899 1323 1036 1378 Deus
1065 1333 1156 1376 aut
1188 1323 1356 1376 iratus
1385 1325 1706 1392 permiserit,

135 1418 229 1463 aut
266 1409 506 1478 placatus
557 1410 858 1464 indulserit.
913 1411 1064 1478 Quod
1113 1422 1290 1467 autem
1345 1415 1597 1482 patimur,
1645 1426 1733 1470 eo’

136 1499 252 1567 ipso
265 1498 467 1567 justum
500 1515 617 1554 esse
637 1509 869 1566 constat,
898 1503 1039 1569 quod
1067 1517 1172 1556 non
1202 1503 1271 1558 sit
1302 1518 1404 1557 non
1427 1504 1710 1558 ordinante

135 1589 266 1653 Deo,
317 1589 405 1658 qui
457 1589 590 1644 nihil
646 1598 824 1659 potest
879 1590 1058 1646 facere
1104 1591 1320 1661 injuste.
1373 1591 1467 1647 Vis
1521 1601 1706 1648 autem

1819 409 2011 463 altiora
2072 409 2226 464 nobis
2289 424 2530 478 quaerere
2575 429 2987 481 praesumamus.
3039 414 3193 486 Saepe
3249 421 3396 474 enim

1818 500 2017 553 mentis
2053 510 2253 554 nostrae
2279 503 2424 555 acies
2472 518 2578 571 quo
2607 505 2726 573 plus
2771 521 2994 562 eernere
3026 510 3236 576 nititur,
3267 513 3399 566 obs-

1819 599 2074 654 curatur,
2119 590 2245 658 quia
2301 605 2422 644 cum
2476 591 2778 661 importune
2845 595 2966 664 quis
3018 599 3196 652 radios
3266 600 3399 657 solis

1819 678 2008 747 aspicit
2038 718 2052 742 ,
2081 678 2204 731 inde
2230 678 2363 733 nihil
2387 679 2569 734 videre
2598 683 2956 752 compellitur,
2987 686 3128 740 unde
3154 689 3389 758 amplius

1817 768 2003 822 videre
2030 777 2277 823 conatur.
2311 769 2366 823 Si
2397 780 2575 824 autem
2621 788 2783 841 penes
2805 790 2899 829 vos
2941 776 3080 830 bona
3111 793 3273 848 opera
3305 796 3393 835 su-

1817 859 2207 929 perabundant,
2253 861 2356 914 hoc
2385 870 2538 914 vetus
2564 864 2894 916 consuetudo
2933 874 3037 928 est,
3087 867 3212 935 quia
3254 881 3395 921 sem-

1816 965 1913 1019 per
1938 949 2081 1004 illius
2116 949 2215 1003 loci
2247 950 2432 1004 incoho
2467 951 2674 1005 meritis
2702 952 2842 1006 beati
2873 953 3087 1008 Martini
3118 955 3302 1024 adjuti,
3337 967 3392 1016 et

1815 1041 1932 1111 ipsa
1955 1040 2070 1108 ejus
2100 1041 2422 1096 claritudine
2447 1044 2686 1107 attracti,
2710 1054 3023 1098 conversari
3052 1047 3240 1101 devote
3262 1064 3393 1102 con-

1813 1142 2126 1198 sueverunt,
2159 1134 2415 1202 quoniam
2445 1148 2567 1187 eum
2605 1150 2762 1202 quem
2788 1145 2978 1205 gentes
3019 1137 3181 1191 etiam
3209 1154 3388 1196 remo-

1769 1253 1776 1260 -
1814 1222 1976 1275 tiores
2004 1223 2306 1292 gloriﬁcant
2327 1264 2340 1288 ,
2379 1223 2540 1277 nimis
2577 1224 2796 1292 impium
2823 1233 2905 1278 est
2935 1225 2984 1278 in
3009 1230 3256 1294 praesenti
3296 1230 3394 1283 ha-

1810 1311 1960 1378 bere,
1999 1322 2052 1367 et
2096 1329 2197 1366 non
2253 1314 2338 1381 pie
2389 1328 2450 1366 ac
2500 1325 2811 1368 reverenter
2861 1315 3130 1370 venerari.
3187 1316 3390 1372 Tamen

1811 1403 1923 1470 ipsa
1961 1404 2097 1457 bona
2142 1418 2304 1472 opera
2358 1419 2462 1457 nou
2520 1405 2653 1458 adeo
2697 1421 2828 1473 pura
2879 1414 3021 1467 sunt,
3075 1413 3134 1460 ut
3177 1409 3392 1475 penitus

1809 1496 1980 1566 culpae
2004 1495 2252 1550 sordibus
2281 1507 2523 1550 careant.
2555 1497 2824 1566 Scriptum
2852 1513 3084 1567 namque
3109 1507 3191 1552 est
3221 1517 3232 1550 :
3268 1497 3391 1553 Non

1809 1597 1880 1642 est
1895 1587 2071 1655 justus
2097 1588 2187 1656 qui
2215 1603 2316 1640 non
2347 1598 2518 1656 peccet
2565 1587 2762 1657 (Eccle.
2787 1605 2882 1652 vn,
2932 1589 3045 1658 2|).
3080 1589 3392 1646 Maledicta:

132 1681 549 1751 dispensationis
590 1681 705 1749 ejus
770 1695 1105 1750 nequaquam
1154 1683 1313 1736 vitari
1367 1691 1564 1752 potest,
1614 1684 1706 1742 sed
1741 1667 1780 1723 Β
1809 1679 1974 1732 omnis
1996 1680 2084 1748 qui
2107 1679 2233 1747 facit
2255 1695 2382 1748 opus
2405 1678 2500 1733 Dei
2520 1679 2881 1748 fraudulenter
2905 1681 3035 1752 (Jer.
3062 1699 3250 1747 XLVIII,
3279 1684 3388 1754 l0),

130 1773 274 1826 hanc
327 1773 429 1826 sibi
477 1771 702 1826 multmn
732 1771 968 1842 'levigat,
998 1773 1090 1841 qui
1135 1773 1354 1826 subdito
1379 1773 1561 1828 cordis
1604 1773 1706 1827 hu-

129 1875 281 1916 mero
317 1871 507 1930 sponte
535 1876 654 1914 eam
711 1869 907 1931 portat.
953 1861 1233 1916 Psalmista
1281 1877 1492 1932 quoque
1519 1862 1703 1917 videns

129 1968 320 2020 pacem
349 1963 719 2022 peccatorum,
748 1961 803 2007 et
829 1953 973 2022 quod
1005 1953 1056 2007 in
1090 1954 1273 2009 labore
1299 1955 1576 2009 hominum
1597 1969 1701 2008 non

129 2051 278 2106 sunt,
320 2042 416 2096 sed
463 2042 711 2096 obtinent
758 2043 812 2097 in
857 2043 1052 2099 saeculo
1082 2043 1314 2108 divitias,
1366 2058 1502 2114 pene
1530 2052 1704 2100 motos

123 2139 518 2185 commemorat
538 2147 756 2201 gressus
778 2148 944 2197 suos;
977 2148 1042 2189 eo
1067 2135 1210 2202 quod
1259 2134 1370 2204 ipse
1399 2132 1560 2189 fuerit
1593 2143 1701 2190 tota

122 2222 213 2275 die
234 2221 555 2290 ﬂagellatus,
587 2231 643 2276 et
692 2222 904 2277 illorum
951 2223 1196 2294 impietas
1241 2225 1392 2293 quasi
1434 2241 1502 2278 ex
1548 2225 1703 2292 adipe

118 2309 359 2364 ﬂuxerit.
391 2311 458 2365 Et
495 2311 767 2366 nationem
801 2312 1030 2367 filiorum
1072 2313 1162 2367 Dei
1205 2314 1322 2368 sine
1359 2329 1520 2368 causa
1544 2313 1704 2381 justi-

117 2399 342 2453 ticatam
382 2401 650 2465 crederet,
676 2401 776 2456 nisi
807 2402 861 2456 in
889 2403 1196 2459 novissimis
1223 2404 1503 2474 utriusque
1535 2405 1703 2472 partis

117 2488 498 2546 intellexisset.
543 2489 610 2545 Et
639 2491 740 2548 hoc
761 2492 835 2547 illi
866 2493 1018 2549 labor
1046 2493 1220 2550 fuerat
1251 2513 1263 2548 :
1299 2511 1402 2550 non
1437 2497 1486 2551 in
1516 2505 1704 2566 peten-

113 2580 225 2636 tias
253 2579 487 2645 Domini,
511 2582 612 2637 hoc
640 2591 722 2638 est
753 2585 804 2638 in
851 2599 1062 2641 sacram
1096 2586 1453 2656 Scripturam,
1490 2589 1703 2643 intrans

112 2673 450 2738 addisceret,
473 2675 615 2744 quod
640 2675 843 2730 timenti
871 2676 1036 2732 Deum
1065 2678 1190 2732 bene
1216 2679 1310 2732 erit
1334 2679 1388 2732 in
1417 2680 1696 2734 novissimo

111 2761 312 2829 (Eccli.
344 2780 384 2829 t,
417 2764 525 2833 15).
569 2764 677 2820 Et:
727 2763 812 2819 Va:
856 2767 1014 2836 impio
1049 2769 1102 2822 in
1141 2767 1360 2822 malum.
1411 2767 1700 2824 Retributio

106 2855 254 2907 enim
281 2871 531 2908 manuum
558 2856 672 2925 ejus
718 2857 806 2925 ﬁet
841 2858 890 2910 ei
935 2856 1068 2928 (Isa.
1097 2875 1179 2925 ut,
1210 2859 1319 2928 ll).
1359 2859 1422 2914 Et
1449 2876 1460 2912 ε
1493 2861 1595 2926 Qui
1613 2861 1702 2930 ju-

103 2952 226 2996 stus
249 2943 430 3011 fuerit,
457 2960 560 2997 non
604 2944 789 2998 levabit
813 2955 992 3012 caput,
1040 2955 1312 3000 saturatus
1343 2949 1617 3017 a/jlictione
1652 2959 1700 3003 et

105 3033 331 3086 miseria
365 3032 488 3104 (Job
519 3050 572 3098 x,
602 3034 710 3103 15).
737 3034 842 3100 Qui
890 3045 1066 3090 autem
1109 3037 1298 3106 impius
1337 3036 1517 3105 fuerit,
1561 3037 1700 3092 sicut

104 3124 223 3178 illic
250 3125 617 3194 praemittitur,
662 3141 736 3180 ra:
785 3126 885 3191 illi,
929 3129 1177 3196 quoniam
1217 3129 1389 3198 imago
1423 3145 1602 3183 conm
1631 3134 1699 3183 ad

103 3216 342 3270 nihilum
389 3218 443 3271 in
470 3218 674 3272 civitate
714 3217 811 3272 Dei
854 3219 1214 3288 redigetur_:et
1261 3220 1345 3274 isti
1393 3220 1481 3290 qui
1535 3231 1702 3274 mente

101 3316 236 3361 sunt
259 3309 414 3376 quasi
424 3308 744 3376 jumentum,
761 3325 878 3362 cum
899 3308 1068 3378 gloria
1093 3310 1461 3378 suscipiantur,
1483 3320 1528 3363 et
1551 3299 1700 3363 erunt

103 3411 238 3449 cum
284 3395 395 3450 Deo
435 3395 610 3467 (Psal.
657 3413 826 3461 Lxxtt,
874 3396 990 3467 20).
1029 3397 1287 3464 Quamvis
1335 3411 1464 3466 ergo
1517 3397 1698 3452 dicant

100 3486 353 3551 erronei,
401 3485 653 3556 populum
707 3486 855 3540 illum
903 3487 1144 3552 beatum,
1191 3501 1420 3556 quorum
1452 3486 1543 3540 filii
1575 3496 1702 3542 sunt

98 3573 258 3628 sicut
288 3573 514 3629 novella:
537 3573 898 3644 plantationes
924 3583 978 3630 et
1004 3588 1231 3643 quorum
1260 3574 1409 3643 pueri
1429 3573 1700 3628 exsultant

96 3663 347 3729 lusibus,
379 3665 432 3718 in
456 3679 683 3733 quorum
713 3665 903 3734 plateis
933 3679 1038 3719 nou
1063 3671 1147 3719 est
1181 3662 1386 3719 clamor
1413 3671 1467 3717 et
1492 3675 1700 3719 aeterm

98 3773 236 3825 qua:
284 3757 394 3813 illic
450 3758 728 3813 dicuntur:
786 3757 979 3812 Beatus
1039 3765 1214 3811 tamen
1268 3756 1356 3810 ille
1393 3766 1491 3820 est,
1529 3765 1587 3809 ut
1626 3755 1701 3810 ait

96 3845 421 3908 Psalmista,
459 3845 610 3914 cujus
633 3859 706 3900 est
729 3845 984 3900 Dominus
1015 3843 1150 3898 Deus
1172 3843 1285 3914 ejus
1319 3841 1490 3914 (Psal.
1525 3858 1696 3908 χχχιι,

100 3935 230 4006 {2).
265 3936 334 3990 Et
361 3937 503 3992 sicut
531 3937 633 3992 alia
670 3936 949 4006 Scriptura
990 3935 1159 3991 dicit:
1197 3934 1390 3989 Beatus
1435 3935 1587 3988 homo
1610 3934 1700 4004 qui
1736 4007 1739 4010 Ι

97 4027 408 4096 corripitur
436 4045 471 4082 a
514 4026 738 4081 Domino
793 4027 914 4097 (Job
967 4042 1022 4091 ν,
1053 4026 1165 4095 17),
1213 4025 1378 4080 multa
1429 4024 1534 4078 alia
1575 4031 1700 4080 sunt

91 4116 448 4188 huiusmodi,
499 4119 694 4189 quibus
744 4119 1071 4184 ostenditur,
1121 4118 1264 4188 quod
1317 4118 1433 4172 haec
1471 4115 1698 4187 quaestio

91 4210 547 4280 quamplurimos
593 4218 793 4274 teneat,
847 4218 904 4265 et
949 4210 1091 4280 quod
1134 4207 1443 4279 investigari
1481 4208 1697 4277 quidem

88 4313 219 4356 nan
256 4299 453 4369 possit.
489 4298 594 4354 Sed
627 4309 803 4354 tamen
833 4299 902 4354 ad
927 4299 1088 4354 finem
1112 4299 1389 4368 utriusque
1416 4297 1586 4368 partis
1607 4314 1694 4353 re-

87 4391 444 4444 currendum
498 4390 590 4455 sit,
634 4398 688 4446 et
726 4390 1096 4446 indubitanter
1132 4390 1432 4454 sciendum,
1477 4390 1621 4459 quod
1650 4391 1698 4445 si

76 4482 286 4552 justus
323 4483 411 4548 hic
451 4482 662 4551 recipit,
696 4483 864 4538 multo
906 4483 1078 4554 magis
1113 4482 1308 4552 impius
1349 4490 1404 4538 et
1446 4491 1699 4552 peccator

83 4570 415 4640 recipietin
448 4570 646 4624 futuro.
671 4571 737 4625 Et
787 4571 833 4627 si
865 4585 1007 4626 nunc
1032 4578 1115 4624 est
1137 4570 1374 4640 Babylon
1420 4569 1575 4640 quasi
1602 4585 1697 4624 au-

80 4675 233 4716 reus
266 4659 410 4715 calix
443 4660 720 4716 inebrians
764 4667 1035 4715 amatores
1071 4675 1220 4723 suos,
1248 4660 1431 4714 audiet
1460 4668 1636 4713 tamen
1663 4674 1694 4712 a

78 4750 549 4821 anpcrnojudice
575 4769 588 4804 :
615 4749 882 4816 Quantum
905 4749 959 4803 in
979 4749 1177 4803 deliciis
1199 4749 1319 4818 fuit,
1349 4760 1548 4803 tantum
1575 4750 1696 4802 date

73 4840 136 4893 ei
169 4838 384 4893 luctum
415 4849 464 4894 et
511 4858 584 4895 va:
632 4840 814 4911 (Apoc.
848 4855 1004 4905 xvut,
1061 4840 1134 4910 7).
1182 4838 1514 4894 Hierusalem
1562 4853 1692 4892 vero

73 4945 223 5002 quae
254 4945 405 4984 nunc
447 4938 528 4986 est
570 4928 916 5000 paupercula,
969 4937 1023 4984 et
1057 4937 1376 4998 tempestate
1418 4928 1690 4992 convulsa,

74 5021 294 5076 audiet
319 5021 479 5075 verba
532 5022 674 5076 bona
733 5027 788 5074 et
829 5018 1186 5074 consolatoria
1225 5020 1294 5073 ab
1339 5021 1548 5092 angelo,
1599 5018 1691 5088 qui

71 5123 205 5168 stat
224 5114 379 5169 inter
400 5123 656 5174 mvrteta,
681 5127 803 5166 cum
827 5111 874 5165 ei
891 5112 1086 5166 dixerit
1107 5129 1122 5167 :
1157 5110 1448 5178 Parumper
1475 5113 1692 5166 abscon-

1807 1779 1861 1822 et
1890 1769 2156 1824 desidiose
2183 1769 2424 1825 fraudem
2465 1769 2594 1824 facit
2629 1772 2872 1840 privatus
2903 1787 3055 1826 amor
3078 1813 3092 1838 ,
3121 1773 3384 1828 desidiam

1807 1877 1936 1916 vero
1968 1862 2147 1916 cordis
2176 1869 2383 1931 torpor.
2414 1861 2678 1916 Fraudem
2714 1862 2764 1915 in
2798 1862 2893 1917 Dei
2928 1879 3090 1933 opere
3119 1864 3263 1929 facit,
3294 1865 3386 1934 qui

1805 1966 1903 2018 pro
1933 1967 1996 2006 eo
2027 1950 2234 2005 laudari
2267 1967 2325 2006 se
2357 1953 2524 2021 cupit.
2558 1951 2829 2007 Desidiam
2862 1969 2990 2008 vero
3019 1955 3266 2019 incurrit,
3292 1955 3384 2024 qui

1803 2058 1833 2095 a
1874 2042 2174 2097 devotionis
2213 2041 2425 2097 fervore
2454 2044 2711 2113 tepescit,
2742 2052 2796 2099 et
2829 2059 2964 2114 opus
2994 2043 3191 2099 bonum
3219 2046 3389 2114 magis

1804 2147 1902 2186 usu
1959 2132 2228 2202 exigente,
2281 2149 2444 2204 quam
2487 2133 2774 2189 devotione
2817 2135 3111 2200 excitante,
3158 2136 3384 2204 peragit.

1804 2224 2069 2291 Quoniam
2119 2239 2248 2294 ergo
2299 2224 2469 2293 culpae
2515 2225 2785 2294 surreptio
2839 2225 2928 2278 vix
2981 2225 3032 2278 in
3094 2224 3207 2294 ipsa
3247 2224 3384 2279 bona

1803 2314 2016 2368 act-ioue
2055 2314 2308 2379 vincitur,
2364 2323 2610 2384 superest
2662 2323 2720 2368 ut
2777 2314 2830 2368 in
2883 2314 2996 2384 ipso
3047 2312 3189 2368 bono
3223 2328 3387 2384 opere

1802 2417 2015 2472 semper
2047 2403 2352 2457 timeamus.
2382 2403 2462 2456 An
2494 2403 2628 2458 levis
2650 2411 2832 2457 reatus
2851 2413 2954 2468 est,
2977 2412 3384 2457 sacrosanctum

1802 2492 2114 2563 mysterium
2141 2493 2260 2547 sine
2293 2492 2493 2562 ingenti
2525 2501 2693 2565 metu,
2716 2501 2770 2547 et
2793 2493 3022 2548 sollicita
3051 2491 3377 2552 reverentia,

1801 2591 1856 2636 et
1885 2581 2169 2648 conﬁcere,
2224 2583 2306 2636 vel
2354 2583 2719 2654 participare?
2759 2582 3201 2652 Quandoquidem
3227 2581 3382 2650 juxta

1802 2673 2140 2743 Apostolum,
2174 2674 2263 2742 qui
2288 2675 2389 2729 hoc
2422 2690 2528 2728 non
2553 2675 2834 2739 discernit,
2857 2683 2912 2730 et
2939 2675 3005 2730 ad
3038 2675 3090 2730 id
3115 2674 3382 2744 agendum

1801 2761 2059 2830 probatus
2091 2776 2195 2815 non
2240 2769 2344 2823 est,
2370 2760 2630 2829 judicium
2679 2762 2781 2817 sibi
2813 2763 2997 2817 sumit.
3046 2761 3105 2817 Si
3151 2762 3295 2816 enim
3326 2762 3380 2816 in

1802 2853 2024 2908 exordio
2051 2853 2274 2908 novella:
2294 2853 2723 2910 Christianitatis
2751 2854 2905 2910 multi
2954 2855 3022 2910 ob
3065 2854 3169 2908 hoc
3196 2861 3252 2908 et
3283 2853 3385 2907 im-

1803 2941 2046 3007 becilles,
2091 2951 2148 2998 et
2195 2944 2394 2998 mortui
2445 2953 2602 2999 erant
2652 2959 2917 3016 corpore;
2969 2954 3172 3016 quanto
3213 2943 3383 3014 magis

1805 3047 1968 3096 nunc,
1995 3047 2116 3087 eum
2160 3031 2271 3101 jam
2298 3032 2633 3090 manifestior
2657 3044 2741 3091 est
2779 3050 2940 3091 causa
2961 3077 2976 3099 ,
3007 3037 3202 3091 anima:
3239 3038 3351 3106 peri
3370 3062 3384 3080 -

1803 3119 1982 3174 culum
2016 3121 2343 3177 incurritur?
2367 3123 2435 3179 Ut
2463 3124 2607 3178 enim
2637 3125 2690 3178 in
2720 3125 2882 3180 dictis
2920 3124 3137 3180 Patrum
3177 3127 3384 3184 inveni-

1805 3218 1911 3274 tur,
1941 3211 2142 3266 nullum
2167 3221 2446 3283 peccatum
2471 3221 2574 3278 est,
2599 3230 2698 3285 pro
2719 3230 2826 3285 quo
2855 3222 2966 3270 tam
2990 3216 3304 3287 l'i'equenter
3328 3220 3380 3274 iu

1801 3303 2003 3378 mundo
2037 3303 2389 3360 adversitales
2437 3304 2801 3362 crebrescant.
2844 3307 2927 3363 An
2971 3323 3161 3379 parum
3207 3320 3290 3366 est
3328 3312 3380 3366 in

1801 3389 2098 3464 psalmodia
2131 3409 2253 3447 cum
2285 3395 2396 3450 Deo
2427 3393 2610 3465 loqui?
2653 3396 2720 3451 Et
2745 3397 2927 3452 nescio
2962 3399 3092 3469 quid
3121 3408 3213 3453 aut
3245 3401 3377 3461 vile”.

1805 3490 1898 3536 aut
1941 3483 2103 3536 etiam
2148 3491 2323 3552 turpe,
2372 3481 2489 3538 sine
2518 3485 2699 3540 cordis
2753 3485 3053 3541 retinaculo
3099 3488 3383 3558 cogitare?

1803 3571 2010 3625 Sensus
2040 3571 2200 3636 inest,
2250 3587 2372 3626 cum
2416 3573 2724 3628 hominibus
2768 3587 3080 3630 reverenter
3108 3575 3291 3646 loqui;
3325 3588 3381 3634 et

1801 3679 1928 3719 cura
1965 3664 2116 3718 deest
2144 3664 2334 3719 devote
2375 3665 2484 3719 Deo
2516 3665 2834 3735 supplicare.
2877 3665 3009 3720 Nam
3051 3669 3140 3735 qui
3177 3669 3244 3722 de
3273 3667 3382 3722 for-

1805 3757 1949 3812 mica
1976 3753 2233 3826 loquitur,
2267 3755 2427 3810 habet
2455 3771 2572 3810 eam
2596 3765 2720 3811 tunc
2752 3756 2802 3810 in
2832 3757 3111 3821 memoria,
3143 3766 3195 3812 et
3229 3768 3375 3814 tanta

1801 3864 1908 3914 res,
1960 3857 2020 3903 ut
2059 3856 2163 3914 est,
2208 3862 2330 3902 cum
2371 3847 2481 3902 Deo
2527 3847 2694 3916 loqui,
2733 3862 2855 3902 cum
2895 3847 3064 3916 ipsius
3091 3847 3380 3907 'oblivione

1799 3938 2092 4010 peragitur.
2122 3937 2254 4004 Quis
2302 3937 2571 3992 interdum
2616 3951 2721 3991 non
2771 3937 2968 3992 avertit
2993 3952 3178 3992 aurem
3207 3954 3237 3994 a
3267 3940 3380 3995 cla-

1798 4043 1949 4084 more
1973 4027 2264 4099 pauperis?
2289 4027 2412 4096 quis
2446 4040 2552 4080 non
2579 4025 2837 4081 irascitur
2873 4026 3134 4096 pauperi?
3157 4025 3292 4082 Nam
3321 4037 3380 4086 et

1799 4119 1888 4188 qui
1928 4117 2133 4173 exaltat
2157 4132 2252 4172 cor
2289 4131 2470 4180 suum,
2501 4115 2877 4188 abominabilis
2900 4123 2984 4170 est
3007 4115 3147 4184 apud
3182 4115 3373 4172 Deum.

1799 4207 1931 4274 Quis
1954 4215 2194 4261 nostrum
2215 4204 2483 4260 veraciter
2508 4204 2658 4258 dicat
2681 4204 2910 4259 Domino
2940 4221 2953 4258 :
2991 4202 3111 4258 Non
3132 4216 3207 4259 est
3232 4207 3380 4260 eatul-

1800 4307 1965 4351 tatum
1995 4312 2084 4351 cor
2100 4311 2269 4350 meum
2287 4295 2313 4349 7
2337 4291 2507 4365 (Psal.
2524 4309 2682 4360 cxxx,
2711 4292 2789 4364 1.)
2813 4291 2943 4362 Quis
2967 4293 3140 4365 diligit
3159 4309 3377 4351 omnem

1798 4387 2102 4458 proximum
2137 4394 2392 4453 tanquam
2426 4381 2700 4456 seipsum?
2739 4397 2834 4440 aut
2872 4385 2995 4456 quis
3031 4385 3086 4440 in
3121 4387 3236 4442 solo
3265 4387 3373 4442 Do-

1799 4478 1946 4534 mino
1998 4477 2302 4547 gloriatur?
2355 4475 2463 4532 Nos
2519 4476 2791 4532 interdum
2850 4476 2902 4530 in
2959 4490 3123 4546 opere
3183 4475 3375 4532 textri-

1798 4583 1919 4624 cum
1956 4567 2270 4638 gloriamur,
2302 4581 2424 4621 cum
2459 4567 2718 4636 scriptum
2749 4565 2820 4621 sit
2863 4588 2878 4619 :
2921 4565 3005 4620 Ne
3046 4566 3283 4634 gloriesz
3319 4568 3374 4620 in

1797 4661 1980 4714 vestitu
2012 4675 2239 4729 unquam
2278 4655 2467 4729 (Eccli.
2495 4675 2574 4724 XI,
2603 4658 2678 4729 4).
2710 4659 2776 4713 Ει
2798 4667 2945 4713 certe
2985 4658 3200 4712 Veritas
3239 4655 3371 4710 nihil

1789 4749 1965 4817 jubet,
1997 4763 2101 4803 non
2126 4748 2268 4818 quod
2295 4764 2508 4818 aequum
2537 4757 2592 4804 et
2635 4748 2892 4817 possibile
2921 4748 3010 4802 sit.
3039 4745 3170 4811 Quae
3195 4753 3370 4798 tamen

1797 4841 2008 4896 Veritas
2037 4839 2286 4905 atlirmat,
2316 4842 2441 4909 quia
2466 4851 2642 4908 neque
2664 4853 2803 4892 unus
2825 4853 2983 4908 apex,
3016 4847 3189 4900 neque
3210 4847 3376 4885 uinum

1797 4932 1903 4986 iota
1934 4931 2206 5002 praeteriet
2249 4945 2277 4983 a
2326 4939 2440 4987 tota
2470 4931 2610 5000 lege,
2653 4936 2714 4981 ut
2761 4944 2866 4982 non
2915 4924 3240 4996 requiratur.
3274 4921 3380 4975 Sed

1795 5020 1911 5077 haec
1939 5033 1993 5077 et
2016 5021 2098 5076 his
2137 5018 2335 5074 similia
2378 5019 2543 5076 bonis
2581 5015 2829 5070 accidere
2855 5019 3050 5073 solent.
3083 5009 3387 5063 Pravornm

1799 5111 2252 5180 transgressiones
2292 5114 2467 5168 multo
2508 5109 2786 5181 graviores
2813 5119 2942 5164 sunt
2974 5127 2986 5162 :
3015 5107 3236 5176 gentes.
3270 5113 3394 5167 qua:
