3964 5360
564 250 669 312 7.ιὸ

1543 249 1599 304 S.
1640 248 1886 304 ODONIS
1925 248 2214 303 ABBATIS
2251 247 2747 310 CLUNIACENSIS
2785 246 2827 309 Il

3703 248 3798 320 iu

563 365 762 421 divina.
803 360 1184 418 Feruicatorcs
1230 369 1286 414 et
1339 357 1614 412 adulteros
1659 356 1925 426 judicabit
1971 357 2128 412 Deus.
2160 363 2206 418 Α
2237 357 2315 410 uir
2331 357 2558 425 pollutus
2593 359 2746 415 labiis
2777 378 2870 432 ego
2909 380 3049 426 sunt,
3083 373 3129 419 et
3178 363 3461 422 Dominum
3495 372 3799 428 exercituum

559 457 786 518 Avarus,
811 461 871 507 ut
901 451 1089 507 beatus
1129 449 1423 520 Gregorius
1455 447 1606 511 dicit,
1636 462 1741 500 non
1763 456 1844 501 est
1873 449 2045 502 adhuc
2071 448 2134 501 li-

556 547 658 604 ber
687 563 715 599 a
745 545 893 599 cultu
923 543 1210 598 idolorum.
1257 541 1392 594 Nam
1447 540 1491 594 si
1539 539 1661 608 quis
1707 539 2012 594 fornicator
2046 548 2131 595 est

557 646 887 700 autavarus,
919 641 1012 688 aut
1052 633 1318 696 ebriosus,
1349 646 1470 686 cum
1509 631 1771 701 ejusmodi
1815 645 1913 686 nec
1950 632 2128 687 cibum

557 725 771 796 quidem
819 737 1032 779 sumere
1076 737 1169 776 vas
1215 720 1685 791 electionisjubet.
1713 719 1913 775 Amare
1949 730 2128 776 autem

554 815 830 886 propriam
858 813 1080 881 gloriam
1113 820 1221 866 tam
1261 811 1462 882 grande
1504 819 1784 880 peccatum
1811 817 1916 875 est,
1946 818 2005 864 ut
2034 809 2129 865 Ju-

555 907 653 959 dzci
725 913 946 974 propter
999 904 1100 958 hoc
1147 903 1383 958 maxime
1442 901 1724 971 perfidiam
1776 901 2124 956 incuri-crint.

556 997 850 1062 Quomodo,
874 995 1047 1064 inquit
1074 995 1352 1061 Dominus,
1377 994 1586 1064 potestis
1601 993 1829 1054 credere,
1859 993 2124 1062 propriam

552 1086 773 1154 gloriam
794 1085 1066 1138 amantes?
1088 1085 1270 1153 (Joan.
1295 1084 1395 1148 v,-4
1409 1082 1476 1153 ι.)
1501 1083 1560 1138 Si
1587 1084 1700 1153 quis
1716 1082 1974 1137 violaverit
2000 1090 2128 1135 tem-

549 1173 692 1243 plum
717 1173 834 1241 Dei,
860 1175 1118 1244 disperdet
1151 1174 1300 1228 illum
1329 1174 1469 1229 Deus
1501 1173 1585 1244 (11
1608 1173 1731 1228 Cor.
1757 1191 1840 1240 ut,
1879 1174 1985 1246 17).
2020 1173 2126 1230 Sed

549 1269 796 1335 quamvis
820 1270 922 1324 hoc
943 1269 1009 1325 de
1030 1270 1295 1340 spirituali
1317 1271 1496 1337 domo,
1525 1270 1677 1326 valde
1699 1273 1993 1327 cavendum
2019 1280 2124 1338 est,

549 1375 618 1415 ne
664 1362 784 1430 quis
822 1377 942 1416 eam
987 1360 1150 1418 faciat
1195 1363 1299 1418 nisi
1329 1365 1470 1434 quod
1510 1372 1615 1426 est,
1659 1364 1848 1419 domus
1877 1365 2126 1420 videlicet

546 1453 827 1507 orationis.
863 1453 974 1509 Non
1025 1455 1170 1508 enim
1219 1455 1339 1511 sine
1381 1471 1544 1511 causa
1574 1455 1820 1510 Christus
1865 1456 2124 1512 Dominus

547 1554 641 1594 eos
666 1556 762 1609 per
789 1525 1135 1612 semetipsum
1156 1543 1474 1609 eliminavit,
1500 1545 1593 1599 sed
1617 1544 1670 1597 in
1691 1560 1882 1615 magna
1909 1545 2123 1615 dispen-

544 1633 786 1699 satione,
815 1643 870 1688 et
909 1635 1110 1706 ingenti
1153 1637 1322 1707 ipsius
1350 1637 1430 1692 rei
1463 1637 1877 1692 inculcatiouem
1905 1652 2003 1708 per
2031 1653 2119 1694 se-

2234 446 2340 499 ridi
2368 446 2502 517 (Isa.
2532 464 2604 512 vr,
2659 450 2736 522 5).
2775 450 2878 506 Sed
2906 454 2949 508 si
2977 454 3064 509 ille
3085 455 3176 525 qui
3205 459 3508 527 pr0phetali
3536 461 3688 515 oculo
3711 463 3800 516 Do-

2232 539 2436 592 minum
2460 540 2611 604 vidit,
2642 557 2738 598 sua
2772 543 2908 598 labia
2955 547 3155 614 polluta
3201 565 3320 605 esse
3365 551 3575 618 doluit;
3618 565 3801 621 quanto

2231 631 2403 699 magis
2423 631 2710 686 dolendum
2735 642 2820 689 est
2845 637 3019 700 nobis,
3052 638 3142 706 qui
3170 653 3368 708 corpus
3401 641 3578 710 ipsius
3605 640 3800 696 Domini

2232 720 2370 774 intra
2399 721 2595 790 polluta
2625 724 2762 778 labia
2796 729 3081 794 sumimus,
3109 731 3232 796 etsi,
3263 732 3412 800 quod
3437 734 3606 797 absit,
3648 737 3801 790 mani-

2230 810 2330 865 bus
2378 813 2637 883 sanguine
2665 814 2841 883 plenis
2885 817 3016 872 illud
3063 822 3496 890 eontigerimns?
3535 823 3799 882 Psalmista

2230 900 2368 955 ﬁlios
2391 901 2595 959 alienos
2631 915 2813 973 vocat,
2855 923 3083 977 quorum
3118 926 3180 965 os
3215 911 3463 967 locutum
3489 926 3577 969 cst
3608 918 3800 971 vanita-

2229 999 2357 1046 tem.
2390 993 2542 1060 Quod
2574 997 2618 1051 si
2659 999 2724 1052 de
2752 997 2914 1054 labiis
2951 1009 3058 1055 tam
3094 1001 3283 1073 ingens
3312 1005 3621 1074 periculum
3642 1023 3802 1062 sacro-

2229 1083 2362 1138 colis
2392 1085 2658 1151 imminet,
2688 1101 2891 1158 quanto
2920 1093 3092 1164 magis
3124 1094 3192 1148 de
3221 1096 3484 1151 renibus?
3512 1097 3653 1151 Nam
3679 1102 3801 1170 quol

2228 1173 2356 1228 illud
2390 1176 2687 1245 periculum
2718 1182 2987 1251 prazcipue
3019 1185 3318 1238 cavendum
3350 1188 3444 1250 sit,
3469 1203 3575 1256 per
3603 1189 3706 1244 hoc
3728 1204 3801 1258 ap-

2228 1275 2383 1334 paret
2404 1268 2546 1336 quod
2581 1269 2684 1324 illis
2710 1271 2800 1340 qui
2831 1272 2897 1326 ad
2929 1288 3082 1327 esum
3113 1275 3232 1345 agni
3273 1287 3572 1340 vocantur,
3608 1278 3800 1346 iussum

2225 1366 2308 1410 est
2341 1357 2392 1410 in
2427 1359 2638 1428 primis,
2692 1371 2752 1416 ut
2798 1379 2956 1420 renes
3006 1365 3309 1435 accingam.
3361 1369 3449 1423 Ad
3488 1371 3599 1426 hoc
3654 1373 3800 1426 etiam

2199 1450 2711 1507 commendandum
2758 1454 3052 1511 Zacharias
3100 1457 3168 1512 de
3221 1473 3287 1514 eo
3333 1459 3626 1530 loquitur,
3676 1467 3800 1532 quod

2221 1537 2503 1609 pulchrum
2539 1541 2676 1610 ejus,
2729 1553 2786 1598 et
2830 1545 3126 1614 pretiosum
3179 1546 3298 1618 ejus
3349 1551 3425 1605 sit
3478 1551 3799 1609 frumentum

2223 1636 2277 1682 et
2322 1629 2505 1684 vinum
2557 1633 2862 1702 germinans
2918 1635 3174 1707 virgines.
3237 1638 3478 1694 Nimium
3521 1642 3640 1709 jam
3693 1659 3802 1713 pro-

545 1723 718 1793 ipsum
750 1726 1114 1797 negotiatores
1149 1728 1309 1799 ejecit
1343 1729 1410 1784 de
1449 1728 1668 1799 templo,
1708 1736 1764 1785 et
1802 1745 1907 1784 non
1945 1730 2112 1786 solum

2219 1720 2509 1790 gredimur,
2535 1721 2628 1778 sed
2655 1721 2806 1779 effari
2849 1741 2948 1781 nos
2985 1726 3115 1784 facit
3152 1730 3562 1803 indisciplinata
3592 1746 3649 1790 et
3680 1736 3801 1790 irre-

543 1815 704 1882 alios,
737 1817 832 1872 sed
870 1819 1034 1873 etiam
1061 1819 1226 1890 ipsos,
1259 1819 1352 1890 qui
1389 1819 1666 1875 columbas
1695 1819 1762 1875 ad
1787 1835 1942 1876 usum
1973 1821 2122 1877 holo-

541 1906 714 1960 causti
739 1907 1064 1974 vendebant,
1109 1909 1403 1965 abscedere
1425 1909 1705 1980 praecepit.
1737 1908 2122 1982 Unusquisque

538 1993 968 2066 videatqualiter
998 1997 1080 2052 vel
1108 1996 1310 2054 Christi
1349 2007 1405 2054 et
1435 2007 1745 2054 sanctorum
1775 2002 2120 2071 praesentiam

539 2081 784 2140 honoret.
837 2085 1085 2158 Respicit
1128 2088 1271 2143 enim
1303 2089 1370 2144 de
1399 2089 1536 2145 coelo
1556 2129 1571 2155 ,
1597 2089 1643 2145 si
1674 2098 1759 2146 est
1794 2090 2117 2162 intelligens,

548 2189 642 2235 aut
678 2183 959 2252 requirens
990 2184 1180 2239 Deum.
1210 2184 1278 2239 Et
1307 2183 1586 2256 Scriptura
1614 2185 1692 2239 ait
1725 2202 1738 2239 :
1765 2185 2016 2256 Aceeptus
2045 2197 2119 2242 est

539 2274 648 2343 regi
677 2275 910 2329 minister
933 2275 1228 2346 intelligens
1262 2277 1443 2348 (Prov.
1473 2293 1563 2331 xw
1587 2317 1602 2342 ,
1624 2276 1737 2349 55).
1770 2276 1904 2332 Nam
1947 2279 1991 2333 si
2027 2279 2116 2349 qui

538 2365 763 2421 verbum
786 2368 1020 2423 otiosum
1050 2369 1102 2423 in
1131 2368 1413 2439 quadrivio
1443 2369 1701 2440 loquitur,
1734 2369 1786 2424 in
1819 2369 1906 2426 die
1928 2369 2115 2438 judicii

534 2457 800 2512 rationem
822 2457 1028 2522 reddet,
1051 2467 1255 2530 quanto
1276 2458 1448 2529 magis
1477 2458 1568 2528 qui
1590 2459 1644 2514 in
1667 2459 1783 2530 ipso
1808 2459 1899 2514 Dei
1920 2459 2115 2529 templo

534 2547 893 2603 scurrilitates
945 2550 1109 2604 etiam
1166 2559 1260 2605 aut
1313 2549 1679 2606 detractiones
1727 2551 2116 2606 cornicantur?

532 2636 666 2692 Cum
701 2639 924 2695 vidisset
971 2639 1182 2710 Moyses
1219 2640 1417 2710 ignem,
1451 2639 1768 2696 defecerunt
1825 2641 1877 2696 ei
1927 2643 2110 2716 verba,

530 2741 632 2782 nec
655 2727 887 2784 audebat
914 2729 1202 2799 respicere.
1236 2728 1303 2783 Et
1323 2739 1473 2785 certe
1507 2729 1678 2801 major
1704 2731 1962 2801 majestas
2004 2732 2111 2798 hic,

531 2833 696 2887 quam
728 2818 874 2885 illic;
903 2835 1028 2874 cum
1056 2819 1254 2874 ibidem
1305 2820 1376 2875 sit
1414 2819 1677 2876 habitatio
1706 2821 1799 2875 Dei
1828 2830 1881 2876 et
1904 2821 2115 2892 paradi-

530 2925 624 2966 sus
659 2911 749 2967 ubi
774 2911 1064 2967 audiantur
1086 2926 1283 2967 arcana
1317 2912 1509 2979 verba,
1555 2928 1675 2982 qua:
1717 2927 1823 2968 non
1861 2913 1987 2968 licet
2012 2912 2112 2968 ho-

529 3000 664 3054 mini
694 3000 865 3069 loqui,
895 3001 945 3054 id
979 3009 1084 3068 est,
1114 3000 1219 3057 illis
1244 3001 1443 3072 quibus
1477 3002 1676 3058 dicitur
1709 3019 1722 3056 :
1747 3000 1878 3056 Cum
1901 3004 2004 3058 sint
2032 3005 2113 3058 in-

529 3100 608 3144 ter
634 3107 720 3146 vos
742 3091 883 3146 zelus
911 3101 958 3146 et
985 3094 1265 3159 contentio,
1283 3110 1451 3148 nonne
1466 3094 1699 3148 homines
1720 3095 1884 3148 estis?
1910 3093 1961 3155 (1
1983 3093 2104 3149 Cor.

529 3195 617 3244 tu,
647 3180 724 3251 '5.)
753 3181 848 3236 Vel
870 3181 959 3250 qui
984 3197 1088 3236 non
1117 3182 1357 3238 refrenat
1385 3183 1624 3254 linguam
1672 3198 1848 3250 suam,
1893 3185 1987 3239 sed
2024 3200 2108 3239 se~

529 3269 663 3325 deus
723 3269 961 3340 loquitur
1017 3271 1280 3328 adversus
1342 3271 1565 3328 fratrem
1626 3287 1803 3328 suum.
1855 3274 2111 3329 Videmus

531 3360 793 3430 quosdam
825 3360 918 3432 qui
950 3361 1192 3416 divinum
1237 3363 1555 3433 mysterium
1605 3363 1972 3434 frequentant,
2014 3364 2108 3419 sed

528 3453 668 3508 sicut
689 3453 820 3508 ordo
849 3453 1041 3509 divina:
1078 3454 1354 3510 servitutis
1379 3457 1569 3526 exigit,
1597 3456 1749 3524 prius
1802 3456 1900 3526 ipsi
1953 3456 2112 3512 debe-

530 3550 654 3596 rent
683 3541 800 3597 fieri
842 3543 1192 3610 sacrificium,
1237 3559 1335 3616 per
1356 3560 1452 3600 cor
1494 3545 1703 3600 scilicet
1728 3547 2023 3601 contritum
2052 3554 2107 3600 et

530 3630 894 3686 humiliatum.
926 3631 1179 3704 Alioquin
1219 3634 1517 3689 cavendum
1540 3642 1642 3699 est,
1678 3650 1743 3689 ne
1771 3634 1860 3688 tali
1885 3635 2107 3690 cuilibet

521 3719 736 3774 dicatur
767 3739 779 3772 :
813 3720 1046 3775 Dilectus
1071 3739 1213 3778 meus
1243 3725 1296 3778 in
1319 3724 1473 3778 domo
1501 3740 1615 3778 mea
1639 3723 1836 3778 malum
1864 3736 2104 3794 operatus

523 3820 644 3864 est:
677 3812 908 3881 nunquid
945 3829 1127 3868 carnes
1171 3823 1365 3868 sancta:
1395 3814 1719 3868 mundabunt
1768 3816 1928 3868 eum?
1969 3815 2100 3885 (Jer.

521 3918 561 3957 lt
586 3943 599 3969 ,
629 3903 737 3974 15.)
768 3903 835 3957 Et
872 3904 1001 3958 item
1041 3921 1054 3958 :
1093 3903 1159 3958 In
1194 3914 1334 3958 terra
1370 3915 1669 3959 sanctorum
1716 3907 1888 3978 inique
1927 3909 2100 3978 gessit,

524 4009 629 4047 non
681 3993 867 4048 uidebit
897 3994 1119 4064 gloriam
1158 3995 1368 4050 Domini
1403 3995 1534 4068 (Isa.
1565 4013 1712 4063 xxvr,
1741 3998 1850 4068 10).
1897 3999 1960 4052 Ει
1991 4015 2104 4054 rur-

525 4100 620 4141 sus
647 4103 661 4141 :
693 4085 870 4151 Quare
891 4086 1032 4141 calce
1060 4088 1287 4158 abjicitis
1339 4089 1600 4144 victimam
1656 4091 1867 4144 meam?
1892 4090 1944 4162 (Ι
1957 4090 2096 4162 .Reg.

520 4192 583 4242 ιι,
631 4177 745 4248 29.)
804 4177 958 4245 Quod
1007 4186 1132 4234 tunc
1183 4179 1242 4233 fit
1280 4195 1400 4234 cum
1448 4180 1780 4252 negligenter
1808 4181 2100 4238 Dominicae

521 4282 721 4322 mensa:
778 4269 1134 4324 ministratur.
1185 4269 1339 4326 Unde
1402 4286 1498 4340 per
1550 4272 1715 4327 alium
1784 4261 2099 4344 prOphetam

519 4359 786 4426 queritur,
815 4359 1002 4416 dicens
1041 4361 1306 4418 ministris
1338 4383 1351 4417 :
1390 4363 1492 4420 Vos
1517 4367 1842 4421 contemnitis
1866 4383 2097 4421 mensam
2124 4395 2177 4455 Β

524 4463 717 4513 meam,
743 4458 791 4503 et
812 4465 905 4520 ego
929 4451 1066 4506 dabo
1095 4469 1183 4508 vos
1208 4455 1264 4508 in
1286 4464 1631 4524 contemptum
1659 4457 1878 4528 (Malae.
1908 4475 1944 4525 ι,
1983 4459 2091 4531 12).

519 4536 588 4591 Et
618 4537 745 4593 item
773 4539 908 4595 alias
930 4549 1087 4597 vocat
1110 4556 1206 4598 eos
1237 4543 1510 4615 principes
1538 4544 1894 4603 Sodomorum
1933 4567 1946 4601 :
1979 4548 2094 4616 Quo

520 4628 671 4695 mihi,
706 4629 899 4701 inquit,
928 4631 1317 4689 multitudinem
1341 4636 1670 4691 victimarum
1698 4640 2024 4693 vestrarum?
2049 4649 2094 4694 et

515 4721 634 4790 quis
671 4723 903 4791 quaesivit
929 4724 1027 4778 hoc
1059 4725 1123 4780 de
1164 4726 1406 4781 manibus
1447 4729 1668 4783 vestris?
1704 4728 1826 4784 Non
1859 4731 2093 4800 alferatis

519 4812 658 4866 ul.'ra
693 4814 1013 4883 sacriﬁcium
1059 4816 1281 4886 frustra.
1337 4817 1616 4873 Incensum
1661 4819 1978 4874 abominatio
2019 4830 2094 4876 est

517 4901 665 4954 mihi.
694 4901 1040 4958 Neomeniam
1072 4915 1120 4959 et
1163 4905 1484 4972 Sabbatum,
1524 4917 1572 4962 et
1619 4908 1917 4977 festivitates
1961 4909 2094 4965 alias

518 5005 621 5042 non
643 4990 826 5056 feram.
858 4991 1034 5056 Iniqui
1061 5004 1180 5048 sunt
1203 5006 1360 5050 cretus
1384 4997 1559 5050 vestri.
1585 4994 1853 5051 Kalendas
1877 5008 2092 5056 vestras.

2224 1810 2411 1882 ligiosa
2437 1816 2799 1882 quorumdam
2825 1821 3186 1886 conversatio,
3218 1823 3452 1892 quicum
3487 1839 3594 1880 suo
3620 1827 3801 1883 merito

2223 1902 2337 1958 sint
2371 1904 2513 1959 inter
2526 1914 2780 1963 externos
2805 1911 3184 1980 computandi;
3219 1922 3400 1969 tamen
3420 1918 3578 1984 quasi
3595 1917 3803 1972 interdi-

2222 2003 2369 2049 ctum
2397 1995 2494 2052 Dei
2525 1997 2592 2052 ad
2623 2000 2991 2056 sanetuarium
3017 2004 3320 2061 accedunt:
3349 2007 3670 2079 Quicunque
3691 2051 3707 2074 ,
3738 2013 3802 2064 in-

2221 2086 2358 2156 quit,
2373 2097 2616 2143 externus
2634 2092 2928 2158 accesserit,
2949 2093 3301 2166 morietur(N
3307 2113 3418 2151 um.
3435 2113 3596 2164 xvnt,
3614 2101 3694 2170 7).
3717 2101 3801 2156 [ibi

2221 2186 2398 2232 autem
2418 2187 2512 2232 aut
2537 2178 2672 2245 hzec,
2701 2188 2794 2234 aut
2818 2180 2920 2236 alia
2972 2181 3279 2254 hujusmodi
3313 2196 3590 2256 geruntur
3623 2199 3684 2244 et
3714 2206 3801 2245 ca-

2217 2275 2432 2334 ventur,
2471 2283 2735 2338 supernus
2788 2271 2991 2326 arbiter
3037 2273 3366 2339 considerat,
3438 2285 3664 2332 tacens:
3717 2281 3800 2348 qui

2211 2356 2365 2426 juxta
2394 2359 2608 2413 beatum
2637 2359 2758 2421 Job,
2789 2360 3131 2418 innocentem
3153 2373 3208 2418 et
3237 2365 3466 2435 impium
3498 2372 3799 2428 consumit;

2212 2449 2559 2505 innocentem
2590 2451 2676 2507 hic
2703 2450 2965 2524 afﬂigens,
2996 2453 3218 2525 impium
3251 2457 3302 2510 in
3334 2456 3524 2512 futuro
3554 2462 3800 2528 puniens.

2220 2538 2320 2594 Ubi
2348 2547 2529 2594 autem
2581 2540 2832 2611 impietas
2880 2543 3000 2612 plus
3051 2543 3311 2609 abundat,
3370 2546 3444 2601 ibi
3492 2547 3802 2618 frequenter

2215 2629 2394 2685 minus
2435 2632 2734 2701 increpatio
2781 2632 2965 2687 divina
3013 2633 3202 2697 saevit;
3234 2645 3289 2689 et
3344 2650 3456 2705 quo
3484 2638 3663 2706 pietas
3693 2641 3800 2709 plus

2215 2729 2422 2790 regnat,
2464 2721 2536 2776 ibi
2583 2722 2846 2777 severitas
2894 2721 3074 2777 divina
3122 2723 3242 2792 plus
3303 2725 3598 2784 incumbit.
3656 2729 3801 2796 Quod

2215 2810 2381 2865 isdem
2412 2811 2603 2866 beatus
2641 2808 2744 2866 Job
2791 2814 3103 2880 ostendens,
3131 2816 3236 2870 ait:
3295 2815 3358 2872 Si
3407 2819 3604 2888 impius
3635 2821 3794 2890 (um,

2211 2915 2288 2953 om
2313 2900 2442 2954 mihi
2466 2910 2540 2954 est
2562 2919 2581 2966 ;
2609 2911 2655 2954 et
2691 2902 2736 2955 si
2750 2902 2951 2972 justus,
2982 2919 3087 2957 non
3112 2903 3290 2959 levabo
3317 2918 3498 2975 caput,
3530 2921 3797 2964 saturatas

2213 2990 2485 3060 afﬂictione
2523 3001 2571 3044 et
2617 2993 2823 3047 miseria
2854 2993 2984 3064 (Job
3026 3010 3081 3060 χ,
3127 2994 3259 3065 15).
3317 2997 3526 3067 Impius
3573 3017 3797 3072 namque

2212 3093 2293 3133 va:
2327 3079 2509 3147 habet,
2531 3079 2708 3150 justus
2733 3083 3042 3138 miseriam:
3073 3086 3331 3155 quoniam
3391 3089 3548 3144 illum
3601 3105 3792 3147 eterna

2211 3169 2485 3225 damnatio
2527 3172 2790 3242 sequitur,
2835 3175 3012 3244 justus
3069 3191 3200 3230 vero
3243 3181 3570 3236 trausitorio
3619 3182 3794 3238 dolore

2209 3262 2472 3332 expiatur.
2505 3264 2698 3334 Impius
2723 3276 2884 3335 caput
2906 3267 2994 3322 hic
3022 3267 3181 3334 levat,
3212 3271 3312 3324 sed
3344 3287 3422 3325 va:
3445 3275 3596 3340 quod
3624 3280 3792 3345 sequi-

2209 3359 2316 3416 tur,
2347 3367 2450 3406 nou
2475 3354 2674 3418 evadit,
2699 3356 2826 3424 quia
2851 3357 2976 3411 dum
3006 3356 3145 3411 sein
3189 3358 3568 3428 voluptatibus
3605 3364 3788 3424 elevat.

2206 3439 2482 3510 suppliciis
2539 3444 2887 3513 sequentibus
2931 3446 3142 3517 mergit.
3191 3445 3386 3504 Justus
3451 3467 3589 3507 vero
3641 3467 3788 3524 caput

2208 3528 2388 3584 levare
2411 3547 2515 3586 non
2550 3533 2904 3602 permittitur,
2933 3536 3026 3589 sed
3054 3551 3150 3605 per
3183 3552 3492 3606 miseriam,
3521 3557 3631 3611 qua
3657 3558 3788 3597 nunc

2207 3621 2487 3690 premitur,
2541 3624 2610 3678 ab
2660 3633 2863 3679 aeterno
2931 3626 3196 3695 supplicio
3246 3628 3541 3686 liberatur.
3599 3635 3786 3704 Impius

2205 3726 2353 3782 ergo.
2384 3712 2473 3780 qui
2507 3714 2786 3782 temporali
2813 3712 3023 3785 ﬂagello
3051 3719 3257 3788 expiari
3287 3735 3396 3775 non
3423 3732 3632 3792 potest,
3663 3726 3786 3778 solet

2205 3815 2303 3870 pro
2323 3801 2644 3870 quibusdam
2671 3802 2829 3860 bouis
2854 3805 3107 3875 operibus
3131 3808 3438 3876 quaa‘facit,
3473 3825 3784 3882 praesciam

2204 3897 2613 3966 prosperitatem
2645 3899 2865 3966 habere,
2899 3902 3144 3971 sequenti
3177 3905 3448 3975 supplicio
3483 3911 3790 3979 mancipan-

2204 3985 2322 4039 dus.
2355 3985 2541 4040 Justus
2565 3996 2788 4044 econtra
2837 4000 3059 4060 propter
3098 3994 3346 4062 quaedam
3381 3997 3530 4052 levia
3579 4009 3782 4069 peccata

2202 4076 2486 4144 premitur,
2513 4089 2572 4132 ut
2601 4080 2668 4136 ab
2689 4088 2894 4137 aeterno
2915 4083 3179 4152 supplicio
3202 4085 3497 4144 liberetur.
3529 4091 3664 4146 Cum
3696 4094 3783 4161 igi-

2204 4174 2292 4220 tur
2342 4164 2399 4220 iu
2437 4167 2620 4224 multis
2663 4169 2997 4229 offendamus
3033 4189 3242 4241 omnes,
3288 4193 3399 4234 non
3467 4182 3778 4239 tristendnm

2203 4261 2442 4328 quidem,
2470 4262 2565 4318 sed
2593 4263 2771 4332 potius
2797 4265 3138 4334 gaudendum
3159 4276 3264 4334 est,
3295 4271 3340 4325 si
3363 4273 3618 4341 quolibet
3638 4277 3779 4329 mm

2205 4355 2511 4428 affligimur,
2545 4367 2606 4413 ut
2640 4361 2712 4415 ait
2747 4361 3032 4431 Apostolus
3062 4382 3073 4418 :
3109 4362 3277 4419 Omne
3320 4369 3587 4436 gaudium
3611 4372 3777 4424 exqu

2200 4459 2357 4517 mate,
2389 4451 2582 4521 fratres
2614 4455 2714 4508 mei
2735 4453 2878 4527 (Jac.
2909 4473 2950 4523 ι,
2977 4456 3054 4527 2),
3113 4466 3168 4513 et
3199 4467 3422 4514 caetera.
3460 4462 3617 4530 Quod
3644 4464 3774 4516 enim

2201 4556 2361 4596 omne
2389 4551 2668 4612 peccatum
2714 4546 2990 4614 puniatur,
3037 4546 3135 4602 Job
3165 4551 3503 4606 ostendens:
3541 4553 3774 4615 Verebar,

2200 4631 2398 4700 inquit,
2427 4632 2601 4686 omnia
2632 4648 2810 4702 opera,
2856 4634 3023 4688 sciens
3052 4637 3191 4704 quod
3213 4653 3318 4691 non
3359 4657 3611 4708 parceres
3641 4643 3774 4692 dere-

2198 4719 2453 4790 linquenti
2501 4719 2875 4795 [delinquenti]
2923 4722 3043 4778 (Job
3108 4740 3184 4789 Ix,
3229 4726 3345 4794 28).
3399 4729 3562 4794 Quod
3598 4732 3774 4784 beatas

2198 4810 2493 4882 Gregorius
2517 4827 2794 4882 exponens
2823 4815 2970 4879 dicit,
3012 4815 3139 4886 quia
3166 4814 3427 4872 delictum
3482 4819 3630 4875 Deus
3664 4821 3773 4874 sine

2199 4901 2402 4957 ultione
2425 4919 2528 4958 non
2557 4904 2756 4958 deserit
2780 4922 2795 4970 ;
2825 4914 2919 4960 aut
2937 4906 3078 4961 enim
3106 4907 3217 4976 ipse
3255 4909 3421 4962 homo
3449 4910 3506 4964 iu
3532 4925 3593 4966 se
3612 4911 3775 4980 pumi-

2201 4994 2359 5049 tcndo
2387 4996 2560 5056 punit,
2589 5004 2683 5049 aut
2706 4997 2864 5056 Deus,
2897 5013 3023 5052 cum
3069 4998 3346 5054 hominem
3377 5001 3628 5056 damnat.
3653 5019 3773 5056 cer-
