3964 5360
167 259 283 316 7ί5

1428 256 1795 317 SERMONES
1834 258 2160 328 QUINQUE.

3345 262 3451 319 7&6

166 377 265 432 sed
298 374 494 431 metito
538 372 725 446 prima:
766 374 1226 445 prtevaricatiouis
1276 375 1439 430 etiam
1492 376 1752 447 redempti
1786 380 1831 439 Α
1862 391 1982 431 rum
2020 375 2401 432 miraculorum
2430 376 2721 434 eﬂlraciam
2756 377 2978 444 habeat;
3011 376 3252 435 charitas
3283 394 3412 435 vero
3434 420 3448 443 .

161 470 409 526 abimus.
441 468 679 525 Perculit
705 484 834 540 ergo
860 468 1101 541 ﬂagellis,
1129 482 1409 541 peccatum
1439 472 1605 527 etiam
1634 488 1757 528 cum

164 561 402 623 relaxat,
430 560 684 631 quoniam
711 560 779 615 ab
822 561 1010 617 electis
1038 563 1152 617 suis
1179 578 1321 618 nunc
1364 564 1546 619 studet
1568 580 1761 634 pecca-

163 660 350 705 torum
380 650 623 707 maculas
659 652 960 721 detergere,
1010 669 1145 724 quas
1182 654 1233 708 in
1283 654 1365 709 eis
1402 671 1508 709 non
1565 657 1681 712 vult
1705 658 1757 712 in

161 754 493 814 perpetuum
522 744 726 798 videre.
786 745 908 801 Illos
932 761 1081 812 vero,
1114 746 1310 816 quibus
1348 748 1477 803 dicit
1509 764 1606 819 per
1633 766 1759 819 pro-

161 838 423 903 phetam:
454 835 575 891 Scio
595 838 720 908 quia
746 837 913 893 durus
936 855 989 893 es
1017 849 1094 901 tu,
1123 849 1172 893 et
1205 857 1390 895 nervus
1420 841 1621 910 ferreus
1648 861 1760 898 cer-

161 926 252 979 eia:
294 935 389 980 tua
421 926 576 994 (Isai.
636 944 824 994 xum,
871 929 949 998 ι).
978 930 1046 984 Et
1092 931 1331 985 iterum:
1366 930 1488 985 Non
1536 935 1758 989 mutabit

157 1016 417 1089 .Etliiops
453 1019 638 1089 pellem
664 1038 817 1075 suam
843 1020 977 1091 (Jer.
1000 1039 1121 1085 xui,
1153 1024 1269 1092 25),
1316 1023 1540 1080 dimittit
1566 1042 1758 1083 secun-

160 1105 293 1160 dum
316 1108 586 1163 desideria
617 1111 799 1166 cordis
820 1127 1026 1176 eorum,
1059 1114 1254 1182 quibus
1279 1129 1377 1184 pro
1401 1130 1593 1187 magna
1618 1118 1757 1174 indi-

160 1197 425 1265 gnatione
455 1198 625 1254 dicit:
656 1200 781 1255 lam
815 1218 919 1257 nou
946 1204 1150 1259 irascar
1175 1207 1315 1261 vobis
1347 1207 1504 1278 (lsai.
1535 1225 1645 1274 Liv,
1675 1210 1752 1282 9).

156 1286 228 1341 Et
257 1304 271 1341 :
309 1287 445 1342 Cum
465 1288 593 1358 ﬁlia:
621 1300 805 1345 vestra:
832 1292 1110 1360 [amicam
1133 1295 1356 1365 fuerint,
1385 1314 1490 1354 non
1537 1300 1754 1355 visitabo

155 1395 321 1450 super
356 1396 447 1433 eos
478 1377 622 1450 (Ose.
674 1396 749 1448 tv,
799 1382 910 1453 14).
969 1383 1036 1438 Et
1080 1384 1182 1442 Job
1230 1387 1296 1441 de
1326 1388 1457 1457 ipsis
1500 1406 1515 1442 :
1551 1391 1753 1446 Domus

155 1486 343 1524 eorum
380 1487 581 1525 serum:
601 1482 721 1526 sunt
752 1487 800 1527 et
835 1486 1056 1543 pacatae,
1081 1488 1129 1530 et
1158 1495 1261 1533 non
1288 1480 1435 1549 virga
1464 1480 1563 1535 Dei
1601 1499 1756 1553 super

153 1575 245 1613 eos
288 1558 413 1630 (Job
447 1576 561 1625 ut,
591 1560 668 1632 9).
724 1561 829 1618 Sed
856 1565 988 1633 quid
1031 1568 1112 1621 cis
1173 1576 1344 1623 restat
1399 1571 1750 1642 subjungens,

154 1650 294 1707 dicit
320 1669 334 1705 :
360 1650 503 1706 Deus
527 1654 748 1707 servabit
769 1654 874 1710 illis
897 1656 1151 1722 dolorem,
1179 1670 1227 1713 et
1250 1662 1315 1715 de
1362 1665 1543 1731 lurore
1587 1667 1754 1721 omni-

1864 476 1944 529 ut,
1967 465 2111 535 quod
2139 466 2300 531 absit,
2330 466 2530 523 oblitus
2564 470 2635 523 sit
2671 468 2934 525 misereri.
2972 469 3179 538 Quibus
3207 471 3310 527 hoc
3338 472 3452 540 pri-

1861 570 1949 609 mo
1974 556 2384 626 respondemus,
2433 559 2560 629 quia
2591 558 2761 615 Judaai
2803 577 2910 617 non
2967 570 3115 627 sunt,
3162 578 3264 618 nec
3292 562 3449 632 signa

1859 648 2153 716 quaerendo
2177 648 2461 719 judaizare
2488 651 2707 713 debent.
2742 651 2874 718 Quae
2912 652 3169 710 videlicet
3196 655 3352 725 signa
3386 654 3442 710 in

1858 738 2083 795 exordio
2136 742 2411 797 nascentis
2457 743 2711 799 Ecclesiae
2759 744 2827 798 ad
2874 744 3036 801 {idem
3095 747 3449 801 astruendam

1858 828 2167 884 necessaria
2204 828 2441 886 luerunt.
2471 831 2775 888 Piscatores
2803 849 3040 903 namque
3074 843 3131 889 et
3155 835 3223 890 de
3252 834 3451 891 vilibus

1858 919 2065 975 artibus
2099 923 2381 992 assumpti,
2410 922 2665 979 Cruciﬂxi
2690 924 2946 981 deitatem
2973 926 3365 997 praedicabant,
3394 935 3453 984 et

1857 1007 1961 1064 hoc
1992 1010 2179 1080 utique
2213 1013 2434 1083 superbi
2473 1027 2631 1086 reges
2658 1023 2714 1070 et
2755 1016 3105 1087 magistratus
3136 1020 3292 1074 valde
3313 1018 3450 1075 stul-

1857 1106 1970 1156 tum
2004 1109 2276 1169 putarent,
2308 1119 2415 1159 non
2444 1120 2542 1176 per
2561 1108 2981 1164 admirationem
3008 1108 3286 1180 signorum
3319 1120 3446 1166 tan.
3508 1138 3512 1142 -

1857 1198 1924 1246 tie
1967 1193 2046 1247 rei
2076 1193 2412 1263 majestatem
2450 1199 2674 1255 credere
2713 1209 2992 1271 cogerent.
3030 1202 3167 1259 Cum
3192 1204 3338 1259 enim
3363 1204 3448 1260 vi-

1854 1282 2055 1339 debant
2096 1287 2239 1355 quod
2289 1288 2536 1359 plebeius
2580 1298 2636 1346 et
2664 1291 2908 1348 intimum
2937 1294 3187 1360 sanabat,
3215 1303 3272 1350 et
3300 1311 3448 1351 mor-

1854 1379 2006 1427 tuum
2046 1374 2366 1444 suscitabat,
2429 1379 2574 1449 quod
2624 1396 2726 1436 nec
2772 1381 3071 1452 imperator
3114 1399 3238 1439 eum
3296 1386 3446 1441 omni

1852 1464 2093 1519 exercitu
2132 1480 2255 1531 suo,
2303 1482 2405 1523 nec
2427 1468 2529 1540 ipsi
2558 1471 2845 1539 pontiﬁces
2872 1489 2994 1531 cum
3039 1476 3295 1532 omnibus
3340 1478 3447 1533 diis
3498 1530 3513 1546 ,

1853 1557 1967 1613 suis
2013 1556 2195 1613 facere
2229 1559 2501 1617 ullatenus
2529 1572 2801 1634 poterant,
2852 1569 3141 1638 superbam
3170 1570 3444 1626 cervicem

1856 1650 2044 1705 humili
2064 1650 2265 1707 Christi
2285 1654 2416 1724 jugo
2439 1657 2855 1716 submittebant.
2876 1659 2997 1715 Jam
3012 1677 3142 1719 vero
3165 1679 3286 1720 cum
3307 1665 3446 1721 rele-
3493 1665 3496 1669 ’

150 1742 383 1809 potentis
407 1741 577 1796 bibent
617 1741 805 1815 (lbid.,
851 1746 960 1816 19).
1010 1747 1351 1819 Quapropter
1389 1752 1560 1808 simus
1587 1752 1747 1822 juxta

1855 1749 1980 1795 vata
2018 1742 2193 1811 gratia
2226 1742 2411 1810 justus
2453 1760 2519 1800 ex
2548 1745 2651 1802 ﬁde
2676 1749 2855 1818 potius
2880 1750 3066 1807 vivere
3094 1752 3311 1821 debeat,
3341 1756 3445 1809 mi-

150 1832 511 1891 Psalmistam
541 1838 608 1893 ad
640 1836 845 1906 ﬂagella
878 1839 1078 1908 parati,
1106 1849 1162 1894 et
1211 1841 1319 1896 sint
1370 1844 1526 1898 nobis
1547 1844 1752 1912 judicia

151 1931 279 2000 ejus
303 1932 566 2000 jucunda,
620 1934 897 2003 quoniam,
959 1944 1017 1989 ut
1043 1936 1306 2006 scriptum
1338 1946 1460 1992 est:
1492 1937 1596 2004 Qui
1647 1954 1751 1992 non

151 2035 303 2079 amat
326 2026 614 2095 judicium,
662 2044 778 2087 non.
811 2037 975 2096 potest
1018 2029 1198 2082 sanari
1248 2029 1368 2099 (Job
1414 2046 1599 2093 xxxiv,
1636 2031 1747 2101 17).

150 2117 455 2174 Fit-idcirco
476 2119 632 2189 jubet
657 2119 949 2189 Apostolus
975 2120 1028 2174 in
1058 2119 1403 2176 tribulatione
1450 2121 1665 2192 gloriari
1696 2131 1752 2177 et

146 2209 210 2263 in
238 2210 496 2264 omnibus
526 2210 733 2282 gratias
753 2225 934 2282 agere.
965 2211 1047 2264 An
1074 2227 1179 2265 neu
1211 2211 1398 2268 laudes
1454 2212 1751 2270 referenda:

147 2309 282 2356 sunt
308 2301 377 2356 de
407 2316 494 2364 eo,
521 2303 737 2372 quando
787 2316 886 2356 nos
915 2300 1177 2371 aﬂligcns,
1216 2302 1428 2374 signum
1471 2303 1752 2360 liliationis

145 2391 428 2446 ostendit?
445 2389 731 2462 Flagellct,
757 2392 951 2461 inquit,
978 2410 1181 2447 omnem
1203 2394 1372 2462 ﬁlium
1396 2410 1549 2465 quem
1571 2396 1751 2466 recipit

142 2481 348 2551 (llebr.
387 2498 491 2551 xu,
512 2483 588 2552 6;.
623 2483 870 2555 Magnum
894 2483 1092 2554 quippe
1121 2485 1317 2551 fuerat,
1345 2485 1391 2540 si
1419 2486 1562 2541 servi
1590 2502 1750 2543 voca-

144 2585 370 2631 rentur.
388 2574 659 2647 Magnum,
686 2576 882 2646 inquit,
908 2585 989 2632 est
1006 2578 1101 2632 tibi
1116 2578 1298 2632 vocari
1313 2593 1527 2633 servum
1542 2594 1745 2634 meum.

144 2671 259 2727 Sed
275 2687 467 2741 parum
484 2680 639 2728 estut
654 2673 797 2728 servi
812 2681 1071 2729 vocentur
1084 2687 1205 2727 eum
1227 2688 1325 2728 uec
1352 2673 1511 2728 amici
1529 2673 1747 2742 quidem

141 2762 516 2831 appellentur.
534 2762 666 2817 Nam
681 2762 1161 2833 utpropensiorem
1198 2761 1448 2818 aﬂectum
1463 2778 1590 2834 erga
1613 2761 1749 2818 alni-

140 2863 270 2910 ctos
295 2857 629 2920 ostenderet,
660 2864 757 2909 nos
778 2854 961 2909 divina
1007 2870 1107 2911 vox
1132 2853 1270 2910 lilios
1296 2854 1550 2925 appellat.
1575 2854 1746 2910 Porro

140 2954 334 3001 autem
373 2961 709 3017 qutecunque
744 2947 853 3001 sint
879 2946 966 3001 illa
994 2961 1184 3017 opera,
1208 2962 1330 3017 quae
1366 2947 1494 3002 inibi
1516 2947 1616 3003 sub
1645 2965 1745 3018 pa-

146 3040 390 3096 trocinio
455 3039 598 3095 beati
645 3039 861 3094 Martini
934 3048 1217 3111 geruntur,
1258 3040 1585 3095 credendum
1637 3050 1743 3107 est,

1855 1830 2040 1885 racula
2083 1831 2356 1902 superﬂuo
2404 1846 2741 1904 quaeruntur.
2789 1836 2963 1910 Opera
3003 1842 3230 1913 justitia:
3268 1846 3446 1918 magis

1855 1923 2088 1992 gerenda
2127 1932 2268 1979 sunt.
2326 1926 2477 1981 Multi
2532 1928 2686 2000 signa
2735 1929 3015 2000 fecerunt,
3046 1938 3244 2005 quibus
3269 1939 3442 2009 judex

1856 2015 2025 2070 (licet:
2044 2015 2237 2074 Nescio
2261 2033 2379 2075 vos.
2396 2020 2495 2087 Qui
2513 2023 2731 2091 pietatis
2752 2039 2913 2095 opera
2935 2038 3150 2098 gerunt,
3176 2031 3400 2086 audient
3420 2049 3436 2087 ;

1864 2103 2066 2171 Venite,
2090 2107 2343 2163 benedicti
2373 2113 2539 2181 patris
2567 2116 2668 2169 mei
2699 2114 2916 2185 (Matth.
2949 2134 3077 2185 xxv,
3103 2120 3219 2192 34),
3251 2132 3305 2178 et
3334 2118 3442 2178 (ξωὲ

1856 2204 1991 2251 tera.
2022 2199 2086 2255 Et
2114 2208 2173 2253 ut
2201 2201 2484 2258 veniamus
2507 2204 2575 2259 ad
2601 2205 2745 2261 hunc
2769 2208 3018 2266 eumdem
3047 2212 3265 2267 beatum
3307 2214 3447 2268 Mar-

1855 2291 2048 2357 tinum,
2088 2292 2291 2361 placuit
2338 2295 2403 2349 de
2455 2311 2520 2351 eo
2579 2297 2778 2355 divinae
2819 2301 3237 2372 dispensationi,
3269 2315 3329 2360 ut
3359 2308 3446 2363 vel

1852 2381 2040 2437 vivens
2066 2391 2123 2437 et
2167 2393 2291 2454 post
2318 2384 2527 2441 obitum
2556 2397 2703 2445 tanta
2734 2405 2800 2446 ac
2838 2392 2965 2446 talia
2996 2394 3261 2450 miracula
3288 2412 3446 2469 gere-

1854 2482 1958 2539 ret,
2001 2489 2098 2543 per
2144 2490 2266 2545 quae
2291 2491 2488 2533 nomen
2520 2477 2639 2547 ejus
2685 2489 2741 2535 et
2768 2480 2995 2550 gloriam
3030 2491 3175 2540 totus
3204 2488 3444 2542 mundus

1852 2574 2195 2636 agnosceret.
2248 2566 2402 2623 Unde
2448 2578 2503 2624 et
2528 2571 2729 2641 ubique
2761 2580 2907 2628 tanta
2959 2575 3132 2645 gratia
3180 2578 3443 2647 praeditus

1850 2666 1953 2720 est,
2007 2665 2065 2710 ut
2120 2657 2263 2712 sicut
2307 2658 2373 2713 de
2399 2658 2516 2731 ipso
2568 2662 2850 2729 scribitur,
2901 2680 3008 2720 non
3039 2665 3116 2721 illi
3147 2667 3440 2739 quisquam

1850 2748 2263 2813 monachorum,
2290 2764 2400 2805 non
2421 2759 2572 2807 certe
2594 2751 2971 2824 episcoporum
2994 2757 3265 2827 quispiam
3289 2773 3441 2813 com-

1850 2839 2123 2908 parandus
2151 2840 2223 2895 sit
2254 2858 2268 2892 :
2300 2842 2580 2911 prophetis
2608 2852 2820 2900 tantum
2846 2854 2901 2901 et
2928 2848 3188 2918 apostolis
3212 2863 3443 2905 conser-

1853 2939 1961 2996 tus,
2018 2946 2179 3001 qucm
2225 2932 2333 2987 illis
2377 2947 2474 3004 per
2512 2935 2694 2991 omnia
2743 2937 3086 2994 consimilem
3126 2954 3280 3007 esse,
3334 2941 3441 2998 hoc

1850 3024 2117 3097 Egyptus
2165 3024 2388 3093 fatetur,
2439 3030 2705 3101 comperit
2732 3030 2837 3086 hoc
2864 3031 3057 3099 Indus;
3106 3034 3211 3089 hoc
3258 3031 3441 3105 Syria,

141 3129 296 3196 quod
328 3130 499 3199 ipsius
547 3131 775 3186 obtentu
827 3141 1228 3203 protegantur:
1270 3148 1339 3188 ne
1374 3132 1624 3188 videlicet
1653 3144 1747 3189 aut
1773 3113 1820 3176 ϐ
1852 3117 1953 3172 hoc
1990 3115 2246 3186 Αέιιιῑορε
2272 3117 2498 3185 audivit.
2530 3128 2589 3174 et
2632 3130 2827 3176 caetera
2857 3135 3025 3191 regna
3050 3137 3171 3193 quae
3200 3123 3310 3180 illic
3338 3139 3439 3187 τωο

138 3229 363 3277 mentes
409 3223 752 3291 operantium
805 3221 918 3293 jugi
962 3224 1327 3293 prosperitate
1367 3224 1747 3295 superbientes

141 3311 492 3373 inanescunt,
518 3318 617 3365 aut
656 3311 699 3365 si
730 3327 859 3377 non,
915 3310 1039 3366 lima
1065 3311 1260 3383 ﬂagelli
1292 3312 1539 3379 dimissa,
1568 3315 1748 3370 minus

143 3405 487 3473 iusupremu
509 3405 760 3461 examine
784 3405 1051 3475 exspolita
1071 3405 1431 3475 reperiantur.
1462 3405 1580 3461 Scit
1599 3406 1744 3461 enim

149 3496 246 3552 ille
276 3497 420 3567 quod
447 3512 640 3553 omnes
681 3497 906 3566 justitiae
936 3508 1152 3562 nosti-te,
1192 3498 1346 3567 juxta
1400 3499 1744 3570 prophetam,

138 3590 304 3659 quasi
332 3605 547 3656 pannus
599 3599 949 3646 menstruatee
985 3600 1131 3655 sunt,
1183 3601 1234 3647 et
1264 3592 1407 3660 quod
1436 3591 1549 3661 ipsa
1592 3591 1746 3647 holo-

135 3688 337 3732 causta
365 3679 709 3733 sacerdotum
752 3680 996 3750 indigent
1028 3680 1217 3734 lavari.
1259 3680 1370 3735 [loc
1399 3695 1551 3744 sane,
1601 3682 1745 3750 quod

139 3768 370 3836 quidam
416 3769 706 3834 mirantur,
733 3769 858 3840 quia
891 3770 999 3826 illic
1026 3770 1113 3824 ubi
1151 3770 1270 3841 plus
1297 3770 1574 3825 abundant
1602 3772 1742 3825 mala

138 3874 339 3927 opera,
362 3867 420 3914 et
441 3859 622 3914 minus
645 3861 781 3915 liunt
811 3862 975 3918 bona.
999 3878 1107 3915 non
1129 3861 1265 3917 solet
1289 3861 1591 3916 adversitas
1613 3877 1740 3917 eve-

140 3950 287 4012 nire,
316 3965 424 4004 non
454 3950 685 4016 homini,
717 3953 812 4006 sed
838 3953 949 4017 Deo
978 3953 1077 4009 soli
1103 3961 1289 4007 notum
1312 3961 1414 4008 est.
1451 3952 1656 4007 Tamen
1678 3955 1744 4009 de

141 4041 366 4097 diabolo
410 4051 467 4096 et
489 4041 608 4110 ejus
627 4059 875 4113 corpore,
898 4046 1040 4114 quod
1067 4054 1194 4100 sunt
1217 4046 1455 4115 reprobi,
1479 4046 1741 4117 scriptum

142 4141 256 4195 est,
296 4131 422 4199 quia
487 4131 641 4186 dolus
693 4134 746 4186 in
777 4148 938 4187 manu
989 4133 1106 4202 ejus
1149 4135 1433 4205 dirigitur,
1483 4136 1740 4204 quoniam

143 4222 256 4277 ltoc
280 4223 484 4277 habere
503 4221 697 4278 crebro
720 4223 912 4289 solent,
938 4233 995 4278 ut
1015 4225 1158 4295 quod
1183 4225 1431 4294 nequiter
1454 4232 1739 4294 appetunt,

139 4313 365 4383 explere
393 4315 625 4383 nequius
654 4316 884 4385 possint,
914 4324 970 4371 et
1007 4316 1223 4385 quidem
1262 4330 1516 4386 perversa
1547 4314 1738 4370 volun-

142 4416 264 4462 tate
296 4407 611 4462 tlesiderant
636 4407 957 4476 perversiori
1004 4406 1264 4490 facultate.
1282 4420 1638 4470 consumere,
1679 4415 1739 4461 ut

1796 3231 1801 3237 ’
1851 3216 2129 3274 notantur,
2177 3224 2461 3280 quousque
2507 3210 2873 3283 subjungitur.
2911 3212 3030 3285 Quo
3076 3215 3330 3271 miserior
3356 3226 3445 3273 est

1848 3302 1999 3371 regio
2047 3301 2152 3357 ista
2199 3311 2531 3369 nostrorum,
2587 3318 2709 3374 qua:
2757 3313 2968 3361 tantum
2998 3307 3175 3363 virum
3232 3322 3356 3368 cum
3384 3308 3442 3365 in

1849 3392 2099 3461 proximo
2146 3392 2611 3463 habueritgnosse
2646 3407 2754 3449 non
2786 3396 3004 3450 meruit.
3032 3397 3208 3467 Quam
3244 3398 3437 3453 videli-

1847 3492 1935 3538 cet
1958 3482 2177 3538 Martini
2202 3482 2432 3555 gloriam
2457 3483 2512 3538 in
2549 3483 2908 3556 longinquum
2937 3496 3246 3558 porrectam
3276 3498 3437 3560 poeta

1847 3574 2223 3629 demonstrare
2250 3574 2460 3642 volens,
2481 3579 2559 3633 ait
2590 3593 2605 3633 :

1941 3664 2124 3715 Gallica
2152 3665 2284 3716 ct-lsa
2304 3667 2488 3729 phartts
2502 3669 2815 3733 splendorem
2840 3670 2990 3721 mittit
3010 3669 3069 3720 ad
3099 3669 3259 3721 ludos.

1917 3758 1985 3814 Et
2013 3759 2141 3814 item
2177 3772 2193 3813 :

1938 3848 2002 3900 Et
2022 3862 2119 3913 quo
2143 3849 2358 3901 Christus
2382 3852 2530 3904 habet
2554 3866 2753 3916 nomen,
2781 3854 3020 3904 Martinus
3044 3854 3297 3904 honorem.

1843 3944 1927 3999 An
1963 3959 2071 4001 non
2121 3947 2224 4002 hoc
2253 3955 2585 4003 attestantur
2608 3950 2725 4020 ejus
2750 3948 2954 4013 devoti,
2982 3949 3072 4019 qui
3105 3950 3171 4004 de
3215 3946 3434 4022 longin~

1843 4039 1967 4108 quis
2002 4038 2313 4110 regionibus
2360 4050 2525 4110 atque
2574 4041 2772 4112 linguis
2819 4042 3018 4111 ignotis
3056 4043 3122 4096 ad
3163 4041 3307 4097 hunc
3335 4045 3433 4101 ad-

1845 4130 2071 4185 randum
2094 4129 2367 4185 conﬂuere
2399 4131 2610 4186 solent?
2637 4132 3000 4202 Antiquorum
3029 4148 3159 4189 sane
3192 4134 3429 4203 devotio,

1843 4237 2005 4292 quam
2046 4222 2363 4293 frequenter
2386 4222 2503 4291 ejus
2550 4223 2871 4279 reverentiae
2900 4233 2956 4279 et
2979 4225 3153 4280 amori
3179 4240 3301 4281 sese
3326 4226 3430 4281 iiii-

1844 4312 2112 4381 penderit,
2142 4313 2227 4368 vel
2251 4313 2548 4368 innumerae
2579 4322 2846 4376 testantur
2871 4315 3137 4381 ecclesiae,
3168 4331 3288 4386 qua:
3317 4328 3428 4374 tam

1843 4401 2158 4472 frequenter
2185 4404 2383 4473 ubique
2403 4404 2645 4459 locorum
2670 4405 2721 4460 in
2747 4405 2864 4478 ejus
2893 4408 3114 4462 nomine
3140 4411 3431 4480 reperiun-

143 4506 305 4552 tanto
330 4498 411 4553 eis
448 4498 518 4553 de
563 4468 889 4553 adversitate
940 4499 1074 4553 nihil
1103 4500 1157 4554 in
1189 4479 1437 4569 praesenti
1485 4500 1736 4564 obsistat,
1772 4468 1816 4525 θ
1848 4506 1953 4562 tur,
1998 4506 2058 4553 ut
2085 4511 2246 4552 nemo
2274 4507 2394 4567 post
2439 4497 2532 4554 Dei
2564 4500 2884 4569 genitricem
2919 4509 2975 4556 et
3022 4512 3301 4572 pastorem
3332 4505 3435 4561 Ee~

145 4591 368 4658 quando
403 4590 486 4645 eis
511 4590 564 4644 in
596 4599 872 4659 posterum
904 4589 978 4645 nil
1002 4591 1067 4645 de
1088 4591 1449 4661 prosperitate
1491 4606 1737 4647 remane-

147 4682 252 4735 bit.
298 4679 469 4751 Magis
522 4695 653 4751 ergo
686 4680 1054 4735 necessarium
1099 4690 1204 4746 est,
1255 4682 1536 4751 magisque
1581 4681 1738 4736 nobis

145 4774 468 4844 optandum,
495 4772 547 4825 id
574 4772 825 4841 imperet,
853 4772 904 4826 id
926 4773 1229 4842 provideat,
1253 4775 1396 4843 quod
1436 4775 1501 4829 ad
1523 4775 1735 4829 anima-

148 4880 272 4919 rum
294 4865 542 4936 proficiat
567 4864 820 4927 salutem,
843 4880 1004 4934 quam
1032 4866 1085 4919 id
1115 4867 1258 4936 quod
1290 4865 1451 4922 faciat
1489 4867 1735 4940 plausum

147 4966 207 5012 et
256 4956 694 5011 admirationem.
745 4955 821 5008 llli
862 4971 995 5011 sane
1034 4957 1125 5025 qui
1159 4969 1500 5016 murmurant
1548 4970 1741 5029 quere-

151 5048 327 5086 lanio:
389 5064 487 5086 mw
512 5050 707 5086 Ιιοιιιιις
730 5044 990 5086 Martinnc
1019 5045 1173 5086 cnliln
1202 5046 1303 5086 eihi
1345 5049 1602 5086 miram-lo
1632 5045 1737 5086 iam

1845 4589 2025 4645 clesiie
2063 4587 2280 4645 Petrum
2327 4598 2433 4644 tam
2466 4590 2687 4646 crebras
2714 4590 2919 4647 habere
2949 4593 3220 4651 videatur.
3269 4593 3436 4650 Certe

1844 4695 1969 4739 cum
1991 4679 2126 4735 nihil
2150 4680 2202 4735 in
2231 4689 2280 4735 te
2304 4678 2379 4733 ita
2403 4681 2522 4735 sine
2548 4695 2714 4735 causa
2739 4680 2852 4747 liat,
2873 4681 2979 4736 hoc
3000 4681 3145 4753 quod
3164 4683 3432 4747 omnium,

1845 4781 1905 4825 ut
1950 4772 2022 4827 ita
2076 4770 2330 4833 dixerim,
2370 4771 2525 4833 orbe,
2577 4780 2684 4824 tam
2738 4771 3153 4842 glorilicandus,
3216 4779 3439 4841 tamque

1844 4865 2118 4934 pretiosus
2142 4861 2394 4927 habetur,
2430 4878 2536 4918 non
2564 4876 2693 4917 casu
2726 4862 2949 4929 accidit,
2981 4864 3077 4919 sed
3103 4859 3219 4928 ejus
3241 4860 3445 4918 instin«

1844 4966 1960 5023 ctu,
2010 4954 2101 5025 qui
2151 4954 2219 5008 ad
2262 4968 2577 5012 mensuram
2630 4953 2723 5007 dat
2756 4955 3009 5026 gratiam.
3039 4953 3142 5021 Qui
3184 4962 3452 5011 sanctum

1846 5063 2002 5086 cuum
2028 5059 2423 5084 nennmnmnno
2445 5043 2742 5082 miriﬁnnna
2804 5059 2904 5082 nnn
2924 5047 3027 5080 ιιηη
3048 5041 3190 5080 nnan
3219 5041 3463 5080 ιιηίυηιι-
