3964 5360
527 216 633 274 747

1455 212 1512 266 S.
1552 209 1801 269 ODONIS
1838 210 2129 267 ABBATIS
2167 211 2667 269 CLCNIACE‘NSIS
2705 213 2746 267 ll

3682 209 3777 272 τις

527 332 633 399 Qui
682 334 929 384 sanctum
978 338 1134 378 suum
1198 337 1588 394 usquequaque
1643 324 1962 390 mirilicans,
2004 340 2109 378 non
2142 329 2186 387 Α
2219 325 2398 395 iniqua
2430 327 2592 397 gerit,
2641 343 2745 381 non
2788 327 2991 382 videbit
3041 326 3270 398 gloriam
3308 324 3554 383 Domini.
3594 330 3777 389 Etnoa

529 423 701 477 solum
753 416 1006 489 quazlibct
1039 414 1143 468 alia
1202 414 1488 480 miracula,
1531 414 1624 470 sed
1668 417 1832 470 etiam
1863 425 2109 469 mortuos

530 510 595 564 ad
623 509 739 579 ejus
768 505 994 579 gluriatn
1035 504 1519 558 commendandam
1546 513 1669 574 post
1698 505 1867 574 ipsius
1900 505 2109 559 obitum

527 599 828 657 suscitavit.
861 596 917 653 SI
961 612 1092 668 ergo
1137 596 1457 664 disponente
1482 595 1591 651 Deo
1618 595 1679 651 fit
1708 596 1934 665 aliquid,
1965 597 2108 651 unde

530 690 719 747 eadem
756 688 927 759 gloria
976 688 1222 741 videatur
1275 685 1546 751 iunninui,
1594 686 1978 740 recurrendum
2028 695 2113 741 est

528 784 593 838 ad
635 780 1061 851 magnitudinem
1092 779 1372 842 virtutum,
1405 792 1541 847 quas
1563 777 1854 847 aliquando
1877 778 2111 847 gessisse

528 877 885 950 dignoscitur,
916 884 974 929 ut
1004 873 1186 929 cordis
1230 887 1421 927 navem
1454 872 1607 941 quasi
1630 886 1658 925 a
1687 884 1846 941 prora
1883 871 2110 926 firmiter

525 968 768 1040 ligatam,
790 965 983 1020 ﬂuctus
1015 962 1353 1028 dillidentizn,
1382 962 1472 1032 qui
1506 960 1644 1016 forte
1683 962 1845 1032 puppi
1873 961 2105 1027 illiset-it,

527 1073 869 1129 nequc-quam
898 1046 1071 1129 possit
1092 1071 1121 1110 a
1142 1056 1320 1111 littore
1349 1056 1470 1110 ﬁdei
1498 1055 1825 1111 convellere.
1860 1057 1942 1111 Ad
1970 1057 2109 1111 hanc

527 1149 794 1205 cautelam
831 1148 1049 1203 volebat
1092 1149 1206 1217 ipse
1259 1146 1511 1201 Christus
1559 1147 1821 1201 mundum
1866 1149 2107 1215 erudire,

527 1243 681 1313 quasi
734 1242 1136 1313 significaturus
1179 1257 1290 1296 sua:
1342 1241 1535 1297 mortis
1570 1239 1950 1308 ahjectionem,
1981 1255 2103 1295 cum

524 1336 731 1391 diceret
772 1352 785 1388 :
815 1333 1007 1388 Beatus
1049 1334 1138 1403 qui
1165 1350 1269 1388 non
1295 1333 1454 1403 fuerit
1506 1331 1898 1386 scandalizatus
1928 1334 1981 1384 in
2025 1348 2106 1386 nte

457 1447 474 1463 -
529 1426 747 1496 (Matth.
794 1440 867 1487 ιιι,
898 1424 977 1495 6),
1029 1439 1141 1479 sua:
1164 1426 1419 1495 potentim
1446 1422 1705 1479 miracula
1754 1425 1906 1495 prius
1932 1439 2105 1478 enun-

528 1516 699 1571 tiavit.
748 1516 829 1569 Ad
856 1516 958 1571 hoc
984 1516 1171 1581 etiam,
1209 1530 1331 1569 cum
1357 1514 1634 1583 discipulis
1664 1522 1892 1569 mortem
1950 1529 2105 1568 suam

526 1620 712 1681 aperte
735 1609 964 1673 diceret,
986 1618 1419 1663 resurrecturum
1441 1622 1499 1663 se
1520 1607 1606 1662 die
1623 1607 1777 1662 tertia
1803 1605 2100 1674 subjunxit.

2211 417 2384 472 solum
2408 417 2703 487 quemlibet
2728 427 2997 480 sanctum,
3025 419 3112 474 cui
3156 418 3293 473 forte
3321 420 3475 475 locus
3506 436 3782 476 consecra-

2213 516 2299 561 tus
2324 517 2437 574 est;
2472 508 2566 564 sed
2606 508 2781 577 ipsum
2811 508 2908 564 Dei
2935 509 3208 580 spiritum,
3255 518 3497 565 testante
3520 511 3780 581 Apostolo,

2211 600 2513 659 contristat.
2550 600 2642 670 qui
2681 602 2956 670 peccando
3002 600 3260 671 templum
3288 602 3412 669 ejus
3434 603 3778 656 contaminat.

2210 691 2343 747 Cmn
2386 694 2530 748 enim
2576 694 2645 748 ab
2689 694 2881 749 otiosis
2933 696 3110 750 verbis
3157 705 3212 749 et
3241 695 3589 751 scurrilitate
3619 696 3784 752 fideles

2209 794 2616 853 compesceret,
2647 784 2927 853 subjunxit
2953 803 2966 839 ε
3005 785 3070 839 Et
3103 786 3265 840 nolite
3293 788 3618 841 contristare
3648 788 3784 855 apiri-

2210 885 2319 930 tum
2350 876 2447 931 Dei
2481 876 2698 947 (Ep/tea.
2731 892 2803 941 tv,
2839 878 2949 949 50).
2983 881 3055 932 At
3079 877 3221 947 quod
3267 888 3453 931 vestra
3486 893 3626 947 pace
3651 878 3789 932 dixe-

2211 968 2335 1032 rim,
2360 969 2403 1022 si
2441 968 2495 1023 in
2524 968 2683 1024 istius
2729 968 2910 1022 domui
2940 968 3224 1036 praesentia
3255 967 3575 1022 continuari
3612 967 3783 1028 solem.

2210 1059 2310 1128 ipsi
2342 1059 2535 1115 melius
2577 1060 2770 1114 nostis.
2804 1058 3096 1123 Craterum,
3129 1059 3554 1128 quibuscunqne
3578 1072 3648 1112 ex
3674 1073 3788 1111 cau-

2209 1152 2284 1206 sis
2328 1153 2433 1207 hoc
2475 1151 2757 1216 acciderit,
2814 1166 2921 1206 non
2975 1151 3121 1205 aliud
3166 1150 3505 1221 opinandum
3564 1149 3787 1213 videtur,

2208 1259 2372 1314 quam
2410 1244 2558 1313 quod
2606 1244 2775 1298 isdem
2820 1243 3096 1313 piissimus
3120 1251 3276 1313 pater
3316 1240 3591 1311 ﬂagellant
3616 1244 3716 1298 hoc
3741 1241 3788 1297 in

2209 1349 2363 1390 suam
2410 1334 2628 1389 domum
2685 1335 2891 1405 potius,
2925 1348 3088 1404 quam
3143 1334 3199 1387 in
3248 1332 3499 1388 subditos
3546 1332 3791 1387 maluerit

2203 1424 2431 1494 jaculari
2489 1441 2502 1478 :
2554 1424 2862 1495 exemplum
2909 1424 3161 1479 videlicet
3210 1423 3441 1492 piissimi
3485 1421 3791 1478 Conditoris

2211 1516 2472 1581 imitatus,
2499 1516 2591 1588 qui
2640 1528 2896 1585 peccante
2953 1516 3129 1585 primo
3174 1515 3416 1579 homine,
3450 1529 3560 1569 non
3622 1516 3789 1583 ipsum

2212 1609 2511 1674 maledixit,
2535 1608 2626 1663 sed
2654 1617 2852 1664 terram
2879 1624 3039 1679 quam
3066 1617 3390 1678 operaturus
3426 1615 3567 1661 erat.
3611 1605 3791 1661 Nonne

523 1700 691 1756 Beato
737 1714 949 1770 quoque
989 1698 1182 1764 Petro,
1230 1712 1390 1768 quem
1422 1697 1626 1753 sciebat
1674 1711 1733 1752 se
1762 1705 2098 1768 negaturum,

2212 1718 2275 1758 ex
2311 1703 2426 1771 ipso
2468 1715 2646 1756 rerqu
2697 1699 3056 1755 accidentium
3109 1708 3305 1753 eventu
3358 1706 3609 1767 apparet,
3653 1698 3789 1765 quod

525 1792 676 1862 prius
716 1807 773 1847 se
809 1793 861 1846 in
907 1801 1091 1846 monte
1127 1791 1569 1860 transﬁguratum
1602 1789 1863 1855 ostendit,
1887 1796 1946 1843 ut
1982 1805 2106 1844 cum

523 1902 625 1958 pro
672 1886 910 1941 abitione
970 1885 1163 1940 mortis
1239 1884 1586 1939 dillidentiam
1643 1884 1970 1949 incurreret,
2038 1884 2106 1939 ad

525 1986 802 2033 ostensam
834 1977 1171 2046 majestatem
1219 1989 1531 2040 recurrens,
1578 1975 1745 2029 rohur
1782 1974 1905 2030 fidei
1957 1991 2106 2031 resu-

524 2079 717 2125 meret.
749 2070 854 2123 Sed
900 2070 1041 2123 aliud
1091 2078 1177 2123 est
1204 2069 1377 2123 adhuc
1406 2069 1548 2137 quod
1598 2066 1857 2122 miracula
1889 2082 2106 2124 cessare

524 2162 675 2217 facit.
732 2160 1019 2215 Peccatum
1092 2159 1340 2215 videlicet
1407 2159 1820 2222 incredulitatis,
1884 2173 2106 2230 propter

523 2252 667 2323 quod
704 2251 915 2306 Marcus
943 2251 1271 2322 evangelista
1313 2251 1444 2305 dicit
1472 2251 1538 2305 de
1569 2251 1923 2322 onmipotcnti
1952 2251 2101 2317 Jesa,

524 2342 668 2412 quod
716 2357 820 2397 non
852 2342 1027 2413 potuit
1069 2342 1222 2411 plura
1255 2342 1514 2397 miracula
1563 2342 1746 2398 facere
1780 2343 1834 2398 in
1863 2343 2107 2414 Caphar-

526 2447 689 2486 naum
741 2441 797 2487 ct
842 2432 1130 2497 Corozaiu,
1190 2431 1542 2505 subjungens,
1578 2433 1702 2503 quia
1746 2435 1981 2490 miratus
2020 2444 2106 2491 est

522 2538 687 2592 super
744 2522 1175 2578 incredulitatem
1246 2523 1427 2577 cordis
1480 2538 1688 2578 eorum.
1756 2523 1895 2592 Quid
1949 2540 2101 2597 ergo,

526 2615 774 2686 quisquis
817 2630 900 2679 es,
930 2614 1193 2669 Martinus
1228 2629 1339 2669 non
1382 2613 1507 2668 ideo
1535 2614 1819 2685 gloriosus,
1860 2617 1983 2686 quia
2012 2617 2105 2671 do-

522 2722 646 2761 mus
669 2705 786 2777 ejus
815 2706 976 2760 toties
1003 2705 1403 2776 ignipermissa
1434 2706 1552 2759 est?
1598 2704 1751 2771 Quod
1799 2720 2022 2775 prorsus
2048 2705 2102 2760 in

521 2795 644 2850 aliis
681 2804 993 2851 sanctorum
1025 2796 1158 2850 locis
1208 2795 1520 2865 frequenter
1567 2795 1820 2849 novimus
1864 2796 2100 2861 evenire,

522 2887 664 2942 sicut
684 2888 756 2942 'de
787 2886 877 2941 illa
925 2895 1129 2941 sancta?
1156 2885 1386 2952 legionis
1417 2885 1775 2940 'l‘hebteorum
1806 2886 1966 2940 domo
2010 2902 2103 2939 nu-

522 2992 621 3047 per
641 2977 857 3041 accidit,
903 2993 1024 3047 qua:
1058 2988 1165 3031 tam
1195 2978 1474 3047 eleganter
1525 2986 1836 3031 constructa
1856 2986 1997 3042 erat,
2046 2986 2105 3031 ut

2211 1794 2323 1849 sola
2362 1793 2554 1848 domus
2593 1791 2683 1845 illa
2730 1792 3009 1846 combusta
3039 1798 3141 1854 est,
3185 1788 3534 1843 domunculis
3570 1786 3791 1841 clerico-

2211 1900 2330 1940 rum
2362 1884 2545 1939 illaesis
2568 1897 2665 1953 per
2689 1897 2880 1953 gyrum
2914 1878 3360 1936 remanentibus?
3391 1878 3547 1947 Quod
3579 1878 3624 1933 si
3655 1877 3793 1932 Mar-

2210 1976 2307 2030 tini
2337 1975 2514 2030 virtus
2555 1973 2624 2027 ob
2673 1974 2778 2027 hoc
2806 1972 3073 2025 minorata
3099 1970 3347 2033 videtur,
3386 1970 3503 2039 jam
3544 1985 3655 2024 non
3691 1969 3795 2024 erit

2208 2068 2298 2124 ille
2346 2066 2491 2123 solus
2539 2065 2624 2120 cui
2646 2064 2749 2119 sub
2778 2064 2883 2118 hac
2929 2061 3219 2118 occaSione
3246 2060 3591 2118 deti-actores
3630 2058 3794 2115 .nsul-

2207 2167 2343 2214 tent.
2393 2157 2499 2212 Sed
2527 2157 2691 2211 etiam
2719 2153 2965 2223 plerique
2993 2152 3083 2205 alii
3115 2150 3310 2215 sancti,
3342 2165 3577 2219 quorum
3605 2150 3794 2205 domus

2206 2265 2421 2322 quaqua
2475 2262 2695 2303 versum
2761 2244 3131 2299 indiderenter
3175 2242 3398 2306 ardent,
3473 2242 3605 2305 imo,
3652 2243 3790 2311 quod

2206 2340 2350 2396 dictu
2389 2336 2545 2393 nefas
2585 2346 2688 2401 est,
2732 2342 2925 2391 contra
2974 2333 3151 2401 ipsum
3182 2330 3474 2385 Dominum
3502 2332 3791 2385 mussitare

2205 2440 2450 2503 possunt,
2485 2430 2613 2499 quia
2652 2426 2918 2496 tetnplum
2962 2425 3098 2478 illud
3130 2423 3539 2479 Salomonicum
3570 2437 3679 2476 non
3707 2439 3787 2477 se-

2204 2523 2308 2577 mel
2336 2531 2428 2577 aut
2476 2522 2587 2584 bis,
2628 2519 2723 2575 sed
2758 2518 2913 2586 juxta
2949 2516 3307 2588 Hegesippum
3361 2513 3684 2584 frequenter
3706 2514 3793 2567 ad-

2206 2624 2383 2671 ustqu
2406 2624 2508 2670 est.
2540 2614 2753 2669 Sanctis
2772 2614 2962 2682 itaque
2992 2611 3125 2666 locis
3137 2610 3418 2679 despectio
3441 2609 3649 2663 nostris
3669 2623 3792 2677 pec-

2194 2708 2342 2764 catis
2378 2706 2718 2779 exigentibus
2767 2705 2985 2770 accidit,
3055 2718 3161 2758 non
3223 2702 3438 2757 defectu
3494 2697 3789 2754 Domit-ica!

2204 2802 2440 2865 virtutis,
2475 2814 2579 2868 qua
2614 2798 2787 2853 sancti
2844 2796 3033 2866 repleti
3088 2802 3234 2849 sunt.
3284 2791 3421 2846 Nam
3463 2792 3511 2845 si
3551 2798 3791 2859 putatas

2204 2893 2421 2949 Martini
2449 2907 2516 2947 ex
2559 2892 2666 2946 hoc
2716 2889 2859 2944 forte
2905 2889 3121 2944 videtur
3154 2887 3406 2941 insanum
3451 2882 3791 2954 sapientibus

2207 2986 2466 3050 mutilari,
2524 2994 2703 3039 tamen
2742 2997 2809 3036 ex
2849 2981 2972 3036 aliis
3011 2979 3216 3035 sanctis
3236 2977 3354 3045 ejus
3384 2976 3549 3042 locis,
3582 2990 3786 3031 necnon

522 3072 695 3127 nostri
728 3070 985 3140 temporis
1025 3070 1262 3123 artitices
1292 3082 1634 3138 nequaquam
1673 3068 1813 3122 hanc
1836 3067 1888 3121 in
1916 3069 2101 3137 pristi-
2127 3053 2173 3116 C
2202 3088 2260 3133 ει
2301 3076 2579 3133 miraculis
2620 3074 2689 3129 ab
2732 3073 2857 3143 ipso
2912 3086 3085 3141 nuper
3138 3068 3327 3141 gestis,
3354 3083 3403 3123 ει
3425 3067 3652 3138 longum
3685 3082 3786 3121 non

524 3179 653 3218 num
685 3160 934 3217 decorem
966 3162 1183 3217 valeant
1230 3175 1505 3230 reparare.
1562 3158 1654 3215 Sic
1684 3160 1752 3215 de
1777 3159 1865 3214 illa
1893 3162 1946 3214 in
1991 3176 2099 3230 qua

521 3258 817 3327 requiescit
844 3255 1190 3311 beatissimus
1213 3254 1474 3309 Martialis
1498 3253 1665 3325 (127),
1697 3268 1819 3308 cum
1849 3254 2101 3308 omnibus

520 3366 640 3419 qua:
686 3348 824 3403 infra
868 3362 1052 3402 muros
1104 3356 1280 3410 erant,
1339 3344 1584 3400 noscitur
1634 3344 1901 3400 evenisse.
1958 3344 2100 3399 Ante

520 3437 675 3506 cujus
723 3435 1062 3490 adustioncm
1114 3435 1324 3489 cuidam
1375 3449 1473 3505 per
1507 3434 1775 3487 soumium
1820 3434 1970 3488 visus
2016 3441 2099 3487 est

517 3531 689 3585 isdem
721 3539 946 3584 sanctus
980 3528 1326 3598 apparuisse;
1352 3527 1448 3597 qui
1478 3525 1728 3581 videlicet
1757 3534 1951 3580 mcesto
1976 3524 2098 3578 vul-

519 3635 574 3677 tu
603 3629 939 3693 protestatus
961 3631 1062 3685 est,
1096 3620 1239 3689 quod
1282 3620 1331 3673 ei
1375 3619 1592 3673 domum
1622 3616 1769 3672 illam
1807 3618 2099 3672 servitores

516 3715 634 3782 ejus
686 3728 909 3767 exesam
954 3712 1202 3776 fecerint,
1263 3711 1405 3765 unde
1443 3720 1499 3765 et
1544 3710 1660 3779 ejus
1704 3711 2095 3775 concreuatio,

518 3814 575 3860 et
611 3804 869 3875 Stephani
907 3804 1116 3858 abbatis
1150 3803 1298 3874 (128)
1329 3803 1580 3857 interitus
1598 3816 1724 3856 mox
1759 3809 1904 3856 esset
1927 3802 2096 3854 adim-

516 3895 765 3965 plendus.
817 3895 950 3950 Nam
997 3905 1053 3949 et
1096 3895 1411 3966 priusquam
1445 3893 1591 3947 illam
1626 3894 1870 3963 ptmdicti
1912 3893 2095 3949 domui

514 3988 731 4045 Martini
757 3988 1033 4044 basilicam
1062 4003 1224 4059 rogus
1254 3989 1583 4049 absumeret,
1612 3986 1932 4054 quibusdam
1966 3986 2096 4041 lide-

515 4082 659 4137 libus
709 4082 882 4134 visum
939 4087 1045 4143 est,
1085 4077 1226 4147 quod
1267 4076 1415 4149 ([29)
1448 4077 1500 4130 iu
1548 4076 1820 4131 'l‘utelensi
1866 4077 2095 4131 ecclesia

518 4171 688 4226 isdem
716 4180 935 4225 sanctus
975 4169 1237 4223 Martinus
1256 4184 1378 4223 cum
1404 4176 1593 4222 sancto
1618 4152 1889 4221 Michaele
1903 4176 2091 4230 staret,

516 4276 748 4329 eumque
775 4261 840 4314 de
860 4276 989 4314 cura
1026 4261 1192 4329 ipsius
1221 4262 1451 4314 cumobii
1481 4259 1751 4330 precando
1800 4261 2092 4325 monuerit,

515 4362 572 4405 et
603 4352 758 4422 quasi
791 4351 1063 4404 subtristis
1093 4349 1415 4422 adjungerct
1448 4371 1459 4405 :
1495 4354 1617 4422 quia
1644 4352 1942 4407 servitores
1974 4352 2091 4421 ejus

513 4457 621 4496 non
662 4442 905 4495 sinerent
943 4455 1066 4493 eum
1112 4441 1251 4511 apud
1285 4441 1558 4495 Turonum
1596 4442 1832 4510 quietem
1866 4442 2086 4496 habere.

514 4531 717 4587 Verum
749 4532 794 4587 si
831 4532 1054 4586 somniis
1073 4540 1128 4585 et
1165 4531 1305 4585 nulla
1326 4530 1484 4595 forte,
1515 4531 1599 4585 vel
1624 4547 1744 4586 rara
1780 4533 1913 4588 fides
1937 4533 2091 4587 adhi-

513 4621 687 4678 benda
710 4632 828 4689 est;
883 4625 985 4679 hoc
1011 4634 1190 4678 tamen
1234 4632 1444 4677 certum
1474 4632 1686 4677 constat
1741 4625 1884 4692 quod
1924 4626 2085 4686 Deus,

508 4713 660 4782 juxta
710 4716 853 4785 quod
893 4716 1181 4785 Apostolus
1210 4716 1303 4777 ait,
1334 4729 1433 4782 per
1462 4725 1742 4783 peccatum
1799 4729 2062 4785 exaspera

508 4816 615 4859 tur.
660 4806 727 4859 Et
758 4806 1023 4876 quisquis,
1054 4815 1114 4859 ut
1154 4808 1230 4859 ait
1274 4806 1461 4865 Isaias,
1507 4805 1732 4858 interra
1773 4815 2086 4860 sanctorum

579 4914 726 4985 (127)
781 4915 870 4971 Sic
903 4918 966 4969 de
1004 4915 1094 4968 illa
1131 4917 1184 4968 in
1230 4933 1331 4984 qua
1376 4915 1642 4984 requiescit
1686 4912 1748 4965 Β.
1785 4912 2083 4985 Martialis.

506 4982 748 5041 Ecclesia
792 4988 962 5039 sancti
1004 4982 1301 5039 Salvatorts
1329 4982 1519 5053 nenipe
1551 4988 1617 5039 de
1650 5001 1752 5053 qua
1782 4982 2085 5042 Iicrnardus

507 5057 769 5137 Gnidonis
795 5056 847 5109 iu
889 5057 1134 5135 catalogo
1163 5057 1539 5137 episcoporum
1574 5054 2038 5134 Lcmm'icensium
2065 5076 2078 5111 :

514 5142 534 5174 ι
563 5124 886 5189 Ludovicus,
922 5124 1118 5193 inquit,
1166 5124 1494 5178 Fraucurmn
1533 5139 1626 5176 rex
1654 5134 1813 5193 atque
1853 5124 2084 5192 impera-

509 5205 596 5265 tor
616 5195 907 5265 Augustus,
940 5194 1118 5248 Caroli
1149 5194 1321 5264 Magni
1376 5192 1535 5254 filius,
1572 5195 1629 5265 in,
1655 5192 1854 5263 palatio
1888 5194 2087 5265 Jogun-

508 5264 661 5343 ciaco
687 5273 1026 5343 conventum“
1053 5267 1353 5343 generalem
1404 5265 1574 5343 ten-uit
1617 5264 1672 5343 in
1715 5265 2081 5330 Lcmovicino,

509 5331 847 5360 νηηηΙΛηιιι-ειι
881 5333 1146 5360 ιιηρζιζηιι...
1179 5333 1499 5360 ...ι-.ι.1ἰ-ν.-ζι..ἱ
1539 5334 1752 5360 ραι-νηί..

2191 3182 2365 3235 esset,
2392 3169 2804 3240 poterateadem
2840 3174 3083 3238 potestas
3107 3164 3367 3219 decenter
3389 3162 3781 3218 commendari.

2199 3261 2308 3317 Sed
2318 3263 2433 3332 jam
2459 3261 2561 3315 ista
2576 3258 2962 3329 qualiscunque
2972 3254 3262 3311 delatratio
3283 3254 3448 3309 debet
3483 3253 3783 3309 terminari.

2202 3355 2367 3426 Cujus
2396 3352 2644 3408 videlicet
2672 3351 2764 3405 lini
2791 3350 2892 3405 hoc
2921 3348 3261 3418 adjiciamus,
3291 3346 3424 3416 quia
3451 3345 3621 3399 valde
3642 3345 3801 3399 nobis.

2201 3457 2423 3501 necesse
2472 3452 2577 3507 est,
2623 3450 2681 3496 ut
2708 3438 2919 3511 ﬂagello
2940 3437 3179 3508 pertriti,
3232 3445 3632 3491 eonvertamus
3680 3436 3787 3489 vias

2163 3594 2168 3599 ,
2200 3546 2417 3592 nostras
2438 3535 2491 3590 in
2527 3534 2643 3588 vias
2658 3531 3098 3588 testimoniorum
3134 3527 3257 3590 Dei,
3289 3542 3361 3583 ne
3395 3526 3545 3583 forte
3583 3528 3789 3582 dicatur

2201 3628 2269 3682 de
2290 3626 2447 3682 nobis
2482 3644 2495 3679 :
2529 3624 2838 3679 Curavimus
2863 3620 3201 3691 Babylonem,
3233 3629 3280 3673 et
3320 3635 3429 3673 non
3466 3630 3543 3673 est
3574 3630 3781 3675 “nam.

2198 3734 2361 3789 neque
2378 3733 2470 3787 per
2493 3720 2662 3787 ignem
2701 3714 2836 3787 (λεν.
2866 3698 2940 3780 in,
2971 3712 3049 3785 9),
3076 3721 3130 3767 et
3150 3710 3263 3779 jam
3295 3726 3406 3766 non
3443 3721 3510 3765 ut
3536 3713 3595 3766 in
3625 3722 3790 3765 mate-

2198 3809 2385 3863 rialem
2414 3809 2652 3871 domum,
2702 3805 2794 3861 sed
2826 3808 2880 3860 in
2911 3805 3051 3867 illos,
3077 3805 3143 3859 de
3170 3804 3373 3874 quibus
3395 3813 3635 3859 sanctus
3675 3804 3791 3875 Spi-

2198 3900 2334 3954 ritus
2353 3895 2642 3967 eli‘ugatur,
2659 3896 2896 3950 ctri‘estis
2918 3894 3218 3964 indignatio
3245 3894 3443 3948 sariat
3462 3934 3480 3957 ,
3501 3892 3789 3948 Martinam

2198 3989 2400 4043 nostris
2438 3986 2688 4056 precibus
2734 3986 3053 4055 deductum,
3094 3980 3320 4038 offensis
3369 3983 3584 4039 Christi
3627 3984 3793 4037 cadis

2195 4093 2552 4150 opponamus.
2603 4076 3130 4146 Apprehendeutes,
3189 4075 3333 4129 sicut
3401 4092 3456 4129 in
3530 4076 3790 4130 Zacbana

2197 4171 2456 4239 scriptum
2490 4178 2596 4233 est,
2645 4168 2914 4221 limhriam
2971 4166 3280 4221 vestimenti
3327 4166 3524 4221 damni
3573 4165 3787 4221 Martini

2196 4259 2463 4314 verissimi
2494 4257 2845 4320 confessoris,
2883 4256 3157 4325 adeamus,
3212 4270 3337 4309 cum
3371 4256 3469 4309 tali
3504 4257 3789 4313 advocato.

2189 4351 2344 4420 juxta
2375 4350 2527 4404 Pauli
2550 4365 2755 4412 vocem,
2787 4350 3040 4403 thronum
3071 4349 3283 4418 gratiae,
3309 4346 3551 4403 forsitan
3582 4350 3667 4403 sic
3694 4361 3785 4416 po-

2198 4445 2422 4499 terimus
2470 4442 2899 4497 misericordiam
2931 4440 3252 4509 promereri.
3284 4439 3356 4493 Et
3395 4441 3545 4495 sicut
3570 4439 3679 4494 Job
3703 4448 3783 4492 at‘

2195 4542 2450 4598 testatur,
2481 4548 2581 4587 nos
2622 4534 2712 4601 qui
2755 4547 2860 4586 non
2890 4532 3151 4585 habemus
3188 4531 3519 4587 indumenta
3538 4530 3785 4603 justitiz.

2193 4626 2426 4696 lapidem
2454 4624 2597 4678 hunc
2624 4622 3036 4691 amplectantur,
3066 4620 3388 4689 suppliciter
3410 4621 3784 4678 obsecrantes.

2193 4727 2251 4771 ut
2295 4715 2599 4769 nuditatem
2660 4721 2904 4766 nostram
2959 4713 3072 4767 suis
3107 4711 3321 4765 meritis
3375 4720 3662 4783 contegat,
3722 4723 3785 4762 ne

2191 4816 2375 4861 nostra
2409 4819 2593 4860 coram
2647 4812 2885 4873 superno
2923 4802 3106 4870 judice
3158 4803 3448 4871 turpitudo
3491 4804 3778 4858 reveletur.

2188 4919 2303 4988 ipso
2335 4917 2678 4988 imperatore,
2706 4914 2894 4967 eodem
2923 4914 2975 4965 in
3007 4926 3201 4988 mense
3220 4914 3590 4988 positunrest.
3615 4933 3667 4988 ad
3702 4912 3783 4964 Ab

2186 4983 2252 5042 en
2282 4998 2520 5054 tempore
2548 4986 2694 5038 dicta
2722 4994 2807 5037 est
2831 4994 2883 5037 et
2912 4984 3136 5054 ecclesia
3171 4985 3229 5034 δ.
3264 4984 3538 5039 Martialis
3562 5024 3577 5046 ,
3612 4983 3781 5036 illanc-

2184 5074 2291 5128 que
2314 5052 2494 5110 divino
2516 5055 2718 5128 judicio
2746 5068 2930 5128 rursus
2978 5052 3095 5128 igne
3137 5064 3627 5128 crematauranno
3678 5054 3774 5107 95b

2185 5124 2371 5182 auctor
2394 5137 2475 5179 est
2500 5127 2800 5178 Ademarus
2825 5124 3219 5176 Letuoviceusis
3252 5141 3418 5179 niona
3459 5125 3577 5179 hus.

2450 5196 2700 5278 Stephani
2748 5194 2969 5278 abbatis.
3005 5194 3196 5278 Sancti
3237 5192 3513 5278 llatrtialis
3539 5192 3769 5278 Septimi.

2255 5269 2402 5336 (1‘39)
2447 5264 2515 5360 [Lit
2542 5264 2802 5319 'l'utelensi
2836 5264 3049 5360 ecclesia
3073 5264 3209 5340 idem
3244 5265 3307 5317 ὅ.
3342 5264 3633 5360 Mlartinus.
3689 5265 3774 5316 Sx?

2188 5351 2336 5360 --....η
2368 5350 2381 5360 ι
2421 5357 2430 5360 -
2464 5335 2689 5360 Hunni...
2738 5349 2878 5360 -.....n
2903 5348 2948 5360 ιιι
2999 5335 3251 5360 ιιηιιιίιιιιμ
3289 5335 3505 5360 η-ι..Ι--.-.
3550 5348 3689 5360 ...ιιι-ιι
3712 5348 3748 5360 .II

2813 5349 2878 5360 ,ιη
2903 5348 2948 5360 ιιι
2999 5333 3251 5360 ιιηιιιίιιιιμ
3289 5334 3505 5360 η-ι..Ι--.-.
3550 5348 3689 5360 ...ιιι-ιι
