3964 5360
159 291 263 348 789

1434 278 1806 338 SERMONES
1845 278 2173 346 QUltVQUE.

3329 276 3432 331 750

162 403 218 457 Si
250 400 468 473 quidem
502 398 603 455 iste
640 415 746 455 non
790 392 1140 454 obliviscetur
1172 393 1453 459 misereri;
1499 394 1592 448 sed
1626 394 1752 447 cha-
1784 396 1828 453 Α
1860 390 2074 446 fortiter
2095 400 2356 447 armatur.
2381 393 2582 449 Omnes
2618 408 2832 465 quoque
2860 396 3155 453 catholicos
3184 398 3437 457 admonet

158 495 297 549 ritas
325 508 445 563 qua:
490 490 639 545 illum
671 490 870 561 coegit,
906 497 966 541 ut
1018 485 1517 555 divisa'chlatnyde
1550 500 1754 553 paupe-

163 602 280 641 rem
308 601 434 640 cutn
466 599 563 638 sua
607 583 856 638 nuditate
889 579 1138 643 vestiret,
1171 579 1339 633 multo
1369 595 1513 633 nunc
1545 577 1757 632 facilius

168 692 291 731 eum
332 675 548 740 flectet,
599 683 659 729 ut
683 690 782 729 nos
811 674 879 728 ab
916 673 996 727 ira
1041 672 1179 741 Agni
1222 671 1265 727 si
1317 679 1592 725 cerreatos
1616 669 1757 724 vide-

163 769 252 832 rit,
280 776 502 837 ereptos
546 765 864 822 ctelestibus
911 764 1113 820 divitiis
1148 761 1594 834 superabundans
1633 763 1758 817 abs-

154 858 383 912 condat.

786 969 1019 1026 SERMO
1058 971 1121 1025 ν.

497 1078 716 1150 (150)1N
755 1092 921 1134 resro
956 1093 1142 1134 SANCTI
1186 1094 1433 1133 IAB‘I‘INI.

152 1192 345 1264 {Apud
381 1191 636 1256 Martem,
677 1190 831 1245 Thes.
858 1191 1054 1264 ᾼηεεά.
1089 1200 1218 1264 ton].
1254 1193 1330 1258 ν,
1381 1192 1485 1249 col.
1520 1191 1658 1255 617,
1694 1204 1762 1246 ex

743 1279 844 1316 tus.
872 1262 1200 1336 Bigotiano.]

236 1397 411 1453 Sacra
457 1395 575 1450 htec
622 1393 882 1449 hodierna
932 1393 1284 1461 solemnitas,
1327 1393 1525 1449 fratres
1553 1393 1765 1449 charis-

162 1489 321 1553 simi,
358 1486 517 1542 nobis
543 1494 627 1541 est
653 1484 1040 1541 venerabiliter
1066 1499 1188 1540 cum
1216 1501 1425 1540 sununa
1457 1485 1764 1540 reverentia

154 1583 492 1647 excolenda,
533 1582 586 1635 in
612 1596 715 1651 qua
746 1580 977 1636 domnus
1006 1587 1190 1633 noster
1222 1576 1285 1632 Β.
1320 1576 1582 1632 Martinus
1609 1591 1766 1631 coro-

161 1690 295 1729 nam
333 1689 445 1728 sua:
471 1670 904 1743 praeclarissima:
927 1668 1311 1741 confessionis,
1340 1666 1467 1723 licet
1492 1668 1762 1736 quondam

1856 481 2057 536 Christi
2092 481 2355 549 Ecclesia,
2405 492 2464 538 ut
2503 498 2567 540 eo
2602 487 2780 542 minus
2824 490 3054 544 terrenis
3108 490 3270 545 rebus
3318 491 3438 546 ani-

1859 589 2004 628 tnum
2055 573 2375 644 subponant,
2424 593 2534 646 quo
2577 593 2637 633 se
2686 581 2917 650 patriam
2951 584 3002 636 in
3038 583 3190 639 caalis
3236 584 3440 638 habere

1859 666 2226 721 meminerint.
2260 667 2505 739 Namque
2532 671 2632 726 hoc
2662 672 2863 729 distare
2901 675 3036 730 solet
3063 677 3206 733 inter
3235 677 3440 733 electos

1859 764 1913 811 et
1944 758 2220 827 reprobos,
2269 759 2412 828 quod
2448 760 2605 816 electi
2632 764 2899 833 peregrini
2948 782 3091 822 nunc
3134 776 3189 822 et
3226 768 3442 824 exsules

1859 849 2091 919 patriam
2127 862 2446 919 exspectant
2484 853 2537 907 in
2577 853 2789 918 futuro,
2823 866 3076 927 tantoque
3101 859 3284 915 minus
3310 876 3442 929 gau-

1860 939 1964 996 diis
1991 940 2327 997 deleetantur
2363 944 2598 1007 caducis,
2626 955 2829 1015 quanto
2868 964 2928 1002 se
2953 951 3180 1018 patriam
3209 951 3261 1005 in
3289 953 3445 1009 caelis

1862 1031 2064 1087 habere
2090 1032 2536 1089 desideraverint.
2563 1039 2630 1089 At
2664 1046 2853 1091 contra
2886 1041 3103 1108 reprobi
3130 1042 3218 1096 hic
3244 1042 3447 1099 habent

1860 1120 2094 1190 patriam
2122 1131 2178 1176 et
2210 1124 2461 1191 gaudium
2513 1125 2841 1192 miserabile,
2870 1138 2922 1182 et
2963 1130 3164 1185 ducunt
3204 1132 3257 1186 in
3300 1133 3446 1189 dele-

1862 1210 2190 1267 ctationibus
2218 1212 2420 1282 iniquis
2444 1213 2560 1269 dies
2588 1229 2733 1279 suos,
2765 1226 2819 1270 et
2843 1217 2893 1270 in
2918 1228 3117 1286 puncto
3138 1221 3205 1274 ad
3235 1220 3447 1277 interna

1863 1300 2220 1365 descendunt,
2248 1303 2392 1357 sicut
2424 1304 2685 1373 scriptum
2731 1314 2815 1359 est
2842 1322 2856 1358 :
2895 1307 2997 1374 Qui
3024 1308 3161 1365 bona
3194 1321 3445 1381 egerunt,

1864 1388 2018 1443 ibunt
2073 1389 2125 1444 in
2152 1391 2318 1445 vitam
2364 1401 2624 1447 aeternam
2651 1434 2667 1459 ,
2716 1398 2807 1464 qui
2853 1412 2984 1451 vero
3014 1398 3154 1454 mala
3184 1401 3236 1454 in
3269 1401 3450 1470 ignem

1864 1491 2126 1537 aeternum
2153 1500 2167 1550 ;
2195 1499 2422 1553 quorum
2449 1489 2649 1542 vermis
2674 1503 2780 1543 non
2809 1491 3074 1546 morietur
3097 1503 3152 1547 et
3174 1494 3312 1565 ignis
3337 1510 3449 1553 non

1864 1573 2257 1643 exstinguetur.
2273 1574 2330 1629 In
2346 1574 2712 1647 cujuscunque
2724 1593 2854 1632 aure
2871 1580 2984 1636 haec
2999 1597 3100 1636 vox
3117 1587 3448 1653 pervenerit,

1870 1672 1961 1716 aut
1988 1663 2180 1719 beatus
2208 1665 2313 1719 erit
2340 1665 2406 1720 de
2432 1667 2717 1723 devotione
2742 1671 3161 1738 emendationis,
3188 1684 3283 1728 aut
3323 1654 3467 1732 reus.

152 1766 222 1820 in
252 1764 540 1821 Dominico
566 1763 653 1818 die
673 1803 689 1828 ,
724 1771 905 1818 tamen
932 1762 1093 1817 bodie
1128 1761 1285 1817 nobis
1322 1761 1376 1815 in
1419 1761 1573 1816 cte.is
1604 1776 1634 1814 a
1666 1760 1761 1814 Do-
1788 1744 1840 1807 Β
1867 1755 1934 1810 de
1969 1765 2282 1826 contemptu
2329 1760 2782 1815 annuntiationis.
2823 1760 3120 1832 Loquimnr
3149 1765 3293 1821 enim
3321 1768 3454 1822 bea-

158 1858 322 1912 tnino
341 1855 470 1912 Jesu
499 1854 718 1910 Christo
739 1861 1031 1909 coronatus
1060 1853 1383 1924 gratulatur.
1410 1853 1764 1924 Cougaudere

161 1947 432 2002 debemus
452 1986 466 2011 ,
496 1945 693 2000 fratres
721 1944 1031 2000 cltarissimi
1058 1985 1073 2010 ,
1101 1944 1379 2000 solemniis
1414 1955 1760 2011 sanctorum,

154 2038 268 2093 sed
299 2037 568 2107 praecipue
593 2036 812 2106 printati
835 2035 1231 2103 confessorutn,
1256 2036 1322 2091 de
1342 2052 1450 2108 quo
1479 2038 1721 2093 canimus
1749 2055 1762 2091 :

157 2127 273 2185 Cui
303 2129 555 2183 Dominus
582 2140 697 2198 post
741 2128 1003 2199 apostolos
1048 2140 1251 2183 tantam
1278 2130 1501 2200 gratiam
1531 2129 1768 2199 conferre

156 2221 428 2290 dignatus
452 2230 552 2286 est,
582 2231 636 2274 ut
666 2220 719 2275 in
743 2221 929 2275 virtute
946 2220 1218 2275 Trinitatis
1241 2221 1460 2290 dei/irae,
1484 2232 1769 2284 mereretur

168 2310 300 2378 ﬁeri
344 2311 501 2362 trium
543 2321 868 2363 mortuorum
909 2312 1193 2364 suscitator
1248 2311 1581 2381 magniﬁcus.
1627 2310 1770 2365 Dicit

162 2400 324 2455 enim
351 2398 412 2453 Β.
446 2400 645 2454 Paulus
658 2399 724 2455 de
749 2399 946 2454 talibus
973 2418 984 2453 :
1014 2400 1157 2464 Quos
1176 2402 1437 2468 prtrscivit
1456 2402 1612 2455 hoset
1634 2416 1772 2470 pra:—

165 2490 462 2545 destmarit
491 2506 509 2553 ;
531 2505 661 2560 quos
687 2498 861 2542 autem
886 2488 1274 2558 pra’dcstiuavit
1299 2490 1392 2543 hos
1414 2500 1461 2542 et
1489 2491 1772 2554 vocavil,et

155 2597 309 2649 quos
328 2582 544 2643 vocavit,
562 2580 679 2635 illos
696 2592 742 2634 et
752 2581 1059 2651 justiﬁcavit
1080 2597 1241 2650 ;quos
1257 2592 1431 2635 autem
1441 2581 1769 2652 justiﬁearit,

156 2687 266 2725 eos
297 2681 344 2725 et
367 2670 717 2740 magniﬁcavit
735 2670 914 2741 (Item.
945 2686 1065 2738 vni,
1092 2671 1200 2742 50).
1222 2670 1330 2727 Nec
1355 2673 1497 2727 enim
1513 2673 1570 2727 S.
1592 2671 1774 2727 Marti-

165 2781 291 2820 nus
318 2764 385 2820 de
403 2774 509 2819 tant
528 2763 816 2836 longinqua
842 2765 1081 2833 regione,
1102 2766 1153 2818 id
1178 2774 1263 2820 est
1289 2764 1356 2819 de
1369 2764 1644 2821 Pannonia
1661 2805 1677 2831 ,
1705 2763 1774 2820 ad

163 2873 284 2913 nos
312 2872 485 2926 usque
513 2856 741 2922 veniret,
773 2858 817 2911 si
843 2873 872 2909 a
904 2856 1133 2911 Domino
1163 2856 1290 2911 Jesu
1317 2856 1535 2912 Christo
1569 2850 1775 2912 elecuts

162 2962 292 3001 non
336 2946 571 3000 fuisset:
624 2961 725 3000 nec
764 2945 961 3000 Juliani
1004 2946 1353 3013 imperatoris
1397 2955 1774 3001 contemneret

154 3037 479 3108 iussionem
525 3043 581 3089 et
616 3045 898 3104 parentum
932 3034 1301 3099 voluntatem,
1330 3036 1374 3090 si
1414 3050 1443 3089 a
1475 3036 1584 3091 Deo
1619 3035 1774 3091 nobis

1869 1845 2153 1901 titudinetn
2200 1848 2581 1915 credentibus;
2633 1860 3004 1908 contestamur
3033 1853 3297 1923 judicium
3345 1859 3454 1912 cri-
3540 1858 3555 1863 “

1867 1936 2113 2002 ruinosis,
2143 1938 2403 2005 quoniam
2432 1940 2590 1995 hodie
2618 1956 2825 2008 sumus,
2850 1953 2904 1997 et
2925 1944 3053 2013 quid
3080 1946 3257 2001 futura
3280 1949 3456 2019 pariat

1869 2026 1985 2082 dies
2018 2028 2353 2098 ignoramus.
2401 2030 2544 2102 Ergo
2583 2032 2709 2087 dum
2764 2043 2975 2104 tempus
3018 2036 3280 2093 habemus
3326 2055 3458 2110 ope-

1870 2133 2053 2173 remur
2081 2118 2307 2185 bonum,
2338 2136 2434 2176 nec
2464 2122 2783 2190 adjiciamus
2813 2138 3094 2195 peccatum
3141 2145 3304 2199 super
3330 2146 3457 2201 pec-

1869 2220 2070 2277 catum,
2096 2212 2352 2282 quoniam
2378 2227 2485 2268 non
2519 2215 2853 2286 relinquetur
2880 2217 3015 2288 lapis
3040 2236 3205 2290 super
3226 2222 3455 2291 lapidem

1871 2303 1962 2372 qui
1999 2319 2105 2357 non
2155 2304 2487 2360 destruatur.
2531 2306 2807 2363 Perversa:
2837 2312 3069 2382 nittnque
3104 2315 3459 2386 cogitationes

1871 2407 2126 2466 separant
2149 2414 2176 2451 a
2202 2398 2334 2464 Deo,
2355 2409 2557 2470 quanto
2578 2404 2750 2473 magis
2778 2419 3029 2472 perversa
3056 2423 3221 2479 opera
3247 2410 3270 2462 ’ἒ
3296 2410 3351 2465 Si
3390 2412 3461 2465 de

1871 2486 2055 2541 verbis
2078 2488 2269 2543 otiosis
2306 2491 2570 2545 reddituri
2604 2508 2792 2549 sumus
2820 2497 3087 2551 rationem
3119 2499 3172 2553 in
3203 2500 3289 2555 die
3314 2497 3463 2568 judi-

1872 2574 1962 2640 eii,
2003 2576 2130 2645 quid
2168 2578 2275 2632 erit
2305 2578 2371 2633 de
2407 2581 2678 2649 perversis
2702 2585 2999 2651 operibus?
3029 2588 3095 2642 Et
3125 2588 3458 2657 sijudieium

1873 2667 1992 2722 sine
2037 2670 2409 2724 misericordia
2441 2671 2515 2725 illi
2545 2674 2634 2742 qui
2666 2689 2773 2728 non
2819 2674 2949 2730 fecit
2992 2678 3460 2748 misericordiam,

1874 2756 2031 2826 quale
2054 2757 2321 2827 judicium
2352 2761 2459 2815 erit
2480 2761 2555 2816 illi
2593 2764 2684 2833 qui
2714 2764 2839 2820 fecit
2866 2768 3295 2839 negligentiam?
3324 2773 3466 2828 Cha-

1876 2849 2076 2903 rissitni
2107 2850 2297 2906 Patres
2329 2861 2384 2907 et
2413 2853 2640 2921 fratres;
2674 2855 2727 2910 in
2772 2870 3034 2926 quantum
3058 2858 3212 2928 justi,
3242 2862 3457 2932 Patres,

1874 2939 1928 2994 in
1956 2954 2215 3011 quantum
2247 2955 2583 3015 peccatores,
2615 2949 2746 3005 socii
2777 2960 2829 3005 et
2855 2950 3054 3008 fratres
3083 2995 3097 3017 ,
3122 2956 3464 3014 admonendo

1876 3040 1933 3085 et
1973 3032 2312 3090 obsecrando
2347 3036 2493 3101 dico,
2543 3054 2610 3094 ne
2644 3038 2975 3098 obduremus
3020 3044 3183 3100 corda
3231 3059 3461 3116 nostra;

163 3146 293 3184 non
334 3127 528 3181 fuisset
571 3127 1003 3197 praedestinatus.
1037 3125 1154 3182 Nec
1174 3134 1359 3183 tantus
1395 3129 1568 3183 honor
1598 3127 1776 3196 regius
1803 3100 1848 3163 ο
1878 3125 2134 3193 quoniam
2183 3143 2284 3183 nec
2326 3129 2553 3183 scientia
2574 3170 2589 3195 ,
2635 3146 2737 3187 nec
2765 3135 2963 3198 oratio,
2996 3152 3172 3207 neque
3223 3140 3468 3197 thesauri

160 3229 230 3274 et
254 3218 489 3272 dulcedo
502 3218 764 3272 nobilium
780 3227 1063 3287 parentum
1086 3217 1159 3272 illi
1183 3216 1376 3273 fuisset
1395 3218 1771 3284 exsecrabilis,

159 3314 217 3365 si
238 3328 271 3362 a
294 3311 403 3363 Deo
427 3324 531 3362 non
549 3308 739 3363 fuisset
762 3318 981 3364 vocatus
999 3318 1052 3363 et
1076 3310 1232 3365 nobis
1247 3309 1566 3380 prreeleetus
1589 3320 1642 3365 et
1658 3312 1778 3380 pius

163 3407 517 3459 intercessor
539 3403 891 3458 condonatus.
918 3401 1104 3474 Magna
1126 3403 1305 3470 nobis,
1330 3404 1636 3460 eharissimi
1664 3405 1777 3456 fra-

162 3508 320 3558 tres,
348 3492 667 3549 consolatio.
716 3494 849 3548 Tam
878 3510 1130 3564 magnum
1160 3496 1443 3563 praemium
1492 3496 1648 3550 nobis
1676 3495 1777 3549 da-

165 3597 302 3639 tum
354 3584 802 3648 consideramus,
855 3584 951 3638 sed
1000 3584 1381 3655 negligentiam
1442 3586 1676 3655 torporis
1726 3595 1778 3640 et

162 3675 419 3746 ignavia:
449 3684 646 3729 nostue
695 3675 1148 3746 pertimescimus.
1180 3675 1461 3731 Talentum
1502 3693 1632 3750 ergo
1663 3693 1779 3732 tua-

158 3780 394 3839 gnum,
455 3775 510 3819 et
559 3766 933 3821 inaestimabile
1004 3777 1402 3822 sacramentum
1438 3808 1453 3833 ,
1520 3770 1677 3823 nobis
1726 3776 1782 3822 et

162 3860 347 3915 vobis
400 3860 452 3913 in
500 3860 616 3929 ipso
665 3873 984 3914 concessum
1035 3868 1153 3914 est:
1185 3860 1329 3929 quod
1378 3863 1778 3919 commodatum

159 3952 463 4009 veraciter
491 3953 633 4021 apud
662 3952 887 4007 idoneos
917 3951 1182 4021 proficere
1206 3960 1401 4021 potest,
1438 3954 1580 4023 apud
1613 3952 1783 4022 negli-

158 4052 382 4116 gentes
436 4041 683 4112 deperire
742 4057 847 4096 non
893 4052 1089 4111 potest.
1142 4041 1278 4096 Aliis
1330 4058 1452 4098 eum
1503 4043 1782 4113 multiplici

158 4134 369 4204 gratia
420 4132 778 4197 restituetur,
831 4134 901 4187 ab
938 4133 1059 4188 aliis
1109 4150 1231 4189 cum
1286 4148 1569 4205 poenarum
1617 4152 1783 4191 usura

159 4225 528 4296 requiretur.
554 4224 803 4279 Christus
841 4224 985 4279 enim
1017 4226 1276 4280 talentum
1306 4226 1449 4296 quod
1478 4231 1784 4282 commodat

158 4330 325 4374 cum
366 4330 529 4370 usura
562 4315 820 4384 requirit;
866 4323 924 4369 et
968 4314 1193 4369 solventi
1238 4316 1469 4386 gratiam
1506 4319 1784 4387 rependit,

1879 3215 2178 3284 proderunt
2225 3218 2712 3290 propinquantibus
2755 3221 2810 3276 in
2861 3223 3172 3293 infernum;
3210 3229 3338 3299 quia
3365 3245 3468 3287 nec

1881 3309 1953 3364 ibi
1984 3310 2218 3366 habetur
2242 3312 2423 3393 aliqua
2455 3314 2540 3369 vel
2577 3314 2681 3369 ulla
2728 3316 3046 3386 redemptio.
3086 3320 3223 3386 Quid
3255 3336 3384 3393 ergo
3410 3323 3467 3378 in

1873 3395 2079 3465 judicio
2102 3401 2298 3457 dicturi
2321 3404 2525 3458 erimus
2553 3404 2604 3458 in
2632 3407 2919 3475 praesentia
2950 3407 3093 3464 illius
3114 3411 3204 3479 qui
3226 3413 3468 3482 seipsum

1880 3491 2047 3561 virgis
2078 3492 2207 3547 caedi
2253 3494 2452 3555 voluit,
2504 3505 2661 3565 sputa
2687 3537 2702 3562 ,
2759 3500 3004 3567 spineam
3040 3516 3296 3556 coronam
3331 3503 3463 3573 pati,

1882 3581 2123 3650 colaphis
2153 3584 2307 3648 credi,
2333 3586 2479 3640 cruci
2506 3586 2669 3658 alligi,
2699 3603 2801 3643 non
2834 3590 3011 3643 solum
3039 3607 3136 3659 pro
3168 3594 3343 3659 nobis,
3370 3594 3464 3648 sed

1883 3674 2051 3728 etiam
2077 3689 2177 3744 pro
2207 3675 2526 3730 criminibus
2567 3686 2620 3749 et
2648 3678 2944 3732 sceleribus
2974 3680 3177 3735 nostris
3211 3683 3463 3748 traditus,

1882 3779 1912 3817 a
1949 3765 2148 3833 quibus
2186 3768 2428 3836 peccatis
2472 3766 2641 3822 abluti
2672 3769 2723 3821 iu
2766 3768 3093 3838 baptismate
3129 3772 3261 3825 etin
3289 3774 3498 3841 potui“

1886 3858 2052 3911 tentia
2077 3872 2173 3927 per
2196 3858 2403 3927 ipsum,
2439 3859 2597 3914 toties
2639 3867 2692 3914 et
2720 3860 2934 3928 quoties
2966 3863 3270 3917 reiterando
3303 3864 3497 3929 idem,‘

1884 3949 1985 4021 ipsi
2013 3959 2327 4019 peccatores
2355 3965 2569 4021 semper
2616 3952 2940 4006 manemus?
2971 3952 3026 4006 Si
3070 3953 3286 4022 quidem
3318 3953 3467 4008 dica-
3494 3976 3495 3981 π

1884 4058 2007 4096 mus
2063 4058 2185 4096 cum
2224 4042 2482 4113 Apostolo
2519 4051 2575 4096 et
2617 4058 2737 4097 cum
2772 4042 3037 4111 frequenti
3084 4044 3497 4099 latnentatione’

1887 4132 2131 4187 dicamus
2160 4133 2374 4187 assidue
2403 4150 2415 4185 :
2448 4132 2646 4201 Infelix
2664 4149 2755 4203 ego
2785 4133 2958 4201 Immo,
2985 4134 3100 4203 quis
3124 4149 3204 4187 me
3231 4133 3473 4189 liberabit

1887 4225 1951 4278 de
1980 4241 2195 4294 corpore
2221 4226 2403 4283 mortis
2428 4225 2623 4293 hujus?
2650 4224 2835 4279 Gratia
2869 4224 2961 4280 Dei
2986 4208 3079 4297 per
3096 4227 3280 4284 Iesum
3313 4227 3499 4285 Citri-’

1888 4324 2027 4367 stum
2078 4312 2258 4384 (Rom.
2307 4329 2399 4377 vn,
2438 4313 2515 4383 2).
2549 4312 2815 4370 Metnores
2855 4315 3003 4370 enim
3046 4330 3168 4373 esse
3212 4317 3499 4376 debemus.

159 4422 307 4465 non
338 4406 634 4463 solventem
670 4406 845 4476 ptenis
895 4407 1116 4476 deputat
1148 4419 1204 4462 et
1244 4410 1458 4480 ignibus
1486 4410 1789 4480 suppliciis-
1818 4405 2222 4507 Dvoluntatem
2265 4420 2371 4460 non
2414 4414 2654 4459 nostram
2682 4444 2698 4470 9
2739 4405 2834 4460 8θά
2875 4404 2970 4461 Ι)θὶ
3002 4405 3183 4463 facere
3220 4408 3419 4465 debere
3459 4429 3500 4465 ε’

161 4511 311 4571 que
333 4497 572 4553 aternis.
608 4494 720 4550 Hoc
757 4494 1045 4562 talentum,
1084 4496 1279 4551 fratres
1306 4499 1609 4554 charissimi
1632 4539 1647 4565 ,
1688 4515 1784 4555 nos

158 4586 586 4663 pradicatione
624 4593 807 4641 nostra
851 4587 1160 4657 pectoribus
1196 4588 1390 4643 vestris
1437 4590 1555 4645 vice
1582 4590 1784 4662 egregii

158 4680 381 4740 Patris
406 4678 591 4736 domui
627 4678 839 4733 Martini
873 4683 1312 4743 commodamus,
1364 4690 1421 4734 ut
1450 4682 1658 4737 lucrum
1689 4684 1789 4738 ali-

158 4774 346 4848 quod
373 4774 563 4829 salutis
590 4783 780 4828 vestrae
816 4772 924 4827 Deo
968 4774 1325 4844 assignemus.
1358 4774 1641 4831 Rationem
1670 4777 1790 4831 red-

161 4864 371 4921 dituri
412 4877 601 4917 sumus
644 4862 880 4932 qualiter
912 4870 1004 4915 aut
1044 4864 1357 4931 praedicatio
1400 4875 1585 4921 nostra
1635 4867 1788 4921 vobis

159 4951 494 5028 proficiat,
541 4962 594 5007 et
640 4953 944 5008 obedientia
1002 4953 1054 5008 in
1104 4954 1385 5010 animabus
1438 4958 1633 5013 vestris
1678 4957 1792 5013 Deo

160 5043 523 5101 fructificet.
565 5042 697 5099 Volo
726 5045 871 5099 enim
916 5058 1012 5099 vos
1055 5060 1153 5114 pro
1179 5056 1329 5101 certo
1369 5049 1510 5105 scire
1539 5052 1791 5120 quoniam

161 5140 342 5195 dum
387 5137 841 5208 concupiscentiis
892 5140 1291 5197 blandientibus
1338 5158 1467 5200 caro
1521 5148 1795 5201 enerviter

88 5246 105 5253 ·
160 5223 681 5299 subjugatur,jam
704 5229 956 5284 vitiorum
980 5233 1250 5288 exercitus
1278 5232 1536 5291 adversus
1556 5238 1793 5292 animam

280 5337 432 5350 ..-ιιι
492 5341 522 5352 11
886 5341 918 5354 Α
997 5342 1030 5354 Λ
1060 5344 1071 5354 ι
1152 5346 1162 5354 ι
1242 5345 1283 5356 ..η

1893 4498 2019 4569 quia
2049 4498 2139 4567 qui
2168 4497 2357 4553 fecerit
2383 4496 2499 4569 ejus
2523 4497 2874 4563 voltmtatem,
2903 4509 3085 4556 manet
3109 4500 3162 4554 iu
3189 4509 3503 4559 aeternum;

1894 4590 2255 4662 Quapropter,
2286 4588 2487 4645 fratres
2518 4588 2824 4644 cbarissimi
2853 4629 2868 4656 ,
2905 4602 3090 4649 mente
3119 4592 3349 4661 integra,
3376 4592 3486 4647 fide

1896 4683 2073 4748 firma,
2106 4681 2305 4735 virtute
2334 4681 2577 4744 robusta,
2602 4680 2875 4735 charitate
2920 4684 3188 4751 perfecta,
3212 4683 3390 4750 parati
3424 4683 3493 4736 ad

1895 4788 2113 4830 Omnem
2139 4772 2472 4828 voluntatem
2503 4773 2597 4827 Dei
2628 4773 2818 4838 simus,
2848 4783 3244 4832 conservantes
3270 4770 3502 4826 fortiter

1890 4866 2052 4938 jussa
2101 4864 2417 4931 Dominiea,
2466 4866 2521 4921 in
2585 4864 2933 4932 simplicitate
2985 4862 3391 4924 innocentiam,
3464 4865 3527 4916 in

1899 4960 2173 5015 charitate
2218 4958 2573 5011 concordiam
2601 4993 2616 5019 ,
2650 4954 2982 5011 modestiam
3038 4962 3090 5015 in
3145 4946 3507 5007 humilitate
3532 4980 3550 5004 ς

1900 5048 2238 5123 diligentiam
2270 5046 2322 5099 in
2346 5043 2846 5108 administratione,
2883 5046 3234 5117 vigilantiam
3272 5035 3330 5086 in
3357 5034 3575 5101 adi“—

1900 5148 2093 5201 vandis
2122 5140 2523 5206 laborantibus,
2554 5134 2998 5197 misericordiam
3031 5149 3082 5201 in
3109 5125 3366 5196 fovendis
3391 5138 3596 5191 Pal“

1903 5238 2165 5307 peribus,
2216 5231 2271 5285 in
2317 5227 2662 5289 defendenda
2709 5228 2939 5282 veritate
3001 5219 3379 5294 constantiam
3412 5253 3433 5277 ,
3554 5218 3612 5269 tu

3103 5352 3112 5360 .
3192 5350 3282 5360 η--
3336 5329 3402 5360 Λα
3482 5330 3626 5360 ΑΛΑ
