3964 5360
1107 342 1165 397 s.
1208 342 1459 423 QDONIS
1497 345 1788 425 ABBATIS
1829 344 1958 400 seu
2001 322 2345 400 amemus
2386 342 2636 398 ODONIS
2677 340 2988 399 nossem

943 727 1492 828 PBOtEMIUM
1550 727 1958 827 TONABII
2014 726 2332 826 DOMNl
2411 650 2757 827 O’DONIS
2829 727 3273 828 ABBA'I‘lS.

1637 929 1734 990 (Ex
1762 929 1931 980 codice
1954 930 2232 982 Cassinensi
2257 930 2423 981 seculi
2454 934 2545 991 xv.)

589 1076 820 1155 lncipit
852 1077 1123 1141 formula
1154 1085 1588 1162 supcr_ftm_os,
1620 1077 1897 1157 qualiter
1957 1077 2414 1162 unusquisque
2442 1086 2666 1162 cantor
2694 1080 2761 1142 in
2800 1081 3067 1144 ecclesia
3097 1100 3290 1162 agere
3335 1084 3596 1151 debeat.

1317 1156 1542 1218 Gloria
1586 1180 1606 1217 :
1636 1156 1943 1232 cuouae,
1973 1157 2036 1219 id
2075 1156 2170 1222 est
2204 1181 2221 1219 :
2255 1156 2641 1221 seculorum
2667 1179 2860 1221 amen.

542 1445 863 1512 Formulas,
913 1462 1049 1515 quas
1105 1446 1259 1502 vobis
1314 1446 1381 1500 ad
1433 1445 1759 1501 cantandum
1815 1446 2053 1502 scribere
2080 1453 2129 1512 Α
2157 1454 2335 1501 autem
2372 1444 2699 1502 differentiis
2744 1455 2950 1517 septem
2999 1448 3370 1519 conscriptum
3419 1465 3545 1506 esse
3595 1467 3747 1506 mon-

471 1537 801 1607 procuravi,
848 1536 1078 1606 qualiter
1120 1538 1296 1592 omnis
1345 1547 1536 1592 cantor
1579 1537 1825 1593 ecclesiae
1872 1548 2056 1595 tenere

472 1628 669 1683 delicat
708 1636 891 1682 tonum
922 1628 1337 1698 antiphonarum
1367 1668 1383 1693 ,
1413 1628 1718 1683 officiorum
1762 1642 1857 1683 seu
1906 1643 2056 1683 com-

473 1720 811 1786 niunionum,
839 1719 922 1775 vel
950 1720 1383 1790 qualemcunque
1413 1729 1629 1776 cantant
1662 1721 1811 1775 adire
1835 1720 2055 1790 poterit,

472 1825 687 1866 sman
709 1825 833 1866 cum
868 1811 1047 1865 studio
1076 1810 1255 1879 legere
1284 1812 1524 1877 studeat,
1548 1811 1639 1881 qui
1670 1828 1853 1867 arcem
1884 1812 2059 1882 magi-

472 1899 627 1954 sterii
653 1900 705 1954 in
730 1899 961 1956 ecclesia
999 1909 1189 1956 tenere
1213 1901 1446 1957 voluerit
1473 1902 1526 1957 in
1559 1911 1743 1958 cantu.
1776 1904 2059 1958 Admoneo

473 2000 654 2048 autem
684 2007 873 2048 omnes
902 2002 1170 2059 cantores,
1199 1996 1467 2065 przccipue
1497 2004 1674 2051 tamen
1705 2011 1798 2052 eos
1822 2036 1837 2061 ,
1886 1996 1977 2065 qui
2006 1994 2057 2048 in

475 2083 708 2138 ecclesia
770 2082 1002 2152 majores
1062 2099 1294 2154 praeesse
1351 2085 1644 2151 videntur,
1704 2094 1765 2140 ut
1819 2087 2061 2155 quotidie

476 2173 708 2229 subditis
732 2175 847 2230 suis
876 2176 991 2230 haec
1027 2176 1273 2247 exempla
1319 2175 1571 2232 subtilius
1614 2177 2058 2243 subministrent,

479 2278 547 2317 ne
578 2263 795 2333 quando
825 2264 1135 2335 antipbome
1169 2267 1220 2321 in
1246 2266 1479 2322 ecclesia
1520 2267 1863 2337 incmperint,
1911 2283 2064 2323 scru-

479 2354 667 2422 pulum
697 2364 962 2427 generent
984 2356 1037 2410 in
1069 2357 1381 2427 incipientia
1411 2356 1628 2427 psalmi.
1648 2367 1704 2411 et
1732 2372 1828 2428 per
1849 2357 2065 2413 diversa

478 2444 742 2515 incipiant
768 2448 1008 2518 evagari.
1054 2446 1467 2503 Stmliositatem
1521 2457 1703 2502 autem
1755 2448 2065 2517 quicunque

479 2539 679 2594 habere
709 2540 940 2596 voluerit
969 2540 1021 2595 in
1051 2551 1239 2607 cantu,
1268 2542 1512 2613 quotidie
1538 2542 1779 2614 perlegat
1820 2544 1920 2597 has
1951 2542 2065 2597 for-

477 2629 652 2686 mulas
682 2640 735 2687 et
767 2630 1122 2699 differentias,
1150 2648 1287 2707 quas
1316 2635 1370 2688 in
1402 2650 1459 2689 se
1491 2633 1724 2699 habent,
1759 2642 1814 2689 et
1848 2635 2067 2703 quando

477 2722 710 2778 voluerit
735 2726 1084 2795 antiphonam
1118 2725 1171 2780 in
1204 2726 1436 2781 ecclesia
1463 2726 1723 2795 incipere,
1748 2740 1856 2780 non
1888 2732 2069 2781 teneat

479 2816 762 2871 introitum
788 2818 928 2888 ejus,
956 2818 1049 2873 sed
1081 2817 1148 2871 ad
1189 2817 1351 2873 finem
1374 2805 1718 2888 quantocius.
1745 2826 1967 2883 currat,
2013 2824 2068 2872 et
2102 2834 2144 2894 Β

480 2908 535 2963 in
565 2907 719 2977 cuius
745 2918 870 2965 tono
894 2925 1012 2967 eam
1043 2911 1329 2977 invenerit,
1364 2912 1415 2966 in
1449 2912 1619 2982 ipsius
1658 2927 1793 2967 sono
1838 2911 2067 2982 incipiat

479 3000 749 3069 psalmum
777 3018 791 3054 :
823 3001 947 3071 quia
971 3011 1099 3056 sunt
1124 3001 1366 3073 plerique
1397 3003 1449 3057 in
1476 3002 1727 3067 ecclesia,
1756 3018 1820 3059 ex
1838 3018 2069 3073 quorum

481 3092 941 3157 numeremultos
968 3095 1225 3163 conspexi
1254 3135 1269 3160 ,
1315 3095 1408 3163 qui
1440 3105 1663 3165 propter
1698 3097 2068 3167 arrogantiam

485 3191 904 3261 seanteponunt
933 3185 1165 3248 caneris,
1194 3193 1248 3240 et
1295 3184 1503 3240 faciunt
1532 3202 1688 3241 suum
1741 3195 1924 3241 tonum
1952 3228 1967 3253 ,
2017 3194 2074 3243 et

484 3276 713 3338 dicunt,
750 3275 895 3343 quod
940 3275 1068 3330 talis
1117 3284 1273 3331 tonus
1310 3276 1382 3330 sit
1429 3284 1485 3331 et
1534 3276 1697 3342 talis,
1743 3287 1798 3330 et
1825 3276 1926 3347 ipsi
1976 3293 2073 3347 per

486 3367 667 3421 omnia
692 3365 921 3433 fallunt;
951 3376 1008 3423 et
1056 3368 1163 3425 hoc
1193 3384 1298 3423 non
1339 3368 1542 3424 faciunt
1582 3384 1681 3439 pro
1726 3368 1830 3423 alia
1862 3384 2025 3425 causa
2054 3409 2070 3436 ,

488 3458 589 3512 uisi
623 3467 680 3512 ut
712 3459 954 3531 magistri
1008 3468 1308 3529 appareant
1343 3468 1470 3514 ante
1498 3459 1638 3517 illos.
1667 3460 1759 3516 lsti
1792 3461 1925 3516 tales
1953 3462 2077 3532 plus

489 3551 893 3607 damnationem
917 3551 1021 3607 sibi
1070 3552 1264 3606 exinde
1286 3551 1610 3623 acquirunt,
1654 3568 1816 3622 quam
1864 3567 2072 3608 merce—

490 3645 631 3707 i'em,
656 3643 782 3713 quia
806 3644 998 3701 beatus
1042 3660 1182 3716 papa
1216 3644 1511 3715 Gregorius
1559 3660 1664 3700 non
1711 3646 1964 3700 inertiam
2014 3660 2074 3702 se

490 3746 729 3790 sectatus
752 3735 919 3791 fuisse
936 3736 1094 3802 dixit,
1121 3738 1340 3807 quando
1369 3745 1588 3791 cantum
1619 3735 1799 3792 facere
1839 3736 2071 3801 studuit,

492 3827 586 3881 sed
626 3826 693 3881 ad
734 3827 1078 3882 credulorum
1109 3828 1322 3884 animos
1367 3827 1752 3884 demulcendos
1795 3827 1899 3884 hoc
1948 3827 2076 3884 fecit

490 3918 560 3972 ad
590 3917 801 3975 laudem
830 3917 1140 3979 Conditoris
1164 3918 1358 3974 nostri.

566 4007 754 4064 Nullus
783 4008 1017 4080 denique
1059 4017 1211 4079 putet
1258 4009 1401 4078 quod
1431 4023 1619 4064 omnes
1666 4008 1974 4081 antiphonte
2020 4008 2074 4064 in

495 4116 594 4156 suo
621 4101 888 4172 principio
913 4115 972 4157 se
1000 4102 1326 4157 conveniant
1349 4117 1472 4156 cum
1500 4102 1655 4157 initio
1685 4103 1874 4173 psalmi
1900 4119 1915 4167 ;
1960 4117 2079 4157 ma-

490 4193 667 4263 jorem
695 4202 873 4250 autem
919 4203 1129 4263 partem
1174 4194 1592 4263 antiphonarum
1638 4194 1693 4248 in
1744 4193 1848 4247 fine
1889 4182 2150 4247 voluntC

498 4282 602 4337 sibi
650 4282 889 4352 incipere
919 4283 1207 4352 psalmum,
1240 4283 1382 4337 sicut
1423 4281 1717 4352 antiphona
1751 4300 1764 4336 :
1800 4281 1845 4337 0
1872 4282 2080 4337 beatum

497 4373 833 4442 pontiﬁcem,
884 4388 1047 4443 quam
1097 4372 1251 4427 multi
1300 4370 1502 4427 faciunt
1533 4373 1599 4427 de
1627 4374 1865 4429 secundo
1911 4374 2079 4438 tono;

500 4463 596 4519 sed
627 4460 835 4526 fallunt,
862 4475 984 4516 cum
1014 4462 1085 4516 sit
1109 4462 1175 4516 de
1198 4462 1373 4531 primo
1401 4471 1456 4518 et
1482 4461 1548 4518 de
1574 4463 1802 4533 septima
1831 4462 2109 4538 differen—,

502 4555 598 4609 tia.
636 4554 728 4611 Sic
756 4562 812 4609 et
835 4553 955 4609 aliae
989 4554 1172 4609 multa:
1211 4555 1557 4624 antiphonm,
1604 4570 1725 4625 qum
1751 4555 1804 4609 in
1839 4554 2084 4610 formulis

496 4647 831 4717 praescriptm
857 4646 1001 4700 'sunt.
1038 4644 1190 4701 Unde
1218 4645 1473 4716 praecipio
1496 4646 1747 4701 omnibus
1772 4646 2086 4702 cantoribus

502 4740 594 4809 qui
626 4739 754 4794 huic
798 4739 902 4793 arti
930 4742 1192 4808 praesunt,
1220 4746 1280 4791 ut
1304 4747 1427 4792 octo
1458 4746 1633 4801 tonos,
1661 4752 1799 4808 quos
1829 4736 1882 4790 in
1914 4738 2085 4807 figura

505 4841 631 4887 octo
650 4830 1047 4887 beatitudinum
1079 4830 1449 4901 exposuimus,
1481 4828 1876 4884 studiosissime
1904 4837 2089 4884 custo-

448 4968 459 4977 .
507 4924 683 4990 diant,
711 4925 840 4995 quia
885 4923 933 4978 si
966 4925 1072 4979 hoc
1103 4921 1350 4984 fecerint,
1382 4936 1490 4975 non
1521 4920 1629 4975 erit
1672 4920 1780 4974 illis
1824 4919 1912 4973 hic
1941 4919 2092 4973 labor

507 5016 804 5080 incassum,
830 5016 925 5070 sed
955 5016 1109 5071 valde
1140 5015 1458 5084 proficuum,
1486 5022 1542 5069 et
1569 5021 1653 5069 est
1675 5014 1728 5068 in
1753 5012 1977 5085 singulis
2003 5027 2094 5068 eo-

511 5120 632 5158 rum
660 5103 978 5161 differentiis
1000 5104 1155 5159 valde
1177 5104 1324 5158 utilis
1354 5104 1512 5169 ratio,
1542 5104 1634 5174 qui
1663 5112 2095 5173 sensumpotue-

514 5192 586 5245 rit
615 5208 829 5263 capere.

592 5282 757 5322 “nimi
806 5294 981 5322 gulam
1035 5286 1240 5322 nrimnc

1288 5292 1445 5322 Innnc
1497 5285 1679 5322 Annona
1722 5285 2046 5322 ("ﬁni-nntius:
2075 5303 2087 5315 ι

2159 1545 2416 1592 stramus.
2446 1536 2707 1592 Octavum
2737 1553 2865 1594 vero
2894 1539 2946 1593 in
2972 1554 3065 1593 sex
3098 1540 3424 1598 differentiis
3452 1543 3602 1599 finiri
3630 1560 3745 1601 oeti-

2160 1629 2386 1684 suimus.
2438 1627 2711 1700 Septimus
2760 1629 2845 1684 vel
2893 1639 3118 1686 octavus
3184 1633 3290 1689 fine
3338 1636 3599 1689 videntur
3633 1653 3751 1691 esse

2161 1721 2482 1787 concordes,
2522 1723 2616 1776 sed
2664 1722 2929 1793 principio
2976 1723 3189 1779 illorum
3236 1726 3553 1792 discordes;
3611 1729 3751 1782 unde

2161 1812 2387 1868 nmltum
2416 1813 2605 1868 volunt
2653 1813 2855 1869 habere
2905 1814 3141 1870 studium
3170 1857 3184 1881 ,
3236 1817 3329 1888 qui
3370 1818 3592 1873 illorum
3622 1821 3749 1873 anti-

2160 1901 2369 1974 phonas
2414 1901 2533 1957 sine
2598 1902 2730 1958 vitio
2800 1903 3039 1973 incipere
3100 1904 3391 1961 voluerint.
3453 1907 3751 1977 Aliquando

2163 1995 2328 2057 enim,
2359 2003 2419 2048 ut
2441 2010 2602 2064 supra
2634 1994 2926 2049 delibatum
2968 2003 3083 2061 est,
3113 1996 3167 2050 in
3198 2011 3298 2051 suo
3344 1997 3504 2051 initio
3532 2013 3591 2052 se
3632 2015 3751 2053 coa—

2163 2080 2392 2140 eo'rdant
2417 2099 2540 2138 eum
2568 2084 2794 2155 psalmo,
2826 2085 3008 2155 plures
3039 2095 3218 2141 autem
3250 2086 3305 2141 in
3349 2102 3454 2142 suo
3487 2088 3595 2144 fine
3624 2089 3755 2143 inei-

2162 2178 2374 2249 piendm
2408 2186 2534 2231 sunt

2295 2305 2608 2353 SEQUUSTUR
2630 2304 2770 2345 OCTO
2799 2304 2921 2345 1'08!
2952 2305 3058 2346 CUI!
3086 2305 3201 2346 SUIS
3226 2304 3630 2346 DlYl-‘ERENTIIS.
3722 2366 3727 2369 1

2554 2400 2631 2455 De
2657 2413 2769 2456 octo
2795 2413 2981 2456 tonora
3002 2420 3091 2473 per
3114 2404 3372 2459 ordinem.

2240 2511 2280 2567 1.
2317 2511 2499 2567 Prima
2545 2509 2872 2577 differentia,
2906 2521 3064 2568 tonus
3111 2512 3330 2578 Dorius,
3366 2522 3424 2568 et
3467 2514 3761 2569 authentns

2169 2612 2378 2675 protns,
2409 2619 2512 2657 vox
2550 2605 2688 2658 edax
2713 2643 2728 2670 ,
2771 2614 3001 2658 metrum
3034 2619 3163 2659 vero
3196 2603 3462 2675 lychanos
3491 2605 3754 2674 hypaton;

2171 2707 2438 2765 organum
2465 2702 2689 2757 anoton,
2735 2693 3052 2763 symphonia
3088 2694 3327 2748 varietas
3362 2694 3534 2762 preti,
3561 2693 3761 2748 chorda

2173 2801 2304 2841 vero
2339 2786 2572 2849 scembs,
2603 2786 2680 2840 uti
2712 2786 2943 2855 primum
2985 2794 3170 2841 tonum
3203 2783 3489 2856 incipiens,
3523 2795 3579 2839 et
3608 2785 3755 2838 sche-

2179 2889 2321 2933 mata
2355 2879 2415 2936 D.
2465 2879 2766 2950 Loquimur
2812 2879 3083 2949 quomodo
3120 2894 3391 2948 quemque
3426 2876 3759 2932 diﬂ'erentias

2178 2970 2244 3044 [f.
2280 2986 2505 3042 qumque
2545 2968 2888 3042 differentiae]
2933 2984 3030 3039 per
3074 2969 3313 3039 singulas
3356 2968 3664 3022 ascendam
3709 2978 3759 3019 et

2176 3063 2510 3118 descendunt
2537 3062 2774 3117 tonando
2805 3075 2927 3116 cum
2953 3060 3202 3114 vocibus.
3242 3058 3426 3113 Prima
3457 3055 3757 3112 differentia

2174 3153 2394 3207 inchoat
2421 3153 2472 3207 in
2504 3160 2697 3221 quarta
2724 3148 2910 3214 corda,
2941 3164 3058 3219 qua:
3094 3157 3318 3202 vocatur
3344 3147 3568 3209 scembs,
3595 3154 3651 3198 et
3676 3158 3755 3197 se-

2175 3243 2415 3300 renando
2458 3240 2714 3296 ascendet
2754 3241 2807 3294 in
2848 3250 3042 3295 octava
3075 3254 3195 3309 qua:
3237 3238 3437 3292 dicitur
3476 3236 3675 3305 haphe,
3706 3242 3757 3287 et

2177 3331 2484 3389 serenando
2533 3332 2786 3386 ascendet
2819 3346 2990 3401 usque
3035 3329 3103 3384 ad
3137 3328 3374 3391 tertiam,
3408 3342 3533 3397 qua:
3566 3325 3755 3380 dicitur

2176 3438 2251 3488 re,
2282 3435 2337 3478 et
2364 3437 2590 3494 repausa
2617 3423 2705 3476 ubi
2737 3421 2942 3490 incipit.
2972 3419 3163 3488 incipit
3188 3427 3397 3472 cantus.

2534 3512 2774 3566 Primum
2800 3511 3018 3581 quaerite
3046 3526 3264 3581 regnum
3291 3509 3413 3583 Dei.

2499 3605 2645 3660 Finit
2679 3608 2903 3676 primus.
2942 3604 3122 3673 incipit
3156 3602 3439 3657 secundus.

2181 3701 2197 3710 ’
2248 3709 2311 3764 ll.
2356 3708 2605 3764 Secunda
2636 3723 2763 3763 vero
2799 3704 3097 3761 differentia
3132 3713 3292 3758 tonus
3319 3701 3677 3773 hypoiastius.
3704 3709 3753 3754 et

2178 3802 2352 3875 plagis
2390 3801 2556 3872 proli,
2598 3816 2703 3855 vox
2742 3800 2904 3866 edax,
2934 3807 3168 3851 metrum
3211 3810 3340 3849 vero
3372 3794 3633 3864 lychanos
3663 3792 3751 3861 hyo

2179 3903 2369 3963 paton,
2404 3906 2646 3962 organon
2695 3899 2911 3960 ysaton,
2943 3886 3262 3958 symphonia
3308 3884 3551 3937 varietas
3596 3881 3753 3951 plagis

2177 3985 2341 4055 proti.
2374 3983 2587 4038 Cltorda
2616 3997 2745 4036 vero
2764 3978 2997 4041 scembs,
3023 3985 3080 4032 et
3106 3978 3388 4032 schemata
3420 3974 3485 4027 D.
3517 3971 3748 4027 Secunda

2181 4075 2485 4130 differentia
2539 4073 2757 4128 inchoat
2805 4072 2858 4124 in
2905 4077 3097 4139 quarta
3135 4066 3365 4130 chorda,
3392 4080 3516 4134 quae
3545 4072 3751 4115 vomtur

2182 4169 2415 4230 scembs,
2449 4173 2505 4220 et
2531 4162 2774 4221 ascendit
2815 4160 2868 4215 in
2915 4169 3070 4216 sexta
3119 4157 3321 4214 chorda
3350 4195 3368 4220 ,
3409 4170 3532 4224 qum
3576 4152 3753 4206 dicitur

2185 4258 2328 4321 net/1,
2360 4267 2416 4313 et
2439 4256 2718 4312 descendit
2757 4254 2826 4309 ad
2853 4254 3106 4324 primam,
3134 4264 3258 4321 quae
3300 4257 3530 4304 vocatur
3565 4248 3681 4310 bur,
3704 4250 3753 4296 et

2185 4363 2415 4420 repausa
2442 4348 2531 4404 ubi
2555 4346 2743 4416 incipit
2775 4354 2987 4401 cantus.

2489 4439 2787 4496 Secundum
2813 4447 2989 4491 autem
3018 4434 3186 4490 simile
3216 4444 3289 4488 est
3316 4433 3469 4486 huic.

2508 4531 2658 4586 Finit
2699 4529 2992 4590 sectmdus;
3031 4527 3213 4596 incipit
3240 4526 3450 4579 tertius.

2258 4638 2344 4694 Id.
2383 4637 2567 4693 Tertia
2603 4635 2767 4705 igitur
2808 4630 3111 4689 differentia
3158 4639 3321 4685 tonus
3360 4628 3580 4684 onlius
3617 4631 3743 4683 sent

2193 4729 2371 4784 tonius
2404 4735 2458 4782 et
2493 4726 2781 4780 authentus
2821 4723 3097 4777 deuterus.
3149 4721 3269 4775 Vox
3309 4718 3514 4787 jubilo,
3546 4727 3755 4772 metrum

2193 4836 2321 4875 vero
2346 4822 2543 4891 hypate
2572 4831 2778 4881 meson,
2821 4830 3085 4886 organum
3113 4814 3414 4870 chamilon.
3447 4810 3756 4885 Symphooia

2195 4912 2429 4966 varietas
2459 4907 2689 4973 deuteri,
2718 4906 2923 4962 chorda
2950 4920 3078 4960 vero
3105 4907 3301 4976 caphe,
3328 4913 3387 4959 et
3413 4906 3689 4960 schemata
3710 4899 3757 4953 Β.

2196 5003 2377 5059 Tertia
2402 5000 2703 5057 differentia
2730 4999 2951 5053 inchoat
2976 4998 3030 5052 in
3053 5011 3194 5052 nona
3224 4997 3459 5060 chorda,
3483 5011 3607 5065 quae
3625 5008 3758 5048 voca-

2197 5106 2284 5150 tur
2310 5095 2492 5166 cuphe,
2530 5102 2589 5148 et
2612 5093 2867 5147 ascendet
2895 5090 2960 5145 ad
2987 5089 3328 5144 undecimam
3354 5091 3641 5151 chon-dam,
3662 5100 3759 5156 qua:

2196 5186 2396 5240 dicitur
2441 5198 2681 5255 suggesse
2708 5222 2722 5246 ,
2767 5192 2823 5236 et
2854 5181 3140 5238 descendet
3184 5195 3360 5249 usque
3413 5183 3468 5234 in
3516 5189 3757 5251 quartam.

2196 5295 2316 5322 num
2346 5278 2547 5322 dir-itur
2573 5277 2790 5322 smmbs-
2820 5282 2875 5322 et
2908 5288 3128 5322 renausa
3160 5272 3212 5322 in
3241 5274 3534 5322 schemata
3562 5270 3622 5322 E.
