3964 5360
198 282 315 339 757

1419 302 1786 365 Ol’USClJLA
1832 310 1918 365 DE
1958 310 2239 367 MUSICA.

3376 330 3478 389 758

190 414 424 465 meson,
448 416 708 471 organum
739 406 973 477 salpiou,
1006 414 1326 482 symphonia
1352 420 1586 474 varietas
1617 422 1788 493 plagis
1819 428 1866 484 Α
1896 425 2138 479 ascendit
2168 442 2337 495 usque
2381 428 2447 481 ad
2480 439 2725 485 octavam
2769 448 2890 506 quae
2919 438 3230 493 nominatur
3266 441 3395 506 (περι,
3425 456 3478 497 et

196 490 441 546 deuteri.
462 492 675 551 Chorda
704 512 833 553 vero
864 515 1080 566 ca'mar,
1102 512 1158 559 et
1185 508 1459 564 schemata
1489 511 1549 565 Ε.
1582 490 1783 579 Quarta

1892 515 2170 570 descendit
2200 532 2371 588 usque
2406 519 2458 573 in
2498 524 2730 589 tertiam,
2773 541 2893 595 qua:
2934 528 3134 583 dicitur
3185 548 3259 598 re,
3302 542 3355 587 et
3396 551 3479 589 re-

194 591 389 638 autem
438 584 737 643 differentia
785 592 1021 648 sumitur
1069 594 1120 649 in
1174 598 1361 667 quinta
1408 602 1629 667 chorda,
1671 620 1791 674 qnte
1893 622 2059 683 pausa
2095 607 2150 661 in
2184 584 2459 663 schemata
2498 609 2557 665 F.

194 672 406 729 dicitur
430 693 657 743 cwmar;
699 688 754 736 et
784 684 1029 739 ascendit
1051 685 1118 740 ad
1148 689 1455 757 septimam,
1479 708 1600 763 qum
1626 672 1788 749 voca-

194 774 296 819 tur
324 767 526 833 uciehe,
565 778 621 824 et
655 770 935 830 descendit
964 777 1031 831 ad
1064 780 1302 850 tertiam,
1339 798 1460 853 qua:
1487 783 1687 841 dicitur
1710 803 1785 854 re,

192 864 255 910 et
292 872 522 927 repausa
558 862 649 918 ubi
684 863 899 933 incipit.

809 961 936 1014 Item
968 972 1179 1019 cantus.

588 1045 790 1111 Quarta
820 1052 999 1120 vigilia
1033 1057 1163 1109 venit
1196 1059 1265 1111 ad
1299 1075 1407 1114 eos.

527 1134 676 1192 Finit
711 1152 966 1210 quartus;
1016 1144 1193 1214 incipit
1229 1150 1462 1217 quintus.

270 1225 336 1279 γ.
374 1227 573 1294 Quinta
605 1231 769 1301 igitur
795 1233 1100 1291 dilferentia
1130 1242 1362 1297 sumitur
1393 1253 1550 1299 tonus
1574 1262 1784 1316 parme-

189 1333 323 1381 uus,
362 1327 418 1372 et
446 1321 739 1379 autltentus
770 1325 945 1392 tritus,
981 1344 1086 1383 vox
1126 1344 1255 1387 vero
1284 1336 1515 1396 excelsa.
1550 1348 1781 1393 metrum

189 1425 327 1465 vero
362 1422 618 1484 parypate
649 1429 858 1482 meson,
885 1433 1148 1489 organum
1177 1425 1379 1495 cuphos
1403 1468 1417 1490 ,
1469 1429 1779 1499 symphonia

189 1500 433 1555 varietas
480 1503 633 1571 triti,
678 1507 880 1562 chorda
923 1523 1051 1565 vero
1095 1512 1243 1577 ascl,
1290 1522 1344 1569 et
1397 1516 1673 1572 schemata
1720 1520 1778 1573 ί).

186 1592 394 1657 Quinta
417 1610 548 1649 vero
575 1596 819 1653 imitatur
839 1600 906 1654 ad
929 1610 1118 1656 octava
1150 1604 1372 1668 chorda,
1406 1622 1527 1677 qua:
1555 1618 1781 1669 vocatur

184 1683 323 1748 «sel,
346 1694 399 1740 et
418 1687 717 1765 ascendens
739 1690 805 1744 ad
830 1692 1138 1758 undecima,
1160 1709 1280 1764 qua:
1301 1696 1500 1751 dicitur
1518 1716 1774 1767 sucgesse,

2573 704 2796 762 Cantus.

2225 790 2388 848 Sexta
2416 793 2546 848 liora
2572 797 2703 850 sedit
2732 814 2889 862 super
2914 811 3147 869 puteum.

2224 882 2377 939 Finit
2409 897 2619 952 sextus;
2650 889 2830 958 incipit
2861 893 3128 961 septimus.

1960 972 2071 1029 VII.
2110 975 2353 1047 Septima
2399 979 2542 1032 enim
2585 978 2888 1038 differentia
2951 994 3108 1041 tonus
3150 989 3377 1054 adonta,
3419 999 3474 1045 et

1887 1068 2176 1123 authentus
2198 1071 2493 1135 tetrardus,
2516 1087 2615 1125 vox
2642 1074 2945 1140 stridentis,
2972 1086 3026 1132 et
3048 1087 3276 1134 metrum
3306 1082 3474 1136 licha-

1888 1174 1987 1213 nos
2027 1174 2237 1229 meson,
2273 1176 2538 1233 organum
2579 1165 2784 1236 strigpn
2813 1207 2828 1231 ,
2874 1170 3195 1239 symphonia
3237 1164 3471 1228 varietas

1887 1250 2135 1316 tetrardi,
2160 1251 2359 1307 chorda
2382 1268 2515 1308 vero
2541 1271 2801 1325 suegesse,
2828 1265 2881 1311 et
2904 1259 3151 1312 ascendit
3176 1260 3243 1314 ad
3274 1260 3473 1316 duode-

1885 1340 2103 1405 cimam,
2132 1357 2252 1411 qua:
2280 1342 2481 1398 dicitur
2508 1361 2631 1410 nar,
2671 1354 2729 1401 et
2771 1347 3053 1403 descendit
3081 1350 3135 1403 in
3163 1351 3469 1421 septimam,

1884 1444 2004 1498 qua:
2031 1430 2231 1485 dicitur
2256 1432 2420 1498 eicite,
2452 1441 2508 1487 et
2538 1448 2767 1503 repausa
2801 1435 2852 1489 in
2886 1437 3162 1493 schemata
3188 1439 3253 1494 G.

2569 1521 2793 1581 Cantus.

2097 1609 2302 1682 Septem
2331 1624 2449 1667 sunt
2483 1615 2695 1683 spiritus
2726 1626 2846 1670 ante
2869 1617 3115 1672 thronum
3137 1619 3251 1674 Dei.

2198 1701 2344 1757 Finit
2381 1706 2662 1769 septimus;
2701 1708 2879 1777 incipit
2914 1720 3144 1777 octavus.

185 1783 244 1827 et
277 1774 612 1832 descendens
638 1777 690 1832 in
728 1788 899 1846 sexta,
927 1797 1046 1852 quae
1069 1784 1269 1840 dicitur
1296 1787 1435 1851 uelli,
1464 1796 1521 1842 et
1551 1803 1779 1858 repausa
1814 1783 1860 1842 Β
1956 1792 2089 1850 VIII.
2131 1794 2333 1852 Octava
2357 1812 2484 1852 vero
2506 1774 2813 1854 ditferentia
2837 1774 3026 1873 incipit
3049 1813 3207 1860 tonus
3230 1807 3467 1864 theticon

182 1864 239 1919 in
276 1867 553 1921 schemata
587 1869 648 1924 F.

874 1965 1098 2024 Cantus.

335 2048 575 2123 Quinque
603 2056 882 2124 prudentes
922 2060 1356 2135 intraverunt’ad
1395 2065 1627 2134 nuptias.

545 2143 693 2200 Finit
721 2149 967 2218 quintus;
998 2152 1177 2223 incipit
1202 2164 1402 2210 sextus.
1442 2216 1445 2219 _

254 2235 344 2289 Vl.
385 2234 547 2291 Sexta
573 2255 703 2310 ergo
730 2241 1031 2300 differentia
1084 2255 1240 2302 tonus
1271 2250 1561 2319 epyniccus
1604 2252 1765 2319 semi-

175 2326 394 2392 tonius,
433 2336 488 2383 et
525 2329 695 2400 plagis
726 2332 872 2400 triti,
922 2350 1025 2389 vox
1052 2338 1297 2405 excelsa,
1351 2350 1585 2395 metrum
1637 2358 1764 2397 vero

172 2428 442 2489 parypate
465 2438 672 2489 meson,
689 2440 950 2496 organum
972 2429 1166 2493 bnbos,
1191 2434 1507 2502 symphonia
1532 2435 1765 2489 varietas

170 2511 354 2582 plagis
385 2515 518 2581 triti,
550 2518 751 2573 chorda
787 2535 914 2574 vero
942 2522 1084 2586 netia,
1109 2532 1163 2576 et
1190 2526 1469 2580 schemata
1502 2526 1563 2581 F.
1598 2525 1764 2583 Sexta

169 2616 311 2671 ergo
349 2605 595 2659 exoritur
624 2622 655 2662 a
684 2617 836 2662 sexta
872 2609 1093 2677 chorda,
1132 2627 1251 2682 qua:
1294 2612 1495 2689 dicitur
1530 2616 1674 2683 netlt,
1708 2624 1780 2671 et.

1881 1896 1936 1941 ct
1958 1887 2129 1960 plagis
2154 1891 2398 1955 tetrardi,
2428 1906 2527 1945 vox
2559 1892 2862 1959 stridentis,
2889 1905 3120 1961 metrum
3146 1913 3276 1952 vero
3299 1898 3470 1955 licha-

1880 1998 1979 2036 nos
2009 1998 2234 2049 meson,
2272 2000 2537 2054 organum
2576 1982 2814 2041 funicon.
2871 1984 3199 2058 Symphonia
3236 1990 3468 2045 varietas

1877 2073 2051 2144 plagis
2090 2076 2312 2129 tetrardi
2332 2115 2347 2139 ,
2399 2076 2600 2129 chorda
2628 2086 2811 2131 autem
2839 2079 2983 2143 netlt,
3011 2088 3066 2133 et
3094 2081 3369 2135 schemata
3397 2080 3461 2136 F.

1877 2162 2081 2218 Octava
2125 2179 2253 2218 vero
2295 2165 2457 2219 distat
2507 2166 2561 2218 in
2604 2175 2756 2221 sexta
2795 2166 3031 2233 chorda,
3071 2184 3197 2237 quae
3239 2178 3466 2226 vocatur

1874 2254 2016 2318 neﬂr,
2036 2266 2091 2309 et
2111 2256 2355 2311 ascendit
2373 2258 2439 2312 ad
2462 2258 2821 2321 undecimam,
2839 2276 2959 2328 quae
2984 2261 3182 2314 dicitur
3201 2278 3462 2333 sucgesse,

1872 2353 1926 2397 et
1968 2344 2245 2400 descendit
2286 2346 2339 2399 in
2378 2356 2610 2413 sextam,
2642 2349 2731 2403 ubi
2778 2349 2991 2420 incipit,
3035 2361 3090 2406 et
3135 2367 3364 2421 repausa
3408 2354 3463 2408 in

1873 2437 2147 2493 schemata
2183 2438 2249 2494 ϐ.
3408 2442 3409 2445 “

2550 2532 2775 2588 Cantus.

2321 2622 2452 2677 Octo
2483 2635 2604 2678 sunt
2640 2625 2983 2681 beatitudines

192 2784 3437 2820 Μ

1246 2895 2337 3110 INCIPITLIBER,

245 3190 377 3265 Qui
437 3197 502 3252 et
555 3192 971 3257 DIALOGUS
1004 3195 1267 3294 dicitur,
1301 3217 1333 3261 δ
1363 3198 1863 3294 demnqodone
1894 3204 2773 3294 compositus,_‘succinctim,
2806 3210 3111 3275 decenter
3165 3216 3363 3294 atque

1041 3275 1314 3342 honeste
1347 3280 1423 3341 ad
1462 3275 2203 3374 utilitatemlegeutium
2236 3275 2567 3350 collectus.
2757 3275 2770 3286 ’
3218 3306 3223 3311 ·

1321 3447 1412 3497 Ἐι
1440 3459 1534 3497 ms.
1557 3448 1781 3498 biblioth.
1803 3448 1928 3511 lieg.
1961 3450 2117 3503 Paris.
2134 3453 2304 3517 72H.)

1270 3778 1663 3857 INCIPlT
1741 3780 2318 3858 PROLOGUS.

234 4067 455 4127 Petistis
496 4071 714 4135 obnixe,
745 4072 1047 4128 charissimi
1080 4072 1298 4141 fratres,
1322 4083 1588 4144 quatenus
1618 4089 1747 4145 pau-
1775 4076 1823 4137 C
1852 4074 2011 4130 amnis
2063 4075 2116 4130 in
2154 4076 2385 4131 canendi
2422 4091 2525 4130 usu
2561 4083 2615 4131 et
2646 4076 2824 4131 studio
2876 4064 3143 4131 inutiliter
3189 4091 3443 4149 perman-

162 4179 254 4218 eas
300 4164 455 4219 vobis
483 4163 551 4218 de
596 4164 802 4227 musica
864 4165 1099 4235 regulas
1126 4167 1416 4228 traderem,
1467 4174 1628 4235 atque
1653 4180 1748 4221 eas

164 4240 558 4319 tantummodo,
605 4271 740 4326 quas
782 4257 934 4326 pueri
969 4267 1024 4312 et
1053 4258 1325 4327 simplices
1355 4258 1746 4311 sulliciant’cao

161 4360 321 4414 pere,
364 4345 671 4415 quibusque
718 4342 786 4401 ad
839 4349 1097 4403 cantandi
1145 4349 1395 4418 peritiam
1445 4347 1744 4419 perfectam

159 4434 440 4499 velociter,
493 4437 602 4490 Deo
642 4437 954 4508 adiuvante,
999 4438 1216 4493 valeant
1254 4439 1553 4509 pervenire.
1592 4438 1745 4505 Quod

162 4523 365 4580 idcirco
392 4525 781 4598 pctistis,'qn:e
808 4528 873 4601 [Γ.
907 4528 1055 4601 quia]
1090 4520 1247 4599 posse
1288 4529 1401 4583 ﬁeri
1444 4529 1544 4598 ipsi
1589 4529 1744 4583 audi—

161 4615 260 4668 stis
290 4624 347 4668 et
374 4615 606 4683 vidistis,
647 4618 918 4687 certisque
947 4618 1161 4673 iudiciis
1186 4618 1600 4688 comprobastis.
1638 4616 1745 4672 Vo-

158 4705 371 4759 biscum
419 4706 616 4776 quippe
660 4707 870 4776 positus
916 4717 1123 4762 tantum
1151 4719 1473 4776 cooperante
1508 4709 1619 4763 Deo
1648 4725 1744 4779 per

162 4798 306 4869 hanc
334 4806 509 4852 artem
541 4800 804 4868 quosdam
847 4814 1007 4855 veros
1050 4815 1246 4870 pueros
1280 4816 1344 4857 ac.
1377 4800 1607 4869 juvenes
1647 4803 1746 4858 do-

160 4888 267 4949 cui,
303 4886 392 4963 alii
428 4889 623 4951 triduo,
660 4896 713 4941 ut
748 4888 929 4961 alii‘[l.
958 4898 1017 4944 ut
1042 4890 1131 4945 alii
1157 4892 1354 4957 triduo,
1386 4892 1500 4965 alii]
1529 4894 1742 4963 quatri-

1853 4175 2063 4221 serunt.

1923 4258 2166 4315 Sollicite
2216 4275 2432 4330 quoque
2481 4276 2545 4316 ac
2572 4261 2804 4316 ’curiose
2855 4262 3323 4333 investigantibns,
3369 4281 3439 4321 an

1848 4364 1949 4421 per
1972 4366 2162 4406 names
2185 4361 2377 4407 cantus
2401 4360 2585 4407 nostra
2611 4351 2820 4407 valeret
2846 4352 3116 4416 doctrina,
3149 4365 3433 4426 assumpto

1848 4442 2081 4509 quodam
2114 4441 2304 4506 fratre,
2342 4442 2435 4512 qui
2464 4443 2531 4495 ad
2559 4442 3022 4511 comparationem
3049 4442 3279 4498 aliorum
3303 4460 3436 4501 cane

1810 4540 2028 4586 torum
2078 4531 2368 4588 videbatur
2418 4534 2711 4604 perfectus,
2769 4535 3227 4605 antiphonarium.
3260 4537 3437 4592 sancti

1845 4622 2115 4694 Gregorii
2156 4623 2573 4693 diligentissime
2624 4625 2987 4697 investigavi,
3037 4627 3091 4681 iu
3145 4641 3253 4696 quo
3298 4617 3437 4697 pene

1844 4713 2026 4769 omnia
2055 4714 2377 4784 regulariter
2417 4726 2566 4771 stare.
2604 4716 2819 4772 inuenir
2838 4715 3015 4773 Pauca
3044 4731 3198 4779 vero,
3220 4731 3345 4784 qua:
3369 4718 3438 4770 ab

1793 4809 1797 4813 ’
1846 4806 2115 4877 imperitis
2147 4812 2467 4867 cantoribus
2507 4818 2665 4863 erant
2707 4810 2917 4873 vitiata,
2967 4822 3074 4864 non
3115 4807 3303 4861 minus
3350 4805 3441 4860 ali-

1845 4915 2073 4970 quorum
2124 4908 2421 4962 cantorum
2467 4899 2803 4966 testimonio,-
2852 4916 3016 4969 quam
3062 4892 3263 4962 regulae
3323 4902 3452 4954 sum

1791 4986 1798 4994 ’
1843 4992 2168 5048 auctoritate
2210 5007 2481 5072 correpta
2528 4990 2594 5064 υ.
2628 4991 2918 5063 correcta].
2965 4983 3336 5072 Charissimi,
3383 4992 3465 5036 ta-

1844 5098 1966 5137 men
2013 5081 2064 5134 iu
2116 5071 2536 5155 prolixigﬁbus
2567 5082 2817 5138 cantibus
2844 5096 3032 5136 vocem
3064 5073 3134 5128 ad
3160 5071 3380 5134 alim“
3416 5077 3498 5120 ω’

1844 5188 1974 5226 “um
2005 5169 2426 5253 Pcrtinenteu,’
2481 5184 2537 5232 ct.
2564 5172 2862 5239 superﬂuas
2903 5164 3382 5288 elevationesift

1844 5262 2136 5288 ......:.:........
2152 5275 2273 5288 λη...
2484 5260 2950 5288 μ-1...κζ...υ...ε,.,.,.
2990 5261 3080 5288 επ,
3115 5263 3231 5288 mm,
3358 5266 3450 5288 ’,η

1944 5262 2136 5288 :l:nnnn
2152 5275 2273 5288 Ληιηι
2484 5265 2632 5288 μ-1ιιΜ
2653 5260 2950 5288 ζιιανιικξ-..οσι
2990 5260 3099 5288 Call
3115 5260 3245 5288 ΠΙΙΦΙ
3268 5260 3285 5288 Ι
3358 5266 3450 5288 ..11

159 4980 287 5042 duo,
312 4979 527 5047 quidam
561 4995 690 5034 vero
722 4982 883 5037 unius
912 4983 1263 5039 hebdomada:
1293 4988 1475 5056 spatio
1498 4988 1599 5040 hac
1625 4994 1741 5040 arte

159 5069 459 5137 exercitati,
514 5072 868 5142 quamplures
907 5075 1253 5143 antiphonas,
1305 5092 1411 5131 non
1460 5076 1740 5132 audientes

159 5162 229 5216 ab
269 5160 482 5232 aliquo,
530 5163 627 5219 sed
676 5165 911 5234 regulari
961 5168 1334 5221 tantummodo
1376 5167 1740 5234 descriptione

157 5253 389 5288 nnnlanti
419 5269 515 5288 nas-
544 5269 605 5288 cu
640 5252 913 5288 ("cna-vnn}
984 5265 1035 5288 ιιι
1077 5264 1201 5288 ηΛοῦ¹
1226 5259 1490 5288 manu...“
1528 5259 1708 5288 ξηιιιιιιτ

1882 5263 1955 5288 AR:
