3964 5360
478 212 584 274 7S9

1152 220 1207 276 S.
1247 220 1495 279 ODONIS
1531 222 1827 279 ABBATIS
1869 223 2002 281 SEU
2040 225 2389 283 ALTERIUS
2429 228 2683 287 ODONIS
2724 220 3054 292 MONACIII.

3642 235 3732 291 760

479 331 634 388 simis
679 333 929 403 precibus
975 348 1038 390 ac
1089 335 1295 390 nisibus
1342 335 1633 400 institistis,
1683 346 1951 406 quatenus
1997 338 2063 391 ad
2093 350 2138 404 Α
2169 339 2436 395 doctrina.
2469 342 2785 414 Cuicunque
2815 345 2996 415 itaque
3033 343 3320 415 placuerit,
3360 342 3734 398 iuvitolabore

479 426 742 482 honorem
767 428 887 496 Dei,
916 445 981 485 ac
1015 431 1372 486 sanctissima:
1408 431 1687 503 genitricis
1711 432 1829 503 ejus
1859 432 2059 498 Marize,

478 521 535 573 in
582 519 736 590 cujus
782 522 1076 578 venerabili
1126 523 1375 578 coenobio
1417 524 1519 579 ista
1547 523 1768 588 flebant,
1797 532 1851 578 et
1878 532 1938 577 ut
1971 539 2059 578 re-

479 610 619 679 gula:
671 609 885 678 flerent,
947 623 1201 683 tanquam
1256 612 1479 669 utilibus
1525 614 1669 668 notis
1726 622 1897 668 totum
1959 630 2059 667 an-

474 702 844 771 tiphonarium
890 719 1014 759 cum
1054 713 1304 761 tonorum
1353 703 1600 759 formulis
1636 704 2058 759 describeretur.

545 792 622 847 De
679 793 875 848 vestris
930 795 1094 865 igitur
1148 796 1404 866 precibus
1452 793 1753 860 conlidens,
1812 804 1865 851 et
1914 811 2056 850 com.

475 883 658 939 munis
686 883 867 941 Patris
893 894 1161 957 praecepta
1206 888 1528 958 suscipiens,
1577 887 1680 942 hoc
1723 903 1859 956 opus
1896 887 2061 943 inter-

477 976 698 1032 mittere
722 993 823 1033 nec
848 979 990 1045 volo,
1021 995 1122 1035 nec
1148 981 1317 1036 valeo.
1349 980 1445 1035 Est
1473 991 1651 1034 autem
1680 981 1820 1050 apud
1843 982 2061 1050 sapien-

479 1075 564 1121 tcs
610 1067 771 1138 hujus
816 1070 996 1125 saeculi
1024 1071 1183 1126 valde
1211 1069 1439 1127 difﬁcilis
1467 1082 1520 1129 et
1546 1074 1721 1144 ampla
1749 1072 1907 1143 hujus
1928 1074 2063 1128 artis

2167 433 2380 487 excolat
2418 443 2580 503 atque
2618 435 2913 491 circumeat
2955 451 3226 506 campum.
3273 434 3379 503 Qui
3430 443 3609 488 autem
3647 434 3735 488 hoc

2167 538 2393 593 parvum
2443 525 2539 580 Dei
2589 526 2789 581 donum
2826 528 2895 582 ab
2922 528 3037 597 ipso
3083 527 3347 597 percepit,
3392 524 3624 594 simplici
3662 539 3736 578 sa-

2168 615 2393 671 tiabitur
2431 615 2627 671 fructu.
2664 617 2734 673 Ut
2760 626 2940 674 autem
2975 618 3166 675 melius
3198 617 3520 689 iutelligatis
3550 617 3667 678 hoc,
3688 625 3737 671 et

2167 710 2470 763 necessaria
2502 725 2599 779 pro
2625 725 2751 764 vera
2791 710 3067 766 voluntate
3109 710 3410 780 accipiatis,
3465 724 3606 763 unus
3643 722 3731 763 ve-

2166 809 2338 855 strum
2363 800 2430 855 ad
2454 801 2896 872 interrogandum
2934 802 3017 856 vel
3051 801 3466 871 colloquendum
3511 798 3737 864 accedat,

2164 907 2285 963 quae
2320 900 2481 963 prout
2523 891 2785 949 Dominus
2822 892 3125 959 donaverit,
3159 891 3499 962 respondere
3525 906 3631 945 non
3656 904 3738 944 ne-

2164 986 2385 1058 gligam.

502 1240 3737 1267 ww

1144 1378 1541 1459 lNCIPIT
1607 1359 1986 1459 MUSICA
2047 1380 2058 1453 l

2172 1379 2384 1458 lMNI
2448 1380 2843 1460 ODONIS
2896 1404 3070 1474 (tsi).

1918 1670 2317 1736 SYNOPSIS.

530 1828 574 1884 1.
601 1831 678 1883 De
719 1834 1043 1883 monochordo
1075 1833 1283 1896 ejusque
1319 1847 1427 1884 usu.
1447 1834 1495 1885 2.
1532 1834 1591 1885 Et
1634 1846 1879 1884 mensura.
1904 1837 1953 1885 5.
1976 1833 2055 1884 De

462 1899 584 1958 tono
606 1901 660 1944 et
697 1898 973 1945 semitonto.
1000 1896 1044 1943 4.
1072 1896 1147 1947 De
1184 1899 1529 1945 cousouantiis.
1566 1900 1612 1948 5.
1640 1897 1716 1946 De
1756 1898 2057 1958 conjunctio-

469 1957 616 2005 nibus
661 1968 852 2006 vocum.
890 1958 937 2005 6.
964 1957 1083 2013 Toni
1132 1967 1184 2008 et
1218 1958 1467 2008 semitonii
1508 1962 1741 2009 discretio
1783 1957 2054 2007 secundum

469 2017 727 2067 modos.7.
770 2018 844 2067 De
902 2017 1134 2068 limitibus
1183 2022 1452 2070 modorum.
1503 2021 1551 2070 8.

1587 2021 1709 2079 Quid
1753 2021 1817 2070 sit
1861 2020 2048 2078 modus,

474 2078 606 2129 unde
668 2080 978 2142 diguoscatur
1040 2084 1287 2147 quisque,

1359 2081 1783 2145 distinguaturve?
1857 2080 1908 2130 9.
1977 2081 2053 2131 De

538 2295 591 2349 1.
633 2292 701 2349 D.
743 2292 882 2361 Quid
904 2301 986 2349 est
1011 2292 1253 2348 musica?

551 2386 635 2442 M.
674 2386 957 2442 Vcraciter
1006 2386 1233 2441 canendi
1268 2384 1518 2450 scientia,
1571 2391 1624 2440 et
1664 2382 1838 2439 facilis
1866 2382 1934 2436 ad
1965 2396 2056 2436 ca-

472 2479 633 2536 nendi
661 2479 1046 2551 perfectionem
1072 2480 1179 2534 via.

543 2576 613 2630 ι).
653 2573 968 2642 Quomodo?

544 2666 624 2721 Μ.
668 2666 821 2723 Sicut
875 2665 1134 2736 magister
1177 2679 1367 2721 omnes
1416 2662 1513 2718 tibi
1561 2661 1776 2718 litteras
1817 2661 2056 2733 primum

469 2758 709 2814 ostendit
729 2757 781 2813 in
812 2758 1014 2825 tabula,
1063 2758 1134 2812 ita
1161 2764 1217 2813 et
1256 2755 1496 2812 musicus
1538 2768 1728 2811 omnes
1773 2752 2059 2810 cantilenae

470 2861 632 2903 voces
658 2847 712 2902 in
740 2848 1110 2905 monochordo
1132 2847 1395 2903 insinuat.

547 2938 612 2992 D.
645 2926 815 3006 Quale
843 2948 926 2995 est
948 2938 1075 2994 illud
1101 2938 1524 2993 monochordum
1541 2938 1573 2992 ἵ

545 3027 623 3082 Μ.
674 3028 902 3101 Lignum
951 3030 1160 3100 longum
1187 3029 1335 3099 (l5?)
1367 3028 1686 3101 quadratum
1732 3029 1785 3084 in
1839 3030 2057 3087 modum

475 3133 676 3188 capsae,
703 3130 758 3173 et
787 3121 932 3175 intus
968 3135 1262 3175 concavum
1291 3121 1345 3175 in
1375 3119 1593 3173 modum
1624 3119 1872 3182 citharae,
1901 3134 2062 3190 super

482 3212 626 3277 quod
652 3210 826 3281 posita
853 3211 1056 3266 chorda
1108 3219 1285 3277 sonat,
1333 3208 1485 3279 cujus
1537 3209 1717 3265 sonitu
1768 3209 2061 3266 varietates

478 3315 673 3358 vocum
708 3302 862 3358 facile
893 3302 1326 3373 comprehendis.

549 3392 620 3447 υ.
657 3393 938 3461 Quomodo
970 3393 1191 3465 ponitur
1216 3394 1334 3465 ipsa
1361 3392 1600 3449 chorda?

552 3484 630 3542 Η.
673 3485 779 3542 Per
812 3486 1047 3541 mediam
1077 3501 1295 3556 capsam
1347 3486 1401 3540 in
1456 3485 1676 3557 longum
1724 3485 1866 3542 linea
1910 3495 2065 3540 recta

475 3579 713 3645 ducitur,
741 3586 795 3633 et
832 3577 1022 3633 relicto
1066 3578 1135 3633 ab
1183 3587 1413 3648 utroque
1458 3577 1639 3648 capite
1687 3577 1846 3632 unius
1885 3575 2061 3631 unciae

2163 1832 2440 1891 elevations
2483 1838 2537 1883 et
2595 1834 2903 1896 depositione
2966 1834 3236 1885 modorum.
3300 1834 3383 1886 f0.
3431 1836 3558 1886 Octo
3608 1836 3752 1889 mw.

2165 1896 2241 1945 ll.
2265 1896 2411 1944 l‘rimi
2446 1897 2573 1944 modi
2610 1893 2832 1945 formula.
2864 1897 2937 1947 12.
2982 1897 3196 1946 Secundi
3245 1898 3375 1946 modi
3420 1898 3642 1947 formula.
3680 1900 3751 1949 l3.

2157 1956 2329 2019 Tertii
2349 1958 2476 2006 modi
2498 1956 2721 2005 formula.
2747 1958 2823 2009 H.
2849 1959 3017 2017 Quarti
3054 1960 3180 2006 modi
3224 1959 3452 2007 formula.
3482 1963 3560 2010 15.
3589 1962 3743 2019 Quinti

2158 2019 2284 2085 modi
2312 2018 2955 2085 formula.16.ASexti_modi
2998 2021 3216 2085 formula.
3254 2021 3331 2070 l7.
3376 2022 3595 2085 Septimi
3631 2025 3753 2072 mutii

2155 2079 2373 2131 formula.
2398 2082 2476 2132 10.
2499 2082 2668 2132 Octavi
2701 2081 2828 2131 modi
2849 2081 3066 2134 formula.

2081 2302 2128 2362 Β
2226 2286 2295 2343 1).
2347 2285 2595 2342 Mirabile
2621 2293 2704 2342 est
2724 2286 2894 2349 valde,
2938 2288 3078 2355 quod
3121 2287 3280 2343 dicis.
3315 2287 3506 2345 Nostri
3542 2282 3750 2359 quidém

2160 2390 2413 2438 cantores
2440 2379 2510 2434 ad
2539 2387 2741 2435 tantam
2790 2377 3177 2450 perfectionem
3210 2397 3493 2452 nunquam
3517 2384 3752 2453 aspirare

2159 2482 2470 2548 potuerunt.

2233 2569 2310 2623 Μ.
2367 2568 2703 2624 Erraverunt
2727 2567 2928 2639 potius,
2983 2565 3172 2629 frater,
3203 2574 3260 2620 et
3290 2568 3424 2621 dum
3467 2568 3614 2622 viam
3653 2580 3749 2622 non

2160 2661 2513 2733 quaesierunt,
2546 2668 2659 2716 toto
2689 2661 2813 2716 vitae
2851 2658 3091 2729 tempo're
3138 2660 3191 2715 in
3228 2675 3433 2715 vanum
3474 2659 3753 2717 laborare.

2161 2760 2306 2808 runt.

2233 2843 2301 2899 D.
2338 2844 2457 2911 Qua
2502 2843 2714 2900 ratione
2765 2843 2881 2899 fieri
2932 2850 3147 2913 potest,
3197 2851 3261 2897 ut
3308 2842 3546 2911 melius,
3597 2859 3749 2914 quam

2162 2936 2349 3001 homo,
2373 2934 2565 2990 doceat
2592 2934 2828 2989 chorda?

2160 3024 2313 3094 EH.
2359 3023 2554 3091 Homo,
2603 3031 2763 3094 prout
2816 3018 3071 3078 voluerit
3107 3021 3192 3075 vel
3216 3024 3483 3092 potuerit,
3542 3033 3747 3089 cantat;

2162 3116 2365 3173 chorda
2385 3123 2567 3171 autem
2609 3130 2708 3186 per
2742 3115 3085 3184 supradictas
3127 3113 3340 3169 litteras
3360 3131 3391 3168 a
3419 3115 3745 3184 sapientissio

2163 3207 2267 3262 mis
2295 3205 2606 3262 hominibus
2631 3204 2723 3260 tali
2746 3213 2833 3260 cst
2850 3214 2967 3261 arte
3009 3204 3291 3270 distincta,
3318 3215 3379 3259 ut
3400 3206 3620 3260 mentiri
3651 3222 3743 3260 non

2162 3301 2356 3374 possit,
2380 3316 2506 3356 cum
2535 3299 2826 3371 diligenter
2853 3298 3017 3354 fuerit
3038 3299 3329 3355 observata
3385 3299 3475 3355 vel
3497 3300 3742 3355 conside—

2162 3399 2304 3447 rata.

2234 3484 2288 3539 2.
2318 3483 2384 3540 D.
2430 3483 2715 3552 Quaenam,
2739 3497 2874 3554 rogo
2903 3482 2989 3538 illa
3012 3490 3097 3538 est
3124 3483 3255 3536 ars?

2236 3577 2316 3633 Μ.
2372 3576 2623 3634 Mensura
2677 3577 3061 3643 monochordi;
3092 3575 3237 3646 quod
3260 3575 3406 3632 enim
3439 3574 3581 3630 bene
3602 3588 3741 3629 meu-

474 3668 670 3739 spatio,
722 3668 775 3723 in
829 3668 1017 3724 eadem
1069 3668 1208 3722 linea
1258 3668 1327 3723 ab
1370 3675 1598 3738 utraque
1636 3676 1792 3737 parte
1826 3677 2059 3737 punctus
2086 3694 2131 3760 ο
2164 3679 2407 3726 suratum
2429 3677 2533 3737 est,
2562 3684 2840 3740 nunquam
2864 3668 3020 3722 fallit.

472 3760 710 3831 ponitur.
749 3758 809 3814 ln
842 3759 1044 3815 relictis
1078 3774 1207 3814 vero
1240 3759 1430 3831 spatiis
1457 3760 1563 3815 duo
1587 3759 1836 3830 capitella
1873 3758 2057 3814 locan-

476 3864 588 3918 tur,
628 3868 749 3922 quae
778 3852 851 3906 ita
883 3851 1143 3906 chordam
1183 3866 1345 3920 super
1388 3850 1585 3905 lineam
1630 3862 1945 3919 suspensam
1973 3857 2057 3903 te-

477 3956 661 4009 neant,
711 3952 772 3998 ut
805 3954 952 3999 tanta
992 3944 1065 3999 sit
1105 3942 1307 3999 chorda
1354 3943 1498 3997 inter
1525 3950 1758 4012 utraque
1785 3939 2059 4012 capitella,
2092 4012 2095 4013 ν

476 4044 680 4105 quanta
710 4043 767 4091 et
788 4035 950 4100 linea,
980 4049 1100 4104 quae
1128 4042 1184 4089 et
1210 4033 1310 4088 sub
1338 4033 1564 4088 chorda.

559 4124 626 4180 D.
669 4124 914 4192 Qualiter
947 4140 1052 4180 una
1084 4124 1285 4180 chorda
1331 4123 1528 4180 multas
1573 4134 1629 4179 et
1671 4121 1852 4178 varias
1897 4134 2056 4176 voces

477 4218 691 4275 reddit?

550 4310 628 4366 Μ.
668 4310 889 4366 Litterae
914 4310 999 4365 vel
1038 4318 1196 4374 notae,
1236 4309 1434 4381 quibus
1478 4310 1673 4366 musici
1715 4317 1957 4373 utuntur,
1999 4306 2055 4364 in

463 4394 642 4466 ’liuea,
667 4415 788 4470 qua:
813 4408 899 4454 est
927 4398 1028 4455 sub
1052 4399 1274 4467 chorda,
1300 4414 1399 4471 per
1421 4400 1664 4456 ordinem
1686 4401 1874 4472 positae
1898 4407 2051 4456 sunt:

478 4492 713 4562 dumque
734 4489 983 4546 modulus
1008 4490 1152 4546 inter
1172 4490 1369 4546 lineam
1397 4491 1767 4562 chordamque
1794 4490 2053 4554 decurrit,

474 4598 573 4653 per
619 4583 833 4639 easdem
877 4583 1086 4639 litteras
1111 4582 1375 4638 curtando
1399 4581 1483 4636 vel
1512 4581 1814 4653 elongando
1856 4581 2055 4638 chorda

475 4691 694 4732 omnem
721 4684 940 4731 cantum
973 4676 1297 4732 mirabiliter
1322 4674 1456 4729 facit
1484 4692 1498 4728 :
1526 4674 1672 4745 (155)
1699 4682 1755 4729 et
1781 4674 1908 4729 dum
1934 4689 2059 4743 pue-

475 4768 553 4824 ris
577 4783 676 4838 per
705 4768 851 4838 ipsas
878 4766 1090 4823 litteras
1119 4767 1300 4838 aliqua
1330 4775 1552 4822 notatur
1576 4765 1897 4835 antiphoua,
1926 4765 2057 4821 faci-

480 4862 587 4917 tius
613 4869 670 4916 et
709 4860 903 4916 melius
933 4868 964 4914 a
994 4860 1195 4916 chorda
1223 4860 1458 4925 discunt,
1485 4872 1649 4929 quam
1672 4858 1717 4913 si
1747 4857 1815 4913 ab
1840 4857 2059 4913 homine

481 4952 631 5006 illam
665 4952 954 5009 audirent:
978 4961 1035 5007 et
1063 4960 1182 5021 post
1218 4966 1515 5021 paucorum
1553 4949 1816 5005 mensium
1848 4956 2060 5017 tempus

473 5042 783 5109 exercitati,
811 5043 986 5099 ablata
1013 5043 1238 5107 chorda,
1260 5041 1376 5096 solo
1396 5040 1515 5094 visu
1541 5038 1908 5095 indubitanter
1932 5052 2057 5109 pro-

478 5131 678 5198 ferunt,
706 5134 847 5204 quod
876 5150 1146 5205 nunquam
1177 5133 1484 5188 audierunt.

485 5258 965 5360 ....t‘5.'i..£:2£ea
984 5263 1426 5360 tremescit:
1453 5262 1635 5360 3:293-
1657 5260 2056 5360 miserita:

2230 3760 2300 3815 D.
2323 3759 2521 3816 P‘otero
2544 3758 2867 3830 simpliciter
2909 3756 3096 3829 paucis
3124 3755 3354 3812 forsitan
3386 3754 3575 3810 verbis
3611 3754 3743 3822 ipsas

2160 3866 2443 3906 mensuras
2464 3850 2748 3906 addiscere
2770 3848 2794 3903 ‘l

2234 3941 2305 3996 ιι.
2357 3942 2560 4006 Hodie,
2619 3940 2905 4011 adjuvante
2963 3940 3130 3996 Deo:
3178 3947 3393 3993 tantum
3456 3936 3731 4006 diligenter

2158 4032 2400 4088 ausculta
2430 4031 2600 4105 (154).
2627 4031 2684 4087 lu
2714 4032 2890 4102 primo
2926 4031 3103 4102 capite
3127 4028 3489 4084 monechordi
3526 4029 3593 4082 ad
3622 4043 3738 4097 pun-

2157 4134 2326 4192 ctum,
2372 4139 2532 4195 quem
2577 4125 2828 4195 superius
2863 4125 3119 4188 diximus,
3157 4134 3197 4179 r
3249 4122 3513 4188 litteram,
3581 4122 3632 4176 id
3669 4130 3740 4174 est

2156 4215 2202 4271 G
2257 4232 2493 4288 grazcum
2524 4230 2663 4286 poue
2714 4216 2887 4287 (155),
2928 4214 3090 4288 [quae,
3123 4215 3388 4286 quoniam
3416 4230 3546 4270 raro
3592 4224 3669 4269 est
3694 4214 3735 4266 in

2156 4325 2277 4374 usu,
2310 4324 2340 4363 a
2370 4308 2555 4364 multis
2595 4323 2700 4364 non
2755 4306 3030 4381 habetur].
3075 4307 3159 4362 Ab
3206 4306 3325 4377 ipsa
3369 4318 3406 4362 ι’
3463 4321 3636 4377 usque
3682 4305 3737 4357 att

2157 4409 2437 4472 punctum,
2468 4415 2629 4471 quem
2684 4400 2737 4456 in
2770 4400 2877 4457 fine
2914 4401 3215 4472 posuimus,
3262 4415 3364 4470 per
3392 4416 3591 4454 novem
3637 4399 3740 4452 diii-

2158 4501 2353 4563 genter
2377 4491 2576 4556 divide,
2607 4504 2663 4546 et
2705 4491 2794 4545 ubi
2829 4491 3003 4561 prima
3034 4506 3176 4545 nona
3206 4505 3337 4559 pars
3367 4489 3571 4546 fecerit
3602 4490 3737 4543 tinem

2160 4586 2352 4659 [prope
2384 4587 2464 4660 1‘].
2506 4587 2551 4641 A
2595 4587 2833 4641 litteram
2884 4585 3084 4649 scribe,
3137 4594 3194 4640 et
3244 4584 3364 4639 haec
3415 4586 3633 4640 dicetur
3654 4597 3737 4635 vos

2160 4678 2354 4748 prima.
2389 4678 2470 4731 Ab
2503 4679 2691 4733 eadem
2739 4678 2915 4748 prima
2945 4677 3123 4730 littera
3150 4677 3195 4729 Α
3253 4676 3517 4731 similiter
3548 4692 3642 4746 per
3664 4691 3740 4727 uo-

2162 4786 2279 4825 vcm
2301 4770 2507 4840 partire
2534 4784 2706 4839 usque
2730 4770 2795 4822 ad
2828 4769 3012 4831 finem,
3050 4776 3105 4822 et
3134 4767 3187 4821 in
3219 4783 3362 4821 noua
3407 4778 3565 4837 parte
3593 4767 3633 4820 Β
3672 4765 3743 4817 lit-

2162 4869 2331 4930 teram
2358 4876 2458 4930 pro
2487 4876 2618 4916 voce
2653 4860 2886 4916 secunda
2930 4874 3159 4930 appone.
3201 4859 3334 4913 Dein
3378 4860 3448 4913 ad
3488 4867 3742 4929 capture-

2159 4963 2394 5017 vertere,
2418 4963 2473 5008 et
2492 4953 2673 5006 divide
2714 4968 2810 5022 per
2832 4962 3067 5022 quatuor
3087 4967 3118 5006 a
3156 4962 3217 5015 Γ,
3244 4959 3301 5005 et
3323 4965 3428 5020 pro
3448 4966 3587 5007 voce
3607 4948 3743 5005 tertia

2086 5075 2135 5134 υ
2161 5045 2203 5101 C
2258 5045 2493 5101 litteram
2518 5044 2715 5098 scribe.
2753 5044 2796 5097 A
2824 5040 2995 5111 prima
3042 5041 3083 5093 A
3117 5041 3379 5095 similiter
3405 5058 3506 5110 per
3529 5049 3744 5109 quatuor

2166 5135 2365 5198 divide,
2399 5144 2455 5189 ct
2474 5149 2570 5205 pro
2600 5148 2732 5189 voce
2759 5141 2952 5202 quarta
2981 5131 3023 5186 D
3068 5130 3311 5185 litteram
3333 5132 3542 5186 scribe.
3564 5129 3742 5184 εαιεω

2164 5270 2402 5360 cmnobii,
2429 5285 2580 5339 quem
2620 5268 2964 5327 Enchiridion
2991 5263 3296 5335 appellarit,
3343 5266 3413 5318 ob
3464 5265 3745 5318 lii-erimu-
