3964 5360
138 331 239 391 761

1350 341 1713 400 OPUSCULA
1760 343 1846 398 DE
1887 341 2161 402 MUSICA.

3306 351 3412 409 761

136 446 305 503 modo
352 445 396 501 Β
421 445 665 503 dividens
689 462 786 519 per
813 459 1070 520 quatuor,
1098 450 1342 509 invenies
1385 455 1631 524 quintam
1658 454 1719 508 E.
1752 458 1803 517 Α
1831 458 1947 512 haec
1967 457 2131 513 habet
2152 474 2308 516 voces
2333 470 2584 531 quatuor,
2614 463 2894 521 intervalla
2923 465 3048 532 tria,
3079 464 3132 522 id
3157 473 3265 534 est,
3281 468 3417 525 duos

137 538 327 593 Tertia
356 553 570 609 quoque
594 537 636 594 C
700 540 939 597 insinuat
977 551 1189 600 sextam
1245 543 1482 600 litteram
1511 544 1728 601 F.Post

137 629 263 684 haec
313 631 380 683 ad
408 641 444 687 1‘
483 639 780 697 revertere,
812 641 867 687 et
887 634 956 689 ab
994 634 1131 705 ipsa,
1157 643 1213 691 et
1238 637 1307 692 ab
1335 636 1474 701 aliis,
1504 653 1624 709 quae
1644 653 1730 693 se-

135 730 385 789 quuntur
409 734 506 788 per
524 721 795 787 ordinem,
822 725 1132 792 praedictam
1152 726 1352 780 lineam
1381 728 1432 781 in
1457 729 1592 782 duas
1606 743 1730 797 par-

136 818 249 873 tes,
281 809 334 862 id
362 821 468 874 εει,
493 824 591 879 ρει·
618 811 855 866 medium
910 814 1113 880 divide,
1160 830 1329 885 usque
1360 817 1484 871 dum
1528 818 1729 873 habeas

134 912 306 954 voces
327 900 738 969 quatuordecim
771 901 857 955 vel
888 902 1195 972 quindecim
1218 905 1475 975 absquer
1521 915 1576 960 et
1601 906 1728 960 dum

132 1001 306 1043 voces
326 1004 424 1057 per
475 990 713 1044 medium
759 991 1033 1055 diviseris,
1065 994 1360 1051 dissimiles
1400 996 1616 1052 easdem
1644 996 1726 1051 l‘a-

135 1091 270 1133 cere
290 1080 533 1136 debebis.
569 1081 729 1138 Verbi
783 1084 983 1152 gratia,
1024 1086 1150 1141 dum
1197 1102 1227 1140 a
1266 1098 1303 1143 Ρ
1356 1104 1453 1158 per
1492 1090 1727 1145 medium

134 1169 365 1236 dividis,
386 1187 487 1242 pro
518 1184 554 1228 Γ
582 1174 760 1229 scribe
781 1174 846 1238 ϐ,
875 1176 1035 1244 proA
1067 1178 1299 1233 mediata
1329 1194 1471 1249 pone
1491 1195 1522 1235 a
1553 1190 1608 1237 et
1631 1197 1730 1251 pro

136 1259 182 1313 Β
203 1260 366 1317 aliam
387 1261 429 1337 ξ
454 1272 510 1319 ει
535 1279 636 1334 pro
662 1263 703 1320 C
725 1264 885 1320 aliam
906 1282 964 1333 ε,
984 1276 1039 1323 ει
1073 1284 1173 1338 pro
1200 1269 1244 1323 D
1271 1271 1436 1327 aliam
1467 1272 1525 1337 d,
1554 1281 1610 1328 ει
1632 1288 1729 1343 pro

132 1355 184 1411 Ε
204 1357 367 1412 aliam
391 1374 443 1425 e,
472 1368 528 1415 et
556 1376 655 1430 pro
693 1360 731 1414 F
761 1362 920 1415 aliam
952 1360 994 1429 ι,
1016 1373 1073 1419 ει
1100 1378 1200 1434 pro
1220 1364 1265 1420 G
1295 1365 1456 1421 aliam
1480 1381 1537 1438 g,
1563 1382 1664 1437 pro
1696 1382 1731 1435 ιι

132 1461 305 1517 aliam
355 1444 389 1551 ξ
444 1470 505 1516 ut
554 1479 585 1519 a
628 1464 921 1521 medietate
949 1470 1305 1525 monochordi
1359 1472 1412 1526 in
1443 1480 1601 1527 antea
1632 1487 1730 1527 ea:-

131 1568 262 1623 dem
287 1567 397 1621 sint
417 1568 633 1635 litterae,
657 1584 778 1639 quae
798 1580 992 1627 suntet
1015 1571 1069 1627 in
1097 1575 1272 1640 prima
1296 1584 1467 1644 parte.
1491 1575 1727 1632 Praeter-

133 1673 204 1713 ea
250 1674 286 1713 a
327 1675 461 1715 voce
517 1669 670 1717 sexta
701 1662 742 1716 Ρ
786 1678 884 1732 per
930 1674 1164 1734 quatuor
1192 1669 1385 1725 divide.
1430 1678 1485 1725 et
1512 1679 1659 1726 retro
1690 1673 1732 1748 ἥ

132 1749 301 1804 aliam
330 1750 363 1805 b
390 1753 677 1808 rotundam
730 1768 870 1823 pone
900 1769 915 1809 :
948 1770 1068 1825 quae
1111 1759 1283 1814 ambae
1312 1775 1410 1830 pro
1453 1776 1557 1816 una
1593 1776 1726 1817 voce

130 1842 501 1911 accipiuntur,
531 1854 587 1899 et
610 1860 715 1900 una
747 1847 947 1901 dicitur
967 1864 1109 1904 nona
1132 1854 1388 1917 secunda,
1419 1862 1475 1908 et
1499 1862 1729 1924 utraque

131 1933 191 1986 in
219 1934 411 1989 eodem
445 1945 605 1990 cantu
651 1939 974 2008 regulariter
1007 1956 1114 1997 non
1162 1943 1487 1998 invenietur.
1518 1945 1728 2016 Figura:

134 2031 322 2078 autem
349 2034 405 2080 ct
427 2040 588 2082 voces
615 2036 668 2082 et
699 2029 892 2084 litterae
921 2046 1018 2101 per
1056 2033 1302 2088 ordinem
1329 2035 1403 2088 ita
1425 2045 1725 2104 ponuntur.

127 2129 190 2175 ι’.
241 2117 284 2173 1.
336 2118 403 2174 Α.
454 2120 517 2175 11.
570 2122 630 2176 Β.
678 2122 762 2178 111.
814 2123 876 2179 C.
924 2122 1035 2179 1111.
1084 2125 1148 2181 D.
1200 2126 1265 2181 V.
1307 2128 1368 2183 E.
1406 2128 1490 2183 Vl.
1525 2128 1726 2185 F.Vll.

137 2208 210 2264 G.
261 2207 394 2263 Vill.
450 2225 501 2264 a.
546 2211 636 2267 IX.
685 2213 882 2268 1.1).1Χ.
916 2208 1134 2292 11.ὴΧ.
1175 2232 1223 2272 c.
1277 2216 1367 2271 XI.
1400 2218 1452 2273 (1.
1508 2218 1616 2273 Xll.
1674 2236 1729 2274 ε.

130 2335 270 2394 xm.
318 2337 365 2389 ι,
399 2335 556 2394 xuu.
598 2356 650 2412 ε.
722 2339 817 2394 xv
848 2320 902 2429 ᾗ.

205 2462 277 2516 ι).
312 2463 420 2517 1)εο
445 2463 667 2534 gratias.
701 2464 1118 2539 Beneintelligo,
1142 2480 1197 2524 et
1227 2471 1368 2541 quod
1408 2473 1732 2529 monocbor-

128 2552 266 2606 dum
289 2554 485 2609 amodo
512 2554 682 2609 sciam
719 2556 896 2611 facere
930 2560 1161 2615 confido.

203 2646 260 2698 ὖ.
305 2644 412 2699 Sed
437 2646 566 2715 quid
597 2646 722 2702 illud
752 2658 856 2710 est,
888 2651 1131 2713 obsecro,
1156 2654 1299 2722 quod
1325 2653 1376 2708 in
1409 2654 1730 2724 regulariter

132 2747 456 2791 mensurato
507 2739 878 2795 mouocbordo
923 2742 1132 2796 minora
1171 2744 1320 2811 alibi,
1360 2745 1487 2800 alibi
1520 2745 1726 2817 majora

129 2841 199 2879 ac
220 2827 502 2882 intervalla
534 2828 678 2884 inter
705 2844 866 2884 voces
894 2831 1137 2901 aspicio?

206 2917 287 2971 Μ.
306 2918 479 2986 Majas
496 2921 729 2988 spatium
745 2921 941 2976 dicitur
960 2931 1142 2988 tonus,
1155 2933 1209 2979 et
1225 2932 1307 2979 est
1331 2939 1361 2978 a
1375 2934 1413 2979 Γ
1426 2926 1478 2980 in
1493 2925 1727 2996 primam

129 3011 202 3071 Α,
221 3026 250 3061 a
267 3012 440 3078 prima
457 3009 501 3063 A
517 3010 570 3065 iu
586 3013 876 3067 secundam
892 3012 953 3066 Β.
971 3012 1147 3069 Minus
1167 3030 1295 3071 vero
1314 3017 1569 3085 spatium,
1583 3016 1727 3072 sicut

130 3109 222 3154 est
248 3116 278 3152 a
310 3103 549 3156 secunda
594 3116 728 3158 voce
749 3103 790 3157 Β
827 3104 882 3158 in
913 3106 1129 3159 tertiam
1162 3104 1227 3171 C,
1257 3107 1598 3161 semitonium
1624 3122 1724 3162 vo-

131 3200 315 3257 catur,
348 3191 558 3247 t‘acicus
585 3192 1004 3249 contractiorem
1034 3195 1392 3251 elevationem
1437 3196 1522 3251 vel
1551 3197 1719 3267 depo-

131 3280 415 3335 sitionem.
441 3281 595 3336 Nulla
620 3292 800 3338 autem
824 3297 1075 3339 mensura
1102 3284 1186 3339 vel
1209 3298 1433 3342 numero
1453 3287 1721 3341 semitonii

130 3371 373 3441 spatium
426 3371 495 3426 ad
544 3381 729 3425 tonum
783 3387 953 3442 usque
1001 3375 1303 3444 perveniat,
1350 3376 1444 3431 sed
1474 3392 1597 3430 cum
1627 3390 1724 3446 per

130 3463 512 3531 supradictam
559 3464 822 3519 rationem
867 3465 1158 3520 divisiones
1213 3466 1350 3520 ﬁunt
1402 3467 1515 3520 suis
1566 3466 1722 3530 locis,

137 3552 252 3606 toni
283 3561 338 3606 et
386 3552 670 3607 scmitonia
734 3552 1053 3608 formantur.
1099 3554 1246 3625 (156)
1295 3554 1498 3626 [Τοιιοε
1544 3567 1725 3609 autem

132 3657 329 3698 names
349 3644 394 3697 si
424 3643 489 3697 ad
511 3653 812 3699 extremum
836 3654 1092 3713 punctum
1121 3647 1726 3711 duxeris,novenariam

137 3733 194 3788 in
223 3734 478 3788 omnibus
528 3735 846 3789 divisionem
880 3736 1152 3791 inventam
1204 3737 1506 3803 miraberis,
1532 3738 1673 3794 sicut
1697 3753 1727 3792 a

134 3835 173 3880 Γ
212 3826 267 3878 in
308 3825 541 3893 primam
585 3826 652 3889 A,
679 3836 735 3880 et
764 3842 794 3879 a
820 3828 993 3896 prima
1024 3826 1069 3881 A
1100 3827 1154 3881 in
1186 3829 1478 3884 secundam
1501 3828 1563 3894 Β,
1591 3829 1731 3885 sicut

134 3915 395 3985 primitus
440 3915 660 3988 fecisti].
712 3916 895 3971 Prima
943 3932 1072 3973 vero
1119 3932 1261 3972 nona
1310 3919 1345 3973 b
1385 3926 1442 3973 et
1491 3920 1728 3974 secunda

136 4020 281 4059 nona
306 3996 350 4081 ὴ
374 4004 439 4058 ad
464 4021 524 4061 se
552 4006 783 4061 invicem
834 4021 1009 4076 neque
1057 4016 1241 4062 tonum
1279 4024 1456 4078 neque
1504 4009 1729 4064 semito-

137 4100 292 4153 nium
324 4102 550 4164 faciunt,
577 4099 671 4154 sed
697 4113 727 4152 a
758 4098 931 4169 prima
970 4114 1110 4155 nona
1137 4100 1172 4155 b
1200 4101 1268 4155 ad
1317 4108 1566 4156 octavam
1591 4115 1621 4155 a
1649 4108 1733 4157 est

136 4192 523 4256 semitonium;
557 4191 623 4245 ad
673 4189 939 4246 decimam
982 4205 1013 4245 c
1058 4199 1236 4247 tonus.
1302 4190 1549 4247 Secunda
1600 4205 1731 4247 vero

138 4296 281 4335 nona
314 4274 355 4356 ὴ
380 4281 446 4334 ad
475 4287 721 4334 octavam
750 4295 779 4333 a
806 4294 837 4334 e
858 4280 1132 4335 contrario
1164 4287 1249 4335 est
1278 4288 1455 4345 tonus,
1485 4280 1551 4335 ad
1582 4280 1731 4334 deci-

140 4390 287 4429 lnam
311 4388 438 4428 vero
459 4387 490 4427 c
516 4371 861 4426 semitonium
892 4377 1132 4440 prteslal.
1184 4371 1331 4441 (157)
1363 4370 1596 4440 Ideoque
1623 4385 1730 4424 una

138 4480 330 4520 earum
357 4478 574 4534 semper
597 4462 866 4531 superﬂua
896 4470 1001 4526 est,
1025 4470 1081 4517 et
1117 4462 1170 4516 in
1202 4476 1544 4531 quocumque
1567 4470 1726 4514 cantu

138 4570 308 4610 unam
345 4555 563 4626 recipis,
618 4554 777 4609 aliam
822 4554 1145 4618 contemnis,
1176 4568 1244 4607 ne
1269 4551 1321 4606 in
1367 4555 1554 4608 eodem
1587 4552 1724 4614 loco,

135 4648 287 4719 quod
314 4646 606 4703 absurdum
634 4653 736 4712 εει,
768 4653 952 4701 tonum
976 4655 1032 4701 et
1052 4644 1395 4701 semitonium
1445 4643 1625 4699 facere
1653 4644 1729 4698 vi-

139 4736 371 4810 dearis].

217 4829 287 4883 D.
341 4829 574 4886 Maxime
616 4828 924 4884 mirandum
955 4836 1039 4882 est
1087 4827 1228 4897 quod
1282 4841 1385 4881 non
1419 4827 1521 4882 nisi
1552 4842 1579 4879 a
1608 4837 1642 4880 Γ
1674 4842 1728 4880 ιιι

138 4924 376 4994 primam
401 4923 466 4989 A,
513 4932 567 4979 et
591 4938 622 4976 a
644 4923 819 4993 primo
858 4920 903 4975 Α
936 4920 990 4974 in
1029 4920 1328 4995 secundant
1348 4919 1389 4973 Β
1414 4935 1509 4991 per
1538 4933 1728 4973 novem

138 5015 330 5078 divisi,
367 5023 422 5068 et
445 5028 637 5075 omnes
680 5022 834 5081 mque
870 5020 1027 5066 tonos
1052 5010 1344 5065 novenaria
1380 5020 1632 5066 constare
1654 5009 1738 5091 di-

178 5108 354 5128 '-2-..-
388 5106 608 5128 -..-ι.---ε
666 5103 771 5128 ΩΑ..

805 5118 929 5128 ..Α-Α
986 5104 1029 5128 με
1059 5103 1175 5128 Αιτηη
1211 5113 1330 5128 ...ι-Ι
1382 5101 1730 5128 --μκληιιΛ“.ιε

1835 557 1991 604 tonos
2022 559 2074 605 et
2096 566 2261 606 unum
2306 554 2672 612 semitonium.
2707 556 3026 629 Ubicunque
3055 572 3184 630 ergo
3218 560 3271 614 in
3303 576 3421 615 mo-

1832 644 2111 699 nocbordo
2146 644 2289 700 inter
2314 646 2449 701 duas
2478 662 2637 703 voces
2667 648 2801 705 duos
2837 658 3013 717 tonos,
3050 660 3106 705 et
3141 666 3307 706 unum
3335 665 3419 707 se-

1831 735 2117 790 mitonium
2174 736 2437 804 invenies,
2487 738 2722 808 ipsarum
2770 742 2995 796 duarum
3023 755 3216 798 vocum
3243 742 3429 797 inter--

1830 826 2029 879 vallum
2057 828 2406 896 quaternaria
2437 828 2703 886 divisione
2730 847 2949 887 currere
2969 835 3035 888 ad
3061 832 3218 888 linem
3244 847 3417 904 usque

1830 916 2127 987 probabis:
2157 927 2213 972 et
2253 918 2374 974 ideo
2422 919 2779 987 diatessaron,
2835 923 2889 977 id
2931 934 3036 989 est,
3079 925 3146 979 de
3185 934 3421 995 quatuor

1832 1023 2028 1063 nomen
2084 1009 2311 1080 accepit.
2369 1009 2618 1067 Secunda
2654 1024 2785 1069 vero‘
2829 1014 3069 1070 ternaria
3124 1026 3229 1084 est,
3284 1025 3345 1073 ut
3385 1033 3418 1073 a

1831 1100 2006 1170 prima
2046 1114 2178 1155 voce
2210 1101 2337 1155 Ain
2362 1101 2609 1172 quintam
2642 1104 2703 1170 E,
2738 1106 2789 1159 in
2835 1106 2989 1177 cujus
3030 1108 3204 1179 spatio
3237 1111 3417 1166 eonti-
3498 1179 3503 1182 ο

1831 1199 2031 1244 nentur
2057 1204 2220 1245 voces
2246 1191 2506 1261 quinque,
2538 1192 2820 1249 intervalla
2851 1204 3104 1265 quatuor,
3132 1198 3184 1252 id
3203 1207 3285 1254 est
3309 1208 3418 1256 tres

1831 1279 1946 1333 toni
1990 1286 2047 1334 et
2071 1295 2238 1334 unum
2275 1281 2644 1337 semitonium.
2686 1284 3003 1356 Ubicunque
3037 1302 3167 1360 ergo
3214 1289 3417 1345 videris

1830 1368 1975 1423 inter
2002 1368 2135 1424 duas
2164 1384 2327 1426 voces
2376 1378 2502 1426 tres
2529 1380 2685 1428 tonos
2722 1382 2779 1429 et
2826 1391 2992 1431 unum
3047 1378 3417 1445 semitonium,

1829 1458 2067 1528 ipsarum
2101 1474 2292 1515 vocum
2361 1462 2595 1531 spatium
2627 1464 2795 1519 ternis
2848 1465 2914 1519 ad
2961 1465 3122 1522 linem
3166 1467 3417 1538 passibus

1829 1550 2023 1605 currit.
2057 1551 2295 1606 Vocatur
2324 1561 2506 1607 autem
2533 1552 2805 1624 diapente,
2855 1554 2907 1610 id
2934 1564 3039 1622 est,
3060 1557 3126 1611 de
3154 1558 3415 1627 quinque,

1829 1640 2059 1712 ecquod
2088 1657 2252 1698 voces
2283 1651 2410 1698 sunt
2440 1643 2494 1698 in
2547 1645 2665 1714 ejus
2706 1645 2882 1716 spatio
2929 1648 3189 1717 quinque.
3229 1646 3417 1702 Tertia

1827 1749 1961 1790 vero
2008 1734 2205 1790 divisio
2228 1743 2328 1797 est,
2358 1750 2479 1804 quae
2501 1751 2598 1805 per
2643 1737 2749 1791 duo
2769 1737 2852 1793 vel
2888 1753 2983 1808 per
3016 1739 3253 1793 medium
3279 1738 3418 1793 divi-

1755 1803 1805 1864 B
1833 1825 1999 1892 ditur,
2024 1835 2080 1880 et
2107 1826 2309 1881 dicitur
2332 1803 2613 1896 diapason,
2644 1829 2698 1882 id
2718 1837 2822 1894 est,
2853 1803 2919 1884 de
2941 1830 3211 1884 omnibus.
3243 1828 3412 1894 Hanc,

1832 1926 1892 1972 ut
1928 1933 2092 1988 supra
2116 1918 2318 1972 dictum
2345 1927 2449 1983 est,
2477 1934 2545 1972 ex
2589 1919 2893 1975 litterarum
2935 1921 3302 1975 similitudine
3322 1936 3421 1991 pa-

1834 2014 2011 2061 tenter
2033 2007 2307 2077 agnoscis,
2340 2016 2402 2062 ut
2429 2023 2457 2061 a
2479 2008 2652 2077 prima
2682 2009 2726 2063 A
2762 2010 2814 2064 in
2840 2019 3085 2064 octavam
3113 2027 3163 2064 a.
3193 2011 3419 2066 Constat

1833 2106 2010 2151 autem
2044 2098 2266 2152 vocibus
2285 2106 2432 2165 octo,
2465 2098 2760 2153 intervallis
2780 2108 3011 2168 septem,
3049 2099 3102 2154 id
3131 2108 3236 2165 est,
3275 2102 3427 2156 tonis

1831 2188 2092 2259 quinque,
2134 2188 2435 2245 semitoniis
2487 2189 2713 2245 duobus.
2745 2190 3000 2245 Continet
3044 2192 3208 2247 etiam
3250 2194 3417 2247 unum

1834 2278 2175 2334 diatessaron
2200 2287 2254 2333 et
2283 2294 2450 2333 unum
2500 2280 2774 2349 diapente.
2812 2280 2853 2333 Δ
2886 2281 3057 2349 prima
3088 2281 3134 2335 A
3172 2283 3222 2335 in
3254 2298 3420 2352 quar-

1841 2376 1951 2423 tam
1996 2369 2041 2423 D
2078 2369 2142 2422 tit
2177 2368 2539 2435 diatessaron,
2571 2378 2627 2424 et
2665 2384 2695 2422 a
2735 2378 2927 2438 quarta
2957 2371 3001 2425 D
3030 2371 3081 2425 in
3112 2378 3359 2425 octavam
3386 2387 3417 2424 a

1834 2462 2086 2531 diapente
2119 2477 2134 2514 :
2166 2477 2197 2516 a
2222 2461 2395 2531 prima
2420 2463 2464 2515 A
2493 2459 2547 2514 in
2571 2469 2818 2516 octavam
2849 2476 2894 2515 a-
2919 2462 3176 2531 diapason
3209 2462 3418 2517 invenr-

1834 2562 1922 2607 tur
1947 2553 2049 2608 hoc
2072 2552 2231 2608 modo
2262 2571 2277 2607 :
2307 2553 2374 2617 Α,
2403 2552 2467 2618 Β,
2494 2551 2569 2618 _C,
2601 2553 2666 2616 D,
2696 2552 2759 2614 E,
2796 2552 2859 2617 F,
2890 2552 2956 2617 G,
2991 2568 3042 2607 a.

1906 2643 1974 2698 D.
2018 2642 2075 2699 ln
2100 2644 2289 2714 paucis
2309 2644 2490 2698 verbis
2517 2644 2583 2699 de
2613 2644 2964 2699 divisionibus
2992 2659 3111 2700 non-
3133 2660 3301 2715 pauca
3326 2662 3427 2702 co--

1829 2749 2050 2806 gnosco.
2075 2733 2182 2789 Sed
2206 2749 2306 2790 cur
2334 2736 2536 2789 eaedem
2584 2734 2776 2789 littera:
2807 2734 2859 2789 in
2891 2735 3065 2805 prima
3096 2744 3153 2791 et
3181 2739 3427 2792 secunda-

1828 2834 1986 2896 parle
2021 2825 2174 2891 liant,
2200 2824 2394 2881 audire
2416 2825 2699 2880 desidera.

1901 2915 1978 2970 Μ.
2018 2915 2130 2971 Hoc
2168 2916 2285 2971 ideo
2317 2916 2376 2969 iit
2399 2915 2522 2985 quia
2552 2931 2674 2971 cum
2706 2917 2957 2972 secundae
2988 2917 3159 2986 partis
3185 2931 3348 2973 voces
3382 2932 3425 2972 ιι

1810 3009 2056 3078 septima
2087 3007 2131 3063 G
2166 3008 2216 3062 in
2248 3019 2405 3062 antea
2438 3024 2466 3061 a
2497 3009 2719 3063 vocibus
2750 3010 2936 3078 prium
2966 3011 3136 3080 partis
3172 3024 3269 3080 per
3295 3010 3417 3065 dia-

1826 3113 1996 3168 pason
2041 3098 2246 3167 absque
2290 3113 2430 3152 nona
2468 3098 2502 3151 b
2530 3099 2704 3167 prima
2754 3098 2926 3162 ﬁant,
2981 3100 3116 3155 adeo
3167 3100 3310 3154 inter
3357 3114 3418 3154 se

1827 3200 2057 3262 utraque
2095 3206 2221 3261 pars
2251 3190 2583 3255 concordat,
2638 3200 2697 3245 ut
2744 3207 3081 3262 quaecunque
3122 3193 3316 3248 littera:
3361 3193 3415 3247 in

1824 3281 2000 3352 prima
2030 3290 2186 3349 parte
2218 3290 2402 3334 tonum
2434 3280 2517 3335 vel
2548 3281 2927 3348 semitonium,
2964 3283 3049 3338 vel
3076 3284 3418 3338 diatessaron

1826 3372 1911 3426 vel
1951 3372 2201 3442 diapente
2242 3371 2323 3424 vel
2366 3372 2624 3442 diapason
2670 3371 2920 3437 faciunt,
2968 3373 3218 3428 similiter
3260 3384 3317 3429 et
3363 3377 3417 3430 in

1830 3464 2064 3518 secunda
2097 3471 2252 3532 parte
2280 3462 2460 3517 facere
2499 3464 2938 3532 comprobentur.
2996 3464 3155 3519 Verbi
3202 3466 3413 3535 gratia,

1830 3558 2002 3627 prima
2034 3563 2186 3626 parte
2221 3571 2250 3609 a
2286 3567 2322 3610 Γ
2344 3555 2464 3609 adA
2493 3564 2575 3610 est
2595 3572 2732 3611 unus
2760 3566 2937 3621 tonus,
2965 3557 3234 3612 adBvcro
3251 3567 3337 3614 est
3362 3559 3415 3613 in

1831 3657 1990 3702 tontts
2019 3655 2073 3701 et
2099 3657 2278 3712 tonus,
2305 3647 2357 3700 id
2385 3656 2490 3710 est,
2522 3648 2756 3711 ditonus,
2788 3648 2855 3701 ad
2883 3648 2923 3701 C
2953 3648 3316 3713 diatessaron,
3349 3652 3417 3704 ad

1831 3739 1875 3793 D
1910 3738 2193 3805 diapente,
2238 3737 2304 3790 ad
2334 3737 2379 3791 G
2409 3737 2687 3806 diapason.
2729 3736 2992 3792 Similiter
3015 3745 3070 3790 et
3098 3737 3150 3790 in
3179 3738 3415 3792 secunda

1830 3836 1986 3897 parte
2012 3827 2078 3880 de
2107 3824 2152 3881 G
2187 3826 2253 3881 ad
2296 3840 2327 3880 a
2368 3834 2452 3879 est
2502 3841 2642 3880 unus
2680 3835 2857 3890 tonus,
2903 3826 2971 3880 ad
3013 3817 3057 3902 ἡ
3098 3826 3416 3896 quadratam

1832 3927 1992 3975 tonus
2016 3927 2077 3973 et
2103 3927 2284 3984 tonus,
2312 3917 2378 3972 ad
2409 3933 2441 3973 c
2469 3918 2831 3983 diatessaron,
2869 3919 2937 3972 ad
2974 3918 3008 3972 d
3047 3919 3319 3988 diapente,
3351 3919 3418 3971 ad

1830 4026 1864 4079 g
1888 4010 2181 4078 diapason;
2215 4006 2358 4063 unde
2388 4008 2466 4071 lit,
2496 4017 2556 4062 ut
2582 4008 2760 4062 omnis
2786 4016 2978 4062 cantus
3002 4007 3253 4061 similiter
3278 4014 3338 4061 ut
3365 4007 3418 4061 in

1829 4102 2029 4169 prima,
2053 4108 2107 4154 et
2132 4099 2187 4153 in
2213 4098 2449 4153 secunda
2474 4106 2626 4167 parte
2650 4104 2919 4151 cantetur.
2951 4095 3057 4151 Sed
3083 4096 3273 4165 prima:
3293 4110 3421 4165 par-

1833 4190 1903 4245 tis
1933 4205 2095 4245 voces
2123 4190 2190 4244 ad
2222 4203 2382 4244 voces
2416 4187 2666 4243 secundae
2702 4188 2872 4257 partis
2898 4187 3052 4257 quasi
3083 4187 3268 4243 viriles
3295 4203 3420 4243 cum

1832 4283 2127 4354 puerilibus
2156 4282 2377 4353 vocibus
2406 4278 2753 4335 concorditer
2778 4287 3020 4333 cantant.

1902 4374 1971 4428 ι).
2015 4374 2303 4445 Sapienter
2330 4372 2382 4427 id
2409 4371 2611 4426 factum
2644 4385 2763 4426 esse
2788 4372 3084 4441 perpendo.
3137 4369 3293 4427 Nunc
3321 4386 3421 4426 au-

1833 4474 1942 4520 tem
1974 4465 2206 4535 qualiter
2233 4471 2456 4518 cantum
2487 4470 2677 4517 notare
2719 4462 2922 4531 possim
2945 4503 2960 4529 ,
3017 4470 3076 4516 ut
3121 4476 3222 4533 ego
3269 4461 3418 4515 illum

1836 4555 2042 4623 absque
2068 4553 2331 4623 magistro
2357 4550 2834 4620 comprehendam,
2856 4551 3091 4619 primum
3120 4549 3308 4604 audire
3333 4564 3427 4602 ex-

1837 4657 2045 4714 specto,
2082 4652 2145 4697 ut
2192 4658 2315 4697 cum
2365 4640 2609 4710 exempla
2665 4640 2970 4711 regularum
3018 4641 3252 4704 dederis,
3300 4653 3424 4693 eum

1840 4737 2034 4791 melius
2062 4749 2444 4804 recognoscam
2464 4774 2479 4798 ,
2513 4739 2570 4785 et
2598 4731 2643 4785 si
2676 4732 2892 4801 penitus
2920 4731 3214 4800 quidquam
3247 4738 3428 4781 mente

1837 4826 2154 4887 excesserit,
2185 4826 2252 4879 ad
2283 4825 2423 4882 tales
2449 4833 2608 4880 notas
2633 4822 3001 4877 indubitanter
3026 4831 3326 4873 recurram.

1917 4921 1994 4976 Μ.
2035 4919 2274 4975 Litteras
2314 4914 2673 4974 monocbordi
2694 4953 2711 4977 ,
2748 4915 2888 4970 sicut
2913 4930 3010 4985 per
3036 4926 3130 4966 eas
3165 4907 3436 4963 cantilena

1838 5010 2120 5071 discurrit,
2152 5016 2277 5062 ante
2304 5011 2701 5076 oculos'ptmc'.
2736 5012 2795 5057 ιιι
2823 5005 2868 5058 εἰ
2901 5002 3133 5059 ιιοιιὼιιιι
3159 4999 3269 5050 Vim
3300 4996 3448 5064 ipsa‘

2016 5104 2296 5128 ξηιλ-,ιηιινινι
2330 5103 2493 5128 ul-..“
2539 5097 2826 5128 nnanncnzo
2893 5090 3182 5128 annnnl‘IMn
3223 5091 3453 5128 ρπςιὶριιι

2539 5097 2826 5128 ιιηηιιηοηῖο

2037 5114 2047 5128 Ι
2061 5113 2170 5128 lunas
2182 5115 2296 5128 “DCIII
2330 5103 2385 5128 ..1
2400 5121 2420 5128 λ.
2432 5121 2455 5128 ..
2466 5118 2493 5128 ,ι
