3964 5360
494 292 598 353 763

1167 294 1226 348 S.
1265 290 1518 348 ODONlS
1556 287 1849 343 ABBA’I‘IS
1887 285 2017 341 SEU
2059 286 2405 343 ALTERIUS
2444 288 2696 346 ODONIS
2737 290 3046 348 MONACHI

3644 290 3754 345 733$

491 409 710 479 quando
742 407 981 470 voluero,
1031 413 1089 459 et
1133 419 1408 473 nunquam
1437 402 1505 457 de
1543 401 1644 454 mei
1684 414 1876 454 sensus
1909 400 2075 452 tardi-
2103 404 2147 459 Α
2180 399 2306 457 facti
2342 412 2470 458 sunt
2506 405 2859 473 dispositione
2899 415 2956 461 et
2999 406 3293 470 divisione,
3345 408 3578 461 dicatur.
3628 407 3757 463 Illos

496 509 608 555 tate
635 506 939 556 commotus
964 496 1279 553 verberibus
1308 493 1389 549 vel
1434 490 1646 563 injuriis
1675 490 1687 561 ι
1711 489 1856 544 Vien.
1882 486 2071 560 virgis]

494 590 783 646 cruciabit.

566 679 643 734 Μ.
683 678 871 734 Bonus
890 677 1148 749 magister
1173 685 1292 744 est,
1321 676 1414 732 sed
1443 674 1748 745 diligentem
1776 672 2075 726 auditorem

498 772 749 841 requirit.

561 860 616 915 5.
676 858 743 915 ι).
799 859 858 916 In
905 860 1105 930 quibus
1152 857 1389 913 maxime
1439 854 1717 925 diligentia
1772 850 2074 908 adhibenda

492 955 622 1012 est?

565 1044 642 1100 Μ.
679 1043 735 1101 lu
764 1041 1240 1113 conjunctionibus
1266 1053 1492 1100 vocum,
1535 1052 1656 1106 qua:
1695 1032 2078 1090 consonantias

500 1136 701 1190 iaciunt
724 1135 987 1198 diversas,
1011 1142 1073 1188 ut
1099 1134 1238 1186 sicut
1263 1131 1489 1185 diversae
1515 1137 1638 1181 sunt
1662 1143 1725 1180 ac
1748 1124 2078 1189 didereutes,

520 1234 570 1279 ta
610 1224 943 1280 dissimiliter
979 1232 1035 1278 et
1070 1221 1381 1277 dili'erenter
1418 1231 1853 1287 unamquamque
1888 1231 2076 1270 earum

519 1326 799 1387 'pportune
826 1313 1181 1386 pronuntiare
1211 1310 1522 1381 prmvaleas.

570 1406 638 1461 ι).
675 1407 818 1474 Quot
864 1414 991 1461 sunt.
1035 1403 1386 1466 dill'ereutiae,
1438 1416 1654 1470 precor,
1704 1398 1981 1463 edissere,
2025 1404 2081 1452 et

506 1498 873 1554 communibus
898 1496 1163 1566 exemplis
1188 1495 1439 1550 ostende.

570 1585 649 1640 Μ.
677 1585 798 1650 ,Sex
836 1593 963 1641 sunt
1002 1594 1111 1639 tam
1151 1586 1204 1639 in
1243 1584 1577 1654 depositione
1614 1597 1778 1652 quam
1817 1583 1869 1637 in
1901 1582 2079 1638 eleva-

498 1680 671 1736 tione.
714 1679 896 1734 Prima
929 1694 1118 1734 vocum
1145 1679 1453 1749 conjunctio
1479 1685 1605 1742 est,
1641 1691 1763 1732 cum
1810 1677 1914 1732 illa:
1960 1677 2083 1733 dua:

497 1785 657 1825 voces
680 1769 1002 1840 junguntur,
1038 1769 1178 1825 inter
1205 1784 1344 1839 quas
1372 1784 1537 1824 unum
1574 1776 1663 1825 est
1693 1769 2040 1825 semitonium
2060 1809 2076 1838 ,
2106 1743 2153 1803 Β

497 1938 558 1984 nt
590 1946 621 1984 a
652 1860 837 1999 quililita
879 1930 933 1985 in
964 1859 1171 1984 seftam
1196 1970 1213 1995 ,
1260 1944 1381 2000 quae
1427 1930 1781 1986 consonantia
1829 1930 2081 1986 omnibus

498 2019 830 2075 contractior
854 2029 909 2075 et
935 2021 1177 2075 strictior
1204 2029 1317 2084 est,
1358 2031 1417 2075 ut
1450 2021 1625 2090 prima
1663 2021 1893 2077 elevatio
1920 2021 2079 2092 hujus

499 2181 845 2252 antiphonze:
893 2112 1019 2235 "Ec
1061 2112 1158 2243 est,
1202 2112 1318 2252 (μῖξις
1364 2117 1593 2236 ὣῗεὲυἳι.
1645 2182 1702 2237 In
1744 2183 2080 2253 depositione

1565 2271 1769 2326 FED
1875 2274 2030 2329 EF

503 2357 636 2397 vero
688 2356 787 2408 per
835 2342 1315 2411 reciprocationem
1369 2341 1498 2396 ita:
1558 2339 1799 2397 Vidimus
1850 2344 2074 2398 stellam.

507 2433 755 2487 Secunda
786 2446 913 2488 vero
940 2442 1055 2497 est,
1101 2450 1225 2487 cum
1256 2433 1395 2488 inter
1425 2434 1557 2488 duas
1586 2448 1748 2489 voces
1779 2442 1862 2489 est
1898 2442 2076 2499 tonus,

496 2605 612 2649 uta
646 2525 805 2652 teEtia
844 2596 898 2651 in
935 2526 1184 2667 quia-tam
1229 2596 1282 2650 in
1328 2596 1632 2653 elevatione
1674 2597 1792 2653 ita:
1833 2528 1957 2652 ξονι
1992 2528 2080 2652 υῗε

498 2685 607 2739 DF
682 2686 724 2740 D
1843 2688 2059 2742 DCEF

500 2760 821 2825 relinquam,
863 2767 975 2811 etc.
1028 2772 1085 2810 in
1130 2756 1466 2827 depositione
1512 2771 1647 2812 vero
1685 2757 1764 2811 sic
1788 2776 1811 2810 ε.
1852 2758 2079 2829 Angelus

519 2844 561 2899 G
598 2845 636 2897 lt}
666 2845 751 2898 DD

501 2914 732 2969 homini.
774 2915 959 2971 Tertia
984 2927 1068 2971 est
1092 2956 1108 2981 ,
1153 2931 1276 2972 cum
1318 2917 1462 2972 inter
1488 2915 1624 2973 duas
1652 2933 1809 2973 voces
1841 2928 1999 2975 tonus
2027 2930 2083 2975 et

1934 3010 1974 3063 D

500 3073 846 3129 semitonium
874 3073 1229 3129 dill‘erentiam
1262 3075 1509 3142 faciunt,
1553 3084 1613 3129 ut
1660 3076 1799 3130 inter
1828 3088 2076 3147 quartam
2106 3087 2149 3148 (ζ

502 3241 560 3289 et
589 3163 799 3289 sexltram
829 3233 931 3288 hoc
960 3234 1119 3289 modo
1151 3235 1204 3290 in
1234 3235 1536 3291 elevatione
1563 3252 1576 3288 :
1613 3165 1849 3291 P032252:
1885 3247 2079 3292 autem.

501 3391 559 3448 In
593 3393 924 3464 depositione
952 3394 1068 3449 ita:
1120 3324 1186 3449 lli:
1223 3325 1353 3466 i392.
1401 3394 1604 3461 Quarta
1636 3410 1764 3451 vero
1799 3407 1927 3461 est,
1957 3412 2089 3452 cum.

506 3553 646 3608 inter
673 3568 856 3609 vocem
886 3562 941 3609 et
966 3570 1152 3612 vocem
1184 3556 1289 3611 duo
1325 3565 1452 3612 sunt
1490 3556 1638 3622 toni,
1682 3567 1740 3612 ut
1772 3574 1800 3611 a
1833 3487 1986 3612 solita
2030 3558 2082 3612 in

503 3661 770 3780 notatam,
810 3714 862 3769 in
891 3714 1193 3771 elevatione
1221 3715 1293 3770 ita
1321 3732 1335 3770 :
1366 3647 1552 3771 Αιῗιιιῖσ
1586 3664 1755 3772 milii:
1788 3642 1972 3773 Italia.
2026 3718 2085 3773 lu

1318 3807 1431 3861 aF
1503 3824 1671 3864 accc

503 3875 840 3943 depositione
888 3876 991 3930 hoc
1042 3877 1241 3932 modo:
1295 3876 1433 3931 Ecce
1482 3877 1683 3933 Maria.
1739 3879 1935 3947 Quinta
1990 3896 2159 3952 pet-3

504 3967 839 4022 diatessaron
875 3967 935 4021 ﬁt
957 4007 973 4034 ,
1022 3977 1082 4023 ut
1109 3984 1138 4022 a
1170 3970 1344 4038 prima
1372 3970 1413 4024 Α
1445 3970 1497 4024 in
1528 3980 1775 4040 quartam
1811 3973 1852 4026 ι)
1885 3974 1941 4027 in
1969 3973 2081 4028 ele-

505 4126 721 4182 vatione
768 4127 870 4183 hoc
917 4129 1116 4183 modo:
1164 4059 1332 4183 Vitligo
1378 4130 1738 4186 honorandus.
1814 4133 2088 4203 Depositio

495 4299 637 4366 vero
659 4285 962 4355 huiusmodi
991 4297 1075 4343 est
1099 4308 1112 4343 :
1148 4220 1448 4345 gecgmlgm
1477 4303 1675 4347 autent.
1712 4276 1875 4349 sexta
1906 4303 2088 4349 autem

506 4393 604 4447 per
631 4379 901 4446 diapente,
934 4389 991 4433 ut
1021 4398 1051 4435 a
1080 4390 1273 4451 quarta
1307 4382 1348 4435 D
1378 4383 1431 4436 in
1461 4392 1708 4439 octavam
1741 4401 1803 4450 a,
1853 4393 1913 4440 ut
1953 4393 2041 4441 est
2067 4402 2081 4439 :

493 4468 747 4590 latium.
776 4468 1014 4608 qiiwgg.
1063 4538 1122 4592 ln
1167 4538 1534 4609 depositione,
1585 4548 1644 4596 ut
1687 4557 1718 4597 a
1764 4543 1919 4598 tertia
1956 4542 1997 4598 C
2035 4542 2089 4597 in

505 4699 791 4767 septimam
815 4698 881 4764 G,
904 4698 1006 4756 hoc
1031 4700 1192 4755 modo
1217 4719 1231 4755 :
1263 4630 1454 4755 argilla)
1478 4701 1622 4756 tuba.
1656 4701 1790 4756 Alize
1818 4702 2092 4773 regulares

507 4807 698 4846 vocum
724 4791 1135 4861 conjunctiones
1163 4808 1429 4862 nusquam
1456 4795 1823 4863 reperiuntur.

577 4886 629 4937 (5.
669 4898 727 4938 ιη
761 4885 1055 4939 maximum
1087 4900 1228 4953 sarpe
1275 4899 1516 4940 errorem
1546 4886 1794 4956 vulgares
1839 4895 2092 4942 cantores

507 4974 783 5042 labuntur,
808 4977 934 5047 quia
956 4978 1067 5032 vim
1093 4978 1203 5031 toni
1227 4985 1283 5031 et
1307 4977 1578 5031 semitonii
1606 4977 1942 5049 aliarumque
1963 4992 2093 5031 con-

510 5067 878 5114 sonantiarnm
908 5068 1133 5114 minimo.
1156 5068 1512 5114 mrnontlnnt-
1552 5068 1607 5114 ΙιΙ
1631 5069 1774 5114 enim
1801 5068 2095 5114 nnnmnis-

814 4430 993 4523 ἔρρε
1024 4430 1051 4435 "
1307 4430 1338 4435 '
1741 4430 1803 4450 “’
1856 4430 1913 4440 “·
2114 4430 2166 4490 o

2177 493 2360 562 itaque
2388 502 2640 550 cantores
2685 496 2729 550 si
2779 498 2845 551 de
2891 496 3071 566 aliquo
3108 506 3267 551 cantu
3309 498 3747 568 interrogaveris,

2177 584 2331 653 cujus
2359 585 2501 640 modi
2533 584 2634 650 sit,
2677 586 2818 641 illico
2846 589 3169 656 respondent
3192 589 3334 658 quod
3370 589 3647 653 nesciunt,
3684 605 3748 647 ac

2177 674 2219 728 si
2249 674 2487 743 perfecte
2514 689 2922 746 cognoscerent.
2975 677 3139 745 Quod
3169 679 3213 733 si
3248 680 3318 733 ab
3351 680 3437 733 eis
3463 694 3750 749 argumen-

2180 773 2313 831 tum,
2347 767 2490 820 unde
2512 767 2618 821 hoc
2646 769 2841 831 sciant,
2872 770 3169 837 quaesieris,
3202 770 3503 825 titubantes
3529 771 3713 825 dicunt
3731 786 3753 824 :

2175 858 2300 926 quia
2334 858 2403 911 sit
2433 857 2625 913 similis
2651 859 2704 912 in
2732 860 2999 929 principio
3044 869 3098 914 et
3143 861 3195 915 in
3225 862 3331 915 line
3356 862 3482 915 aliis
3508 862 3751 917 cantibus

2177 952 2419 1020 ejusdem
2454 953 2643 1020 modi;
2687 970 2808 1009 cum
2839 956 2905 1010 de
2937 955 3082 1010 nullo
3115 956 3337 1010 omnino
3363 966 3566 1020 cantu,
3603 957 3753 1026 cujus

2178 1044 2319 1097 modi
2368 1045 2475 1109 sit,
2526 1045 2775 1113 sapiant,
2828 1047 3168 1110 nescientes,
3219 1047 3364 1115 quod
3415 1047 3581 1100 unius
3610 1046 3755 1102 vocis

2176 1136 2561 1192 dissimilitudo
2607 1138 2822 1191 modum
2874 1147 3084 1194 mutare
3131 1138 3463 1207 compellat,
3529 1148 3591 1193 ut
3643 1139 3763 1193 hac

2178 1228 2471 1296 antipltona
2496 1246 2515 1280 :
2541 1225 2586 1282 0
2616 1228 2822 1281 beatum
2846 1228 3183 1297 pontiﬁcean
3213 1244 3333 1297 qua:
3363 1245 3495 1283 cum
3530 1228 3582 1281 in
3613 1230 3753 1297 prin-

2180 1319 2320 1386 cipio
2349 1326 2404 1372 et
2430 1318 2535 1372 line
2570 1318 2791 1372 secundi
2823 1319 2964 1373 modi
2993 1328 3167 1383 esset,
3207 1328 3432 1387 prepter
3462 1318 3616 1372 illius
3644 1326 3755 1371 tan-

2184 1418 2292 1462 tum
2327 1407 2475 1463 vocis
2505 1406 2884 1472 elevationem,
2915 1408 3004 1462 ubi
3033 1409 3266 1463 dicitur:
3301 1407 3346 1462 0
3378 1407 3622 1461 Martiae
3646 1406 3757 1459 dul-

2181 1498 2327 1562 cedo,
2378 1499 2430 1552 in
2482 1499 2657 1568 primo
2702 1507 2827 1553 tono
2870 1513 2900 1551 a
2944 1499 3143 1552 donmo
3170 1497 3360 1553 Odone
3389 1497 3757 1552 curiosissime

2180 1599 2263 1644 est
2298 1590 2603 1644 emendata.
2654 1588 2894 1659 Itemque
2936 1590 2988 1643 in
3022 1590 3317 1658 antipbona
3345 1607 3359 1642 :
3395 1588 3647 1649 Domine,
3674 1586 3756 1653 qui

2183 1683 2381 1751 operati
2410 1680 2561 1746 sunt,
2588 1682 2703 1737 haee
2737 1682 3043 1752 diligentius
3077 1682 3305 1752 probare
3336 1680 3586 1749 poteris;
3641 1693 3758 1731 nam

2181 1775 2224 1828 si
2259 1790 2378 1829 eam
2409 1774 2632 1844 incipias
2664 1774 2716 1828 in
2747 1783 2902 1828 sexto
2930 1773 3108 1834 modo,
3138 1781 3197 1826 ut
3226 1771 3380 1826 multi
3411 1769 3685 1840 probant,
3708 1768 3758 1821 in

2181 1867 2221 1922 Ρ
2260 1868 2471 1932 littera,
2520 1883 2625 1921 non
2671 1866 3000 1935 discrepabit
3034 1866 3100 1919 ab
3134 1880 3201 1919 eo
3238 1864 3428 1928 modo,
3479 1877 3661 1932 usque
3696 1859 3771 1915 ad

2180 1962 2529 2017 semilonium
2555 2000 2572 2025 ,
2622 1960 2765 2030 quod
2813 1970 2901 2014 est
2945 1961 2997 2012 iu
3045 1957 3380 2012 tabernaculo
3419 1967 3539 2019 tuo,
3574 1957 3631 2010 in
3660 1969 3761 2009 ulla

2179 2052 2401 2123 syllaba.
2457 2050 2562 2106 Sed
2604 2051 2728 2119 quia
2771 2051 2823 2104 in
2865 2065 2960 2103 usu
3013 2050 3083 2102 ita
3127 2056 3253 2112 est,
3300 2055 3357 2102 et
3392 2048 3538 2101 bene
3565 2054 3773 2107 sonat,

2178 2143 2452 2199 emendari
2485 2158 2590 2197 non
2623 2144 2803 2196 debet.
2842 2140 2947 2196 Sed
2979 2141 3312 2210 inquiramus
3340 2156 3410 2193 an
3442 2138 3677 2192 forsitan
3709 2137 3760 2189 in

2178 2234 2284 2287 alio
2326 2243 2452 2287 tono
2492 2233 2799 2301 incipiatur,
2854 2241 3071 2299 totaque
3118 2231 3169 2283 in
3208 2245 3274 2284 eo
3314 2230 3479 2283 modo
3524 2242 3761 2281 consona

2180 2326 2509 2388 inveniatur,
2548 2340 2777 2393 eamque
2810 2324 3084 2377 emendati
3121 2338 3255 2392 opus
3288 2338 3394 2376 non
3436 2322 3533 2375 sit.
3586 2319 3762 2389 Incipe

2180 2417 2360 2486 itaque
2406 2431 2526 2471 eam
2574 2415 2627 2468 in
2652 2414 2698 2470 G
2732 2415 2940 2476 littera,
2978 2414 3080 2468 hoc
3103 2424 3218 2475 est,
3242 2413 3307 2466 in
3337 2422 3540 2467 octavo
3578 2413 3775 2470 modo,

2178 2516 2233 2563 et
2272 2506 2591 2578 regulariter
2634 2507 2690 2562 in
2735 2521 2801 2561 eo
2842 2516 2989 2560 stare
3018 2504 3292 2573 probabis.
3349 2501 3513 2557 Unde
3541 2502 3759 2570 quidam

2180 2599 2473 2669 incipiunt,
2519 2598 2757 2661 Domine,
2787 2597 2927 2652 sicut
2953 2596 3139 2649 amado
3165 2594 3281 2648 dico
3314 2593 3481 2649 vobis.
3539 2594 3623 2647 Ex
3657 2608 3759 2661 quo

2180 2688 2678 2759 comprehenditur,
2725 2685 2851 2756 quia
2894 2685 3176 2755 imperitus
3216 2685 3461 2739 musicus
3493 2693 3623 2745 est,
3674 2681 3757 2749 qui

2182 2781 2338 2836 facile
2364 2796 2427 2835 ac
2450 2786 2873 2850 pnesumptuose
2902 2776 3081 2846 plures
3105 2783 3296 2830 cantus
3323 2776 3614 2835 emendat,
3662 2773 3757 2826 nisi

2180 2872 2329 2943 prius
2357 2885 2452 2941 per
2476 2883 2675 2924 omnes
2693 2867 2880 2923 modos
2905 2865 3337 2936 investigaverit.
3369 2865 3417 2919 si
3452 2864 3682 2917 forsitan
3710 2863 3754 2915 in

2182 2962 2362 3030 aliquo
2389 2970 2534 3015 stare
2562 2958 2766 3028 possit;
2807 2972 2906 3013 nec
2938 2970 3260 3025 magnopere
3294 2956 3363 3009 de
3403 2953 3761 3009 similitudine

2182 3051 2408 3104 aliorum
2455 3059 2749 3112 cantuum,
2799 3048 2893 3103 sed
2920 3047 3003 3103 'de
3050 3046 3281 3117 regulari
3320 3046 3559 3099 veritate
3585 3053 3737 3099 curet

2185 3144 2336 3210 Quod
2377 3143 2421 3198 si
2463 3142 2593 3196 nulli
2636 3150 2762 3196 tono
2798 3140 3012 3209 placet,
3061 3137 3358 3193 secundum
3404 3152 3535 3191 cum
3581 3146 3769 3189 tonum:

2183 3233 2539 3296 emendetur,
2607 3231 2660 3285 in
2713 3245 2821 3300 quo
2880 3228 3058 3282 minus
3104 3226 3369 3281 dissouat.
3432 3225 3616 3294 Atque
3661 3225 3758 3278 hoc

2102 3338 2109 3353 ι
2183 3323 2457 3377 observari
2483 3322 2672 3385 debet,
2705 3330 2765 3375 ut
2791 3317 3109 3374 emendatus
3136 3326 3330 3370 cantus
3358 3323 3458 3368 aut
3484 3314 3755 3369 decentius

2183 3424 2367 3477 Sonat,
2397 3421 2492 3467 aut
2516 3430 2544 3466 a
2573 3411 2739 3483 priori
2763 3408 3118 3465 similitudine
3140 3422 3332 3476 parum
3358 3407 3656 3475 discrepet.

2257 3506 2319 3558 ι).
2362 3504 2505 3558 Bene
2534 3504 2597 3558 de
2624 3502 2872 3556 inertiqu
2892 3507 3174 3553 cantorum
3203 3511 3397 3550 errore
3426 3511 3515 3550 me
3540 3504 3755 3549 cautum

2185 3596 2378 3659 ft't‘isli,
2414 3611 2512 3649 nec
2543 3592 2835 3647 nonetiam
2864 3590 2930 3645 de
2971 3586 3231 3658 regularis
3272 3585 3631 3639 monocbordi
3670 3598 3759 3637 cu-

2185 3690 2324 3742 I‘insa
2350 3685 2778 3755 investigatione,
2810 3697 2874 3736 ac
2901 3678 3229 3750 regularium
3259 3685 3525 3732 cantuum
3568 3692 3753 3744 appro-

2186 3777 2424 3841 batione,
2464 3775 2796 3830 falsorumve
2825 3771 3205 3827 emendatione
3225 3809 3240 3831 ,
3276 3768 3491 3822 utiliter
3511 3782 3721 3822 sensum
3739 3806 3769 3825 ,κ

2188 3876 2349 3937 prout
2369 3874 2603 3936 oportet,
2630 3863 3034 3921 exercentibus.
3066 3860 3193 3915 licet
3215 3858 3405 3930 paucis
3429 3858 3635 3923 verbis,
3659 3871 3753 3910 non

2188 3958 2453 4012 modicam
2481 3955 2673 4011 dedisti
2702 3954 2975 4023 peritiam.

2261 4048 2312 4101 7.
2351 4046 2751 4105 Verumtamen,
2782 4054 2913 4114 quot
2934 4043 3155 4098 vocibus
3184 4050 3381 4097 cantus
3415 4040 3537 4095 ﬁeri
3590 4037 3761 4097 delicta

2188 4137 2442 4208 adjunge.

2266 4230 2344 4284 Μ.
2375 4230 2480 4284 Alii
2510 4237 2763 4284 asserunt
2787 4236 2932 4290 octo,
2971 4225 3065 4279 alii
3092 4238 3312 4287 novem,
3344 4222 3440 4277 alii
3472 4224 3675 4277 decem.

2260 4322 2332 4375 D.
2365 4321 2543 4388 Quare
2567 4328 2691 4374 octo
2713 4319 2738 4371 ’ἒ

2264 4411 2339 4465 Μ.
2370 4410 2598 4480 Propter
2621 4407 2881 4474 majorem
2924 4405 3267 4467 divisionem,
3325 4402 3382 4458 id
3426 4412 3536 4465 est,
3585 4401 3753 4468 diapa-

2198 4522 2336 4568 sou;
2374 4505 2487 4560 sive
2507 4502 2635 4573 quia
2669 4502 2809 4568 apud
2861 4500 3115 4566 antiquos
3164 4504 3292 4551 octo
3348 4496 3506 4551 sonis
3551 4492 3765 4547 cithar:

2195 4598 2412 4652 ﬂebant.

2270 4686 2332 4739 ι).
2360 4685 2537 4753 Quare
2559 4681 2796 4738 novem?

2270 4777 2345 4832 Μ.
2374 4776 2603 4846 Propter
2654 4774 2737 4828 bis
2784 4772 3033 4840 diapente
3064 4808 3077 4830 ,
3128 4782 3249 4836 quae
3308 4779 3511 4818 novem
3560 4760 3757 4814 vocibus

2202 4871 2541 4924 terminatur.
2573 4864 2707 4918 Nam
2734 4877 2857 4918 cum
2896 4876 2927 4913 a
2963 4871 2999 4914 Γ
3027 4859 3079 4912 iu
3112 4865 3367 4926 quartam
3416 4855 3491 4907 sit
3535 4852 3757 4919 diapente

2202 4976 2390 5025 unum,
2449 4969 2611 5027 atque
2658 4957 2726 5010 ab
2776 4954 2962 5008 eadem
3012 4957 3208 5018 quarta
3257 4948 3300 5001 D
3340 4946 3397 4999 in
3444 4953 3683 4998 octavam
3730 4952 3755 4986 ει

2202 5053 2366 5114 aliud,
2390 5068 2419 5104 a
2448 5064 2482 5106 Γ
2509 5051 2560 5104 in.
2585 5064 2610 5101 2
2641 5056 2887 5102 octavam
2908 5057 3101 5098 novem
3122 5049 3249 5095 sunt
3281 5052 3471 5093 voces.
