3964 5360
116 199 225 258 -765

196 316 260 373 D.
289 317 524 375 Possunt
553 336 672 377 esse
702 332 757 378 et
784 324 1071 394 pauciores
1100 343 1259 385 voces
1282 330 1335 385 in
1358 340 1520 387 cantu
1548 333 1575 386 ’ἓ

194 409 268 462 Μ.
302 411 535 475 Possunt
563 417 750 485 utique
776 419 1013 488 quinque
1046 420 1129 475 vcl
1165 431 1443 491 quatuor;
1495 426 1586 479 sed
1633 425 1705 479 ita

117 498 361 566 quidem,
402 509 459 555 nt
483 512 538 556 et
566 505 807 574 quinque
833 507 1103 577 diapente,
1135 520 1192 565 et
1220 521 1455 582 quatuor
1506 514 1709 569 diates-

116 604 281 643 saron
314 592 563 648 reddant.

190 678 257 732 ι).
290 678 508 737 Prolata
537 658 698 750 ratio,
728 696 783 741 et
808 702 946 757 pene
970 692 1213 748 omnium
1258 705 1513 752 cantuum
1561 706 1703 753 atte-

114 770 388 827 stationes
410 776 643 844 probant
696 793 882 833 verum
907 793 1028 837 esse
1047 823 1061 848 ,
1088 786 1233 854 quod
1265 787 1419 842 dicis.
1448 788 1585 856 Quid
1610 804 1706 843 au-

115 867 226 913 tem
250 861 321 917 sit
349 871 528 930 tonus,
559 882 717 937 quem
745 871 940 938 saapius
967 876 1183 930 modmn
1233 892 1415 944 vocas,
1464 895 1700 950 expone.

186 951 240 1005 8.
271 951 349 1006 Μ.
382 952 565 1011 Tonus
592 957 677 1010 vel
704 960 895 1015 modus
920 972 1005 1017 est
1032 965 1238 1035 regula,
1266 982 1387 1037 qua:
1436 969 1527 1043 de‘
1554 970 1703 1024 omni

115 1049 278 1095 cantu
308 1044 368 1098 in
390 1044 497 1101 line
518 1046 801 1117 dijudicat.
835 1050 971 1106 Nam
995 1055 1096 1109 nisi
1128 1056 1320 1113 scieris
1353 1058 1538 1125 ﬁnem,
1595 1076 1701 1115 non

113 1136 319 1203 poteris
344 1152 691 1209 cognoscere,
724 1143 813 1198 ubi
853 1144 1045 1215 incipi,
1072 1148 1161 1203 vel
1184 1160 1453 1220 quantum
1499 1152 1705 1209 elevari

116 1228 201 1282 vei
231 1227 428 1299 deponi
456 1233 651 1289 debeat
675 1245 890 1293 cantus.

185 1317 256 1371 D.
285 1318 459 1387 Quam
484 1322 719 1393 regulam
746 1327 915 1382 sumit
937 1329 1262 1400 principium
1294 1348 1323 1387 a
1360 1333 1512 1390 ﬁne?

189 1407 268 1461 ΔΙ.
300 1408 475 1471 Omne
530 1413 859 1486 principium
906 1419 1202 1476 secundum
1264 1425 1552 1492 pmdictas
1606 1444 1699 1483 sex

115 1503 504 1558 consonantias
526 1520 624 1560 suo
651 1505 741 1561 ﬁni
790 1512 1124 1567 concordare
1170 1514 1348 1569 debet.
1397 1515 1553 1571 Nulla
1598 1534 1704 1574 vox

112 1601 298 1660 potest
323 1593 561 1663 incipere
584 1607 824 1663 cantum,
854 1599 955 1654 nisi
985 1602 1099 1672 ipsa
1129 1604 1213 1659 vel
1262 1605 1439 1662 ﬁnalis
1487 1609 1579 1674 sit,
1620 1610 1701 1663 vel

1355 202 1717 277 OPUSCULA
1761 219 1845 273 DE
1887 218 2160 276 MUSICA.

3290 233 3402 289 766v

1741 339 1784 394 Α
1820 331 1871 384 in
1904 333 2162 399 secumlo,
2195 343 2393 404 quarto
2420 345 2470 393 et
2499 348 2673 407 sexto,
2704 318 2761 397 et
2781 355 2995 408 octavo,
3039 344 3183 400 nulla
3230 347 3406 419 depo-

1811 427 1938 481 sitio
1967 425 2195 497 alicujus
2227 429 2375 483 vocis
2402 440 2527 485 ante
2582 432 2740 487 linem
2784 435 3108 500 invenietur,
3163 453 3283 508 quae
3326 440 3401 493 atl‘

1813 518 1973 572 ﬁnem
2003 520 2174 592 ipsum
2207 521 2499 575 secundum
2528 538 2623 577 sex
2676 525 2960 593 praedictas
3006 530 3405 586 consonantias

1811 625 1917 664 non
1940 608 2216 681 jungatur.
2250 610 2490 665 Elevatio
2514 628 2641 668 vero
2668 630 2853 669 eorum
2895 633 2921 668 a
2949 616 3054 670 ﬁne
3097 618 3405 673 secundum.

1807 701 2023 756 easdem
2049 703 2431 757 consonantias
2462 703 2528 756 ad
2558 705 2802 776 quinque
2828 722 2988 762 voces
3018 710 3384 779 progreditur.

1810 791 2110 861 Aliquando
2145 801 2325 846 autem
2362 792 2428 846 ad
2455 802 2667 848 sextam
2697 811 2864 866 usque
2892 798 3155 866 procedit.
3180 798 3237 852 In
3269 799 3392 868 qui-

1806 883 1909 936 lms
1931 890 2110 937 autem
2135 884 2362 938 vocibus
2385 885 2626 938 omnium
2658 887 2939 940 modorum
2967 898 3162 943 cantus
3189 904 3390 944 secun-

1807 972 1932 1027 dum
1957 983 2279 1043 praesentem
2309 991 2466 1029 usum
2522 976 2721 1073 saspiOIts
2772 977 3063 1048 incipiant,
3105 980 3159 1033 in
3208 995 3405 1036 eorum

1807 1064 2057 1121 formulis
2081 1066 2412 1135 pervidebis.

1877 1155 1964 1211 10.
2015 1156 2083 1211 ι).
2140 1157 2405 1225 Quoniam
2456 1160 2741 1229 probasti,
2798 1161 3040 1215 omnium
3111 1163 3394 1217 modorum

1806 1256 2000 1302 cantus
2026 1247 2184 1304 aﬁnc
2204 1249 2449 1321 regulam
2480 1264 2712 1313 sumere,
2752 1259 2886 1321 quot
2926 1252 3037 1307 sint
3088 1253 3192 1322 ipsi
3241 1252 3406 1307 niodi.

1805 1336 1889 1392 vel
1915 1337 2049 1401 toni,
2081 1346 2292 1409 tempus
2327 1345 2412 1393 est
2433 1338 2636 1395 dicere.

1877 1428 1956 1483 ll.
1991 1429 2233 1497 Quatuor
2255 1446 2373 1487 esse
2403 1432 2593 1487 modos
2619 1432 2839 1503 quidam
2868 1442 3095 1504 putant.

1879 1519 1945 1575 υ.
1975 1520 2201 1588 Quare?

1883 1611 1961 1667 Μ.
2001 1613 2137 1680 Quia
2162 1613 2341 1668 omnis
2366 1614 2635 1684 regularis
2657 1623 2849 1670 cantus
2882 1616 2939 1671 in
2990 1625 3227 1686 quatuor
3279 1632 3398 1673 mo-

114 1694 383 1740 consonet
410 1685 554 1741 ﬁnali
579 1702 673 1757 per
699 1689 932 1760 aliquam
959 1694 1027 1748 de
1055 1710 1152 1750 sex
1192 1700 1584 1755 consonantiis.
1635 1702 1699 1755 Et
1735 1688 1774 1747 Β
1805 1706 2065 1760 nochordi
2097 1704 2316 1760 vocibus
2348 1705 2488 1758 ﬁniri
2520 1717 2715 1776 potest.

112 1788 456 1844 qtuccunqne
485 1793 647 1833 voces
674 1795 769 1849 per
791 1783 1007 1837 easdem
1048 1789 1430 1843 consonantias
1478 1800 1706 1858 pOSSunt

114 1864 410 1919 convenire
447 1866 558 1929 lini,
589 1867 641 1921 in
672 1870 876 1926 eisdem
903 1887 1120 1943 quoque
1146 1877 1367 1931 vocibus
1390 1882 1590 1949 poterit
1619 1880 1705 1934 in-

114 1952 223 2021 eipi
249 1962 440 2010 cantus
465 1955 607 2012 illius
629 1958 775 2024 ﬁnis,
837 1973 1087 2034 excepto,
1148 1968 1291 2035 quod
1342 1979 1553 2035 cantus,
1610 1971 1701 2041 qni

116 2044 315 2098 finitur
339 2045 395 2099 in
422 2058 556 2103 voce
580 2050 768 2119 quinta
798 2051 863 2117 E,
891 2069 1011 2122 quae
1039 2064 1122 2110 est
1152 2058 1322 2126 prima
1357 2061 1625 2115 scmitonii
1651 2062 1704 2117 in

113 2137 284 2190 tertio
314 2140 496 2205 modo,
519 2156 664 2211 smpe
714 2143 992 2200 invenitur
1042 2147 1281 2219 incipere
1336 2150 1387 2205 in
1430 2168 1562 2207 voce
1608 2156 1704 2209 de-

111 2228 261 2284 cima
286 2230 349 2296 C,
381 2246 501 2301 qua:
526 2235 595 2288 ab
631 2237 818 2292 eadem
848 2238 1035 2308 quinta
1069 2241 1108 2295 E
1132 2258 1238 2297 uno
1269 2244 1545 2315 diapente,
1573 2264 1705 2303 uno-

112 2321 226 2392 que
254 2323 541 2380 semitonio
571 2326 875 2398 elongatur.

190 2411 588 2470 Distinetiones
618 2432 853 2487 quoque,
894 2419 944 2474 id
971 2430 1054 2476 est
1099 2420 1238 2489 loca,
1268 2426 1320 2478 in
1371 2427 1568 2495 quibus
1624 2444 1707 2483 reo

110 2521 411 2576 pansamns
437 2506 491 2561 in
513 2518 690 2572 cantu,
722 2511 852 2565 etin
893 2514 1089 2582 quibus
1114 2524 1335 2570 eantmn
1393 2519 1702 2585 dividimus,

111 2594 172 2648 in
204 2593 409 2649 eisdem
441 2597 659 2652 vocibus
688 2599 882 2655 debere
902 2600 1042 2655 ﬁniri
1069 2603 1120 2656 in
1162 2620 1487 2675 unoquoque
1515 2610 1702 2675 modo,

114 2688 173 2740 in
206 2686 407 2756 quibus
432 2698 660 2757 possunt
704 2691 866 2760 incipi
917 2705 1110 2750 cantus
1149 2694 1266 2764 ejus
1308 2698 1475 2764 modi,
1527 2701 1704 2754 mani-

114 2775 320 2832 festum
351 2787 453 2833 est.
489 2779 556 2834 Et
584 2781 672 2835 ubi
703 2782 895 2838 melius
948 2794 1005 2840 et
1054 2788 1251 2856 saepius
1313 2788 1501 2859 incipit
1545 2806 1707 2847 unus-

113 2868 353 2937 quisque
381 2869 593 2935 modus,
629 2871 698 2925 ibi
729 2873 919 2927 melius
943 2880 997 2929 et
1026 2876 1307 2932 decentius
1332 2894 1461 2933 suas
1504 2880 1703 2935 distin-

112 2958 334 3013 ctiones
373 2960 613 3028 incipere
635 2961 719 3016 vel
746 2962 900 3017 ﬁnire
950 2968 1250 3024 consuevit.
1296 2968 1485 3024 Plures
1522 2980 1702 3026 autem

112 3047 571 3105 distinetionesin
598 3065 719 3105 eam
758 3068 968 3119 vocem,
995 3071 1113 3126 qua:
1161 3059 1378 3112 modum
1431 3061 1706 3128 terminat,

110 3140 320 3196 debere
347 3140 511 3206 ﬁniri,
542 3144 785 3214 magistri
819 3147 1075 3213 tradunt;
1108 3163 1175 3204 ne
1213 3150 1257 3204 si
1289 3149 1339 3203 in
1366 3150 1473 3206 alia
1524 3152 1705 3223 aliqua

109 3246 254 3288 voce
281 3234 465 3304 plures
487 3236 885 3303 distinctiones,
918 3254 1079 3309 quam
1136 3241 1191 3295 in
1247 3242 1385 3311 ipsa,
1445 3243 1596 3308 ﬁant,
1650 3244 1702 3298 in

108 3324 366 3377 eamdem
393 3339 607 3394 quoque
659 3334 711 3380 et
768 3335 986 3383 cautum
1048 3329 1193 3384 ﬁniri
1238 3342 1521 3401 expetant,
1575 3341 1630 3386 ct
1675 3349 1705 3386 a

109 3415 301 3477 modo,
327 3412 381 3466 in
410 3427 518 3483 quo
552 3413 783 3479 fuerant,
814 3418 1013 3473 mutari
1040 3419 1387 3490 compellant.
1440 3423 1525 3475 Ad
1576 3436 1703 3476 eum

108 3505 355 3574 denique
381 3505 601 3560 modum
635 3507 806 3577 magis
861 3520 1054 3564 cantus
1108 3512 1362 3580 pertinet,
1417 3513 1485 3567 ad
1543 3528 1704 3582 quem

107 3613 230 3652 sum
265 3591 642 3652 distinctiones
667 3598 899 3668 amplius
920 3609 1165 3656 currunt.
1217 3600 1352 3657 Nam
1376 3650 1379 3651 ν
1404 3614 1457 3658 et
1505 3602 1708 3673 princi-

106 3691 204 3760 pia
234 3689 433 3760 saepius
459 3698 514 3743 et
535 3689 824 3744 decentius
853 3690 904 3745 in
937 3693 1127 3747 eadem
1178 3709 1310 3749 voce
1341 3735 1357 3760 ,
1403 3709 1523 3763 qua:
1570 3710 1706 3750 catt-

117 3792 244 3834 tttm
287 3779 570 3844 terminat,
598 3780 965 3836 inveniuntur.
1042 3785 1209 3838 Dictus
1266 3784 1343 3838 rei
1399 3784 1705 3853 exemplum

106 3872 168 3926 in
207 3874 312 3927 bac
337 3872 637 3941 antipltona
666 3874 1085 3943 comprobabis:
1149 3874 1336 3929 Tribus
1385 3875 1705 3941 miraculis;

102 3978 245 4019 ecce
267 3979 373 4017 una
399 3963 707 4018 distinctio:
736 3964 994 4018 Ornatam
1024 3966 1160 4019 diem
1183 3977 1423 4020 satietum
1452 3964 1706 4043 colimus;

101 4071 245 4111 ecce
273 4054 377 4109 alia
403 4072 417 4109 ;
451 4054 622 4109 Hodie
643 4054 797 4109 stella
823 4072 1002 4126 magos
1033 4058 1183 4111 duxit
1218 4057 1287 4110 ad
1340 4057 1657 4127 prwsepium
1683 4074 1702 4115 .'

99 4158 243 4198 ecce
274 4143 473 4199 tertia:
504 4141 676 4197 Hodie
711 4146 887 4197 vinum
930 4163 1013 4201 -ea;
1057 4165 1196 4218 aqua
1248 4147 1447 4216 factum
1506 4156 1579 4200 est
1635 4146 1703 4200 ad

102 4240 380 4308 nuptias;
432 4251 561 4293 ecce
606 4248 846 4308 quarta:
905 4237 1080 4294 Hodie
1125 4258 1157 4293 a
1212 4239 1420 4294 Joanne
1466 4238 1705 4293 Christus

100 4330 379 4401 baptizari
406 4330 610 4385 voluit:
639 4345 767 4386 ecce
814 4331 1025 4386 ultima.
1078 4332 1241 4387 Vides
1290 4333 1493 4403 itaque,
1544 4342 1606 4387 ut
1649 4334 1704 4386 in

1876 1796 1944 1850 D.
1969 1795 2097 1863 Quae
2119 1805 2248 1849 sunt
2277 1795 2381 1850 illa:
2404 1798 2607 1851 voces?

1879 1905 1955 1960 Μ.
1991 1905 2193 1973 Quarta
2227 1906 2291 1972 Ι),
2318 1906 2369 1961 ἰιι
2399 1922 2566 1976 quam
2591 1910 2919 1964 terminatur
2943 1913 3134 1966 modus
3155 1952 3172 1978 ,
3195 1913 3287 1981 qui
3315 1913 3401 1968 di-

1808 1997 1950 2051 citur
1970 1997 2263 2051 authentus
2294 2005 2508 2065 protus,
2539 1998 2590 2051 id
2625 2007 2729 2062 est,
2785 2009 2973 2055 auctor
3017 2001 3099 2053 vel
3150 2001 3403 2070 princeps

1811 2088 2041 2158 prinms.
2072 2088 2270 2155 Quinta
2308 2088 2350 2141 E
2398 2088 2450 2141 in
2482 2100 2643 2157 quam
2678 2091 2999 2144 terminatur
3044 2091 3258 2155 modus,
3309 2091 3407 2163 qui

1806 2180 2007 2235 dicitur
2028 2181 2321 2235 authentus
2348 2179 2627 2241 denterus,
2660 2179 2713 2233 id
2745 2189 2846 2243 est,
2881 2189 3071 2236 auctor
3115 2182 3202 2237 vel
3244 2183 3401 2251 prin-

1807 2285 1936 2340 ceps
1956 2270 2243 2325 secundus.
2267 2269 2432 2324 Sexta
2457 2269 2522 2337 Ρ,
2562 2270 2616 2323 in
2645 2284 2805 2338 quam
2832 2270 3153 2325 terminatur
3172 2274 3411 2327 authen-

1811 2371 1896 2413 tus
1920 2359 2117 2424 tritus,
2152 2359 2205 2413 id
2257 2368 2362 2424 est,
2410 2367 2601 2414 auctor
2649 2369 2704 2414 et
2758 2360 3014 2430 princeps
3069 2363 3285 2417 tertius.
3334 2361 3409 2416 Et

1807 2452 2039 2520 septima
2070 2451 2134 2515 G,
2170 2452 2411 2521 inquam
2474 2452 2796 2506 terminatur
2847 2453 3139 2527 authentus
3183 2461 3385 2507 tetraro

1807 2545 1928 2608 dus,
1953 2543 2005 2597 id
2025 2552 2131 2607 est,
2163 2554 2354 2598 auctor
2385 2544 2468 2596 vel
2494 2545 2743 2616 princeps
2764 2552 3007 2615 quartus.
3046 2544 3110 2599 lli
3160 2553 3407 2615 quatuor

1808 2644 1986 2691 autem
2018 2636 2332 2690 dividuntur
2358 2637 2412 2690 in
2440 2645 2588 2691 octo.

1882 2726 1946 2780 ι).
1973 2727 2193 2795 Quare?

1881 2838 2210 2910 M.’Propter
2248 2839 2485 2896 elevatus
2525 2848 2579 2896 et
2605 2842 2837 2898 lmmiles
2868 2851 3080 2897 cantus.
3113 2842 3248 2897 Nam
3278 2857 3403 2899 cum

1812 2937 2003 2983 acutus
2029 2928 2115 2983 vel
2145 2929 2387 2985 elevatus
2415 2930 2580 2984 luerit
2606 2939 2800 2986 cantus
2825 2933 2875 2986 in
2907 2933 3168 2988 authento
3217 2942 3401 3003 proto,
3456 2938 3465 2943 '

1737 3037 1782 3098 ρ
1813 3018 2013 3072 dicitur
2038 3019 2230 3074 modus
2257 3022 2551 3075 authentus
2573 3031 2784 3092 protns.
2829 3022 2885 3078 Si
2916 3039 3042 3079 vero
3078 3024 3243 3078 fuerit
3268 3032 3397 3094 gra-

1813 3110 1979 3167 viset
2010 3111 2251 3168 humilis.
2288 3106 2341 3167 in
2399 3116 2590 3170 eodem
2644 3116 2908 3172 authento
2963 3126 3141 3188 proto,
3203 3118 3406 3173 dicitur

1812 3204 1966 3275 plaga
1996 3206 2160 3274 proti.
2306 3201 2310 3204 ⁴

1886 3293 1951 3348 D.
1977 3293 2157 3360 Quare
2178 3294 2378 3351 dicitur
2408 3297 2563 3367 plaga
2589 3298 2733 3368 proti
2756 3299 2781 3352 ?

1882 3404 1960 3459 Μ.
1988 3405 2149 3476 Plaga
2188 3407 2351 3476 proti,
2391 3407 2442 3462 id
2464 3416 2548 3461 est
2576 3424 2704 3479 pars
2727 3409 2887 3478 primi
2914 3409 3134 3473 dicitur,
3158 3422 3223 3464 eo
3245 3410 3391 3478 quod

1810 3499 2029 3554 ﬁniatur
2052 3500 2104 3555 in
2130 3500 2377 3553 eamdem
2412 3510 2647 3568 partem,
2678 3502 2732 3555 id
2758 3511 2860 3563 est,
2892 3501 3067 3555 locum
3100 3501 3391 3556 velvocem

1810 3599 2060 3662 quartam
2083 3591 2127 3645 D
2150 3592 2526 3655 monochordi,
2553 3593 2604 3648 in
2635 3608 2742 3662 qua
2764 3574 2954 3647 linitur
2997 3601 3052 3646 et
3103 3593 3401 3647 autbentus

1808 3692 2015 3754 protns.
2050 3682 2313 3738 Similiter
2335 3698 2459 3737 cum
2483 3692 2679 3739 acutus
2718 3682 2884 3738 fuerit
2939 3693 3141 3751 cantus
3195 3683 3249 3738 in
3307 3698 3402 3739 au-

1812 3773 2003 3828 tliento
2055 3773 2305 3838 dentero,
2364 3773 2565 3828 dicitur
2609 3775 2901 3833 authentus
2948 3774 3244 3837 deuterus;
3302 3772 3386 3828 sin

1811 3872 1991 3918 autem
2014 3863 2207 3934 planus
2230 3862 2396 3918 fuerit
2425 3873 2643 3929 cantus,
2702 3864 2854 3936 plaga
2892 3864 3109 3919 .deuteri
3154 3863 3401 3918 nomina»

1808 3955 1973 4009 bitur.
2005 3955 2207 4010 Eodem
2238 3956 2398 4010 modo
2420 3956 2633 4011 dicetur
2657 3956 2724 4010 de
2753 3956 3017 4010 authento
3046 3954 3173 4007 trito
3233 3953 3391 4025 plaga

1808 4043 1943 4110 triti,
1971 4053 2027 4098 et
2053 4044 2119 4098 de
2143 4035 2400 4109 autbcnto
2425 4044 2665 4103 tetrardo
2691 4044 2845 4114 plaga
2873 4045 3122 4099 tetrardi.
3149 4043 3391 4099 Consue-

1810 4136 1940 4190 tudo
1966 4141 2148 4189 autem
2180 4134 2425 4199 tradidit,
2462 4134 2644 4188 dicere
2675 4150 2774 4204 pro
2821 4134 3084 4188 antliento
3131 4144 3291 4204 pruto
3343 4144 3401 4188 et

1809 4226 1965 4298 plaga
1993 4227 2133 4296 proti
2161 4228 2381 4281 modum
2404 4227 2637 4297 primmn
2670 4236 2726 4282 et
2778 4227 3107 4289 secundum;
3170 4235 3228 4281 et
3295 4241 3397 4295 pro

1813 4318 2074 4371 authento
2099 4318 2326 4371 deutero
2353 4326 2409 4371 et
2446 4316 2603 4386 plaga
2656 4316 2867 4371 deuteri
2916 4317 3134 4371 modum
3177 4317 3401 4371 tertium

100 4423 351 4492 regulari
380 4431 543 4478 cantu
564 4422 744 4492 plures
771 4424 1151 4479 distinctiones
1177 4424 1230 4478 in
1262 4439 1362 4479 suo
1396 4432 1527 4479 tono
1568 4423 1704 4478 inci-

1822 4421 1867 4464 et
1906 4417 2285 4479 quartum:et
2312 4424 2412 4478 pro
2463 4410 2725 4463 autheuto
2783 4408 2910 4462 trito
2972 4416 3029 4462 et
3076 4406 3232 4477 plaga
3282 4405 3405 4476 ejus

97 4519 271 4587 piant
298 4524 356 4571 et
376 4515 654 4592 ﬁniantur,
683 4527 743 4571 ιιι
770 4526 824 4571 et
854 4517 907 4571 in
928 4517 1119 4572 eadem
1152 4531 1284 4572 voce
1334 4527 1527 4572 cantus
1574 4515 1727 4571 inci—.

96 4612 269 4681 piant
297 4617 354 4666 et
376 4609 656 4664 ﬁniantur.

74 4718 99 4747 τ
176 4707 237 4760 9.
268 4704 340 4759 D.
368 4703 449 4760 Ita
477 4719 625 4767 esse,
647 4714 701 4759 ut
731 4704 954 4765 asseris,
986 4703 1369 4773 magistrorum
1412 4712 1699 4759 cantorum

96 4798 317 4866 ubique
346 4797 669 4852 auctoritate
707 4794 1032 4850 defenditur.
1067 4793 1263 4849 Verum
1295 4795 1361 4849 de
1389 4792 1696 4851 elevatione

92 4898 153 4940 et
188 4885 558 4955 depositione,
590 4899 753 4954 quam
788 4901 818 4939 a
854 4885 962 4939 ﬁne
988 4884 1226 4956 regulam
1249 4895 1427 4940 sumat
1481 4893 1701 4949 cantus,

89 4991 463 5047 prosequere.

177 5065 265 5119 Μ.
295 5065 353 5118 ln
381 5071 548 5126 acutis
574 5066 663 5121 vel
690 5065 912 5123 elevatis
960 5071 1229 5130 cantibus.
1286 5078 1346 5124 ιιι
1389 5071 1441 5126 in
1499 5066 1699 5138 primo,

86 5157 301 5218 tertio,
326 5157 505 5222 quinto
535 5166 595 5214 et
621 5156 853 5223 septimo
881 5167 1026 5220 tono,
1079 5160 1256 5214 nullus
1320 5171 1517 5217 cantus
1581 5156 1703 5224 plus

86 5264 122 5303 a
151 5261 268 5301 suo
296 5244 401 5302 ﬁne
425 5290 438 5315 ,
466 5263 637 5321 quam
672 5247 737 5299 ad
763 5261 1008 5304 octavam
1075 5265 1261 5306 vocem
1296 5252 1457 5307 debet
1513 5263 1702 5302 ascen-

1473 5339 1693 5360 0.11-.-.

96 5341 233 5360 1-..-
296 5341 348 5360 Σ--
382 5355 437 5360 __.

1814 4501 2033 4556 modum
2073 4501 2326 4570 quintum
2355 4510 2410 4556 et
2434 4509 2687 4556 sextum:
2744 4508 2799 4555 et
2856 4516 2957 4570 pro
3003 4501 3267 4554 authento
3321 4510 3409 4556 te-

1813 4594 1999 4649 trardo
2026 4602 2082 4648 ct
2130 4592 2283 4664 plaga
2314 4592 2433 4661 ejus
2462 4592 2678 4649 modum
2712 4591 3001 4661 septimum
3032 4598 3090 4644 et
3124 4599 3404 4643 octavum.

1808 4683 1979 4755 igitur
2004 4693 2131 4740 octo
2156 4691 2284 4738 sunt
2347 4685 2517 4748 modi,
2564 4698 2662 4752 per
2719 4697 2857 4751 quos
2904 4681 3084 4738 omnis
3132 4679 3409 4760 cantileona

1805 4779 2117 4834 discurrens
2143 4786 2267 4831 octo
2316 4776 2673 4834 dissimilibus
2723 4774 3081 4843 qualitatibus
3137 4771 3411 4826 variatur.

1882 4868 1945 4923 ι).
1999 4867 2470 4936 Quemadmodum
2518 4873 2707 4936 potero
2754 4880 2945 4920 eorum
2992 4856 3337 4918 diﬁ'erentias
3366 4868 3424 4915 et

1806 4959 2221 5013 communitates
2251 4955 2579 5017 advertere?
3412 4976 3419 4981 ι

1881 5073 1956 5128 Μ.
1981 5074 2086 5129 Per
2116 5081 2273 5125 tonos
2304 5067 2703 5133 etsemitonia.
2737 5066 2845 5124 Ubi
2871 5073 3014 5125 enim
3050 5059 3162 5116 toni
3189 5067 3241 5112 et
3256 5064 3442 5119 semi—

1809 5166 1953 5219 tunia
1980 5162 2320 5228 simul'ﬁunt,
2358 5169 2437 5226 ibi
2465 5174 2518 5221 et
2545 5160 2762 5226 reliqum
2801 5152 3181 5218 consonantiae
3220 5151 3455 5210 similes

1809 5255 1946 5309 liunt
1980 5275 1992 5310 :
2029 5254 2347 5320 ubicunque
2408 5257 2550 5314 enim
2598 5248 2703 5303 dtlo
2729 5252 2844 5304 toni
2895 5262 2949 5308 et
2992 5255 3163 5303 unum
3208 5246 3455 5299 semito-

3074 5348 3090 5360 Ω
3124 5331 3329 5360 ..Ιιῖιιιιιμ
3350 5351 3461 5360 -.-Α
