3964 5360
502 217 608 275 767

1186 214 1243 272 8.
1286 213 1537 272 ODONIS
1577 214 1869 270 ABBATIS
1909 212 2039 269 SEU
2082 212 2435 269 ALTERIUS
2477 212 2726 271 ODONIS
2766 214 3075 273 MONAClll

3672 216 3785 272 7ῧῖ

573 329 646 386 D.
676 332 791 399 Age
818 342 969 401 ergo,
998 331 1249 395 obsecro,
1285 338 1341 385 et
1364 329 1431 386 de
1475 330 1669 396 modis,
1709 345 1829 399 qua:
1855 343 2091 399 sequun-
2121 333 2167 391 Α
2197 343 2295 398 per
2319 337 2476 385 tonos
2500 340 2556 386 et
2592 332 2879 387 semitonia
2934 334 3004 387 ita
3044 351 3056 387 :
3090 344 3211 403 post
3242 336 3404 389 ﬁnem
3430 339 3611 405 primo
3639 347 3787 391 tom.

506 432 616 488 tur,
654 422 879 477 edicito.

576 512 664 567 H.
708 509 784 565 Μ.
818 510 1034 567 Primus
1064 519 1222 566 tonus
1255 510 1443 566 ﬁnitur
1465 510 1515 566 in
1557 527 1690 567 voce
1720 520 1936 581 quarta,
1978 526 2104 580 pro-

2201 421 2466 484 oecurrit,
2492 421 2685 477 deinde
2714 425 3080 488 semitouium,
3111 435 3168 480 et
3191 426 3297 480 duo
3325 428 3438 482 toni
3483 442 3547 481 ac
3597 428 3785 482 iterum

2202 513 2574 579 semitonium,
2604 524 2663 569 et
2688 516 2794 571 duo
2827 517 2937 571 toni
2971 533 2988 571 :
3017 518 3309 587 deponitur
3352 533 3485 573 vero
3527 535 3556 573 a
3604 519 3711 574 ﬁne
3732 524 3787 574 ad

507 606 759 676 ceditque
791 606 846 661 in
897 604 1262 670 undecimam,
1296 604 1348 659 in
1374 620 1482 675 qua
1504 614 1588 659 est
1624 606 1812 659 eadem
1863 602 2042 658 littera
2070 603 2103 657 d
2204 621 2391 663 vocem
2432 606 2647 663 tertiam
2670 618 2796 663 tono
2825 626 2952 673 uno,
2980 612 3085 666 hoc
3114 613 3274 701 modo
3297 613 3448 684 (158)
3483 633 3497 667 :

723 747 922 801 Forma

724 816 837 871 toni
869 816 908 871 l.

585 974 816 1043 Quidam
864 984 1045 1030 autem
1091 972 1493 1031 decachordum
1548 969 1735 1026 volunt
1775 968 1977 1036 facere,
2008 969 2106 1025 ad-

508 1069 815 1140 jiciunlque
846 1084 1037 1124 vocem
1068 1074 1261 1134 unam?
1304 1066 1597 1123 secundam
1636 1063 1698 1119 B.
1729 1063 1836 1119 Sed
1878 1078 1984 1117 non
2025 1072 2110 1118 est

514 1165 571 1219 in
599 1179 721 1228 usu,
744 1172 804 1218 ut
839 1163 908 1218 ad
931 1178 1051 1219 eam
1082 1162 1289 1232 primus
1327 1160 1629 1228 deponatur
1676 1157 1885 1219 modus.
1915 1156 2109 1225 Incipit

513 1266 691 1312 autem
720 1265 913 1312 cantus
931 1256 1170 1327 ejusdem
1200 1253 1341 1310 modi
1365 1253 1417 1307 in
1441 1252 1504 1318 C,
1537 1260 1632 1306 ut:
1663 1249 1707 1305 Ο
1734 1251 1943 1304 beatum
1970 1265 2101 1318 pon-

515 1348 709 1418 tiﬁcem
738 1363 758 1401 :
785 1347 978 1418 schius
1028 1347 1082 1401 in
1134 1346 1200 1412 D,
1227 1344 1445 1416 quando
1489 1343 1815 1414 principium
1843 1357 1967 1396 cum
2000 1340 2104 1395 ﬁne

515 1439 824 1502 concordat,
856 1447 955 1492 ut:
983 1436 1120 1491 Ecce
1149 1454 1337 1491 nomen
1386 1435 1619 1490 Domini.
1669 1435 1727 1489 ln
1782 1435 1825 1488 E
1873 1449 2105 1505 quoque,

515 1530 608 1586 sed
638 1545 781 1594 raro,
815 1538 871 1583 ut
898 1544 913 1583 :
939 1527 1171 1583 Gaudete
1199 1529 1252 1582 in
1273 1527 1526 1591 Domino;
1552 1527 1603 1581 in
1626 1525 1686 1590 F,
1710 1534 1771 1580 ut
1799 1543 1812 1579 :
1848 1525 1959 1595 Ipsi
1987 1524 2107 1579 soli.

516 1619 570 1675 iu
596 1619 641 1677 G
665 1636 905 1691 quoque,
926 1629 985 1674 ut
1010 1638 1023 1675 :
1053 1617 1239 1673 Canite
1264 1617 1431 1683 tuba;
1457 1618 1510 1671 in
1536 1631 1567 1671 a
1593 1617 1844 1683 etiam,ut
1870 1634 1884 1671 :
1921 1615 2100 1671 Veniet

813 1759 1007 1812 Forma

800 1828 843 1882 ll
892 1828 1006 1882 toni

674 1908 939 1920 _.__————

1061 779 1124 835 C.
1167 787 1242 835 to.
1322 779 1386 833 D.
1424 786 1500 833 ιο.
1575 776 1639 831 Ε.
1671 774 1818 832 Sem.
1898 774 1959 830 F.
2004 786 2079 831 to.
2154 775 2221 832 G.
2266 785 2337 831 to.
2369 791 2420 831 a.
2456 777 2604 833 Sem.
2644 778 2698 834 b.
2860 779 3005 834 Sem.
3080 779 3143 836 C.
3183 789 3260 835 to.
3329 748 3339 885 Ι
3408 780 3442 834 d

2210 970 2493 1038 Dominus,
2530 982 2626 1029 aut
2652 972 2756 1029 Exi
2786 976 2910 1029 cito.

2284 1064 2371 1119 12.
2407 1062 2691 1121 Secundus
2715 1072 2896 1119 autem
2926 1073 3085 1119 tonus
3098 1064 3351 1121 similiter
3374 1065 3571 1119 ﬁnitur
3589 1065 3643 1120 in
3666 1082 3801 1122 eam-

2212 1155 2334 1209 dem
2366 1168 2558 1210 vocem
2583 1153 2647 1219 D,
2683 1162 2739 1210 et
2764 1154 3008 1210 ascendit
3039 1169 3163 1209 cum
3203 1169 3269 1209 eo
3311 1170 3491 1225 usque
3513 1156 3580 1209 ad
3616 1172 3800 1211 nonam

2209 1245 2442 1316 primam
2462 1246 2519 1312 ι),
2548 1245 2616 1301 ad
2638 1245 2903 1301 decimam
2925 1260 3057 1300 vero
3084 1246 3167 1300 vel
3195 1247 3549 1302 undecimam
3573 1263 3683 1302 non
3702 1263 3805 1317 per-

2208 1336 2375 1391 venit.
2393 1337 2690 1407 Deponitur
2707 1351 2837 1393 vero
2864 1351 2893 1390 a
2911 1336 3015 1392 ﬁne
3038 1345 3166 1392 tono
3181 1345 3236 1392 et
3264 1339 3566 1393 scmitonio
3617 1349 3674 1393 et
3696 1348 3807 1393 tono

2211 1445 2384 1499 usque
2421 1429 2489 1486 ad
2538 1430 2770 1499 primam
2795 1430 2863 1494 A,
2905 1428 3196 1499 aliquando
3220 1438 3427 1493 autem,
3471 1431 3570 1485 sed
3602 1438 3810 1493 raro.et

2215 1523 2325 1578 alio
2355 1531 2485 1577 tono
2513 1536 2689 1593 usque
2728 1521 2795 1578 ad
2824 1536 3063 1594 gamma,
3102 1530 3158 1576 et
3192 1521 3330 1576 ﬁunt
3373 1522 3605 1577 cbord:e
3636 1522 3808 1578 dealt

2218 1614 2510 1670 hoc'modo
2533 1614 2683 1685 (159)
2714 1654 2729 1668 .
3838 1612 3851 1621 ’

590 1958 768 2014 liabet
811 1957 993 2026 itaque
1050 1954 1325 2010 secundus
1361 1962 1519 2008 tonus
1538 1965 1594 2015 Γ,
1620 1961 1675 2007 et
1698 1953 1928 2021 primam
1950 1952 2019 2016 Ar,
2059 1961 2113 2007 et
2148 1953 2194 2012 Β
2221 1950 2574 2006 formularum
2615 1952 2908 2007 varietates
2936 1960 2995 2007 et
3029 1934 3364 2007 dill‘t-ren'tias
3414 1951 3815 2005 discernuntur-

522 2047 821 2105 secuudam
852 2045 914 2110 B,
947 2059 1082 2114 quas
1112 2058 1218 2097 non
1245 2043 1407 2097 habet
1429 2042 1637 2112 primus
1664 2059 1678 2096 :
1715 2051 1768 2096 et
1796 2042 2117 2112 primnsha-

522 2139 614 2196 bet
634 2139 902 2193 decimam
930 2152 982 2201 c,
1014 2145 1070 2189 et
1095 2135 1437 2190 undecimam
1464 2135 1517 2199 d,
1547 2149 1685 2202 quas
1708 2149 1812 2187 non
1838 2134 2002 2189 habet
2028 2150 2117 2189 se-

524 2226 755 2283 cundus.
780 2224 922 2279 Sunt
946 2232 1126 2278 autem
1176 2223 1372 2278 horum
1424 2221 1641 2292 plurimi
1682 2230 1897 2286 cautus,
1936 2223 2025 2291 qui
2052 2223 2120 2276 ad

523 2328 560 2374 ῐ·
591 2325 646 2371 et
676 2317 904 2386 primam
932 2314 977 2369 Α
1007 2326 1061 2369 et
1106 2314 1398 2368 secundam
1420 2312 1461 2365 Β
1493 2329 1598 2369 non
1646 2314 2011 2383 deponuntur,
2049 2315 2116 2368 ad

525 2406 791 2463 decimam
838 2404 920 2459 vel
972 2404 1310 2458 undecimam
1343 2417 1450 2456 non
1497 2401 1797 2465 elevantur,
1838 2401 1904 2455 de
1925 2401 2119 2471 quibus

526 2497 748 2552 dubium
776 2506 879 2561 est,
903 2511 971 2550 an
1006 2495 1192 2565 primi,
1223 2510 1289 2548 an
1321 2494 1543 2549 secundi
1582 2494 1821 2548 sinttoni
1848 2507 1862 2546 :
1888 2508 2120 2563 quorum

528 2588 634 2643 ista
659 2587 915 2642 discretio
940 2597 1047 2642 est.
1092 2585 1172 2641 Ad
1209 2595 1456 2642 octavam
1498 2594 1553 2639 et
1587 2600 1786 2639 nonam
1826 2584 1871 2639 si
1900 2600 2005 2640 non
2036 2600 2121 2641 asc

530 2677 787 2741 eenduut,
846 2676 1148 2731 certissime
1184 2677 1250 2732 de
1295 2685 1421 2731 tono
1474 2677 1713 2731 secundo
1752 2684 1899 2730 sunt.
1956 2676 2128 2730 Erunt

533 2770 717 2839 itaque
741 2781 933 2823 octava
957 2776 1013 2822 et
1060 2782 1199 2823 .tona
1232 2770 1513 2836 utriusque
1542 2781 1878 2831 communes,
1906 2766 1975 2820 ad
1992 2780 2129 2837 quas

534 2865 660 2920 dum
689 2873 881 2918 cautus
921 2863 1183 2924 ascendit,
1236 2861 1280 2916 si
1310 2862 1399 2916 diu
1452 2862 1504 2916 in
1537 2861 1617 2917 eis
1646 2870 1983 2932 permaneat,
2013 2862 2129 2917 sive

534 2954 696 3009 tertio
725 2953 806 3008 vel
830 2962 1023 3023 quarto
1053 2967 1147 3008 eas
1168 2951 1525 3021 repercutiat,
1557 2959 1653 3005 aut
1678 2952 1720 3006 si
1754 2952 1807 3005 in
1829 2959 2020 3006 octava
2047 2952 2123 3006 in-

537 3044 723 3113 cipiat,
748 3044 889 3098 modi
916 3043 1021 3097 erit
1045 3042 1227 3112 primi.
1252 3042 1347 3096 Sin
1383 3049 1564 3096 autem
1595 3042 1648 3095 in
1672 3040 2020 3097 inferioribus
2050 3042 2132 3096 iu-

537 3138 728 3208 cipiat,
750 3147 804 3191 et
825 3138 1120 3192 secundum
1137 3136 1492 3208 quantitatem
1521 3136 1832 3206 antipbona:
1855 3137 2131 3193 rarissime

2221 2042 2492 2113 Principia
2516 2053 2697 2099 autem
2725 2044 2946 2100 secundi
2982 2044 3091 2099 toni
3116 2055 3241 2099 sunt
3268 2045 3323 2098 in
3346 2056 3408 2105 Γ.
3442 2053 3505 2097 ιιι
3536 2061 3552 2096 :
3579 2042 3739 2096 Εᾱιι
3766 2041 3820 2093 de

2224 2153 2469 2201 carcere;
2522 2138 2575 2191 in
2620 2138 2688 2203 A,
2713 2148 2777 2192 ut
2816 2156 2829 2192 :
2877 2137 3070 2193 Omnes
3125 2139 3477 2208 patriarcluz;
3536 2138 3591 2191 in
3623 2136 3691 2198 C,
3733 2144 3818 2189 ut:

2229 2224 2421 2279 Nonne
2447 2241 2537 2279 cor
2563 2237 2797 2280 nostrum
2818 2242 2845 2291 ;.
2872 2226 2925 2281 in
2961 2227 3027 2291 D,
3057 2235 3153 2281 ut:
3189 2225 3326 2280 Ecce
3360 2227 3417 2280 in
3467 2228 3746 2289 nubibus;
3777 2226 3821 2277 il

2227 2316 2293 2379 E,
2326 2323 2383 2370 ut
2420 2316 2705 2370 Animalia.
2751 2316 2887 2370 Ecce
2916 2315 3131 2381 Maria;
3168 2316 3221 2370 in
3245 2315 3312 2381 F,
3337 2323 3398 2370 ut
3431 2330 3447 2369 :
3485 2315 3665 2380 Quem
3706 2314 3825 2368 cidi-

2227 2410 2344 2463 stis.
2370 2407 2425 2462 lu
2455 2420 2491 2463 r
2516 2423 2665 2469 vero,
2717 2407 2781 2472 Β,
2813 2407 2896 2463 vel
2944 2408 3004 2473 Ε,
3038 2406 3121 2461 vel
3150 2407 3217 2472 ϐ,
3270 2407 3558 2462 rarissima
3584 2405 3825 2474 exempla

2230 2499 2485 2567 reperies.

2303 2588 2371 2641 ι).
2419 2588 2494 2644 De
2539 2589 2698 2659 primi
2751 2598 2805 2643 et
2855 2588 3078 2643 secundi
3126 2587 3465 2643 discretione
3493 2585 3824 2652 sumcitnd

2234 2681 2441 2751 reliqua
2473 2681 2872 2751 properandum
2903 2689 3008 2736 est.

2305 2772 2393 2825 15.
2418 2771 2492 2825 Μ.
2524 2771 2741 2825 Tertius
2772 2772 2963 2826 modus
2988 2771 3042 2826 in
3064 2771 3308 2841 quintam
3340 2770 3538 2825 ﬁnitur
3564 2783 3752 2822 vocem
3780 2768 3822 2821 ia

2232 2863 2276 2919 Ε
2305 2865 2564 2931 litteram,
2593 2863 2945 2934 proceditque
2962 2879 3067 2919 uno
3098 2863 3359 2934 diapason
3387 2878 3572 2933 usque
3594 2864 3662 2916 ad
3684 2877 3825 2916 eam-

2230 2955 2354 3010 dcm
2384 2954 2621 3010 litteram
2646 2971 2674 3009 e
2710 2964 2925 3011 acutam
2951 2972 3046 3026 per
3079 2963 3233 3010 tonos
3259 2971 3325 3011 ac
3374 2954 3671 3011 semitonia
3716 2954 3821 3007 ita:

2230 3046 2407 3116 primo
2458 3060 2741 3101 assumens
2787 3046 3153 3109 semitonium,
3182 3047 3379 3100 deinde
3408 3055 3529 3100 tres
3584 3054 3739 3099 tonos
3769 3059 3823 3097 ac

2234 3135 2581 3191 semitouium
2614 3146 2668 3191 et
2690 3136 2825 3191 duos
2859 3145 3013 3191 tonos
3045 3158 3057 3191 :
3090 3137 3379 3205 deponitur
3416 3151 3546 3191 vero
3582 3152 3614 3189 a
3647 3138 3750 3189 ﬁne
3769 3133 3824 3187 ad

540 3229 608 3283 ad
633 3228 754 3283 illas
789 3228 1073 3293 ascendat,
1109 3228 1331 3284 secundi
1358 3228 1464 3283 erit
1491 3228 1652 3282 modi.
1692 3228 1945 3319 Alioquin
1976 3227 2132 3298 juxta
2160 3243 2205 3304 ρ
2236 3238 2488 3296 quartam
2523 3237 2648 3283 tono
2674 3244 2801 3294 uno,
2832 3229 2935 3283 hoc
2960 3230 3120 3283 modo
3145 3228 3295 3300 (HO)
3329 3246 3342 3283 :

542 3342 604 3444 Γ

544 3444 599 3514 L

604 3363 799 3417 Forma

602 3433 666 3487 111
696 3434 805 3487 toni

866 3365 1865 3406 |-|__I_l_l
2106 3365 2365 3406 Ι.Ι
2605 3368 2865 3406 Ι-1

614 3569 757 3626 Sane
785 3573 1074 3628 secundam
1114 3587 1312 3627 nonam
1358 3564 1400 3648 ἡ
1427 3572 1545 3627 ideo
1596 3571 1885 3633 adamavit,
1912 3571 2037 3641 quia
2070 3572 2137 3626 ad
2166 3575 2210 3636 C
2243 3571 2370 3628 fecit
2398 3588 2565 3644 prope
2595 3572 2755 3629 ﬁnem
2789 3582 2897 3629 tres
2928 3583 3103 3638 tonos,
3128 3570 3359 3640 ideoque
3384 3586 3593 3627 nonam
3620 3572 3825 3641 prinum

543 3662 661 3731 ejus
693 3663 853 3719 linem
894 3664 1145 3733 diapente
1178 3673 1263 3719 est
1294 3680 1309 3719 :
1340 3664 1577 3719 maxime
1614 3673 1794 3716 autem
1845 3662 1984 3727 ideo,
2013 3661 2140 3731 quia

545 3755 616 3810 ad
655 3753 1026 3809 acutissimam
1059 3752 1194 3822 ejus,
1244 3754 1297 3810 id
1353 3764 1437 3809 est
1478 3770 1527 3818 e,
1556 3754 1895 3808 diatessaron
1943 3752 2138 3805 reddit.

546 3843 685 3915 Quia
724 3852 901 3898 autem
954 3858 1122 3914 prope
1178 3844 1338 3899 ﬁnem
1391 3853 1502 3897 tres
1531 3842 1694 3896 habet
1726 3851 1902 3905 tonos,
1936 3841 1989 3894 in
2023 3841 2145 3895 des-

547 3934 803 3991 censione
828 3934 913 3989 vel
963 3934 1278 3989 ascensione
1305 3933 1485 4003 potius
1514 3931 1778 3996 saliendo,
1816 3946 1980 4000 quam
2025 3944 2146 4000 gra-

549 4027 770 4092 diendo,
796 4025 961 4081 vadit.
980 4025 1185 4081 Usitata
1211 4035 1391 4080 autem
1413 4024 1528 4094 ejus
1549 4023 1811 4096 principia
1842 4031 1968 4077 sunt
1992 4022 2140 4076 htecz

551 4118 605 4173 in
638 4117 702 4183 E,
726 4126 789 4173 ut
820 4136 834 4172 :
877 4116 1102 4184 Quando
1136 4126 1290 4173 natus
1346 4134 1432 4182 es;
1468 4118 1519 4171 in
1569 4116 1631 4182 F,
1671 4124 1730 4170 ut
1761 4132 1775 4169 :
1804 4114 1959 4169 Nunc
1997 4115 2140 4179 scio;

550 4206 636 4261 vel
665 4208 718 4261 in
753 4206 822 4271 G,
845 4217 903 4261 ut
936 4225 948 4261 :
985 4207 1156 4261 Multa
1200 4208 1457 4277 quidem;
1494 4208 1547 4261 in
1605 4225 1657 4272 a,
1700 4215 1799 4261 ut:
1835 4204 1965 4272 Quis
2001 4203 2143 4259 Deus

552 4314 807 4368 magnus;
837 4298 889 4352 in
920 4314 967 4362 c,
999 4307 1059 4352 ut
1087 4316 1101 4352 :
1132 4297 1309 4353 Tertia
1344 4299 1454 4353 dies
1484 4309 1581 4353 est.
2050 4361 2059 4372 ,

626 4392 713 4446 ll.
746 4392 980 4461 Quartus
1008 4401 1188 4447 autem
1243 4393 1453 4456 modus,
1502 4394 1627 4463 quia
1681 4393 1876 4465 planus
1902 4401 2001 4457 est,
2036 4407 2145 4447 non

475 4396 491 4433 ‘.

517 4395 537 4476 l

532 4490 539 4514 ι

529 4519 541 4593 ἔ
592 4531 1050 4673 Αι.ἷ1ιε.1(ῑι.
1087 4536 1097 4672 ξ
1131 4533 1407 4672 DLIES.
1444 4534 1454 4672 Ι
1488 4528 2350 4673 Ρι.ξϐι.Ιθι.ξιι.,,Ιξε.ξ
2401 4577 2431 4617 c

2245 3663 2273 3717 ιι
2301 3664 2615 3735 assumpsit,
2647 3666 2994 3734 aseenditQue
3017 3663 3083 3719 ad
3108 3662 3376 3718 decimam
3404 3680 3456 3728 c,
3496 3664 3704 3718 habens
3727 3673 3828 3732 post

2245 3754 2405 3810 ﬁnem
2434 3756 2781 3811 semitonium
2814 3766 2869 3810 ct
2893 3758 3027 3813 duos
3054 3764 3232 3819 tonos,
3258 3755 3462 3809 deinde
3505 3755 3824 3810 scmitoniun

2243 3852 2299 3898 et
2336 3838 2541 3899 tonum.
2596 3845 2894 3915 Deponitur
2945 3860 3074 3900 vero
3133 3859 3163 3899 a
3211 3844 3319 3899 ﬁne
3356 3843 3581 3900 duobus
3623 3844 3752 3900 tonis
3771 3844 3835 3896 ad.

2245 3937 2459 3992 tertiam
2490 3936 2552 4003 C,
2585 3936 2903 4008 plerumque
2942 3947 3122 3994 autem
3149 3938 3212 3991 ad
3261 3937 3572 3992 secundam
3600 3936 3644 3991 B
3665 3945 3716 3991 et
3733 3939 3825 4007 pri-

2246 4044 2389 4084 mam
2420 4029 2465 4084 A
2496 4039 2655 4084 acuto
2683 4031 2970 4086 semitouio
3021 4040 3077 4085 et
3119 4039 3247 4084 tono
3278 4046 3291 4081 :
3322 4030 3455 4100 quia
3484 4031 3555 4082 ad
3597 4045 3743 4084 suum
3780 4027 3827 4080 ﬁ-

2251 4134 2374 4174 nem
2399 4120 2634 4175 seeunda
2662 4119 2704 4174 B
2759 4120 2934 4175 reddit
2964 4120 3326 4195 diatessaron,
3356 4129 3416 4174 et
3443 4120 3628 4189 prima
3662 4119 3701 4173 Α
3735 4118 3827 4171 dia-

2251 4218 2413 4281 pente
2457 4212 2864 4268 consonantiam
2918 4212 3111 4275 reddit,
3166 4210 3423 4281 ﬁuntque
3473 4226 3640 4266 voces
3674 4209 3826 4263 decem

2252 4317 2351 4373 per
2375 4310 2530 4358 tonos
2559 4318 2624 4358 ac
2650 4303 2934 4359 semitonia
2968 4302 3286 4359 incedentes
3339 4304 3453 4358 hoc
3481 4303 3647 4359 modo
3670 4301 3825 4371 (ul):

2561 4527 2758 4581 Forma

2527 4597 2635 4650 1111.
2667 4597 2800 4650 ιοιιί.
2842 4592 2849 4659 Ι

627 4741 896 4811 Principia
942 4741 1062 4811 ejus
1111 4741 1463 4796 inveniuntur
1511 4742 1566 4795 in
1611 4741 1671 4805 C,
1703 4749 1795 4795 ut:
1824 4740 1995 4795 Hodie
2025 4749 2150 4793 nata
2179 4739 2229 4797 D
2327 4736 2666 4791 Discernitur
2698 4714 2927 4802 quartus
2970 4747 2999 4785 a
3033 4728 3216 4791 tertio,
3250 4727 3386 4797 quia
3423 4738 3666 4798 quartus
3706 4725 3831 4779 habet

559 4843 670 4898 est;
699 4832 752 4887 in
779 4832 846 4898 D,
877 4839 973 4886 ut:
1000 4831 1282 4887 Benedicta
1309 4842 1398 4897 tu;
1428 4832 1482 4887 in
1514 4831 1578 4897 E,
1607 4840 1703 4887 ut:
1727 4830 1911 4885 Gaude
1938 4830 2148 4892 Maria;

565 4927 621 4983 in
650 4926 715 4992 F,
745 4935 843 4982 ut:
868 4928 1131 4982 Anxietas
1157 4937 1273 4993 est;
1300 4928 1356 4982 in
1381 4926 1447 4983 (Ξ.
1476 4939 1575 4983 ut:
1601 4926 1646 4982 0
1667 4943 1841 4994 mors;
1871 4927 1926 4982 in
1959 4946 2013 4992 a,
2046 4934 2145 4980 ut:

566 5014 750 5074 Rectus
777 5018 942 5073 decet.

639 5128 788 5199 (1'58)
828 5130 1081 5185 Admont.
1114 5130 1263 5185 addit
1290 5131 1391 5185 hos
1419 5144 1608 5185 versus
1638 5147 1652 5183 :

691 5210 764 5272 Ad
786 5220 1001 5272 quartam
1024 5224 1192 5261 vocem
1216 5212 1403 5272 primus
1423 5212 1590 5259 statuit
1611 5211 1706 5260 sibi
1730 5210 1919 5267 sedem,

703 5270 1144 5360 halare-rust
1157 5270 1469 5360 1.332.293:
1489 5275 1919 5360 samaras",

700 5330 758 5360 111
785 5342 921 5360 ιηηιιι
948 5336 1141 5360 ἰηιιιιιοη
1161 5333 1462 5360 (“minans-vnn
1489 5341 1535 5360 nl
1562 5331 1792 5360 ΑἷσιηΛ-ιιη

2255 4826 2484 4896 primam
2524 4824 2589 4886 Α,
2617 4833 2670 4901 et
2696 4822 2993 4877 secundam
3027 4821 3086 4885 Β,
3116 4827 3172 4873 et
3220 4818 3459 4872 tertiam
3489 4819 3560 4881 C,
3590 4832 3719 4889 quas
3750 4829 3830 4867 rm

2256 4916 2422 4971 habet
2475 4914 2792 4968 tertiuszet
2846 4912 3041 4967 tertius
3090 4910 3257 4966 habet
3306 4910 3671 4965 undecimam
3715 4908 3762 4968 ά,
3791 4914 3831 4955 ct

2254 5007 2537 5065 duodecim
2567 5023 2616 5072 e,
2637 5021 2777 5075 quas
2804 5020 2909 5059 non
2939 5004 3101 5060 habet
3124 5009 3385 5071 quartus.
3414 5002 3581 5069 Quod
3611 5001 3656 5056 si
3689 4999 3835 5065 alith

2324 5116 2475 5189 (MO)
2516 5118 2769 5172 Admont.
2812 5115 3002 5171 addit:

2379 5197 2577 5247 Tertius
2595 5197 2641 5244 in
2667 5207 2835 5244 vocem
2854 5197 3070 5255 quintam
3091 5190 3262 5255 statuit
3286 5191 3384 5239 sibi
3410 5193 3624 5250 sedem,

2326 5288 2331 5293 ~
2387 5261 2666 5320 Quamque
2683 5271 2772 5307 vox
2799 5252 2976 5320 subsit,
3005 5268 3093 5302 vox
3118 5252 3275 5320 altera
3292 5256 3487 5320 quinta
3513 5255 3747 5316 supersit,

2393 5313 2448 5360 fit
2488 5313 2623 5360 mnsit
2658 5322 2855 5360 intenm
2876 5313 3179 5360 diatessaron
3199 5319 3251 5360 ιιι
3273 5313 3548 5360 diapente-
