3964 5360
84 305 198 361 769

1324 303 1698 361 ‘OPUSCULA
1741 304 1827 358 DE
1866 302 2141 360 MUSICA.

3268 297 3369 353 770

96 417 388 487 aatipnona
419 408 590 487 neque
616 417 716 473 has
739 406 911 483 tertii,
934 431 1111 488 neque
1137 416 1256 471 illas
1291 417 1451 471 habet
1481 419 1682 487 quarti,
1716 424 1761 482 Α
1791 433 1953 487 quam
1984 431 2205 473 veraces
2235 415 2581 472 inveniuntur
2606 413 2752 481 libri,
2786 412 3024 469 maxime
3069 411 3198 467 dum
3224 426 3370 484 saepe

95 509 191 563 sed
217 508 271 562 in
304 508 513 563 decima
540 524 565 561 c
594 508 831 587 incipiat,
856 515 913 561 ut
942 525 953 560 :
991 505 1115 561 Vivo
1140 523 1256 577 ego,
1280 506 1363 562 vel
1390 509 1683 562 secundam

98 614 298 653 nonam
376 610 434 653 ut
465 618 478 654 :
508 600 639 654 Ecce
668 600 927 671 quomodo
957 602 1242 669 computati
1276 612 1421 665 sunt,
1458 600 1688 669 amplius

96 688 307 761 diligat,
343 691 486 746 tertii
521 692 627 746 erit
654 692 827 755 modi;
868 692 1002 745 alias
1039 690 1093 745 in
1124 699 1321 760 quarto
1350 702 1600 760 ponetur,
1640 691 1686 745 si

95 781 213 849 ejus
261 780 506 835 formula:
537 762 871 836 differentias
927 781 1191 836 imitatur.
1255 780 1453 835 Volunt
1506 790 1685 836 autem

99 873 322 941 quidam
348 882 543 941 quarto
575 873 735 928 modo
782 874 849 927 ad
876 873 1282 928 similitudinem
1313 873 1457 926 tertii
1490 886 1683 927 secun-

99 964 223 1017 dam
254 978 457 1017 nouam
496 963 749 1028 tribuere,
780 978 846 1018 eo
875 964 1016 1033 quod
1048 963 1119 1018 sit
1147 962 1399 1033 diapente
1428 962 1494 1017 ad
1520 961 1683 1017 tinem

97 1052 213 1121 ejus
244 1068 260 1106 :
292 1054 465 1123 prima
508 1069 639 1109 vero
684 1069 825 1109 nona
856 1055 885 1108 ὁ
913 1054 982 1108 ad
1031 1054 1191 1109 tinem
1228 1051 1345 1122 eius
1380 1052 1527 1108 nulla
1554 1068 1685 1109 con-

98 1146 347 1200 sonantia
383 1146 473 1200 sit.
507 1143 612 1201 Scd
644 1162 742 1201 nos
794 1148 965 1216 magis
992 1162 1337 1202 communem
1388 1161 1544 1201 usum
1594 1162 1683 1201 se-

100 1235 211 1289 cuti
260 1250 469 1289 sumus.
520 1234 826 1291 Invenimus
876 1246 1141 1307 praeterea
1188 1236 1243 1290 in
1298 1234 1687 1291 difﬁcilioribus

96 1327 349 1382 cantibus
372 1327 523 1398 jungi
572 1329 733 1383 tertio
764 1329 923 1383 modo
957 1339 1014 1383 ct
1054 1329 1271 1384 tertiam
1317 1342 1507 1383 vocem
1535 1327 1599 1392 C,
1626 1335 1689 1382 ut

95 1416 168 1467 sit
192 1415 621 1480 decachordum;
671 1418 814 1487 quod
863 1428 1041 1472 tamen
1082 1434 1203 1473 cum
1251 1417 1529 1472 rarissime
1569 1417 1684 1483 ﬁat,

94 1502 382 1558 abusivum
417 1520 538 1559 esse
568 1521 677 1560 non
711 1506 918 1560 dubito.
977 1505 1160 1576 Neque
1198 1508 1341 1561 enim
1371 1521 1400 1559 a
1434 1505 1591 1560 tertia
1619 1504 1685 1572 C,

95 1591 150 1644 in
176 1591 551 1647 duodecimam
582 1611 629 1658 e,
675 1604 754 1649 ter
782 1596 1121 1651 diatessaron
1166 1597 1463 1651 secundum
1493 1595 1689 1667 pracdi-

86 1689 239 1734 ctam
269 1681 592 1736 decachordi
624 1683 864 1753 regulam
892 1684 1185 1738 invenitur.

170 1770 240 1822 D.
269 1769 404 1825 Cum
440 1772 590 1826 multi
616 1773 727 1827 sint
750 1774 1116 1843 grammatici,
1147 1781 1241 1828 aut
1276 1774 1387 1838 vix,
1418 1782 1510 1828 aut
1550 1790 1684 1828 nun-

108 1872 187 1883 ...-
204 1861 491 1880 *αισα-..ν

171 1908 679 2045 EsllFt'th

805 1908 2060 2050 atghullhs-Ictidtleslfl

1792 510 1846 564 in
1868 523 2055 563 eorum
2082 506 2458 563 emendatione
2485 506 2792 572 laboretur;
2824 503 3015 559 musici
3042 512 3222 559 autem
3245 519 3372 575 per-

1788 599 1943 670 pauci
1986 597 2359 664 inveniuntur,
2389 607 2445 653 et
2483 612 2579 668 per
2621 597 2790 651 multa
2814 594 2929 665 jam
2958 603 3197 666 tempora
3225 595 3370 650 anti-

1786 690 2051 760 phonaria
2081 690 2366 745 emendata
2398 705 2504 746 non
2539 697 2665 745 sunt
2694 706 2708 743 :
2738 703 2846 743 non
2869 695 2953 743 est
2979 702 3109 758 ergo
3146 687 3367 751 mirum,

1787 780 1832 835 si
1865 780 1916 834 in
1972 779 2156 835 multis
2201 779 2335 836 locis
2366 779 2574 837 falsitas
2596 781 2918 836 inveniatur.
2949 778 3205 847 Tantum,
3237 792 3367 848 pre—

1787 884 1906 934 cor,
1932 869 2171 939 regulam
2210 879 2265 924 et
2294 884 2635 927 communem
2665 887 2820 927 usum
2857 884 3189 941 prosequere
3212 886 3226 926 :
3250 883 3370 939 qua:

1785 959 1933 1015 enim
1966 960 2243 1021 rarissime
2274 960 2432 1027 ﬁunt,
2482 960 2684 1017 nullius
2728 962 2862 1017 artis
2892 960 3032 1018 solet
3058 960 3245 1032 regula
3278 975 3364 1017 re-

1787 1051 2038 1121 probare.

1860 1141 1946 1195 15.
1981 1140 2061 1196 Μ.
2091 1140 2326 1210 Quintus
2363 1151 2548 1198 autem
2593 1145 2784 1201 modus
2830 1145 2882 1200 in
2927 1154 3135 1202 sextam
3177 1144 3219 1198 F
3262 1154 3371 1200 ter-

1788 1234 2047 1299 minatur,
2099 1243 2154 1288 et
2194 1236 2508 1291 acutissima
2535 1235 2653 1306 ejus
2678 1236 2887 1292 decima
2918 1237 3079 1292 tertia
3123 1237 3153 1306 Γ
3180 1234 3370 1292 eadem

1784 1325 1963 1383 littera
1997 1326 2529 1401 ﬁguratur,eumque
2554 1338 2704 1386 sexta
2737 1329 2780 1385 F
2816 1331 2883 1386 ad
2914 1330 3144 1402 primam
3172 1345 3372 1387 nonam

1788 1419 1843 1485 ὁ,
1874 1420 1942 1474 ad
1971 1420 2235 1474 decimam
2267 1422 2480 1477 tertiam
2504 1407 2829 1492 f,'diapente
2850 1422 3060 1487 reddat,
3095 1422 3147 1476 in
3181 1421 3373 1491 quinto

1786 1508 1876 1565 vel
1929 1519 2086 1564 sexto
2134 1510 2312 1579 prima
2360 1525 2500 1566 nona
2541 1512 2569 1567 ὁ
2601 1511 2820 1567 valebit.
2859 1511 3093 1567 Habebit
3122 1526 3251 1581 ergo
3275 1525 3373 1581 per

1787 1600 2031 1658 ordinent
2060 1610 2216 1656 tonos
2245 1601 2382 1657 duos
2410 1609 2466 1657 et
2490 1602 2858 1668 semitonium,
2884 1617 2948 1658 ac
2983 1602 3177 1657 deinde
3205 1610 3363 1657 tonos

1788 1700 1902 1749 tres
1922 1702 1976 1748 et
2002 1691 2249 1747 ultimum
2275 1693 2620 1749 semitonium
2647 1704 2772 1750 octo
2800 1694 3046 1765 vocibus,
3078 1694 3151 1771 ita
3184 1692 3363 1766 (142):

2200 1909 2394 1963 Forma

2200 1915 2394 1963 Forma

2183 1979 2223 2032 V
2264 1980 2401 2033 Ioui.
2508 1915 2520 2069 Ι

172 2113 382 2166 Usitata
424 2114 541 2182 ejus
585 2114 849 2185 principia
884 2125 1011 2170 sunt
1049 2115 1163 2170 haec
1194 2133 1209 2169 :
1237 2117 1287 2170 in
1319 2115 1380 2180 F,
1408 2125 1505 2170 ut:
1537 2114 1683 2169 Hau-
1719 2120 1761 2179 Β
1792 2116 2002 2168 incessu
2032 2122 2152 2183 post
2180 2129 2237 2168 se
2264 2114 2520 2184 respexit.

91 2203 273 2267 rietis;
301 2202 353 2256 in
383 2202 449 2265 G,
483 2219 605 2257 raro
634 2222 647 2257 :
676 2201 799 2258 Non
826 2220 916 2257 vos
948 2202 1260 2274 relinquant,
1291 2203 1345 2257 in
1374 2221 1426 2267 α,
1447 2202 1687 2274 Quinque

86 2291 397 2360 prurientes,
435 2294 485 2346 in
513 2311 562 2356 ε,
591 2293 727 2348 Ecce
775 2294 1030 2348 Dominus
1055 2296 1241 2349 veniet.
1279 2293 1413 2348 Nam
1445 2296 1569 2364 quia
1601 2303 1684 2349 to-

88 2397 225 2435 num
255 2393 384 2437 ante
431 2386 591 2439 tinem
638 2400 743 2440 non
774 2385 982 2449 habuit,
1041 2400 1139 2439 nec
1189 2385 1240 2439 iu
1285 2385 1552 2455 principio
1581 2401 1683 2440 nec

80 2505 1467 2676 JCIIDtlEsiFthtlat‘l

164 2729 234 2781 Et
271 2727 414 2782 sicut
446 2726 666 2796 quintus
701 2728 865 2783 habet
901 2730 1276 2784 duodecimam
1304 2745 1352 2794 ε,
1382 2738 1438 2783 et
1468 2729 1682 2783 tertiam

82 2818 359 2873 decimam
392 2816 435 2885 f,
456 2832 600 2887 quas
628 2832 733 2872 non
762 2818 925 2873 habet
953 2827 1171 2884 sextus;
1202 2819 1275 2873 ita
1300 2827 1493 2874 sextus
1515 2819 1681 2874 habet

80 2910 312 2964 tertiam
340 2907 403 2972 Ο,
441 2917 690 2978 quartam
716 2909 758 2962 ι)
782 2918 837 2964 et
863 2910 1110 2978 quintam
1137 2910 1200 2974 E,
1223 2925 1361 2980 quas
1390 2922 1495 2964 non
1521 2908 1684 2964 habet

81 3001 337 3070 quintus,
364 3000 468 3054 nisi
492 3000 635 3070 quod
658 3000 948 3071 aliquando
973 3002 1195 3071 quintus
1224 3002 1482 3057 miscetur
1503 3010 1680 3066 sexto,

80 3092 380 3148 declinans
439 3093 491 3147 in
534 3102 781 3163 quartam
824 3094 869 3149 D
912 3096 1077 3165 titque
1117 3094 1536 3150 decachordum.
1572 3092 1682 3150 Sed

1534 2519 2252 2663 υηιηειοιια

1864 2205 1950 2259 lt}.
1978 2206 2175 2260 Sextus
2206 2214 2388 2259 autem
2419 2205 2609 2261 modus
2634 2221 2759 2262 cum
2788 2222 2854 2261 eo
2883 2208 3132 2277 graditur
3172 2209 3236 2263 ad
3270 2224 3374 2264 un-

1788 2293 2055 2351 decimam
2086 2294 2143 2360 d,
2169 2296 2263 2350 sed
2286 2296 2574 2365 deponitur
2598 2312 2627 2351 a
2652 2299 2922 2352 communi
2947 2296 3052 2354 (ine
3081 2299 3373 2355 semitouio

1790 2393 1845 2440 et
1879 2385 2087 2442 duobus
2118 2386 2260 2441 tonis
2286 2387 2352 2441 ad
2388 2386 2608 2440 tertium
2632 2385 2697 2453 C,
2724 2388 2830 2443 hoc
2852 2389 3009 2445 modo
3040 2389 3187 2461 (145)
3215 2406 3229 2442 :

2388 2517 2586 2571 Forma

2311 2587 2322 2661 ι
2391 2587 2454 2641 v1
2482 2589 2609 2642 toni.

1793 2726 1981 2797 quinta
2028 2725 2095 2791 E,
2146 2734 2247 2781 ut:
2280 2724 2521 2791 Domine,
2559 2726 2616 2779 in
2656 2724 2934 2791 auxilium,
2985 2731 3082 2778 aut
3131 2725 3184 2779 in
3240 2741 3374 2783 voco

1790 2826 1984 2888 quarta
2015 2818 2077 2883 D,
2106 2824 2165 2871 ut
2196 2834 2209 2870 :
2241 2816 2301 2873 Si
2330 2833 2422 2887 ego
2454 2833 2602 2871 verus
2647 2815 2865 2881 Christi,
2901 2823 2994 2869 aut
3021 2814 3073 2869 in
3108 2829 3238 2871 voce
3267 2824 3374 2872 ter-

1793 2909 1866 2962 tia
1895 2908 1956 2974 C,
1982 2917 2047 2962 ut
2079 2925 2092 2960 :
2121 2906 2446 2962 Decantabat
2476 2905 2720 2977 populus.

1864 2999 1928 3052 ι).
1964 2998 2146 3064 Utilia,
2192 2998 2301 3052 imo
2340 3007 2396 3052 et
2439 2996 2748 3052 necessaria
2790 2996 3092 3066 probantur
3125 2995 3192 3051 ad
3237 3011 3374 3064 pra:-

1790 3092 1960 3148 sentis
1990 3091 2196 3146 erroris
2238 3089 2738 3160 exprobrationem,
2778 3089 2845 3143 de
2875 3088 3050 3143 modis
3078 3102 3199 3155 qua:
3228 3088 3371 3143 dicta

83 3184 197 3240 hoc
230 3184 485 3248 inveniri,
516 3184 749 3239 maxime
794 3186 846 3239 in
880 3185 1212 3256 antiphonis,
1250 3200 1373 3241 raro
1395 3186 1679 3257 contingit.
1714 3167 1757 3230 (ἶ
1795 3194 1941 3243 sunt.
1971 3185 2147 3241 Unum
2177 3185 2317 3240 sicut
2344 3197 2590 3254 coeperas
2615 3184 2681 3238 de
2705 3182 2936 3252 septimo
2959 3188 3017 3236 et
3033 3189 3226 3235 octavo
3247 3187 3374 3236 tono

88 3273 301 3329 llorum
329 3285 511 3330 autem
539 3275 645 3331 erit
671 3276 774 3331 ista
804 3277 1081 3333 discretio.
1115 3277 1251 3333 Cum
1280 3293 1381 3333 nec
1408 3279 1680 3349 depositio

86 3364 257 3427 sexti,
295 3378 395 3419 nec
419 3372 528 3419 tota
556 3364 785 3420 elevatio
813 3364 978 3421 fuerit
1009 3366 1204 3435 quinti,
1232 3367 1276 3422 si
1322 3367 1376 3421 in
1405 3368 1613 3423 decima
1652 3385 1679 3421 ο

82 3456 341 3529 incipiat,
372 3468 428 3513 et
461 3473 581 3515 eam
608 3458 692 3514 vel
714 3458 1053 3516 undecimam
1083 3459 1117 3515 d
1134 3460 1286 3532 juxta
1317 3460 1675 3533 quantitatem

74 3563 249 3601 suam
274 3562 415 3617 saepe
438 3550 782 3619 repercutiat,
800 3550 1022 3619 quintus
1042 3551 1146 3605 erit
1168 3552 1388 3616 modus;
1421 3555 1467 3607 si
1494 3561 1677 3607 autem

86 3653 202 3691 non
256 3640 537 3703 ascendat,
588 3640 692 3695 nisi
739 3640 805 3694 ad
849 3655 1048 3694 nonam
1097 3640 1326 3710 primam
1377 3642 1430 3707 b,
1468 3643 1679 3697 dicetur

83 3737 306 3795 sextus,
333 3731 448 3786 sive
498 3745 593 3802 per
634 3731 893 3802 principia
944 3731 1300 3787 discernetur.
1350 3729 1454 3787 Vix
1499 3743 1676 3789 autem

83 3830 283 3875 sextus
308 3822 410 3876 nisi
444 3822 496 3875 in
537 3838 633 3877 suo
667 3822 771 3876 line
811 3821 1020 3890 incipit,
1049 3830 1148 3875 ut:
1181 3820 1407 3875 Verbum
1446 3839 1570 3877 caro
1596 3824 1681 3892 fa-

84 3919 237 3964 clum
268 3921 366 3975 est,
397 3919 490 3966 aut
524 3911 577 3965 in
607 3928 662 3976 a,
693 3920 789 3964 ut:
825 3908 944 3964 Vidi
989 3908 1288 3974 Dominum,
1331 3919 1426 3965 aut
1471 3914 1524 3965 in
1550 3926 1681 3968 voce

155 4041 1613 4184 ιτιιοιιιιι·ιι›ηιειειοιιιιιιεε

1478 4045 1489 4180 Ι

83 4028 155 4199 [

1427 4030 1727 4041 ——————

1427 4192 1727 4204 -————

1727 4049 2138 4189 ftlgtla

1785 3279 2091 3349 cupientem
2122 3276 2312 3331 audire
2346 3291 2453 3329 non
2481 3273 2736 3331 diﬁ‘eras.‘

1855 3371 1943 3425 17.
1981 3368 2059 3423 Μ.
2087 3368 2362 3439 Septimus
2390 3368 2581 3423 modus
2620 3368 2674 3422 in
2715 3381 2903 3421 vocent
2938 3367 3223 3438 septimam
3264 3377 3375 3422 ter-

1781 3461 2041 3527 miuatur,
2068 3459 2223 3527 cujus
2246 3459 2556 3514 acutissima
2591 3467 2672 3514 est
2702 3458 2910 3514 decima
2936 3467 3129 3528 quarta
3159 3476 3220 3530 g,
3247 3476 3369 3529 qua:

1783 3571 1905 3611 cum
1936 3556 2041 3609 tine
2070 3550 2260 3608 eodem
2292 3548 2609 3605 charactere
2639 3548 2948 3603 denotatur.
2994 3548 3093 3602 Hic
3141 3550 3370 3603 assumit

1781 3661 1977 3702 nonam
1995 3645 2285 3701 secundam
2324 3637 2383 3721 ἡ,
2412 3652 2470 3697 ιιι
2486 3641 2680 3697 habeat
2700 3642 2834 3695 duos
2860 3647 3015 3695 tonos
3037 3649 3156 3709 post
3183 3641 3365 3705 tinem,

1787 3745 1910 3805 post
1942 3750 2079 3805 quos
2125 3743 2181 3789 et
2214 3733 2562 3788 semitonium
2591 3739 2647 3784 et
2676 3730 2811 3785 duos
2853 3736 3010 3783 tonos
3057 3728 3252 3784 iterum
3282 3745 3368 3785 se-

1783 3825 2089 3881 mitonium.
2132 3824 2430 3892 Deponitur
2455 3836 2584 3878 vero
2606 3836 2635 3875 a
2667 3819 2775 3875 ﬁne
2805 3826 2931 3873 tono
2960 3832 3088 3884 uno,
3122 3818 3222 3874 hoc
3252 3832 3369 3874 mo-

1785 3918 1855 3973 do
1883 3915 2030 3988 (ut)
2062 3932 2077 3970 :

2138 4198 2245 4207 _
2291 4119 2373 4172 VII
2408 4128 2539 4173 toni.

2522 4030 2613 4130 ,ἶ

2324 4049 2522 4103 Forma

2291 4119 2373 4172 VII
2408 4117 2539 4173 toni.

161 4257 323 4325 Quod
371 4257 416 4311 si
466 4256 865 4311 decachordum
911 4255 1122 4326 placeat
1168 4254 1366 4317 facere,
1419 4269 1531 4308 uno
1559 4269 1683 4309 eum
1714 4261 1763 4320 Ι)
1791 4274 1955 4312 ιιιιιιιιι
1996 4259 2212 4314 modum
2241 4258 2310 4311 ab
2329 4256 2437 4310 alio
2460 4255 2768 4323 discrepare
2797 4251 3030 4318 scimus;
3063 4251 3197 4308 nihil
3223 4254 3368 4309 enim

84 4347 391 4403 setnitonio
427 4346 603 4400 adhuc
632 4345 699 4398 de
727 4345 830 4399 [ine
857 4346 1064 4415 depone
1092 4345 1160 4399 ad
1204 4345 1451 4415 quintam
1481 4342 1545 4408 E,
1576 4359 1682 4397 non

84 4451 279 4494 tamen
303 4440 409 4494 hoc
438 4439 750 4507 lrequeuter
770 4437 1031 4492 invenies.
1059 4435 1364 4491 Notandum
1387 4443 1471 4490 est
1498 4443 1680 4489 autem

82 4531 240 4601 quod
267 4531 313 4585 si
356 4530 404 4584 ei
434 4529 608 4598 prima
660 4544 801 4583 noua
836 4528 865 4582 b
896 4527 1249 4590 concedatur,
1300 4524 1434 4580 nihil
1492 4532 1680 4588 restat,

83 4619 198 4674 nisi
226 4628 286 4673 ut
317 4634 346 4672 a
372 4617 521 4690 (MS)
553 4627 704 4675 sexta
733 4618 799 4673 ad
823 4633 941 4673 eam
965 4617 1301 4671 diatessaron
1326 4615 1436 4679 ﬁat,
1469 4615 1683 4683 eritque

80 4726 191 4781 per
220 4711 407 4764 omnia
435 4711 663 4780 primus,
712 4710 840 4779 quia
890 4710 1109 4765 habebit
1162 4716 1349 4763 tonum
1376 4716 1432 4762 et
1461 4706 1681 4762 semito-

81 4806 273 4867 nium,
300 4817 364 4857 ac
388 4803 577 4857 deinde
604 4803 739 4856 duos
767 4810 821 4857 et
850 4801 1194 4857 semitonium
1239 4809 1296 4854 et
1337 4800 1472 4854 duos
1502 4808 1679 4862 tonos,

77 4904 141 4950 ct
171 4893 468 4964 deponitur
494 4909 523 4947 a
552 4894 659 4948 ﬁne
692 4901 820 4949 tono
846 4909 973 4957 uno,
1002 4894 1144 4947 sicut
1171 4893 1224 4953 in
1264 4886 1437 4960 primo
1475 4888 1680 4945 dictum

77 4995 198 5050 est,
229 4995 287 5040 et
314 4983 427 5052 jam
445 5001 547 5040 non
572 4985 974 5055 eritseptimus,
998 4987 1090 5041 sed
1114 4985 1340 5056 primus.
1366 4982 1484 5038 Non
1511 4979 1678 5042 enim,

80 5086 149 5134 ut
178 5076 492 5132 stultissimi
513 5084 767 5133 cantores
787 5085 997 5148 putant,
1027 5078 1294 5149 gravitate
1326 5076 1405 5131 vel
1433 5070 1682 5128 acumine

162 5187 326 5258 (ita)
366 5188 618 5245 Admont.
659 5186 848 5242 addit:

229 5268 294 5294 ᾹιΙ
320 5275 501 5294 Del-Iam
526 5277 699 5294 umnam
725 5269 858 5294 ηηῖῄο

381 5275 501 5294 νισι-υ.
526 5277 699 5294 umnam
725 5269 921 5294 ηηῖῄοιιιι
937 5269 1100 5294 βίαι-ιιι
1128 5266 1216 5294 εἷλε
1238 5266 1405 5294 anl'nm

1787 4348 2033 4417 impedit,
2062 4360 2444 4417 quemcunque
2472 4344 2708 4399 volueris
2737 4342 2979 4409 modum,
3024 4342 3071 4397 si
3098 4352 3257 4400 acute
3282 4346 3367 4399 vel

1786 4437 2021 4508 graviter
2052 4433 2458 4499 decantaveris;
2511 4432 2605 4486 sed
2647 4440 2900 4486 tonorum
2943 4446 3010 4486 ac
3052 4431 3370 4489 Semitonio-

1788 4542 1927 4591 rum,
1968 4526 2164 4595 quibus
2201 4534 2258 4578 et
2292 4523 2409 4579 aliae
2450 4522 2819 4578 consonantiae
2845 4521 2996 4587 ﬁant,
3025 4521 3240 4577 diversa
3270 4537 3340 4593 po
3410 4552 3413 4555 -

1786 4616 1912 4673 sitio
1938 4619 2180 4673 diversos
2193 4616 2260 4669 ah
2282 4614 2514 4671 invicem
2534 4630 2600 4669 ac
2621 4612 2933 4669 diﬂ‘erentes
2954 4613 3148 4668 modos
3170 4614 3372 4668 consti-

1790 4716 1962 4762 tuunt.
1994 4707 2299 4777 lterumque
2344 4706 2391 4760 si
2430 4721 2535 4761 una
2579 4712 2785 4758 tantum
2836 4719 2967 4759 voce
2999 4704 3290 4770 depravata
3316 4702 3349 4754 il

1788 4797 1968 4853 niatur
1997 4797 2050 4850 in
2090 4804 2281 4850 octava
2310 4808 2366 4861 a,
2410 4809 2599 4850 rursus
2644 4792 2706 4847 ﬁt
2748 4808 2844 4864 per
2891 4791 3074 4849 omnia
3113 4790 3375 4857 primus:

1787 4884 2008 4941 habebit
2034 4883 2175 4937 enim
2211 4897 2240 4934 a
2270 4880 2381 4938 ﬁne
2431 4893 2615 4936 tonum
2661 4888 2717 4933 et
2747 4870 3117 4936 semitonium,
3165 4881 3219 4926 et
3245 4873 3386 4931 duos

1789 4983 1970 5037 tonos,
2020 4983 2075 5027 et
2106 4971 2336 5038 reliqua,
2387 4984 2506 5040 qua:
2549 4976 2677 5021 sunt
2725 4969 2913 5037 primi.
2941 4959 3220 5027 Principia
3267 4962 3396 5030 ejus

1790 5077 1921 5121 sunt
1947 5066 2061 5119 hmc
2093 5080 2107 5116 :
2139 5062 2191 5114 itt
2218 5058 2255 5111 ιθ
2285 5060 2377 5115 vix
2408 5056 2645 5129 reperies
2668 5060 3001 5129 exemplum,
3038 5057 3100 5103 ut
3128 5063 3142 5099 :
3175 5045 3282 5110 Qui
3319 5070 3406 5109 re-

1871 5196 2019 5269 (LM)
2056 5191 2314 5247 Admout.
2347 5189 2530 5246 addit:
