3964 5360
523 336 618 400 ’1⁸71

469 499 476 507 ε
525 460 612 531 gni
636 456 824 521 claves,
856 460 910 507 ct
942 449 1199 504 Memento
1231 446 1363 510 mei;
1396 444 1448 498 in
1494 440 1561 507 G,
1592 448 1685 494 ut:
1721 439 2001 503 Assumpta
2035 440 2107 483 est
2140 438 2185 492 Α

530 524 738 612 Maria;
770 548 823 600 in
854 560 884 598 a
912 556 1034 598 raro
1057 537 1317 601 invenies,
1345 545 1404 589 ut
1430 547 1630 589 comm.
1663 529 1859 583 Domus
1889 542 2022 584 mea,
2051 524 2104 576 in

524 634 565 715 lq
595 638 739 693 Dixit
787 634 1079 696 Dominus;
1112 629 1181 684 ~in
1233 645 1282 694 c,
1315 624 1600 680 Benedicta
1651 620 1798 690 filia;
1832 618 1885 671 in
1939 615 1995 681 ά,
2043 614 2108 667 sit

530 743 715 782 nomen
744 721 976 778 Domini.

535 850 591 1011 Γ

602 1074 776 1142 Supra
801 1069 1038 1125 diximus
1062 1075 1241 1122 autem
1274 1061 1581 1133 hujusmodi
1609 1054 2002 1115 decaehordum
2041 1061 2124 1107 ter

533 1169 870 1223 diatessaron
902 1178 1007 1217 non
1036 1161 1256 1226 habere,
1287 1157 1515 1226 ideoque
1548 1168 1653 1207 non
1686 1149 1948 1219 recipitur
1972 1156 2123 1200 utra-

534 1273 659 1329 que,
688 1257 740 1311 id
770 1261 872 1315 est,
905 1252 1220 1307 acutissima
1248 1266 1275 1303 ε
1298 1249 1435 1317 ejus,
1478 1252 1534 1299 et
1576 1240 1895 1315 gravissima
1937 1238 1978 1293 C
2007 1237 2122 1306 ejus
2184 1276 2192 1285 .

536 1352 698 1409 simul
736 1352 788 1407 in
817 1364 922 1403 uno
951 1347 1249 1415 eodemque
1274 1351 1462 1405 cantu,
1494 1346 1553 1392 ut
1578 1335 1898 1406 quibusdam
1925 1331 2120 1402 placet.

1193 323 1260 387 Β.
1303 328 1555 387 ODONIS
1597 321 1886 381 ABBATIS
1926 318 2057 375 διὶῐέ
2102 312 2450 371 Λ1.’1Ἐ1111ἷ8
2490 310 2741 369 ODONIS
2784 308 3088 366 MONACIII

591 845 2627 1004 (:iluillsslt‘ileilailuminalcildile

3689 303 3790 357 ’ἷῒέ

2287 427 2376 483 18.
2406 425 2640 482 Octavus
2674 435 2853 480 autem
2898 424 3091 479 modus
3125 421 3367 493 procedit
3404 434 3537 475 cum
3564 421 3795 488 septimo

2218 533 2387 590 usque
2415 519 2482 573 ad
2534 519 2905 573 duodecimam
2940 535 2989 577 ε,
3039 517 3327 586 deponitur
3368 515 3657 569 autem‘ad
3703 526 3801 570 ter-

2221 613 2350 667 tiam
2377 610 2417 667 C
2442 652 2457 677 ,
2494 620 2620 666 tono
2648 619 2702 665 et
2754 612 3040 665 semitouio
3085 620 3140 665 et
3184 610 3396 665 duobus
3446 610 3609 674 tonis,
3643 608 3801 678 fitque

2221 704 2617 761 decachordum
2646 704 2749 758 hoc
2773 704 2930 757 uredo
2954 702 3102 775 (146)
3135 721 3149 757 :

2698 840 2733 920 j’
2815 847 3006 901 Forma
3110 840 3130 988 l

2700 923 2709 988 ι
2782 917 3052 972 Vllltoui.

2700 917 2709 991 ι
2782 918 2895 972 vut
2921 917 3052 972 toni.

2698 850 2709 920 |
2815 847 3006 901 Forma

2700 923 2708 955 l
2782 917 3029 955 Vllllnni

2800 998 3093 1005 W

2230 1068 2352 1109 nem
2383 1063 2551 1118 tenet,
2578 1070 2701 1108 cum
2721 1062 2780 1109 et
2815 1053 2938 1108 linis
2969 1052 3182 1123 septimi
3212 1052 3278 1107 ad
3307 1066 3527 1121 gamma
3558 1053 3806 1120 diapason

2229 1147 2500 1201 conciliat.
2529 1145 2711 1200 Prima
2739 1160 2951 1215 quoque
2975 1160 3102 1208 vox,
3139 1143 3266 1212 quia
3292 1143 3461 1196 habet
3487 1151 3614 1211 post
3653 1157 3709 1197 se
3739 1151 3811 1194 lo-

2228 1254 2388 1302 num,
2419 1245 2545 1291 ante
2593 1251 2653 1291 se
2698 1250 2827 1290 vero
2869 1245 3051 1290 tonum
3100 1242 3157 1288 et
3196 1233 3549 1288 semitouium
3591 1242 3651 1285 et
3691 1234 3811 1285 deos

2234 1337 2420 1393 tonos,
2451 1328 2608 1398 primi
2643 1328 2784 1381 modi
2817 1328 2985 1398 legem
3018 1327 3253 1381 custodit
3283 1344 3296 1379 :
3328 1326 3475 1379 unde
3514 1327 3692 1394 prima
3720 1342 3811 1378 non

534 1442 886 1512 PerSpicuum
918 1446 1004 1491 est
1048 1403 1225 1490 autem
1262 1432 1403 1501 quod
1430 1438 1656 1484 octavus
1694 1435 1852 1480 tonus
1882 1424 1934 1478 in
1963 1421 2126 1489 depo-
2160 1403 2201 1460 Β
2231 1418 2348 1473 sine
2385 1432 2549 1472 causa
2589 1417 2731 1469 dicta
2778 1424 2880 1470 est.
2928 1414 3178 1469 Secunda
3205 1428 3335 1468 vero
3365 1429 3491 1468 cum
3522 1414 3817 1482 deponatur

538 1535 734 1589 sitione
780 1547 809 1586 a
859 1530 964 1584 line
996 1543 1095 1599 per
1123 1524 1302 1579 omnia
1329 1523 1393 1577 sit
1427 1518 1712 1576 secundus.
1746 1514 1900 1583 Quod
1927 1512 1971 1568 si
1996 1512 2046 1565 ei
2076 1512 2127 1565 in

537 1624 839 1681 clevatione
884 1621 1056 1692 prima
1087 1632 1227 1673 nona
1259 1616 1286 1669 b
1315 1614 1556 1677 daretur,
1586 1619 1646 1664 ut
1689 1608 1914 1662 haberet
1944 1613 2129 1658 tonum

536 1726 593 1770 et
631 1714 978 1771 semitouium
998 1752 1012 1776 ,
1042 1718 1099 1765 et
1123 1710 1258 1763 duos
1281 1715 1438 1761 tonos
1464 1718 1495 1757 a
1524 1703 1649 1764 ﬁne,
1679 1700 1842 1754 etiam
1872 1697 1924 1751 in
1953 1694 2133 1750 eleva-

538 1988 612 2042 nil
640 1987 805 2041 sentit
834 2003 855 2059 εΔ
882 1985 933 2038 id
961 1982 1135 2038 solum
1159 1980 1424 2049 sequitur,
1464 1975 1607 2047 quod
1635 1973 1816 2042 aliquo
1847 1971 2004 2025 modo
2038 1985 2134 2022 au-

538 2090 628 2132 res
657 2073 888 2130 delinire
918 2072 1173 2126 videtur:
1227 2070 1367 2125 sicut
1411 2067 1502 2137 qui
1534 2062 1926 2137 gastrimargia:
1967 2061 2136 2115 inscr-

541 2164 731 2228 viunt,
757 2178 856 2232 per
892 2160 1082 2215 falsam
1118 2158 1454 2213 dulcedinem
1490 2170 1675 2210 veram
1707 2151 2017 2207 sobrietatis
2060 2163 2138 2203 rc-

542 2251 725 2321 gulam
775 2249 984 2304 fallunt.
1037 2246 1312 2302 Invenitur
1334 2253 1596 2314 praeterea
1619 2283 1633 2307 ,
1662 2257 1782 2295 cum
1814 2249 2041 2295 octavus
2071 2238 2139 2291 ad

541 2351 792 2412 quartam
817 2342 861 2395 D
887 2338 1238 2402 descendens,
1262 2335 1528 2391 decimam
1559 2332 1769 2386 tertiam
1801 2330 1843 2400 f,
1872 2345 1991 2399 qua:
2017 2328 2141 2397 jure

543 2422 627 2489 cst
682 2432 935 2502 septima,
967 2436 1205 2498 appetat,
1239 2441 1305 2482 ac
1354 2426 1397 2481 si
1449 2422 1845 2479 decachordum
1895 2419 2142 2489 regulare

545 2532 696 2579 tanta
727 2520 1179 2594 praesumptione,
1212 2517 1337 2571 licet
1379 2531 1523 2578 raro,
1567 2513 1834 2567 restituat.
1872 2508 2139 2578 Principia

544 2615 660 2685 cjus
688 2622 815 2668 sunt
834 2613 949 2666 haec
977 2610 1165 2682 (I47):
1199 2609 1251 2662 in
1281 2607 1341 2671 C,
1379 2614 1438 2661 ut
1466 2624 1479 2659 :
1518 2604 1745 2660 Stabunt
1770 2602 1929 2671 justi,
1964 2600 2017 2653 iu
2058 2601 2134 2665 D,

544 2714 606 2762 ut
635 2703 865 2774 :.Angeli
900 2702 1144 2765 Domini;
1178 2699 1232 2753 in
1260 2697 1325 2763 F,
1357 2704 1416 2750 ut
1442 2711 1456 2750 :
1484 2692 1711 2757 Zachm;
1741 2693 1795 2747 in
1820 2690 1890 2756 G,
1918 2699 1977 2744 ut
2005 2707 2017 2742 :
2044 2689 2142 2743 Ju—

2230 1520 2350 1582 post
2380 1526 2439 1566 se
2478 1511 2686 1566 duolms
2730 1512 2894 1573 tonis,
2921 1519 2977 1566 et
3016 1519 3141 1565 ante
3180 1509 3429 1564 clevetur
3453 1508 3749 1564 semitouio
3772 1517 3818 1561 et

2231 1602 2440 1657 duobus
2470 1603 2629 1662 tonis,
2662 1602 2965 1671 iterumque
2991 1602 3278 1656 semitouio
3310 1610 3366 1656 et
3393 1610 3547 1664 tono,
3573 1615 3610 1653 ιι
3625 1600 3818 1653 sitatam

2232 1696 2584 1765 quartimodi
2608 1695 2848 1767 regulam
2876 1703 3075 1748 servat.
3102 1680 3586 1764 Tcrtialprteterea
3618 1691 3684 1755 C,
3713 1707 3820 1746 cum

2235 1795 2356 1857 post
2396 1801 2456 1841 se
2497 1785 2695 1840 habeat
2736 1785 3080 1839 semitouium
3124 1792 3181 1839 et
3208 1785 3345 1840 duos
3386 1794 3569 1847 tonos,
3603 1793 3735 1837 ante
3776 1797 3826 1835 se

2236 1890 2362 1930 vero
2386 1877 2518 1930 duos
2548 1884 2703 1931 tonos
2724 1885 2777 1930 et
2803 1875 3171 1940 semitouium,
3195 1890 3259 1928 ac
3284 1874 3483 1929 deinde
3512 1884 3631 1928 ms
3663 1883 3825 1933 tonos,

2204 2014 2209 2017 χ
2236 1968 2409 2039 quinti
2442 1966 2526 2020 vel
2559 1952 2696 2021 sexti
2734 1966 3067 2037 proprietate
3097 1964 3338 2020 fulcitur.
3368 1964 3490 2019 Jam
3529 1980 3667 2018 vero
3692 1974 3827 2018 octa-

2237 2076 2362 2116 vam
2393 2078 2427 2115 a
2463 2061 2697 2131 primum
2746 2058 2924 2113 locum
2960 2067 3141 2113 tenere
3169 2058 3404 2112 dicimus
3432 2057 3497 2110 ad
3530 2056 3831 2110 similitudi-

2240 2170 2363 2210 nem
2388 2154 2598 2224 primae,
2620 2151 2772 2219 cujus
2798 2160 2883 2205 est
2909 2148 3459 2220 diapasou.Ali9quiu
3493 2149 3540 2202 si
3572 2164 3700 2202 eam
3723 2163 3829 2202 cum

2239 2245 2415 2315 prima
2447 2259 2590 2298 nona
2619 2243 2646 2296 b
2679 2242 3000 2313 perpendas,
3034 2241 3255 2297 habebit
3300 2241 3353 2295 in
3381 2241 3734 2309 depositione
3760 2247 3835 2291 to.

2242 2353 2389 2399 nunt,
2425 2335 2476 2390 in
2503 2334 2803 2390 elevatione
2825 2350 2951 2389 vero
2974 2332 3344 2397 semitouium,
3372 2340 3430 2386 ct
3455 2342 3570 2385 tres
3596 2340 3759 2385 tonos
3778 2331 3832 2382 ad

2243 2428 2650 2484 similitudinem
2710 2427 2874 2482 tertii.
2915 2425 3093 2480 Prima
3127 2440 3271 2479 nona
3328 2424 3358 2477 ιν
3409 2425 3463 2478 in
3497 2424 3837 2494 depositione

2244 2520 2487 2576 continet
2540 2519 2890 2575 semitouium
2943 2530 2999 2573 et
3045 2517 3179 2581 duos
3218 2527 3397 2580 tonos,
3428 2517 3497 2571 ad
3530 2515 3837 2571 similitudi-

2246 2627 2367 2665 nem
2400 2609 2573 2672 sexti;
2603 2610 2655 2663 iu
2687 2608 2988 2664 elevatioue
3014 2622 3142 2669 vero
3171 2606 3287 2661 sive
3308 2606 3437 2675 quia
3469 2615 3590 2661 tres
3622 2606 3737 2658 toni
3766 2620 3839 2658 se-

2246 2712 2508 2774 quuntur,
2541 2702 2656 2756 sive
2685 2702 2856 2771 magis
2881 2702 3005 2771 quia
3029 2700 3174 2755 nulla
3209 2701 3561 2769 sequentium
3594 2700 3837 2753 diatessa'

546 2798 666 2850 circa
696 2808 744 2848 et
773 2792 1105 2856 Jerusalem;
1138 2790 1192 2844 in
1221 2807 1274 2853 a,
1305 2796 1366 2842 ut
1393 2804 1407 2841 :
1442 2786 1695 2853 Apertum
1723 2792 1830 2847 est;
1876 2781 1929 2834 in
1956 2797 2005 2845 c,
2040 2789 2099 2834 ut
2124 2796 2136 2833 :

2251 2815 2346 2852 ron
2390 2796 2438 2852 ei
2484 2796 2711 2851 caritate
2769 2794 3151 2866 coniungitur,
3208 2808 3329 2863 qua:
3381 2793 3717 2862 principalis
3769 2796 3839 2843 est

547 2887 686 2942 Ecce
714 2884 929 2940 ancilla.
963 2884 1016 2937 ln
1046 2883 1150 2937 hoc
1189 2889 1369 2936 autem
1398 2878 1564 2933 distat
1590 2886 1815 2930 octavus
1845 2889 1876 2927 a
1914 2872 2142 2941 septimo

554 2978 698 3049 quod
726 2986 953 3033 octavus
981 2975 1145 3029 habet
1177 2971 1392 3028 tertiam
1428 2967 1491 3033 C,
1513 2975 1766 3038 quartam
1797 2965 1839 3018 D
1859 3004 1873 3029 ,
1901 2972 1955 3019 et
1981 2964 2139 3032 quiu-

551 3082 661 3127 tam
704 3070 748 3123 E
772 3082 910 3138 quas
954 3082 1061 3121 non
1093 3065 1260 3121 habet
1286 3061 1587 3131 septimus;
1615 3065 1669 3112 et
1696 3057 1958 3126 septimus
1984 3054 2148 3109 habet

556 3163 823 3217 decimam
854 3156 1126 3232 tertiamgf
1143 3165 1201 3211 et
1223 3154 1488 3210 decimam
1515 3157 1766 3219 quartam
1791 3164 1843 3217 g,
1873 3162 2008 3217 quas
2022 3145 2146 3214 jure

551 3266 659 3306 non
692 3250 855 3305 habet
873 3255 1121 3303 octavus.

630 3343 777 3397 Sane
806 3342 859 3395 iu
897 3340 980 3394 his
1006 3338 1255 3394 cautibus
1276 3337 1366 3406 qui
1391 3336 1532 3390 inter
1550 3332 1732 3388 octavi
1756 3330 2147 3400 depositionem

556 3440 613 3487 et
657 3430 871 3500 septimi
911 3428 1269 3484 elevationem
1311 3425 1471 3479 medii
1519 3431 1664 3487 sunt,
1706 3428 1766 3475 ut
1817 3421 1871 3474 in
1926 3418 2151 3488 reliquis

558 3536 774 3592 quoque
811 3519 986 3574 modis
1034 3519 1238 3573 dictum
1288 3524 1406 3579 est,
1447 3513 1745 3568 secundum
1796 3508 2149 3564 formularum

556 3613 875 3675 varietates,
925 3611 978 3665 in
1007 3624 1115 3678 quo
1144 3616 1273 3661 tono
1316 3611 1590 3665 maneant,
1621 3602 2017 3657 discernentur.
2050 3597 2154 3652 Per

556 3705 704 3775 ipsas
726 3702 871 3757 enim
900 3701 1196 3755 varietates
1223 3695 1650 3765 uniuscujusque
1703 3691 1845 3747 modi
1886 3688 2152 3759 principia

557 3794 763 3865 liquido
791 3790 1118 3861 pervidebis.

628 3883 698 3938 Β.
742 3885 878 3937 Dum
915 3881 1003 3933 vix
1035 3893 1238 3948 paucos
1280 3884 1473 3933 cantus
1508 3873 1593 3927 his
1642 3868 1843 3941 regulis
1886 3867 2155 3922 contraire

560 3971 806 4035 invenio;
830 3984 1018 4024 eorum
1044 3967 1369 4036 paucitatem
1392 3975 1468 4030 et,
1498 3972 1556 4018 ut
1577 3961 1653 4015 ita
1676 3961 1872 4039 dicam,
1900 3957 2153 4011 furtivam

562 4064 995 4136 singularitatem
1029 4076 1058 4113 a
1090 4058 1568 4130 praesumptoribus
1608 4052 1920 4121 vitiatisque
1951 4060 2146 4104 cauto-

563 4158 714 4211 ribus
744 4154 945 4208 factam
976 4166 1097 4206 esse
1134 4164 1239 4204 non
1270 4144 1476 4202 dubito.

637 4266 717 4319 M.
750 4265 955 4334 Regula
982 4264 1126 4317 enim
1155 4271 1242 4316 est
1280 4270 1567 4313 commune
1616 4254 1926 4309 mandatum
1971 4251 2167 4305 unius-

567 4356 827 4429 eqjusque
865 4355 1029 4417 artis;
1078 4368 1196 4422 quie
1229 4351 1301 4404 ita
1344 4346 1635 4417 singularia
1681 4352 1808 4398 sunt
1862 4341 2161 4397 secundum

570 4444 910 4500 artiﬁcialem
941 4443 1179 4512 tegulam
1214 4456 1319 4494 nou
1345 4437 1667 4493 consistunt.

639 4559 709 4613 1).
751 4558 856 4613 Sed
886 4570 1097 4627 precor,
1131 4562 1190 4607 ut
1230 4551 1525 4607 secundum
1559 4543 1982 4613 uniuscujusque
2015 4540 2164 4595 vocis

570 4650 897 4724 positionem
949 4661 1119 4719 pauca
1170 4645 1346 4700 adhuc
1409 4643 1475 4697 de
1532 4641 1814 4695 modorum
1860 4636 1979 4707 lege
2014 4645 2166 4688 suu-

566 4746 784 4816 jungas.

648 4865 726 4919 Μ.
769 4862 1026 4919 Pctitioni
1073 4873 1179 4916 tua:
1240 4858 1445 4927 justum
1487 4863 1571 4910 est
1618 4851 1967 4923 respondere.
2021 4849 2166 4904 Una-

575 4972 806 5028 quaeque
832 4956 976 5010 enim
1005 4969 1112 5007 vox
1149 4950 1374 5020 alicujus
1421 4946 1852 5016 supradiclorum
1885 4942 2164 4996 modorum

578 5048 985 5103 similitudinem
1033 5053 1215 5108 tenet;
1266 5050 1325 5095 ut
1376 5054 1589 5111 gamma
1633 5036 1709 5107 (Γ)
1752 5034 1999 5104 quidem,
2041 5032 2164 5100 quia

581 5138 742 5168 ιισιιιΛο
787 5146 912 5168 nor-In
952 5154 1010 5168 nn
1054 5137 1183 5168 Anne
1226 5143 1380 5168 Innni:
1471 5139 1587 5168 nnal
1620 5141 1755 5168 man
1791 5125 2165 5168 comitnnitlm-

2247 2889 2637 2952 consonantia,
2670 2887 2869 2942 nullius
2912 2887 3021 2940 toni
3073 2885 3374 2956 regularem
3431 2885 3836 2940 similitudinem

2249 2992 2412 3040 tenet.
2444 2981 2631 3052 Neque
2655 2980 2818 3035 etiam
2843 2995 2939 3049 per
2968 2980 3227 3049 diapason
3257 2994 3285 3031 a
3309 2978 3721 3046 posterioribus
3741 2977 3837 3031 fieri

2247 3083 2426 3145 potest
2455 3090 2470 3126 :
2503 3072 2730 3142 ideoque
2757 3086 2933 3141 neque
2958 3080 3177 3123 cantum
3223 3084 3399 3139 neque
3441 3070 3835 3123 distinctionem

2249 3167 2303 3222 in
2348 3182 2411 3221 ea
2449 3165 2775 3236 principium
2829 3164 2914 3218 vel
2959 3162 3121 3218 linem
3165 3162 3370 3217 habere
3417 3162 3710 3233 probabis,
3750 3164 3835 3217 nisi

2250 3258 2384 3313 vitio
2415 3256 2466 3311 id
2497 3255 2610 3310 ﬁat.

2325 3387 2573 3445 Secunda
2601 3403 2739 3442 noua
2761 3380 2803 3467 ἡ
2821 3387 2885 3442 ad
2903 3386 3313 3443 similitudinem
3335 3389 3602 3443 secundm
3624 3388 3766 3442 vocis
3783 3387 3835 3451 Β,

2256 3497 2286 3536 a
2319 3498 2424 3552 qua
2448 3497 2545 3552 per
2565 3480 2821 3551 diapason
2854 3481 2991 3535 facta
3018 3489 3118 3541 est,
3149 3480 3327 3549 quarti
3360 3479 3663 3549 imaginem
3694 3489 3836 3533 tenet.

2256 3575 2473 3629 Decima
2502 3589 2631 3629 vero
2654 3591 2681 3627 c
2715 3575 2780 3628 ad
2818 3574 3227 3628 similitudinem
3272 3574 3455 3627 tertize
3492 3573 3535 3627 (Ξ
3565 3573 3837 3627 concordat

2257 3664 2509 3734 septimo.
2560 3663 2709 3718 Alias
2760 3675 2937 3717 autem
2978 3663 3021 3718 si
3062 3664 3296 3717 secunda
3351 3680 3499 3719 noua
3526 3656 3572 3740 ἡ
3599 3663 3834 3732 privetur,

2258 3754 2476 3809 habebit
2510 3762 2634 3824 post
2682 3770 2740 3808 se
2783 3764 2997 3817 tonum,
3030 3754 3380 3809 semitouium
3413 3764 3472 3807 et
3503 3756 3644 3808 duos
3673 3764 3837 3812 tonos,

2260 3856 2387 3901 ante
2415 3861 2472 3901 se
2500 3861 2632 3899 vero
2662 3846 2797 3900 duos
2837 3855 2991 3899 tonos
3044 3853 3099 3899 et
3136 3845 3516 3907 semitouium,
3550 3845 3621 3898 ad
3645 3858 3840 3912 compa-

2260 3935 2524 3989 rationem
2548 3935 2746 4001 octavi,
2777 3949 2807 3987 a
2836 3934 2988 4002 cujus
3019 3934 3120 3988 fine
3152 3934 3505 3987 diatessaron
3536 3934 3729 4004 signat.
3760 3935 3841 3985 lte-

2259 4026 2421 4096 liqua:
2460 4042 2588 4080 vero
2635 4040 2755 4094 quae
2805 4036 3106 4095 sequuntur
3164 4041 3261 4094 pro
3303 4025 3669 4079 similitudine
3720 4024 3840 4076 litte-

2188 4135 2449 4199 Drarum
2502 4118 2663 4174 facile
2718 4119 3150 4189 perpeuduutur;
3209 4117 3356 4188 quod
3428 4128 3695 4174 monstrat
3741 4118 3836 4170 luet

2268 4212 2462 4281 ﬁgura.

2266 4342 2332 4399 ν.
2387 4342 2448 4399 C.
2478 4341 2559 4396 v1.
2600 4340 2711 4395 vu.
2751 4300 2824 4398 αξ
2854 4340 2980 4397 vul.
3031 4342 3070 4395 1.
3111 4341 3163 4395 (ι.
3205 4341 3268 4395 ιι.
3470 4342 3513 4396 ι.
3537 4326 3650 4419 ξιι.

2383 4437 2444 4491 Β.
2470 4435 2579 4490 1111.
2657 4436 2722 4491 ν.
2763 4437 2823 4491 F.
2866 4435 2951 4489 VI.
3033 4436 3092 4491 V.
3127 4451 3175 4489 c.
3206 4434 3269 4487 ν.
3298 4434 3435 4489 γιιι.
3470 4434 3582 4488 VII.
3614 4451 3663 4505 ς.
3692 4432 3806 4485 1⁸111.

2288 4530 2330 4584 Ι.
2388 4532 2447 4582 Α.
2478 4528 2539 4582 11.
2628 4527 2711 4581 111.
2768 4528 2828 4581 Ε.
2864 4526 2974 4580 1111.
3145 4525 3177 4580 ,Κ
3220 4526 3257 4579 Ι.
3484 4525 3596 4581 1111.
3626 4525 3664 4577 1.
3703 4522 3775 4576 Π.

2267 4617 2605 4674 γιιτλιιι.
2667 4618 2704 4672 1.
2758 4617 2821 4672 Ι).
2866 4616 2925 4671 11.
3035 4616 3074 4671 Ι.
3116 4632 3166 4669 a.
3210 4615 3270 4669 ll.
3313 4614 3400 4668 1ἰ1,
3479 4615 3546 4669 11.
3582 4631 3634 4668 e.
3663 4614 3760 4669 1111.

2339 4755 2413 4808 Ex
2460 4754 2542 4809 his
2575 4768 2692 4823 quin
2722 4753 2862 4806 dicta
2894 4759 3037 4816 sunt,
3071 4750 3319 4805 assiduus
3347 4759 3722 4820 pcrscrutator
3746 4755 3830 4799 tam

2271 4848 2338 4900 de
2367 4844 2526 4905 tonis,
2550 4858 2713 4913 quam
2749 4843 2813 4898 de
2844 4841 3067 4909 reliquis
3100 4841 3255 4911 hujus
3282 4840 3424 4893 artis
3456 4841 3660 4910 regulis
3685 4839 3831 4893 divina

2270 4932 2681 5006 gratiajuvantc
2704 4932 2806 4986 alia
2834 4930 3149 5000 quamplura
3183 4929 3469 5000 intelliget.
3520 4932 3673 4999 Quod
3704 4931 3742 4984 si
3764 4935 3834 4981 aut

2277 5025 2608 5095 negligenter
2644 5024 2781 5099 agit,
2812 5032 2905 5076 aut
2935 5023 3038 5076 hoc
3073 5037 3178 5076 non
3220 5037 3317 5090 per
3347 5022 3596 5074 divinam
3634 5021 3838 5074 illustra-

2282 5116 2509 5168 tiouem.
2540 5115 2632 5168 sed
2680 5115 2761 5168 sui
2805 5130 2995 5168 sensus
3047 5114 3296 5168 acumine
3349 5129 3411 5167 se
3462 5129 3665 5168 canere
3710 5124 3840 5168 posse
