3964 5360
112 276 217 330 773

1336 276 1707 334 ’O‘PUSCULA
1753 277 1840 333 DE
1873 276 2150 332 MUSICA.

3289 272 3391 328 77‘

112 384 332 437 elatioui
386 383 685 440 inserviens
715 384 861 457 (MS)
896 385 1073 441 minus
1104 384 1213 454 jam
1256 386 1503 442 subditus
1541 387 1700 442 Crea-
1728 402 1773 458 Α
1873 387 1942 441 D.
1971 389 2082 458 Age
2102 402 2255 456 ergo,
2279 388 2523 454 obseCro,
2552 397 2609 442 et
2632 387 2699 443 de
2722 387 2915 454 modis,
2949 403 3069 459 qum
3087 398 3390 459 sequuntur

114 476 219 528 tori
274 494 285 528 :
336 477 429 545 qui
480 484 564 531 est
627 476 947 532 benedictus
1001 477 1054 531 in
1110 476 1303 531 saecula
1356 477 1697 532 smeulorum.

110 567 307 621 Amen.

184 681 333 752 (N8)
371 682 502 738 Cod.
550 684 935 741 Admoutensis
980 686 1051 739 ita
1097 685 1299 740 claudit
1331 704 1343 738 :
1378 685 1552 740 Minus
1584 685 1696 754 jam

108 755 359 825 serviens
387 763 441 825 et
470 755 714 809 subditus
747 758 871 811 Deo.
907 757 1007 825 Qui
1044 757 1177 810 vivit
1209 766 1263 809 et
1292 766 1480 825 regnat
1516 758 1568 810 iu
1600 774 1701 810 sa:-

107 820 230 875 uila
263 824 601 878 saeculorum.
629 828 819 880 Amen.

232 911 367 979 Ecce
390 918 560 963 modus
596 920 797 978 primus,
822 919 893 966 sic
919 918 1134 966 noscitur
1152 927 1300 979 alque
1329 918 1605 969 secundus:

233 976 483 1040 decipitur
508 976 668 1036 tritus,
694 981 765 1027 sic
787 988 991 1040 quartus
1013 989 1063 1027 et
1086 981 1180 1029 iste
1209 976 1470 1040 probatur:

242 1037 451 1094 Quintus
484 1045 621 1088 adest
648 1042 754 1093 iste.
774 1037 944 1089 sextus
966 1042 1036 1088 sic
1068 1037 1284 1089 cernitur
1305 1045 1450 1090 esse:

233 1097 488 1158 Septimus
509 1100 802 1150 harmoniam
820 1110 962 1153 tenet
986 1105 1127 1161 hanc,
1152 1111 1351 1152 octavus
1372 1110 1424 1151 et
1440 1105 1598 1152 istam.

1809 478 2007 532 etlicilu
2039 476 2207 549 (149).

2149 568 2375 641 Explicit
2400 570 2605 625 Musica
2634 571 3047 626 Enchiridiauis.

1877 685 2092 741 Primus
2126 697 2285 742 tonus
2322 703 2353 742 a
2388 688 2453 742 D.
2495 689 2546 742 in
2585 690 2639 743 ά.
2676 689 2719 743 lI
2754 690 2822 743 ab
2854 687 2899 741 A
2939 690 2992 742 in
3031 706 3084 741 a.

1879 757 1961 811 Ill.
2007 760 2075 811 ab
2114 758 2174 812 E.
2218 760 2269 811 in
2308 775 2356 812 e.
2394 759 2460 813 IV
2501 776 2530 811 a
2568 758 2630 813 Β.
2672 760 2725 813 ἱιι
2765 760 2819 814 Ᾱ.

1895 827 1952 880 ν.
2006 828 2074 882 ab
2112 828 2172 882 F.
2217 831 2268 883 in
2310 828 2348 882 f.
2399 829 2460 882 Vl
2503 846 2530 882 a
2571 831 2630 884 Ε.
2674 831 2727 883 in
2766 845 2817 883 c.

1883 896 1990 952 VII.
2030 916 2059 952 a
2109 898 2175 953 G.
2217 900 2270 954 iu
2307 916 2359 971 g.
2394 900 2525 955 VIII.
2569 910 2627 953 ut
2662 902 2833 970 prius.

1878 1022 2023 1095 (I49)
2058 1022 2139 1078 Ad
2191 1024 2381 1079 horam
2421 1033 2544 1095 post
2585 1025 2701 1081 haec
2751 1022 2947 1094 legitur
2994 1040 3007 1074 :
3047 1019 3152 1074 Hic
3198 1017 3387 1074 desiuit

1808 1093 2085 1164 Dialogus.

997 1378 1152 1488 'D.
1245 1377 1531 1491 ODO
1619 1378 1807 1489 DE
1893 1376 2472 1493 MUSICA.

1485 1759 2019 1839 MUNITUM.

161 1943 665 2013 Qumsequuntur,
698 1938 758 1996 in
786 1941 971 1997 codice
1014 1939 1408 2013 San-Blasianﬁo
1437 1939 1781 2013 continenter
1807 1939 1982 2013 posita
2028 1950 2155 1995 sunt
2189 1950 2312 2011 post
2338 1942 2655 2012 opusculum
2699 1956 2797 1997 seu
2841 1942 3124 2013 Dialogum
3174 1940 3380 1999 Odonis

79 2011 167 2064 de
193 2012 400 2065 musica
419 2009 439 2074 ,⁷
464 2013 827 2085 scilicetipost
857 2013 969 2066 haec
1001 2013 1184 2085 verba,
1216 2026 1337 2085 quae
1367 2009 1703 2085 Ill__illlis_ttls.
1745 2009 2122 2085 desiderantur
2143 2025 2172 2085 _:_
2191 2009 2252 2065 ἰ).
2300 2009 2408 2082 Age
2435 2030 2576 2084 ergo,
2607 2013 2839 2085 olgseero,
2869 2024 2917 2066 et
2944 2009 3024 2067 de“
3053 2014 3223 2067 modis
3265 2029 3386 2082 qua:

92 2093 415 2154 sequuntur,
444 2083 652 2154 adicito.
687 2078 839 2154 Unde
880 2093 937 2136 et
964 2098 1064 2136 uos
1107 2084 1197 2137 hic
1235 2078 1565 2147 immediate
1584 2079 1674 2134 illa
1704 2078 2042 2147 subiicimus,
2071 2081 2267 2136 collata
2313 2078 2437 2138 eum
2467 2078 2573 2138 ms.
2616 2078 2910 2154 Lipsiensi,
2939 2085 2994 2139 in
3023 2096 3135 2153 quo
3158 2078 3386 2138 habetur

95 2157 201 2205 sub
231 2152 449 2207 nomine
490 2151 779 2208 Bernonis.

171 2287 391 2343 Musica:
434 2291 569 2344 artis
597 2287 878 2357 disciplina
927 2301 1139 2342 summo
1174 2287 1354 2343 studio
1385 2293 1689 2360 appetenda
1720 2300 1764 2357 Β
1792 2309 1932 2358 mus,
1981 2294 2024 2348 si
2053 2293 2288 2349 lectione
2324 2288 2506 2347 minus
2534 2292 2810 2362 panditur,
2839 2286 3014 2346 oculis
3040 2291 3379 2346 demonstre-

79 2391 205 2447 εει,
233 2390 287 2437 et
329 2382 566 2436 maxime
593 2381 676 2435 his
721 2379 813 2450 qui
840 2378 1110 2433 eomtuuui
1143 2381 1557 2435 conversatione
1582 2381 1695 2437 Deo

86 2472 363 2526 serviunt.
399 2471 535 2526 Nam
575 2470 715 2525 sicut
760 2483 859 2539 per
907 2467 1247 2522 Psalnustam
1298 2468 1519 2534 dicitur,
1568 2470 1697 2540 quia

88 2565 250 2636 panis
279 2564 581 2628 conﬁrmat,
631 2571 677 2615 et
713 2561 889 2615 viuum
927 2558 1159 2627 lwtiﬁcal
1199 2575 1291 2612 cor
1313 2558 1581 2626 hominis;
1622 2560 1693 2614 ita

81 2669 149 2710 et
180 2657 440 2724 frequens
462 2653 629 2709 lectio
678 2651 919 2705 animqu
949 2657 1194 2703 nostrum
1239 2651 1306 2703 ad
1335 2650 1565 2704 virtutes
1596 2665 1692 2704 ro-

86 2749 277 2810 borat,
310 2756 505 2800 cantus
532 2757 662 2797 vero
706 2743 760 2796 in
798 2739 892 2794 Dei
922 2739 1145 2793 servitio
1178 2728 1427 2794 fruentem
1478 2738 1694 2795 exhila-

87 2850 202 2894 rat.
235 2837 447 2893 Accidit
473 2844 756 2906 praeterea,
788 2842 845 2887 ut
888 2847 1011 2887 cum
1054 2832 1376 2886 suavitatem
1422 2831 1693 2900 melodiaa,

85 2949 219 3003 qua:
264 2934 320 2986 in
372 2931 532 2985 terris
584 2928 783 2999 agitur,
836 2924 1239 3002 congaudentes
1287 2924 1571 2992 miramur,
1628 2926 1694 2980 ad

87 3027 245 3080 illam
279 3022 621 3078 harmoniam
658 3017 898 3074 cmlestis
926 3015 1119 3087 patria:
1150 3016 1470 3070 audiendam
1499 3017 1694 3071 arden-

78 3120 206 3173 tius
237 3116 574 3178 festinemus,
621 3126 743 3182 quae
773 3118 923 3164 tanto
958 3117 1044 3164 est
1094 3107 1197 3162 ista
1239 3107 1481 3173 suavior,
1517 3123 1690 3176 qual-

80 3223 212 3267 tum
241 3210 441 3266 coelum
464 3216 613 3261 terra
638 3205 904 3259 mirantur
932 3200 1227 3255 excelsius.

161 3302 304 3356 Cum
328 3297 516 3369 pueris
544 3294 794 3350 volumus
843 3291 1122 3346 insinuare
1164 3289 1371 3358 legere,
1415 3288 1567 3358 prius
1597 3302 1694 3344 eos

82 3390 477 3446 abecedariuu‘.
506 3385 714 3441 discere
738 3381 967 3436 facimus
995 3380 1048 3434 in
1081 3378 1280 3444 tabula,
1311 3388 1372 3432 ut
1390 3389 1685 3448 postquam

82 3488 453 3553 cognoverint
500 3492 690 3533 omnes
740 3474 970 3537 litteras,
1005 3471 1219 3526 facilius
1256 3471 1433 3541 legere
1477 3471 1694 3526 valeant

80 3573 361 3645 quidquid
391 3569 648 3625 scribitur
675 3565 889 3621 litteris.
939 3561 1113 3618 Simili
1160 3562 1320 3616 modo
1345 3560 1437 3630 qui
1468 3570 1688 3615 cautum

1800 2394 1888 2439 tur
1913 2386 2083 2458 (150).

1857 2557 1984 2615 ΓΑ·
2025 2524 2076 2575 δ·
2118 2555 2548 2611 Bcosroa-
2582 2521 2981 2630 δημώδης
3046 2520 3061 2660 θ

1869 2827 2002 2883 Cum
2034 2826 2199 2895 igitur
2247 2824 2596 2880 subducenda
2647 2824 2865 2878 modum
2903 2836 3002 2892 per
3045 2819 3385 2889 supradictas

1797 2915 2017 2970 chorda:
2055 2915 2268 2969 litteras
2297 2914 2466 2983 ipsam
2497 2914 2752 2968 cliordam
2796 2911 3098 2967 curtaveris
3124 2908 3206 2962 vel
3236 2906 3387 2961 elon-

1796 2992 2029 3074 gavcris,
2070 3018 2260 3058 onmes
2302 3018 2483 3067 voces,
2532 3001 2729 3072 quibus
2775 2999 2953 3054 oumis
2987 3006 3178 3053 cautus
3217 2995 3385 3050 effici-

1798 3104 1904 3159 tur,
1946 3103 2003 3149 et
2046 3104 2307 3164 quantum
2339 3106 2675 3161 unaquaeque
2698 3105 2802 3144 vox
2842 3089 3011 3143 altera
3052 3088 3123 3142 sit
3165 3085 3387 3157 gravior

1795 3184 2115 3241 subtiliOrvc
2153 3199 2402 3249 numero,
2428 3197 2799 3252 recognosces.
2823 3180 2938 3247 Qua
2969 3180 3022 3234 in
3061 3193 3119 3233 re
3147 3177 3386 3232 divinam

1793 3276 2114 3346 sapientiam
2145 3277 2424 3331 admirans
2468 3274 2772 3345 glorificare
2815 3272 3040 3343 poteris,
3087 3270 3213 3342 quia
3244 3269 3387 3323 sicut

1794 3367 1973 3420 omnia
2010 3365 2235 3435 reliqua,
2270 3367 2343 3419 ita
2370 3375 2425 3418 et
2452 3378 2615 3418 voces
2643 3362 2946 3425 hominum,
2979 3366 3038 3413 ut
3083 3373 3142 3414 se
3179 3358 3381 3413 lauda-

1794 3468 1918 3513 rent
1947 3459 1999 3511 in
2034 3475 2259 3513 numero
2290 3466 2345 3512 et
2388 3472 2671 3517 mensura,
2717 3453 3021 3509 constituit.

1872 3550 2006 3604 Cum
2036 3550 2268 3619 primum
2305 3547 2468 3616 igitur
2496 3546 2548 3598 in
2591 3542 2958 3598 mouochordo
3008 3540 3381 3609 conspexeris,

91 3629 294 3721 volunt
351 3661 652 3723 addiscere,
705 3657 858 3728 prius
886 3661 1098 3725 oportet
1146 3667 1241 3707 eos
1278 3666 1467 3706 omnes
1513 3667 1693 3719 voces,
1724 3655 1769 3717 C
1799 3655 2064 3715 cognosce
2102 3650 2542 3707 unamquamque
2572 3649 2757 3687 vocem
2801 3633 2870 3686 ab
2916 3629 3087 3728 altera
3139 3640 3267 3685 tono
3295 3632 3380 3728 vel

82 3765 463 3821 tunorumque
485 3748 776 3803 varietates
829 3745 883 3798 in
936 3742 1310 3798 monochordo
1342 3756 1693 3813 cognoscere.

85 3848 237 3914 Quia
264 3844 411 3898 enim
460 3839 629 3913 [ιὶρε.
661 3835 815 3907 vero]
859 3836 962 3891 hac
1000 3833 1281 3903 disciplina
1333 3847 1440 3886 nou
1474 3832 1697 3899 utimur,

88 3946 315 3992 tantum
349 3931 608 4003 temporis
644 3926 1081 3999 antiphonarium
1112 3922 1370 3978 discendo
1399 3923 1698 3992 perdimus,

85 4034 147 4088 in
188 4037 398 4101 quanto
427 4025 664 4081 divinam
697 4029 1078 4076 auctoritatem
1116 4027 1171 4073 et
1197 4018 1567 4088 grammatica:
1613 4032 1702 4071 re-

85 4125 283 4195 gulam
336 4120 478 4177 scire
522 4118 922 4201 potuissemus;
981 4122 1056 4179 et,
1111 4115 1252 4183 quod
1303 4114 1544 4168 deterius
1592 4122 1697 4180 est,

87 4214 250 4269 nullo
284 4224 523 4279 unquam
555 4207 731 4277 spatio
771 4204 1028 4274 temporis
1058 4204 1123 4257 ad
1167 4213 1372 4258 tantam
1403 4203 1699 4273 perfectio-

86 4322 228 4362 nem
263 4304 533 4365 venimus,
559 4310 618 4354 ut
648 4299 845 4355 saltem
876 4296 1155 4353 minimam
1189 4295 1542 4365 antiphonam
1572 4296 1698 4351 abs—

85 4415 205 4471 que
262 4394 511 4467 magistri
562 4393 748 4448 Iabore
806 4391 947 4446 scire
996 4389 1281 4460 possimus,
1341 4403 1614 4458 quamque
1656 4401 1700 4456 si

85 4491 350 4554 oblivisci
382 4486 691 4563 contigerit,
738 4483 1046 4539 nullatenus
1088 4479 1349 4563 memoria
1396 4478 1698 4535 reformare

86 4588 368 4644 valemus.
386 4558 509 4635 [Sed
543 4594 647 4634 non
698 4582 900 4631 terreat
942 4558 1197 4627 lectorem
1229 4571 1392 4642 hujus
1424 4572 1560 4626 artis
1590 4573 1693 4625 du-

88 4682 257 4742 ritia;
293 4678 346 4730 in
398 4669 761 4746 praesentibus
807 4666 1003 4738 quippe
1055 4664 1252 4735 regulis
1284 4664 1417 4719 nihil
1460 4663 1702 4720 invenies

90 4780 305 4842 prmter
328 4783 392 4820 ea
414 4764 545 4827 sola,
563 4776 684 4832 qua:
701 4768 753 4814 et
781 4756 937 4813 facile
963 4756 1192 4824 poteris,
1211 4756 1319 4810 Deo
1336 4756 1697 4818 illuminante,

92 4878 322 4933 capere,
377 4866 435 4913 et
480 4870 577 4926 per
611 4865 733 4921 quae
794 4850 861 4903 ad
912 4849 1170 4902 cantandi
1232 4848 1482 4915 peritiam
1537 4860 1699 4914 quam

90 4951 422 5011 citovaleas
460 4943 776 5018 pervenire;
840 4939 960 4996 talis
1004 4939 1149 4993 enim
1212 4955 1275 4991 ae
1334 4949 1479 4994 tanta
1538 4933 1700 5003 hujus

1799 3732 2088 3791 semitouio
2152 3732 2376 3786 distare.
2437 3728 2636 3782 Omnes
2685 3734 2865 3778 autem
2930 3723 3038 3777 toni
3088 3724 3383 3777 novenaria

1800 3826 2066 3883 divisione
2115 3825 2272 3886 fiunt,
2302 3828 2364 3874 ut
2410 3835 2532 3873 cum
2578 3832 2608 3871 a
2654 3816 2831 3885 capite
2875 3815 3248 3878 mouochordi,
3292 3814 3381 3868 ubi

1801 3919 2003 3976 chorda
2036 3916 2244 3985 incipit,
2276 3926 2446 3981 usque
2477 3911 2542 3963 ad
2577 3909 2756 3973 finem,
2809 3907 2898 3961 ubi
2927 3907 3131 3961 chorda
3174 3905 3381 3964 finitur,

1800 4027 1898 4085 per
1936 4023 2128 4066 novem
2164 4007 2434 4067 diviseris,
2476 4002 2562 4057 ubi
2589 4002 2760 4070 prima
2792 4016 2931 4054 nona
2973 4013 3099 4068 pars
3122 3998 3384 4051 termina-

1800 4105 1961 4168 verit,
1994 4103 2065 4158 ibi
2090 4102 2300 4171 signum
2324 4097 2511 4168 primae
2538 4092 2705 4165 [Lips.
2735 4089 3008 4162 secundae]
3033 4090 3182 4144 vocis
3214 4105 3377 4157 appo-

1801 4194 2085 4266 nes.(I51)
2129 4194 2284 4265 [Item
2313 4190 2383 4244 ibi
2413 4188 2699 4255 incipiens,
2724 4186 2767 4240 si
2794 4198 2891 4254 per
2919 4198 3110 4238 novem
3135 4184 3385 4238 diviseris

1801 4303 1974 4357 usque
2025 4287 2092 4339 ad
2142 4283 2303 4336 finem
2355 4279 2591 4341 chordae,
2634 4277 2723 4330 ubi
2779 4275 3013 4329 secunda
3081 4289 3219 4328 noua
3261 4289 3385 4343 pars

1804 4376 2196 4441 terminaverit,
2241 4373 2313 4428 ibi
2364 4372 2575 4441 signum
2617 4368 2865 4423 secunda:
2916 4366 3065 4420 vocis
3109 4363 3381 4434 apponis].

1802 4474 1871 4529 Et
1898 4472 1983 4527 illa
2010 4467 2289 4525 descensio
2316 4464 2400 4519 vel
2434 4460 2702 4525 ascensio,
2735 4462 2840 4516 hoc
2862 4468 2968 4521 est,
3006 4457 3182 4526 ipsum
3213 4457 3380 4510 inter-

1803 4563 2017 4625 vallum,
2072 4556 2215 4629 quod
2238 4537 2344 4609 'est
2388 4569 2416 4608 a
2452 4553 2627 4623 prima
2660 4565 2813 4615 voce,
2860 4550 2949 4604 ubi
2976 4546 3288 4601 inscribitur
3314 4545 3381 4603 A.

1803 4667 1973 4723 usque
2028 4650 2094 4703 ad
2143 4646 2457 4709 secundum,
2518 4643 2605 4696 ubi
2654 4641 2970 4696 inscribitur
3011 4639 3074 4701 Β,
3100 4646 3256 4689 tonus
3299 4642 3385 4685 est

1802 4746 2040 4815 primus;
2078 4740 2251 4810 prima
2279 4736 2427 4790 enim
2451 4749 2553 4788 vox
2590 4746 2672 4785 est
2699 4740 2812 4785 tota
2839 4728 3060 4787 chorda,
3091 4735 3383 4790 antequam

1803 4812 2112 4891 dividatur:
2143 4830 2286 4884 unde
2333 4828 2391 4884 in
2443 4826 2618 4895 capite.
2661 4824 2879 4877 chordae
2908 4816 3249 4877 scribiturA
3301 4812 3388 4865 lit-

1806 4939 1919 4982 tera
1956 4926 2154 4997 prima,
2190 4921 2244 4974 in
2272 4920 2521 4976 secundo
2546 4927 2677 4968 vero
2711 4914 2829 4968 loco
2858 4914 2898 4967 Β
2926 4913 3104 4997 littera
3126 4903 3393 4997 secunda.

91 4996 240 5100 artis
269 5042 446 5095 virtus
460 4996 771 5107 rprobatur,
803 5031 868 5085 de
896 5044 1002 5098 qua
1045 5038 1097 5083 et
1128 5027 1333 5096 parvuli
1367 5018 1577 5098 possint
1608 5040 1697 5078 ca-
1730 5002 1775 5060 θ
1803 5016 1987 5072 Touus
2016 5030 2145 5084 ergo
2176 5009 2416 5077 dicitur,
2455 5004 2669 5079 quoties
2705 5005 2941 5107 Spatium
2986 4996 3404 5107 fl|cuiuiiililtl3

2663 5113 2817 5120 ...μ-.-.α
2876 5098 2936 5120 ..1
2984 5093 3136 5120 nunc"
3185 5085 3404 5120 [ιιιῆνιισνι
