3964 5360
169 253 269 307 777

1375 239 1737 298 OPUSCULA
1779 236 1866 293 DE
1903 232 2175 291 MUSICA.

2445 208 2474 218 ο.

3313 225 3421 282 778

167 365 442 422 decimum
466 375 599 417 vero
627 374 676 425 c,
702 357 896 429 quibus
925 357 998 411 ita
1023 357 1280 411 utendum
1311 364 1418 419 est,
1455 365 1513 408 ut
1533 353 1749 424 quamlo
1776 357 1822 415 Α
1852 349 2159 406 econtrario
2190 361 2313 403 eum
2364 361 2394 402 a
2421 345 2660 402 secunda
2703 342 2787 416 (Β)
2814 357 2948 400 voce
2974 342 3024 397 in
3064 341 3307 412 quintam
3333 343 3422 412 (Ε)

169 474 198 511 a
233 465 290 512 et
313 457 347 509 b
381 452 724 508 semitoniqu
762 450 1025 520 jungunt,
1064 464 1094 501 a
1135 448 1170 502 b
1199 446 1266 500 ad
1298 462 1328 499 c
1370 443 1634 514 intelligas
1664 452 1745 496 to-

168 563 317 608 num,
351 555 406 601 et
450 543 667 614 quando
711 543 888 596 bcutn
939 556 969 595 c
1013 538 1361 594 semitonium
1410 537 1575 600 velit,
1623 535 1741 588 aba

165 651 339 706 usque
369 635 435 689 ad
477 629 515 712 ἡ
561 643 746 686 tonum
779 645 901 687 esse
937 645 1044 686 non
1083 627 1300 683 dubites
1333 645 1346 681 :
1379 640 1606 697 quorum
1637 624 1747 694 pri.

165 743 287 783 mus
339 727 461 782 ideo
515 725 762 796 positus,
819 737 889 778 ne
937 737 968 777 a
1024 731 1177 778 sexta
1228 735 1360 775 voce
1405 718 1444 773 F
1482 732 1650 788 usque
1678 716 1747 772 ad

165 834 364 874 nonam
391 811 436 895 δι
493 827 606 872 tres
649 814 892 872 continui
948 812 1062 869 toni
1106 810 1499 867 invenirentur.
1547 807 1746 862 Eadem

165 910 377 965 ratione
419 907 688 965 secundus
732 905 1036 970 formatur,
1073 917 1141 960 ne
1188 903 1398 959 duobus
1439 909 1562 973 post
1589 916 1646 956 se
1671 914 1750 956 se-

162 999 458 1070 quentibus
486 999 628 1054 tonis
670 1006 726 1054 et
765 997 953 1054 tertius
995 995 1328 1060 adhaereret,
1363 993 1504 1050 sicut
1546 993 1598 1049 iu
1645 992 1750 1048 hac

55 1085 78 1092 ’⁷
162 1093 336 1164 ﬁgura
366 1092 692 1164 conspicies.

409 1256 759 1312 Diatessarou

407 1346 732 1404 ποθι)
974 1346 986 1424 |
1204 1350 1512 1424 neue

402 1435 723 1494 TTTS
973 1433 984 1494 I
1205 1433 1524 1493 STTT

251 1526 275 1557 ’·
971 1526 984 1586 l
1202 1531 1546 1586 Dialessaron

1848 455 1876 494 a
1907 439 2092 509 quinta
2114 437 2199 509 (E)
2225 438 2275 492 in
2302 447 2544 493 octavam
2570 437 2645 508 (a)
2675 437 2742 492 ab
2772 445 2962 490 octava
2993 434 3045 489 iu
3075 433 3425 497 undec'snaui

1849 531 1925 604 (ιι)
1970 531 2038 584 ab
2087 529 2369 585 undecima
2412 529 2489 601 (ιι)
2522 529 2575 583 in
2625 538 2871 598 quartam
2903 527 3170 583 decimam
3194 528 3268 600 (ε)
3303 543 3424 598 quae

1848 631 1932 677 est
1964 621 2182 686 ultima,
2216 623 2368 694 quasi
2409 631 2642 692 quatuor
2687 621 2936 692 passibus
2966 621 3168 686 currit,
3201 623 3253 675 in
3305 621 3424 677 sola

1850 717 2036 771 ultima
2088 725 2239 785 parte
2293 714 2528 770 medium
2571 715 2916 768 semitonium
2947 715 3227 779 continet,
3259 728 3423 784 quem

1849 807 1902 862 in
1932 805 2051 861 aliis
2076 807 2228 877 ponit
2259 807 2313 860 in
2353 805 2549 876 capite.
2579 805 2712 860 Cum
2757 819 2887 860 vero
2923 821 2954 860 a
2994 807 3147 861 tertia
3179 820 3308 862 voce
3334 804 3423 875 (C)

1848 899 1903 954 in
1931 907 2135 954 sextam
2168 897 2254 968 (F)
2281 913 2311 952 a
2340 907 2494 953 sexta
2525 896 2610 968 (Ε)
2644 897 2698 952 in
2719 897 2946 968 primam
2977 911 3170 952 nonam
3201 897 3277 968 (b)
3306 911 3426 966 pro-

1849 989 2125 1060 greditur,
2155 1003 2331 1057 neque
2361 988 2412 1042 in
2458 987 2665 1058 primo,
2706 1002 2881 1058 neque
2918 987 2970 1042 in
3003 987 3210 1053 medio,
3239 987 3330 1042 sed
3367 987 3422 1042 in

1848 1078 1954 1134 line
1979 1077 2324 1133 semitonium
2352 1076 2656 1148 signat,.(a.
2683 1078 2762 1146 b.)
2788 1086 2846 1132 ut
2890 1076 2963 1148 (c)
2993 1077 3212 1131 mutatis
3235 1077 3286 1130 in
3322 1076 3426 1130 hac

1847 1170 1989 1224 trina
2016 1169 2280 1224 divisione
2306 1167 2567 1223 lateribus
2613 1167 2770 1223 valde
2815 1169 2956 1222 hanc
2986 1165 3288 1223 mirabilem
3319 1166 3425 1220 duo

1800 1232 1812 1255 ’
1849 1262 1961 1317 ιοηί
1987 1262 2412 1331 seniitoniusque
2431 1260 2740 1316 conﬁciant.
2765 1258 3258 1327 Quomodocunque
3277 1256 3425 1312 enim

1847 1353 1982 1410 duos
2008 1362 2164 1409 tonos
2209 1353 2666 1422 semitoniumque
2693 1351 3060 1420 conjunxeris,
3088 1350 3424 1405 diatessaron

1847 1444 2174 1499 nominabis.

1916 1534 2183 1590 Praeterea
2209 1542 2295 1589 est
2317 1532 2422 1588 alia
2456 1533 2816 1598 diatessaron,
2847 1548 2877 1586 a
2909 1533 3143 1588 secunda
3173 1546 3314 1586 nona
3345 1524 3445 1609 (ﬁ),

1847 1643 2017 1700 usque
2060 1628 2127 1682 ad
2160 1627 2531 1682 duodecimam
2575 1626 2649 1696 (ε)
2679 1636 2738 1680 ut
2773 1625 2916 1680 nulla
2961 1641 3060 1681 vox
3107 1626 3428 1680 suavissima

233 1694 511 1751 Praeterea
542 1692 825 1750 sciendum
851 1701 936 1747 est
958 1690 1086 1761 quia
1117 1705 1214 1760 pro
1243 1690 1418 1760 prima
1458 1702 1592 1742 voce
1616 1687 1649 1742 b
1684 1695 1740 1740 et

1848 1687 1958 1788 ejus
1992 1717 2405 1788 participatione
2435 1687 2678 1788 privetur
2701 1757 2716 1782 ,
2745 1716 2886 1772 sicut
2914 1717 2965 1771 in
2996 1715 3098 1771 hac
3133 1717 3304 1787 ligura
3331 1732 3427 1772 uo-

162 1783 200 1862 ἡ
225 1785 393 1857 accipi
421 1783 641 1851 debent,
667 1783 722 1839 id
748 1791 834 1838 est
879 1797 1043 1847 nona,
1071 1781 1318 1850 quamvis
1364 1779 1534 1836 divisa
1567 1779 1618 1832 in
1645 1791 1741 1831 uo-

161 1895 286 1934 nam
317 1878 547 1949 primam
575 1888 631 1933 et
669 1876 723 1931 in
752 1889 950 1930 nonam
980 1874 1309 1938 secundam,
1357 1887 1424 1927 ne
1452 1870 1740 1941 plurimum

158 1985 401 2026 errorem
430 1969 677 2024 videatur
705 1968 910 2022 inferre
945 1985 957 2021 :
991 1974 1049 2020 ut
1079 1973 1162 2021 est
1188 1964 1315 2019 illud
1336 2003 1350 2029 ,
1379 1962 1520 2033 quod
1545 1962 1743 2015 diates-

159 2075 325 2116 saron
349 2060 418 2115 ab
437 2067 631 2114 octava
655 2059 855 2114 chorda
888 2058 941 2112 in
965 2056 1304 2112 undecimam
1326 2055 1565 2124 quinque
1585 2067 1743 2107 voces

157 2153 361 2208 habere
382 2152 676 2216 videretur,
705 2151 849 2222 quod
873 2150 1089 2222 penitus
1117 2147 1410 2204 absurdum
1433 2155 1533 2201 est.
1549 2145 1746 2199 Exem-

156 2241 306 2312 plum
352 2250 532 2296 autem
583 2240 744 2310 hujus
772 2241 1043 2297 semitonii
1095 2248 1178 2294 est
1233 2235 1389 2306 hujus
1438 2236 1744 2306 antiphonaa

155 2331 336 2402 prima
393 2331 623 2386 elevatio
675 2349 689 2386 :
750 2329 970 2402 Vigilare
1026 2330 1223 2384 animo.
1288 2328 1592 2383 Notandum
1649 2341 1744 2380 au-

157 2436 270 2481 tem
330 2426 398 2480 de
457 2425 786 2490 semitonio,
848 2425 992 2494 quod
1046 2422 1218 2478 solum
1281 2421 1484 2476 nullum
1558 2419 1744 2475 utilem

156 2526 346 2573 tonum
368 2515 545 2571 valeat
573 2514 798 2585 implere
821 2555 836 2580 ,
869 2513 964 2571 sed
1003 2512 1251 2583 junctum
1301 2520 1427 2566 tono
1477 2510 1743 2580 prolixum

153 2606 278 2678 ejus
337 2607 572 2676 spatium
637 2605 972 2660 moderatur.
1038 2603 1220 2658 Tonus
1287 2617 1415 2656 vero
1470 2601 1744 2655 invenitur

153 2709 389 2772 utroque
439 2713 540 2754 suo
589 2699 821 2754 termino
869 2697 988 2752 soni
1047 2695 1386 2751 dulcedinem
1441 2703 1737 2764 prmstans;

152 2799 220 2845 ut.
272 2805 394 2845 eum
449 2789 650 2844 dicitur
696 2788 954 2852 Oremus,
1010 2787 1100 2842 ubi
1149 2802 1253 2841 non
1317 2784 1590 2840 invenitur
1637 2783 1740 2838 nisi

151 2897 298 2938 unus
343 2892 541 2949 tonus,
589 2882 682 2953 qui
731 2897 760 2935 a
791 2889 944 2937 sexta
981 2881 1035 2935 in
1082 2881 1366 2950 septimam
1401 2893 1588 2934 vocem
1628 2876 1742 2931 suis

153 2976 412 3032 terminis
461 2974 750 3039 delinitur,
799 2973 940 3028 hanc
990 2972 1313 3042 euphoniam
1365 2985 1460 3026 sua
1518 2967 1737 3038 deposi-

1847 1819 2008 1866 tatur.

1847 1953 1859 2243 l
2014 2071 2360 2208 θξιδίιξξίῗξζξοη
2484 2068 2495 2207 ι
2628 2101 2673 2156 Α
2733 2102 2774 2156 n
2837 2101 2880 2156 (ι
2944 2119 2974 2156 σε
3031 2102 3067 2154 r.

3407 1956 3424 2282 ι

2055 2155 2084 2192 a
2125 2138 2296 2208 prima

2009 2238 2352 2292 Diatcssaron

2027 2306 2322 2361 asecunda
2481 2303 2492 2361 Ι
2631 2303 2673 2323 ν
2734 2303 2776 2324 ⁸³
2838 2303 2866 2324 ⁶¹
2931 2303 2963 2323 “
3026 2303 3078 2339 δ’
3411 2303 3416 2361 l

1998 2401 2346 2457 Diatessaron
2474 2401 2486 2469 Ι
2625 2401 2664 2455 C
2720 2401 2760 2454 F
2823 2403 2914 2469 b|
3019 2410 3264 2454 tessarou

2089 2309 2322 2361 secunda
2481 2310 2492 2375 |
2631 2309 2673 2323 "
2734 2309 2776 2324 ⁵³
2838 2309 2866 2324 ⁸·
2931 2309 2963 2323 “
3026 2309 3078 2339 δ’

2058 2412 2346 2457 .atessaron
2625 2401 2664 2455 C
2720 2401 2760 2454 F
2823 2403 2858 2456 b
2904 2403 2914 2469 |
3019 2410 3264 2454 tessarou

2058 2487 2087 2525 a
2127 2473 2284 2528 tertia
2474 2401 2488 2612 ³

1915 2697 2084 2767 Hujus
2111 2698 2416 2770 exemplum
2463 2705 2547 2753 est
2573 2714 2586 2750 :
2618 2696 2918 2752 Secundum
2947 2707 3123 2752 autem
3157 2705 3216 2752 et
3255 2697 3380 2751 item
3411 2712 3426 2749 :

1843 2795 2086 2850 Christus
2130 2795 2307 2848 uincit.
2372 2791 2610 2847 Christus
2653 2801 2852 2861 regnat.
2906 2791 3145 2846 Christus
3187 2791 3426 2860 insperat.

1840 2885 1955 2942 Rea:
1979 2898 2172 2940 noster.
2219 2884 2274 2940 ln
2306 2884 2406 2939 hac
2435 2884 2579 2939 enim
2614 2883 2892 2938 harmonia
2936 2882 3110 2952 major
3157 2889 3212 2936 et
3255 2881 3432 2937 minor

1843 2993 1968 3041 vox,
2022 2979 2072 3033 id
2127 2987 2230 3042 est,
2287 2977 2473 3048 quinta
2503 2975 2587 3046 (E)
2624 2985 2679 3030 et
2725 2984 2913 3029 octava
2971 2974 3045 3044 (a)
3095 2973 3429 3035 diatessaron

2014 2069 2360 2150 Dialessarou
2484 2068 2495 2207 ι

2055 2155 2084 2192 a
2125 2154 2296 2207 pruna

2480 2234 2490 2304 l

3028 2480 3403 2491 ..___—_—_.__—

1848 2485 1859 2629 Ι
2058 2487 2087 2525 3
2127 2485 2284 2528 tertia
2475 2485 2488 2612 Ι

153 3067 306 3123 tione
330 3081 396 3122 ae
419 3065 720 3122 elevatione
759 3063 1064 3134 perliciens.
1104 3063 1221 3118 Duo
1263 3077 1477 3134 quoque
1503 3060 1736 3132 aliquam

1848 3069 2052 3126 duobus
2081 3071 2221 3126 tonis
2259 3079 2315 3125 et
2361 3069 2666 3135 semitonio,
2702 3077 2760 3123 ut
2802 3068 3002 3123 dictum
3047 3077 3149 3131 est,
3184 3067 3426 3137 implent.

152 3157 570 3216 consonantiam
623 3157 892 3220 reddunt,
940 3170 1060 3225 quae
1101 3162 1296 3211 cantus
1344 3169 1452 3209 non
1509 3153 1736 3218 dicitur;

151 3250 283 3320 quia
311 3259 504 3308 cantus
531 3264 639 3303 non
670 3249 853 3303 minus
885 3256 1121 3318 quatuor
1149 3263 1341 3303 vocum
1373 3247 1548 3316 spatio
1574 3245 1740 3300 adim-

149 3346 368 3419 pietur:
406 3345 560 3416 cujus
585 3359 756 3417 genus
784 3343 1117 3416 symphonia}
1137 3342 1470 3397 diatessaron
1493 3348 1738 3402 vocatur,

151 3440 210 3494 id
240 3447 345 3504 est,
370 3438 437 3494 de
455 3446 718 3508 quatuor,
746 3435 1029 3490 continens
1056 3433 1189 3488 duos
1221 3431 1386 3505 [Lips.
1419 3431 1472 3485 in
1504 3444 1561 3486 se
1581 3428 1737 3502 duos]

153 3541 352 3593 tonos,
391 3529 739 3585 semitonium
773 3541 904 3582 vero
939 3541 1104 3581 unum
1126 3566 1141 3592 ,
1192 3525 1294 3580 hoc
1339 3533 1422 3578 est
1458 3523 1740 3578 intervalla

151 3621 263 3675 tria
293 3630 352 3675 et
377 3633 538 3675 voces
565 3627 814 3689 quatuor.
839 3617 966 3674 Haec
993 3627 1173 3673 autem
1203 3614 1525 3687 symphonia
1558 3615 1737 3669 divina

149 3711 512 3782 dispositione
540 3711 676 3766 adeo
704 3709 1037 3780 quadratura
1064 3706 1390 3778 congaudet,
1421 3715 1479 3760 ut
1522 3714 1577 3760 et
1605 3720 1739 3775 qua-

150 3813 283 3857 tuor
308 3804 362 3858 in
410 3818 509 3858 suo
546 3801 723 3873 spatio
753 3816 913 3857 voces
939 3801 1247 3865 contineat,
1293 3806 1348 3853 et
1394 3795 1740 3867 quaternaria

151 3883 426 3946 divisione
472 3891 586 3944 ﬂat.
618 3889 753 3944 Nam
799 3891 844 3945 si
902 3905 933 3944 a
975 3889 1150 3959 prima
1196 3901 1328 3942 voce
1374 3901 1473 3956 per
1509 3893 1741 3954 quatuor

152 3989 331 4035 totum
361 3979 612 4036 diviseris
655 3980 843 4050 prima:
885 3979 1056 4050 partis
1091 3979 1358 4048 spatium,
1403 3977 1739 4031 diatessaron

150 4072 512 4128 nominabis:
560 4070 716 4140 cujus
761 4071 903 4126 ratio
948 4073 1064 4126 hzec
1105 4079 1220 4136 est,
1250 4071 1293 4125 si
1333 4067 1506 4142 [Lips.
1559 4066 1738 4138 quod]

147 4162 329 4234 prima
361 4177 484 4226 vox,
516 4171 829 4234 comparata
867 4162 935 4216 ad
959 4171 1210 4232 quartam
1238 4159 1418 4233 [Lips.
1445 4177 1495 4213 α.
1521 4173 1741 4229 compa-

148 4264 271 4310 rata
297 4254 365 4308 ad
395 4263 640 4324 quartam
661 4253 718 4326 ά]
748 4256 912 4310 habet
932 4270 1051 4309 eam
1074 4263 1239 4310 totam
1273 4255 1424 4318 inse,
1452 4263 1506 4308 et
1539 4269 1604 4306 eo
1627 4268 1742 4306 am-

148 4346 318 4416 plius,
349 4353 612 4416 quantum
663 4354 748 4401 est
786 4354 977 4416 quarta
1017 4361 1142 4415 pars
1179 4347 1348 4416 ipsius
1394 4346 1582 4415 primae
1628 4344 1741 4399 sive

1846 3161 1904 3217 Si
1934 3163 1999 3217 ad
2025 3163 2166 3218 hanc
2212 3179 2375 3216 unum
2413 3172 2616 3216 tantum
2665 3170 2868 3225 tonum,
2901 3159 2993 3230 qui
3039 3167 3122 3214 est
3165 3175 3193 3212 ιι
3238 3168 3430 3230 quarta

1845 3253 1932 3324 (D)
1962 3253 2014 3308 in
2045 3256 2285 3324 quintam
2329 3253 2415 3324 (Ε)
2466 3253 2749 3320 adieceris,
2797 3252 3046 3320 diapente
3083 3251 3432 3308 nihilominus

1843 3345 2213 3416 symphoniam
2246 3344 2545 3417 mirabilem
2579 3343 2899 3414 pervidelis.

1913 3439 2170 3508 Diapeute
2199 3446 2377 3491 autem
2395 3438 2609 3502 dicitur,
2635 3436 2683 3490 id
2707 3444 2810 3501 est,
2833 3434 2898 3489 de
2921 3435 3176 3506 quinque,
3199 3450 3264 3490 eo
3287 3435 3431 3505 quod

1842 3530 2078 3601 quinque
2125 3530 2320 3584 habeat
2353 3544 2532 3592 voces,
2571 3537 2674 3582 eta
2703 3527 2877 3597 prima
2899 3528 2985 3596 (Α)
3017 3528 3335 3582 terminetur
3373 3527 3427 3581 in

1841 3618 2082 3687 quintam
2125 3617 2232 3687 (Ε).
2284 3616 2544 3670 Delinitur
2583 3623 2760 3669 autem
2807 3614 2971 3687 [Lips.
3028 3615 3292 3669 Dillinitur
3341 3632 3432 3670 au-

1843 3719 1949 3764 tem
1979 3710 2092 3780 ipsa
2117 3707 2377 3787 quintae]
2424 3708 2587 3761 totius
2637 3708 2704 3762 ab
2750 3707 2928 3778 aliqua
2979 3724 3130 3774 voce,
3170 3709 3235 3763 ad
3264 3725 3426 3779 quam

1841 3807 2207 3869 comparatur,
2235 3798 2493 3851 divisione
2525 3797 2796 3865 teruaria;
2828 3807 2886 3852 ut
2921 3814 3041 3852 cum
3071 3799 3256 3868 quinta
3299 3798 3427 3870 [vox

1842 3891 1988 3964 (155)
2026 3900 2367 3961 comparatur
2400 3889 2466 3942 ad
2499 3889 2726 3958 primam
2761 3906 2775 3943 :
2807 3889 3059 3944 deﬁnitur
3095 3897 3273 3944 autem
3311 3890 3428 3960 ipsa

1841 3985 2026 4055 quinta
2063 3986 2228 4039 totius
2267 3983 2482 4038 chorda:
2534 3998 2562 4034 a
2613 3982 2812 4052 prima,
2856 3983 3114 4036 divisione
3165 3985 3424 4048 ternaria,

1840 4093 1959 4144 qua:
2007 4078 2253 4146 diapente
2293 4074 2532 4146 dicitur],
2583 4083 2640 4128 et
2685 4075 2989 4144 ubicunque
3027 4083 3148 4130 ante
3187 4077 3269 4131 vel
3311 4087 3432 4147 post

1841 4168 2170 4222 diatessaron
2201 4165 2500 4221 occurrerit
2528 4164 2810 4232 adjunctus
2835 4165 2884 4218 ei
2913 4164 3060 4238 (154)
3091 4165 3427 4223 diatessaron

1841 4261 2086 4330 diapente
2113 4259 2259 4312 facit.
2316 4255 2540 4312 Constat
2574 4265 2753 4311 autem
2781 4258 3000 4313 vocibus
3028 4259 3263 4330 quinque
3289 4261 3429 4316 tonis

1844 4352 2035 4414 tribus,
2071 4358 2125 4404 et
2159 4349 2445 4404 semitonio
2480 4349 2531 4403 in
2555 4349 2851 4405 intervallis
2875 4350 3119 4406 videlicet
3147 4363 3378 4422 quatuor
3412 4371 3426 4406 :

151 4438 314 4492 tertia
363 4452 491 4508 pars
552 4446 760 4508 quartae
799 4456 811 4492 :
855 4438 968 4492 lucc
1019 4438 1206 4493 eadem
1257 4438 1594 4493 diatessaron
1655 4447 1742 4491 est
1770 4438 1896 4497 Diu
1945 4441 2180 4496 deﬁnitis
2217 4455 2346 4495 vero
2390 4441 2608 4495 vocibus
2657 4441 2773 4496 loca
2817 4433 3054 4496 continet
3101 4459 3316 4509 novem,
3362 4443 3432 4499 de

150 4527 326 4600 [Lips.
357 4529 499 4584 deest
526 4528 633 4602 est]
667 4530 731 4585 ad
763 4529 1130 4601 ampliandam
1162 4531 1244 4585 sui
1292 4530 1530 4584 nominis
1569 4529 1744 4598 (ligni-

151 4628 324 4674 tatem
355 4635 386 4674 a
436 4621 612 4691 prima
643 4619 731 4692 (A)
759 4621 844 4676 vel
871 4622 1108 4677 secunda
1138 4621 1221 4695 (Β)
1251 4636 1379 4676 voce
1419 4622 1738 4692 procedens,

150 4727 218 4767 ac
279 4714 482 4769 deinde
526 4729 585 4769 se
636 4715 703 4769 de
749 4716 1038 4785 semetipsa
1090 4716 1425 4770 constituens
1460 4716 1525 4770 ad
1579 4715 1741 4769 linem

151 4818 330 4874 usque
369 4805 455 4859 bis
499 4814 732 4874 quatuor
759 4805 976 4860 sibimet
1014 4805 1128 4860 loca
1179 4805 1501 4860 vendicavit.
1543 4804 1676 4860 Nam
1708 4819 1740 4858 a

152 4895 331 4966 prima
379 4896 466 4966 (Α)
519 4897 572 4951 iu
603 4904 858 4966 quartam
897 4896 983 4966 (D)
1015 4912 1118 4950 una
1148 4897 1486 4952 diatessaron
1531 4905 1653 4961 est;
1703 4910 1734 4950 ιι

153 4996 349 5055 quarta
399 4985 486 5057 (D)
533 4989 650 5058 ipsa
696 4985 750 5040 in
789 4987 1071 5056 septimam
1105 4986 1193 5057 (G)
1223 4987 1434 5053 altera;
1484 5003 1513 5042 a
1545 5001 1649 5057 qua
1681 4987 1732 5041 in

157 5078 419 5133 decimam
466 5079 540 5152 (c)
575 5078 777 5142 tertia;
826 5094 855 5131 a
891 5079 1098 5132 decima
1130 5095 1257 5134 vero
1305 5080 1377 5150 (c)
1423 5080 1475 5134 iu
1520 5080 1733 5135 tertiam

159 5168 420 5224 decimam
448 5170 511 5244 (Γ)
549 5177 768 5241 quarta,
802 5168 999 5237 ubique
1024 5179 1224 5238 praeter
1253 5171 1499 5227 ultimam
1533 5172 1586 5226 in
1618 5184 1729 5223 me-

159 5258 247 5314 dio
289 5270 531 5319 tonorum
572 5263 810 5318 duorum
837 5259 1187 5316 semitonium
1223 5273 1466 5334 portans.
1505 5265 1578 5320 At
1604 5277 1732 5317 vero

1840 4529 2034 4600 quibus
2062 4530 2115 4584 iu
2144 4538 2375 4599 septem,
2403 4546 2526 4585 cum
2581 4530 2633 4585 in
2677 4530 2854 4600 primo
2899 4540 2954 4586 et
2996 4532 3184 4586 ultimo
3245 4541 3429 4587 tonum

1839 4623 2059 4688 habeat,
2096 4623 2406 4694 quicunque
2437 4625 2648 4681 ablatus
2695 4623 2881 4690 fuerit,
2934 4635 3055 4694 post
3101 4623 3434 4680 ablutionem

1840 4715 2176 4771 diatessaron
2208 4718 2515 4774 remanebit
2547 4731 2562 4771 :
2593 4715 2729 4770 sicut
2763 4715 3034 4786 diapente,
3075 4713 3217 4782 quod
3267 4722 3354 4767 est
3408 4733 3441 4770 a

1839 4811 2011 4879 prima
2042 4810 2129 4881 (A)
2161 4810 2213 4864 in
2241 4809 2498 4878 quintam
2527 4811 2612 4883 (Ε)
2651 4810 2707 4865 in
2738 4813 2913 4880 primo
2956 4819 3011 4866 et
3053 4809 3240 4864 ultimo
3277 4807 3460 4870 habet.

1845 4912 2050 4959 tonum.
2107 4903 2163 4958 Si
2199 4903 2372 4973 igitur
2403 4918 2621 4970 tonum,
2648 4902 2738 4971 qui
2777 4904 2981 4973 primus
3016 4913 3120 4965 est,
3158 4915 3478 4967 separaveo

1842 4993 1919 5048 ris
1939 5035 1953 5059 ,
1982 5010 2012 5048 a
2043 4992 2278 5048 secunda
2309 4993 2412 5071 (Β)
2453 5007 2510 5062 ῑιι
2536 4993 2770 5066 quintam
2796 4994 2878 5064 (Ε)
2907 4994 3232 5048 diatessaron
3267 5004 3498 5054 rema‘

1842 5083 1992 5136 nebit
2019 5097 2034 5136 :
2059 5081 2103 5135 si
2139 5095 2267 5136 vero
2290 5081 2578 5156 ultimum
2609 5079 2774 5145 tollas,
2803 5097 2832 5136 a
2857 5081 3022 5152 prima
3065 5080 3151 5149 (Α)
3201 5077 3252 5130 in
3290 5093 3513 5146 quar—

1842 5179 1950 5227 tam
2007 5174 2095 5246 (D)
2151 5189 2304 5243 aeque
2358 5183 2720 5250 diatessaron
2777 5173 3090 5228 remanebit.
3144 5165 3523 5238 Huiusmodi

1841 5273 2021 5319 autem
2045 5265 2295 5335 diapente
2319 5266 2392 5326 in
2439 5286 2554 5341 hac
2580 5266 2741 5336 ﬁgura
2773 5264 2982 5320 notabis
3006 5263 3173 5332 (155).
