1982 2680
581 259 639 269 ut)

257 150 409 214 ιζ

595 150 724 193 [Ῑὶεῳεηιυ

571 207 744 234 Diatessarou

581 236 600 268 ii
621 241 649 269 s.
689 242 708 269 (ι
730 241 760 268 Τ.
780 241 870 285 Α-οψτ.
912 236 917 278 1
968 242 999 270 E.

304 250 377 269 mum
411 243 415 277 |
467 242 489 269 A
510 241 541 268 T.

304 211 363 234 Pri-
410 211 414 242 ι
510 241 530 268 Τ
571 211 750 269 igatsessaroiir
800 241 860 268 ΒΤ
912 211 917 278 1

304 259 377 269 ulqu
411 259 415 277 ι
467 259 489 269 η
516 259 541 268 ι-
581 259 639 269 ut)

257 259 644 307 W—rf

292 627 413 663 Excepto
422 634 477 655 uno
491 634 506 655 a
517 628 611 663 quinta
628 628 671 664 (E)
686 628 715 656 in
726 636 825 656 nonan:
837 630 985 657 secundum
999 627 1051 668 (Hi,

256 679 317 708 quae
340 672 368 700 in
391 672 479 708 primo
506 673 679 701 semitoninm
702 673 792 707 habet,
822 682 883 702 cum
906 675 1001 711 reliqui
1027 677 1053 704 in

255 718 344 754 primo
355 723 384 746 et
399 718 495 746 ultimo
513 722 607 747 tonum
631 719 749 747 habeant
761 730 767 747 :
779 724 809 748 et
833 721 918 748 altera
946 729 962 749 ι
983 729 1053 750 nona
1073 751 1075 754 ,

255 764 343 799 prima
355 763 395 799 (b)
407 764 434 791 in
446 764 555 792 tertiam
568 764 709 798 decimam,
731 766 776 793 ubi
799 767 953 795 ocontrario
970 768 1053 796 semi-

254 810 359 837 tonium
374 810 511 838 invenitur
526 810 552 838 iu
567 810 672 838 ultimo.

292 876 376 912 llujus
391 881 481 904 autem
497 877 623 912 diapente
635 878 758 914 exempla
773 879 855 907 multa
871 879 1003 914 reperies,
1022 879 1055 907 de

773 924 926 952 nsoco
975 918 1043 953 no

256 958 355 993 quibus
376 962 418 986 est
441 957 505 986 illud
524 966 633 986 carmen
658 959 744 986 Boclii
762 969 768 986 :
783 959 829 986 Bcl
853 960 878 986 la
903 961 944 992 his
967 961 1056 996 quinis

258 1002 630 1030 CDEFEDCEDCDD
654 1004 674 1030 Ι)
717 1004 737 1031 D
767 1003 1009 1033 DEFGGFDCF
1035 1003 1054 1033 F

255 1043 384 1072 operatus
397 1038 475 1065 annis
489 1039 558 1065 ultor
577 1039 685 1067 Atrides
702 1039 825 1075 Phrygiae
848 1040 934 1068 ruinis
962 1041 1055 1069 fratris

256 1083 315 1112 ΕΙ)
342 1085 363 1112 C
398 1085 455 1112 DD
483 1084 638 1113 EFEDD

255 1120 370 1148 amissos
382 1120 515 1148 thalamos
528 1121 620 1156 piavit.
645 1121 671 1148 In
685 1129 738 1155 qua
753 1122 867 1149 mclodia
879 1123 987 1158 gravior
1002 1131 1052 1151 vox

255 1167 336 1195 tertia
352 1166 407 1202 (C),
420 1168 525 1195 acutior
539 1175 603 1195 vero
617 1169 732 1203 septima
747 1168 769 1196 G
783 1173 834 1202 est,
854 1177 913 1204 qua:
929 1178 982 1198 uno
997 1172 1055 1199 dia-

255 1215 505 1251 pentejunguntur.
536 1216 665 1251 Diapcnte
689 1217 739 1244 hoc
761 1221 812 1249 est,
845 1217 920 1250 cujus
946 1218 1054 1253 gravior

255 1267 308 1287 vox
320 1263 392 1287 tanta
405 1268 530 1288 mensura
545 1265 656 1295 supcrat
677 1262 825 1289 acutiorem
840 1267 864 1289 et
874 1264 1052 1297 posteriorem

254 1310 360 1338 vocem,
376 1311 476 1341 quanta
492 1311 532 1334 cst
553 1307 630 1334 tertia
652 1313 715 1342 pars
741 1308 823 1342 ipsius
846 1308 987 1342 gravioris,
1011 1310 1053 1337 vel

256 1352 344 1379 media
359 1352 516 1387 posterioris
532 1361 537 1379 :
558 1353 621 1388 quia
635 1360 697 1380 cum
718 1354 792 1388 prior
806 1354 903 1382 habeat
923 1355 972 1382 tria
992 1363 1054 1391 spa-

252 1397 293 1424 ‘tia
307 1397 341 1425 ad
354 1397 446 1430 tinem,
470 1398 603 1433 posterior
616 1405 682 1427 vero
706 1400 811 1427 duobus
840 1401 936 1429 horum
961 1401 1054 1437 spatiis

255 1448 381 1472 contenta
406 1448 456 1472 est.

597 79 625 107 S.
646 76 772 107 ODONIS
791 74 937 105 ABBATIS
956 75 1023 105 SEU
1043 77 1217 107 ALTERIUS
1235 77 1361 108 ODONIS
1380 78 1534 107 MONACHI

1065 138 1091 167 Δ
1439 160 1593 202 Diapason_

1369 248 1562 299 i_D.iapente
1720 287 1725 291 _

1369 308 1560 384 ,\
1619 310 1639 338 ι)
1657 308 1768 344 iapente

1389 419 1560 449 Diatessaron

1101 463 1103 466 ‘
1377 428 1833 530 fas/“‘36:?

1071 581 1075 585 ,
1202 550 1233 577 u.
1301 551 1308 586 ι
1387 551 1409 579 ι)
1510 551 1533 579 G
1639 559 1700 584 ρ,
1787 550 1811 585 λι]
1837 583 1868 585 ,κ

1100 609 1103 615 α
1196 598 1238 625 ill.
1303 600 1307 634 ι
1385 600 1405 627 G
1509 600 1529 627 Ρ
1635 599 1660 627 ς
1795 608 1814 625 c

1204 693 1234 720 Υ.
1300 695 1304 729 |
1383 694 1402 721 Ρ
1509 695 1526 721 Ι)
1640 704 1656 721 c
1799 694 1814 721 τ
1884 723 1886 729 ,

1066 830 1091 862 Β
1142 824 1210 852 Sunt
1238 828 1327 850 autem
1351 823 1505 858 huiusmodi
1532 822 1653 850 formulm
1676 829 1737 854 sex,
1768 823 1793 849 in
1817 823 1907 857 quibus

1107 870 1232 897 omnibus
1250 889 1257 901 ,
1286 868 1357 896 sicut
1383 868 1409 895 in
1438 869 1524 903 prima
1544 889 1550 901 ,
1573 868 1701 904 pncdicta
1733 868 1832 903 regula
1856 864 1907 894 iis:

1107 922 1210 946 tnanct.

1143 975 1238 1003 Restat
1262 979 1393 1010 praeterea
1416 981 1498 1001 unum
1514 973 1642 1009 diapason
1658 981 1673 1001 a
1691 973 1816 1001 secunda
1831 973 1872 1008 (Β)
1887 973 1908 999 in

1099 1022 1252 1050 secundam
1268 1028 1367 1049 nonam
1380 1020 1423 1056 (Ἰ)
1439 1027 1454 1047 a
1469 1020 1605 1056 prioribus
1618 1020 1792 1055 discrepans,
1815 1020 1877 1054 quia
1894 1026 1907 1045 ί

1106 1068 1223 1095 secunda
1245 1067 1370 1102 diapente
1390 1074 1444 1094 non
1466 1066 1611 1093 invenitur.
1634 1066 1684 1093 Est
1708 1071 1801 1093 autem
1820 1066 1847 1091 in
1864 1066 1907 1092 hac

1105 1114 1264 1149 symphonia
1285 1113 1418 1145 divinant,
1442 1112 1512 1147 quod
1527 1112 1613 1148 prima
1630 1120 1680 1139 vox
1700 1111 1762 1145 cjus
1777 1117 1804 1138 ct
1822 1112 1908 1138 ultima

1105 1164 1161 1187 tam
1177 1158 1290 1186 mirabili
1307 1158 1443 1186 suavitate
1463 1158 1638 1189 concordant,
1658 1162 1685 1184 ut
1713 1159 1844 1184 camitem
1869 1166 1908 1184 vo-

1098 1213 1163 1235 :cem
1180 1212 1231 1232 una
1245 1209 1326 1239 atque
1339 1204 1423 1232 altera
1443 1212 1541 1232 sonare
1557 1204 1718 1235 vidcantur;
1735 1203 1803 1231 licet
1826 1204 1905 1238 prima

1103 1250 1199 1282 virilis,
1214 1255 1241 1277 et
1256 1250 1349 1277 ultima
1371 1250 1406 1277 sit
1419 1250 1530 1285 puerilis
1546 1258 1552 1275 :
1569 1250 1605 1277 ita
1631 1249 1704 1276 enim
1730 1251 1906 1280 concouiam,

1100 1303 1137 1324 ac
1146 1295 1169 1324 si
1185 1295 1226 1323 vir
1238 1303 1299 1323 cuin
1312 1303 1396 1330 puero
1415 1295 1537 1322 eamdem
1551 1294 1694 1322 ntclodiam
1717 1295 1816 1326 simili,
1831 1301 1910 1330 quan-

1106 1345 1162 1369 tum
1187 1340 1294 1368 diversa
1322 1345 1416 1368 natura
1439 1340 1593 1376 permittit,
1620 1347 1686 1368 voce
1723 1341 1908 1375 pronuntient.

1107 1386 1183 1415 Unde
1198 1386 1237 1419 iit,
1254 1392 1283 1414 ut
1298 1386 1407 1422 quando
1421 1390 1558 1414 cautorem
1573 1386 1641 1412 alter
1661 1386 1801 1420 prmcedit
1812 1407 1819 1418 ,
1837 1386 1910 1412 alter-

1098 1441 1159 1469 _que
1182 1433 1366 1468 subsequitur,
1383 1432 1449 1460 nihil
1461 1432 1533 1461 aliud
1551 1436 1628 1460 sonet
1650 1440 1722 1459 unus
1738 1441 1826 1466 quam
1841 1433 1909 1464 alter,

1099 1487 1166 1515 .quae
1180 1480 1320 1515 diapason,
1337 1480 1364 1507 id
1376 1484 1427 1513 est,
1442 1484 1536 1507 octava
1561 1486 1611 1506 vox
1634 1484 1814 1506 numeratur.
1844 1479 1910 1506 [leo-

294 1509 389 1563 Tertia_
406 1518 471 1563 vero
490 1513 648 1563 symphonia
671 1514 812 1563 diapason,
838 1515 863 1543 id
888 1521 939 1549 est,
963 1516 1054 1552 dupla.
1070 1509 1163 1563 (Lque
1175 1509 1278 1554 factum
1292 1509 1344 1558 est,
1358 1509 1430 1562 quod
1444 1527 1470 1553 in
1485 1525 1666 1553 lIlOthChOl‘d-l
1679 1533 1855 1560 unaquaeque
1867 1532 1910 1551 vos

259 1556 317 1585 sive
330 1557 362 1585 de
374 1557 477 1585 dttobus
489 1558 655 1585 nominatur.
683 1559 766 1595 [ιὶρσ.
787 1560 916 1596 diapason
940 1570 972 1589 ex
997 1568 1058 1590 octo

259 1603 372 1631 vocibus
395 1602 524 1640 conslat.]
546 1603 659 1637 Quoties
674 1605 759 1641 major
773 1614 823 1642 vox
838 1607 879 1635 bis
893 1610 1059 1636 tantum‘ha-

257 1649 305 1676 bet
318 1648 351 1676 de
366 1648 477 1680 chorda.
497 1657 578 1685 quam
605 1651 702 1684 minor,
728 1652 784 1679 sive
810 1660 871 1680 cum
896 1653 982 1688 major
1006 1662 1057 1682 vox

251 1690 306 1730 per
330 1694 457 1729 medium,
478 1695 504 1723 id
528 1700 581 1729 est,
606 1696 632 1723 in
651 1697 718 1724 duas
742 1703 833 1733 partes
857 1699 952 1731 divisa,
978 1699 1057 1726 aliam

258 1748 352 1769 vocem
368 1741 506 1775 terminat,
522 1742 592 1770 sicut
605 1748 647 1770 est
660 1742 704 1778 (Α)
719 1744 806 1778 prima
821 1744 854 1771 ad
868 1750 991 1772 octavam
1008 1744 1056 1781 (η).

259 1785 301 1813 Fit
313 1791 403 1813 autem
422 1786 480 1814 [nec
494 1786 622 1822 diapason
638 1788 741 1815 duabus
755 1788 918 1824 supradictis
931 1791 1059 1825 sympho-

260 1833 321 1866 niis,
336 1833 361 1860 id
377 1837 429 1866 est,
444 1833 611 1862 diatessaron
631 1839 658 1861 et
682 1834 807 1870 diapente
831 1835 864 1862 ad
889 1843 917 1863 se
945 1835 1057 1863 invicem

251 1879 400 1915 copulatis.
436 1878 595 1915 Ubicunque
608 1880 680 1908 enim
697 1881 865 1908 diatessaron
880 1886 907 1908 et
922 1881 1057 1916 diapente,

259 1925 316 1953 sive
330 1926 457 1961 diapente
471 1931 498 1953 et
514 1926 682 1954 diatessaron
708 1926 883 1960 conjunxeris
895 1947 902 1959 ,
927 1927 1059 1963 diapason

253 1972 442 2006 .plenissiman:
458 1972 610 2007 pervidebis
624 1972 706 2009 [Lips.
723 1973 878 2008 pernotabis
894 1978 920 2001 et
932 1974 1057 2011 videbis].

261 2017 296 2045 Ut
309 2025 369 2045 cum
391 2027 405 2045 a
422 2019 508 2053 prima
524 2019 549 2046 in
561 2023 684 2053 quartam
702 2017 745 2053 (Β)
760 2017 789 2045 ﬁt
803 2018 981 2052 diatessaron,
1002 2024 1025 2047 cl
1044 2028 1059 2047 a

261 2069 357 2098 quarta
371 2064 397 2091 in
411 2069 534 2092 octaVam
551 2066 588 2100 (a)
603 2065 729 2100 diapente
742 2086 749 2098 ,
762 2073 776 2092 a
791 2066 876 2101 prima
889 2066 933 2102 (A)
946 2067 971 2094 in
985 2072 1060 2094 octa-

260 2117 322 2137 vam
335 2109 372 2145 (a)
385 2110 524 2145 diapason,
542 2111 567 2138 id
583 2115 632 2142 est,
647 2112 778 2139 medietas
796 2111 889 2147 primae
905 2112 949 2148 (A)
964 2121 1060 2141 neces-

262 2157 333 2185 sario
351 2157 479 2191 recipitur
495 2156 576 2192 [Lips.
592 2158 746 2194 reperitur].

296 2225 364 2253 Illud
383 2230 471 2253 autem
494 2231 536 2253 est
552 2228 710 2261 notandum,
726 2235 796 2263 quoa
819 2236 850 2256 ea
862 2237 914 2257 vox
929 2229 985 2265 (Β),
1000 2237 1060 2265 quae

262 2271 296 2299 ad
315 2271 431 2307 primam
460 2271 505 2308 (Δ)
535 2277 576 2300 est
605 2273 783 2307 diatessaron,
812 2275 846 2302 ad
874 2280 997 2303 octavam
1021 2276 1058 2311 (a)

262 2322 418 2354 comparata
434 2318 558 2354 diapente
574 2318 652 2353 facit;
664 2322 693 2347 et
706 2319 750 2355 (Ε)
765 2327 825 2355 qua:
837 2320 871 2348 ad
884 2322 999 2357 primam
1015 2322 1058 2357 (A)

262 2369 304 2390 est
327 2364 464 2399 diapente,
489 2364 521 2391 ad
552 2369 676 2392 octavam
692 2364 721 2392 fit
737 2366 921 2399 diatessaron;
945 2371 972 2393 et
995 2366 1059 2393 illud

263 2411 481 2446 spatiun:,_quod
505 2410 535 2437 tit
553 2411 667 2445 signatis
689 2418 703 2437 a
731 2411 816 2446 prima
838 2411 1011 2439 diatessaron
1036 2417 1064 2439 et

264 2457 401 2491 diapente,
422 2461 500 2484 tonus
524 2456 610 2483 estin
637 2457 725 2484 medio
750 2456 877 2491 diapason
902 2458 1062 2485 consistens.

248 2511 254 2514 -
264 2501 324 2534 Quo
338 2502 429 2529 ablato
444 2522 451 2534 ,
462 2508 489 2529 et
503 2508 584 2536 supra
601 2506 628 2528 et
642 2501 714 2528 infra
728 2503 895 2530 diatessaron
912 2508 1022 2530 notatur
1038 2505 1063 2531 in

266 2550 323 2573 tota
346 2546 486 2581 diapason,
500 2547 576 2574 sicut
601 2547 702 2581 liquido
729 2547 755 2574 in
779 2548 830 2574 hac
858 2547 941 2583 figura
967 2551 1064 2583 pertio-

267 2595 349 2618 tatur.
394 2607 397 2610 ~

1107 1572 1146 1600 ab
1167 1577 1264 1601 octava
1278 1580 1338 1606 sua,
1354 1580 1435 1608 quam
1459 1572 1547 1600 medio
1569 1571 1676 1604 dividit,
1698 1572 1801 1599 eoiein
1824 1572 1910 1598 chara-

1109 1623 1195 1652 ωηο.
1223 1619 1347 1654 quamvis
1369 1619 1492 1646 dissimili
1516 1619 1656 1654 figuretur.
1685 1617 1766 1645 Unde
1791 1618 1835 1644 illa
1856 1625 1910 1648 rex,

1109 1671 1193 1699 quam
1215 1665 1330 1699 primam
1346 1671 1443 1691 nonam
1465 1663 1505 1699 (b)
1522 1663 1647 1695 dicimus,
1662 1663 1729 1689 :.u||i
1743 1663 1866 1698 priomn:
1880 1663 1911 1689 si-

1110 1711 1183 1738 milis
1201 1710 1333 1743 cernitur,
1353 1711 1416 1745 quia
1436 1709 1507 1737 nulla
1524 1710 1644 1744 priorun:
1658 1709 1772 1736 sibimet
1788 1708 1910 1744 diapason

1097 1778 1099 1781 .
1111 1755 1244 1783 cltaritate
1255 1754 1409 1787 famulatur;
1421 1754 1467 1782 sed
1479 1755 1541 1789 quia
1550 1754 1726 1781 scmitoniun:
1738 1762 1802 1781 cum
1823 1759 1909 1781 octava

1110 1801 1239 1834 faciebat,
1254 1801 1389 1828 semitonii
1405 1801 1514 1828 nomine
1524 1802 1679 1828 decoratur.

1148 1847 1209 1883 (De)
1222 1847 1350 1882 diapason
1364 1852 1453 1874 autem
1468 1846 1627 1883 symphonia
1642 1846 1707 1874 illud
1721 1847 1806 1873 etiam
1820 1851 1847 1873 ct
1861 1845 1910 1873 vui-

1111 1893 1185 1929 garis
1198 1893 1313 1924 umsica,
1330 1892 1417 1919 fistula
1433 1892 1565 1921 videlicet.
1579 1896 1608 1920 ct
1618 1892 1726 1919 cithara
1751 1893 1811 1919 sive
1837 1891 1909 1918 [idula

1112 1940 1246 1975 probant:
1264 1939 1335 1973 quod
1350 1938 1417 1966 satis
1432 1939 1588 1966 commodus
1604 1945 1702 1965 cantus
1715 1943 1768 1968 est,
1784 1939 1844 1972 quia
1862 1944 1909 1964 una

1112 1984 1251 2019 diapason,
1269 1983 1294 2010 id
1313 1988 1366 2015 cst,
1380 1987 1441 2010 octu
1458 1982 1566 2010 roribus
1581 1983 1750 2010 continetur.
1780 1982 1909 2010 Eeciesia-

1093 2030 1181 2058 .stica
1194 2034 1284 2056 auten:
1297 2028 1462 2056 consuetudo
1477 2028 1604 2060 tradidit,
1620 2033 1650 2055 ut
1668 2036 1684 2055 a
1699 2029 1753 2055 line
1768 2037 1816 2056 suo
1831 2027 1911 2055 nullus

1113 2081 1209 2104 cantus
1222 2075 1363 2110 plusquam
1380 2074 1412 2100 ad
1424 2079 1546 2101 octavam
1568 2078 1662 2109 surgat
1681 2083 1686 2099 :
1705 2074 1779 2108 quod
1796 2081 1855 2100 cum
1874 2073 1910 2104 fit,

1113 2123 1184 2150 idem
1204 2126 1300 2149 cautus
1325 2120 1408 2156 [Lips.
1432 2121 1457 2147 id
1474 2126 1599 2152 esl,cum
1615 2119 1726 2156 tantus]
1741 2121 1777 2147 ad
1795 2125 1909 2147 ectasin

1112 2176 1129 2195 a
1144 2168 1197 2194 line
1209 2166 1357 2201 consurgit,
1375 2165 1512 2193 rarissime
1526 2170 1552 2192 et
1566 2166 1673 2192 nonnisi
1686 2167 1712 2192 in
1725 2166 1910 2200 prdiderim;

1075 2206 1101 2240 D
1115 2213 1238 2241 cantibus
1250 2211 1310 2247 plus
1325 2220 1340 2238 a
1354 2211 1469 2238 secunda
1481 2219 1495 2237 a
1511 2210 1564 2237 line
1575 2210 1735 2238 descendat.
1756 2211 1823 2244 Qua!
1836 2211 1908 2247 [lana

1113 2259 1196 2295 quod]
1212 2259 1234 2286 si
1247 2258 1372 2289 defuerit,
1393 2265 1474 2284 unum
1499 2262 1602 2284 tantum
1616 2257 1749 2292 diapason
1765 2257 1811 2285 ille
1826 2263 1879 2285 cam
1892 2265 1910 2282 :s

1114 2305 1233 2333 habebit.
1256 2303 1329 2340 (156)
1347 2303 1405 2339 Ipsa
1424 2310 1489 2330 vero
1503 2303 1642 2330 descensio
1662 2311 1677 2329 a
1701 2302 1756 2330 line
1782 2311 1842 2331 ess‘
1864 2311 1908 2328 nr:

1113 2351 1204 2383 debet,
1224 2350 1276 2378 nisi
1298 2358 1313 2377 a
1336 2349 1390 2377 tiae
1406 2349 1439 2377 ad
1454 2349 1540 2384 ipsam
1559 2349 1717 2381 secundam,
1736 2350 1763 2376 in
1777 2358 1856 2384 quam;
1870 2348 1884 2375 d
1900 2361 1910 2366 -

1115 2396 1233 2432 ponitur,
1245 2395 1381 2431 epogdous
1401 2394 1554 2422 inveniatur
1575 2399 1668 2425 tonus;
1690 2394 1712 2420 si
1730 2402 1797 2421 vero
1808 2403 1861 2421 s.~u.
1874 2399 1885 2418 ι-
1898 2407 1909 2411 -

1116 2443 1190 2470 nium
1207 2442 1297 2474 fuerit,
1320 2442 1422 2469 inutilis
1444 2441 1506 2469 erit.
1539 2440 1682 2476 Epogdous
1700 2448 1769 2467 vero
1791 2446 1866 2467 tonus
1880 2438 1909 2464 ιιι

1116 2490 1246 2525 diapason
1259 2488 1369 2523 junctus
1394 2488 1493 2522 ubique
1506 2486 1547 2514 bis
1566 2487 1692 2521 diapente
1715 2486 1866 2513 con~tituit.
1888 2483 1908 2508 ι]

1116 2541 1169 2568 est,
1186 2543 1266 2564 voces
1280 2542 1387 2562 novem.
1406 2534 1558 2561 invenimus
1572 2538 1660 2561 auten:
1680 2541 1757 2565 raro,
1777 2538 1805 2560 et
1817 2533 1843 2559 in
1854 2539 1910 2567 prn-

1117 2581 1258 2610 iixiorihus
1283 2580 1428 2612 cantibus,
1457 2579 1550 2606 decem
1578 2585 1668 2610 voces,
1695 2578 1773 2613 quod
1800 2574 1908 2604 Dariu’ia'

1117 2627 1237 2663 psalterii
1263 2625 1422 2653 auctoritate
1447 2623 1608 2651 defenditur.
1643 2623 1671 2649 ln
1700 2623 1804 2657 quibus
1830 2627 1907 2648 tamen

1437 2678 1446 2680 λ
1472 2670 1521 2680 ιιηΑ
1546 2677 1596 2680 _-_.
1618 2668 1731 2680 --..--.J:
1759 2670 1834 2680 ,I..I.-a
1867 2666 1906 2680 ...Ι
