3964 5360
2290 281 2308 307 7‘
2340 303 2367 311 ο
2515 284 2533 297 ἠ
2549 291 2629 312 Ἀπα-
2672 300 2680 308 -ι

25 347 85 404 '85
1154 331 1522 392 OPUSCULA

1692 330 1970 391 MUSICA.
2345 309 2364 311 '
2591 309 2627 312 ’“
2713 309 2727 313 ”
3126 333 3234 398 τι.

25 461 204 519 iamiam
229 451 491 518 reddunt;
522 451 666 522 quod
682 449 841 521 juxta
881 451 1116 522 aliquem
1151 449 1368 505 modum
1415 463 1535 502 mu-
1565 448 1801 511 Aunius
1852 447 2002 502 vocis
2050 442 2372 518 repetitione
2418 444 2575 504 simul
2617 450 2808 519 posita:
2857 405 3234 512 Inveniuntur.

26 556 140 607 ietm
165 543 408 617 syllabam
435 543 718 598 nominare
740 556 1047 614 possumus.
1076 541 1208 596 Item
1251 541 1392 597 sicut
1419 540 1534 596 sola

26 640 168 711 yllaba
197 642 279 690 aut
304 633 416 686 duae
440 631 523 686 vel
561 640 671 686 tres
691 631 776 687 vel
805 631 968 686 etiam
998 630 1178 700 plures
1217 646 1380 684 unam
1415 644 1542 700 par—

25 747 90 788 em
113 725 376 784 locutionis
411 723 637 791 faciunt,
665 739 784 794 quae
825 723 1030 795 aliquid
1079 724 1394 796 signiﬁcat,
1439 732 1538 778 ut:

25 839 116 876 non
144 819 350 882 estvita,
383 815 577 888 gloria,
620 816 914 888 benignitas
941 816 1268 884 ,beatitudo:
1307 815 1380 870 ita
1404 831 1542 886 quo-

25 930 87 985 lue
111 921 157 967 et
176 926 272 964 una
299 907 379 963 vel
405 908 524 964 duae
547 907 631 964 vel
656 907 841 980 plures
863 909 1082 965 musica:
1109 907 1332 982 syllaba:
1357 917 1546 964 tonum

25 1007 296 1059 Iiatessaron
322 999 571 1070 diapente
593 997 853 1070 jungunt,
874 1013 1108 1070 quarum
1144 998 1270 1054 dum
1301 1007 1358 1054 et
1381 998 1547 1054 melo-

25 1097 120 1150 lium
139 1093 383 1150 sentimus
410 1100 468 1146 et
489 1104 800 1146 tuerisuram
848 1089 1213 1161 intelligentes
1255 1089 1544 1154 miramur,

25 1191 184 1242 uusicze
207 1195 401 1257 partes,
432 1199 553 1255 qua:
581 1182 783 1254 aliquid
809 1183 1160 1255 signiﬁcant,
1193 1195 1300 1236 non
1357 1180 1549 1234 incon-

25 1293 111 1346 nuc
134 1275 532 1330 nominavimus.
581 1273 868 1330 Distinctio
911 1287 1040 1329 vero
1083 1272 1138 1326 in
1171 1270 1377 1326 musica
1423 1277 1545 1333 est,

25 1377 222 1439 luantqu
252 1366 313 1420 de
347 1364 592 1434 quolibet
623 1372 782 1418 cantu
824 1362 1240 1426 eontinuamus,
1285 1375 1405 1431 quas
1457 1359 1548 1416 ubi

26 1473 90 1511 rox
112 1455 433 1524 requieverit,
463 1454 870 1525 pronuntiatur.
928 1454 1059 1509 Item
1107 1454 1250 1508 sicut
1275 1467 1381 1506 una
1425 1466 1551 1522 pars

25 1549 249 1603 ocutionis
273 1555 364 1601 aut
386 1546 508 1601 duae
537 1545 618 1602 vel
655 1546 836 1616 plures
881 1561 1102 1602 sensum
1157 1546 1465 1616 perﬁciunt,
1497 1551 1554 1599 et

25 1639 287 1694 icutenliatn
329 1639 593 1709 integram
630 1637 1129 1708 comprehendunt,
1172 1646 1232 1691 ut
1271 1652 1395 1692 cum
1435 1637 1554 1692 dico

25 1731 104 1782 llllll
147 1730 266 1799 facis
289 1731 314 1783 ?
345 1730 641 1800 respondes
680 1729 791 1799 lego
819 1771 832 1795 ,
883 1731 986 1784 sive
1029 1729 1301 1784 lectionem
1353 1728 1508 1797 ﬁrmo
1537 1769 1552 1794 ,

1645 539 1750 595 Sed
1783 550 1843 595 ut
1869 539 1920 594 in
1953 539 2204 610 plurimis
2239 541 2472 610 negotiis
2517 551 2764 610 constat,
2809 544 2856 598 si
2907 560 3087 601 rarum
3129 549 3237 606 hoc

1643 631 1831 698 fuerit,
1871 630 2275 702 amplectetur;
2309 632 2504 702 saepius
2545 632 2691 687 enim
2744 634 3030 705 repetitum
3071 635 3232 695 fasti-

1643 724 1792 781 dium
1852 725 2150 794 generabit.
2213 723 2330 780 Non
2383 723 2556 780 solum
2615 725 2718 781 hoc
2745 766 2762 791 ,
2811 727 2909 782 sed
2953 737 3008 782 et
3055 731 3239 790 omnis

1644 817 1865 872 musicae
1923 819 2279 874 consonantia
2325 817 2565 874 discreto
2622 817 2887 888 replicata
2950 821 3239 893 diligitur,

1645 917 1702 965 at
1727 924 1854 965 vero
1877 925 1892 964 ἶ

1709 1002 1867 1052 Omne
1895 1011 2039 1054 nocet
2061 1006 2277 1066 nimium,
2301 1004 2502 1068 prodest
2521 1006 2644 1065 satis
2667 1017 2817 1058 omne
2836 1008 3126 1060 modestum.

1718 1098 1936 1152 Duabus
1959 1107 2217 1167 praeterea
2259 1100 2486 1157 vocibus
2512 1111 2746 1174 quatuor
2788 1100 2961 1155 modis
3008 1100 3065 1154 ﬁt
3121 1115 3238 1154 mu-

1649 1191 1760 1247 sica
1790 1189 1992 1261 syllaba
2020 1207 2034 1255 ;
2062 1190 2242 1246 omnis
2266 1192 2413 1246 enim
2448 1208 2556 1250 vox
2579 1203 2672 1249 aut
2706 1194 2776 1249 ad
2816 1192 3155 1264 proximam,
3186 1189 3242 1244 id

1649 1291 1752 1348 est,
1775 1282 2068 1336 secundam
2100 1297 2130 1336 a
2162 1297 2242 1348 se,
2271 1293 2370 1339 aut
2391 1285 2457 1340 ad
2486 1285 2731 1348 tertiam,
2757 1293 2854 1340 aut
2875 1284 2943 1339 ad
2967 1291 3241 1353 quartam,

1651 1373 1764 1428 sive
1790 1371 1856 1427 ad
1891 1373 2139 1443 quintam
2186 1374 2373 1444 juncta
2418 1376 2832 1432 consonantiam
2887 1373 3085 1429 reddit.
3131 1371 3247 1427 Hoc

1653 1473 1835 1519 autem
1875 1478 2027 1533 :eque
2055 1463 2114 1517 lit
2154 1464 2206 1518 in
2243 1464 2582 1535 depositione
2628 1465 2712 1520 vel
2757 1464 3100 1520 elevations:
3146 1461 3245 1516 sed

1655 1557 1721 1611 ad
1743 1557 2036 1611 secundam
2068 1556 2276 1612 duobus
2304 1558 2476 1613 modis
2501 1559 2561 1613 lit
2601 1557 2832 1613 elevatio
2854 1565 2908 1611 et
2948 1555 3242 1626 depositio.

1657 1648 1710 1702 id
1740 1654 1854 1712 est,
1910 1645 2196 1700 scmitonio
2231 1655 2285 1701 et
2337 1656 2503 1714 tono;
2538 1657 2595 1704 et
2651 1647 2975 1704 scmitonius
3019 1645 3243 1716 quidem

1658 1739 1989 1796 contractior
2012 1747 2114 1793 est.
2151 1738 2332 1808 Neque
2359 1740 2504 1795 enim
2553 1741 2900 1797 medietatem
2939 1739 3100 1794 unius
3126 1737 3247 1792 toni

26 1824 91 1875 Live
112 1821 322 1893 aliquam
347 1822 658 1876 sententiam
704 1838 930 1893 quwro:
980 1823 1052 1877 ita
1094 1838 1239 1888 una,
1291 1821 1410 1876 dua:
1463 1820 1551 1878 vel

1676 1847 1706 1884 ιι
1735 1844 1834 1884 suo
1863 1829 2056 1900 spatio,
2083 1843 2190 1900 quo
2212 1829 2605 1900 depositiouem
2629 1841 2684 1886 et
2710 1830 3071 1885 elevationem
3108 1826 3242 1883 facit

26 1916 154 1971 ilures
184 1931 246 1970 ex
273 1916 354 1971 his
391 1916 614 1971 musice
647 1916 894 1986 partibus
917 1917 1268 1980 versiculum,
1297 1915 1551 1984 antipho—

26 2023 111 2062 tam
142 2007 214 2062 vel
239 2007 636 2079 responsorium
666 2008 970 2077 perﬁciunt,
998 2022 1095 2062 nec
1119 2015 1298 2066 tamen
1327 2019 1548 2061 suorum

25 2115 308 2157 numerorum
328 2101 778 2174 signiﬁcationem
806 2101 1080 2155 amittunt.
1108 2100 1173 2155 Et
1198 2099 1338 2154 sicut
1369 2097 1550 2152 multa:

25 2202 53 2246 at
97 2194 298 2249 diversae
349 2196 636 2249 sententim
684 2195 750 2248 ad
800 2193 1045 2248 volumen
1098 2209 1265 2263 usque
1327 2205 1546 2246 enuere.

25 2295 169 2340 tcunt:
209 2286 274 2340 ita
303 2287 488 2340 multa?
530 2295 585 2340 et
634 2286 860 2342 diversae
905 2285 1189 2341 cantilenae
1231 2285 1551 2356 autipbona-

25 2376 122 2430 'ium
150 2378 420 2433 cumulata:
451 2377 763 2449 perﬁciunt.
813 2377 890 2431 Ex
938 2392 1044 2446 quo
1074 2377 1360 2448 probatur,
1409 2374 1550 2445 quod

25 2468 57 2524 5.
94 2469 218 2540 Papa
245 2469 540 2544 Gregorius
569 2473 687 2542 plus
711 2473 962 2526 omnibus
993 2487 1089 2542 per
1137 2471 1372 2524 divinam
1421 2484 1548 2539 gra-

25 2564 114 2617 .i:un
158 2566 303 2636 hujus
349 2567 488 2621 artis
530 2565 849 2620 industriam
891 2566 962 2620 sit
1022 2567 1269 2632 adeptus.
1319 2560 1458 2616 Nam
1503 2560 1552 2616 si

26 2655 465 2724 verpendas,vulde
514 2655 761 2710 mirabile
805 2665 924 2716 est,
967 2655 1109 2725 quod
1161 2656 1210 2708 in
1265 2653 1547 2709 nocturnis

25 2749 321 2815 'esponsoriis
341 2747 810 2804 somnolentorum
834 2761 983 2801 more
1015 2745 1253 2817 graviter
1278 2754 1332 2800 et
1377 2745 1552 2801 disso-

27 2847 94 2893 ute
113 2840 169 2896 ad
194 2841 521 2913 vigilandum
552 2857 651 2897 nos
690 2841 983 2895 exbortare
1014 2839 1225 2894 videtur
1257 2857 1270 2892 :
1303 2839 1356 2893 in
1403 2837 1551 2892 auti-

25 2931 165 2988 dionis
185 2949 307 2989 vero
331 2934 489 3006 plane
518 2943 572 2989 et
592 2933 832 2989 suaviter
855 2940 1010 2986 sonat
1035 2947 1048 2997 ;
1089 2929 1142 2984 in
1171 2929 1404 2984 introitis
1428 2927 1553 3002 [leg.

27 3023 294 3098 inmitibus]
327 3041 452 3081 vero
496 3024 653 3095 quasi
694 3037 827 3077 voce
873 3022 1144 3093 praeconia
1195 3019 1263 3074 ad
1315 3019 1555 3073 divinum

25 3114 171 3173 tlamat
215 3118 494 3176 ofﬁcium:
550 3121 604 3173 in
649 3116 873 3172 Alleluia
919 3114 1162 3170 suaviter
1207 3113 1448 3183 gaudet:
1501 3111 1556 3166 in

29 3218 151 3262 ractu
174 3225 297 3266 vero
323 3220 377 3267 et
405 3211 725 3282 gradalibus
775 3209 933 3279 plane
979 3217 1034 3264 et
1069 3216 1328 3279 protense
1373 3207 1554 3263 humi-
1582 3183 1631 3250 ο

30 3299 210 3369 ialuquc
234 3316 363 3358 voce
387 3302 646 3358 incedere
684 3295 928 3355 videtur.
977 3299 1034 3355 ln
1079 3298 1381 3356 Olierendis
1431 3313 1562 3356 vero

25 3396 236 3446 etearum
261 3392 528 3458 versibus,
555 3391 896 3460 maximeque
943 3390 996 3444 iu
1043 3388 1559 3457 Communionibus,

26 3493 232 3549 juantum
275 3485 328 3540 in
359 3486 462 3542 hac
487 3494 610 3541 arte
639 3484 890 3550 valuerit,
938 3484 1235 3555 patefecit;
1291 3493 1376 3539 est
1418 3484 1564 3539 enim

30 3585 56 3624 n
79 3574 149 3630 eis
185 3577 491 3634 omnimoda
530 3575 688 3646 hujus
736 3577 871 3631 artis
936 3576 1166 3631 elevatio
1193 3617 1208 3641 ,
1259 3575 1558 3645 depositio,

25 3662 296 3734 luplicatio,
319 3668 552 3724 dulcedo
579 3667 1032 3739 cognoscentibus
1056 3706 1070 3731 ,
1113 3666 1266 3722 labor
1311 3665 1567 3721 discenti-

25 3771 109 3824 ms,
136 3761 386 3834 valdeque
405 3763 476 3818 ab
502 3763 626 3817 aliis
651 3761 900 3816 cantibus
929 3760 1242 3831 discrepans
1287 3759 1425 3814 mira
1473 3759 1568 3815 de-

25 3848 208 3913 )ositio,
255 3859 310 3908 et
349 3868 458 3910 non
503 3861 714 3908 tantum
763 3851 1059 3906 secundum
1100 3849 1364 3905 musicam
1415 3849 1565 3917 facti,

26 3951 143 4004 [natu
165 3942 376 3998 musica:
399 3942 784 3998 auctoritatem
803 3948 859 3995 et
879 3950 1195 4011 argumenta
1221 3948 1562 4010 praestantes.

25 4026 208 4088 ianctus
227 4049 353 4091 vero
373 4033 699 4089 Ambrosius
726 4033 778 4087 in
796 4032 909 4088 sola
931 4031 1214 4087 dulcedine
1244 4031 1569 4088 mirabiliter

29 4120 278 4180 aboravit:
313 4126 515 4197 allique
553 4139 715 4195 quam
760 4122 1015 4194 plurimi,
1055 4132 1218 4193 prout
1259 4138 1290 4177 a
1340 4123 1569 4178 Domino

25 4227 302 4284 tcceperuut
330 4220 500 4274 divisa
541 4230 765 4272 munera
792 4256 806 4281 ,
857 4213 973 4284 ejus
1008 4213 1396 4286 gomphylacio
1441 4230 1571 4270 con-

26 4306 243 4367 lulerunt.
285 4312 377 4368 llle
427 4321 616 4367 autem
667 4309 903 4366 maxime
951 4307 1263 4362 auctoritati
1321 4307 1572 4362 ecclesiae

25 4403 344 4470 :ontradicit,
391 4404 485 4475 qui
531 4411 755 4472 propter
803 4400 1034 4455 aliorum
1091 4406 1282 4454 cantus
1328 4398 1569 4453 divinum

25 4489 65 4543 Β.
90 4492 318 4566 Gregorii
348 4497 553 4552 donum
596 4493 810 4565 penitus
851 4489 1233 4562 pratermittit.
1285 4487 1420 4542 Nam
1445 4502 1570 4544 cum

25 4580 98 4635 Ilia
119 4594 234 4640 sunt
270 4585 613 4657 accipienda,
646 4582 782 4639 tanti
831 4590 1011 4637 tamen
1062 4579 1235 4650 patris
1269 4579 1572 4634 auctoritas

25 4687 328 4748 summopere
355 4687 441 4733 est
476 4676 810 4731 veneranda.
842 4673 954 4728 Nos
980 4682 1162 4728 autem
1216 4688 1322 4727 non
1367 4671 1577 4728 carnali

25 4768 353 4836 scicntia,sed
395 4771 455 4827 in
500 4785 571 4826 eo
600 4769 819 4840 spiritu,
866 4782 974 4838 quo
1035 4765 1151 4836 ipse
1196 4765 1437 4820 imbutus
1467 4771 1574 4834 est,

25 4862 338 4930 Conﬁdentes,
367 4877 602 4936 quaeque
631 4861 698 4916 ad
745 4857 905 4928 hujus
947 4857 1084 4914 artis
1109 4855 1342 4918 celerem
1385 4873 1582 4933 prove-

25 4949 144 5006 aiant
173 4954 432 5018 notitiam,
457 4953 603 5009 sicut
624 4951 910 5028 empimns,
941 4970 1333 5026 exsequamur:
1359 4953 1579 5027 etquod

25 5037 74 5094 lle
95 5043 298 5105 musice
337 5045 634 5120 alphabeto
681 5047 814 5104 satis
842 5046 1047 5102 dictum
1092 5055 1204 5112 est,
1233 5046 1300 5101 de
1346 5047 1571 5116 syllabis

25 5135 304 5216 videamus]

75 5232 206 5306 (161)
230 5236 427 5292 Mnsica
454 5232 686 5306 syllaba,
711 5247 830 5301 qua:
853 5246 957 5287 una
987 5231 1107 5287 ﬁeri
1139 5245 1269 5286 voce
1309 5235 1577 5292 creditur,

25 5323 156 5352 nulla
182 5327 503 5352 A—nAn:n:nnn
533 5339 642 5352 ατη-ι
679 5322 875 5352 ἶ-ιιιῖινηο
933 5322 1056 5352 η-ιῖσι
1088 5320 1227 5352 nune.
1272 5337 1435 5352 OI-I|n\
1468 5329 1546 5352 nol

1651 1921 1852 1978 habere
1879 1921 2088 1976 videtur
2113 1939 2126 1975 τ
2159 1936 2334 1992 neque
2353 1922 2516 1977 etiam
2548 1921 2716 1992 aequis
2743 1935 3090 1976 numerorum
3121 1932 3249 1990 pas-

1653 2016 1804 2072 sibus
1838 2029 1993 2070 suam
2026 2015 2347 2084 positionem
2379 2015 2518 2070 tueri
2545 2013 2691 2069 valet
2720 2030 2734 2079 ;
2770 2027 2911 2066 unus
2949 2018 3005 2066 et
3045 2011 3255 2079 imper-

1654 2107 1828 2165 fectus
1852 2115 1956 2171 est,
2009 2117 2063 2162 et
2114 2105 2230 2175 ejus
2276 2105 2506 2161 elevatio
2551 2104 2635 2160 vel
2681 2103 2946 2174 depositio
2998 2103 3139 2158 sicut
3193 2100 3252 2154 in

1651 2201 1852 2257 chorda
1883 2199 1941 2254 ﬁt
1967 2240 1982 2264 ,
2033 2199 2107 2253 ita
2150 2198 2202 2252 in
2241 2213 2372 2254 voce
2415 2211 2708 2268 parumper
2755 2193 3005 2266 protendi
3039 2193 3250 2258 debet,

1653 2292 1793 2346 sicut
1849 2290 2012 2360 hujus
2064 2290 2374 2361 antiphona:
2425 2288 2603 2359 prima
2651 2287 2888 2345 elevatio
2935 2293 3248 2341 monstrat:

1651 2381 1884 2437 Jubilate
1924 2380 2052 2434 Deo.
2100 2378 2236 2433 Nam
2277 2394 2402 2434 cum
2447 2393 2478 2433 a
2518 2378 2708 2449 quinta
2753 2391 2886 2431 voce
2939 2376 2990 2430 in
3039 2383 3255 2430 sextam

1653 2470 2358 2545 progredcris,lmjusmodi
2391 2471 2754 2526 elevationem
2803 2466 3090 2524 scmitonio
3132 2462 3255 2520 ﬁeri

1655 2564 1940 2635 cognoscis
1986 2579 2001 2629 ;
2059 2564 2456 2633 depositionem
2511 2577 2644 2618 vero
2709 2560 2829 2631 ejus
2895 2557 3254 2630 reciprocatis

1654 2658 1878 2713 vocibus
1904 2656 2242 2728 pet-notabis,
2267 2667 2325 2712 ut
2357 2656 2408 2711 in
2435 2655 2538 2711 hac
2583 2655 2879 2724 autiphona
2906 2670 2919 2707 :
2949 2649 3092 2705 Laus
3122 2647 3236 2707 Deo

1659 2751 1833 2808 Patri.

1730 2844 1821 2899 Fit
1850 2852 2114 2915 praeterea
2145 2842 2421 2898 semitenii
2453 2840 2658 2912 syllaba
2701 2848 2814 2894 tum
2858 2835 3112 2906 simplex,
3143 2839 3261 2890 tum

1660 2935 2000 3008 composita;
2045 2943 2101 2989 et
2149 2933 2376 3004 simplex
2423 2932 2644 3003 quidem
2694 2939 2780 2986 est
2807 2970 2823 2995 ,
2872 2929 2925 2984 in
2953 2942 3060 2998 qua
3090 2923 3263 2982 semel

1660 3040 1893 3100 utraque
1919 3030 2123 3085 chorda
2154 3037 2333 3092 sonat,
2363 3027 2478 3082 sive
2522 3027 2574 3080 in
2623 3025 2770 3080 arsin
2817 3023 2932 3080 sive
2960 3021 3012 3076 in
3054 3020 3264 3099 thesin,

1663 3123 1768 3179 hoc
1787 3132 1873 3179 est
1898 3122 2256 3178 elevationem
2284 3129 2338 3174 et
2365 3118 2783 3190 depositionem,
2806 3114 3012 3171 habens
3042 3121 3258 3168 tantum

1666 3217 1800 3273 duas
1832 3229 1990 3271 voces
2018 3222 2075 3268 et
2103 3214 2236 3268 duos
2268 3220 2463 3266 motus.
2493 3207 2805 3280 Composita
2832 3222 2962 3262 vero
2992 3214 3092 3267 est,
3128 3219 3256 3276 qua

1666 3307 1794 3365 licet
1822 3308 1956 3363 duas
1987 3315 2196 3360 tantum
2244 3319 2404 3358 voces
2453 3300 2684 3365 habeat,
2735 3300 2788 3355 in
2837 3299 3041 3353 eisdem
3075 3307 3263 3352 tamen

1667 3410 1781 3456 tres
1807 3399 2052 3454 continet
2080 3406 2281 3461 motus,
2311 3411 2433 3449 ctum
2465 3410 2570 3449 una
2601 3409 2787 3449 earum
2815 3393 2898 3447 his
2926 3400 3082 3447 sonat
3110 3432 3124 3456 ,
3165 3400 3262 3452 at...

1667 3508 1772 3564 que
1795 3492 1900 3547 alia
1931 3489 2128 3557 semel;
2164 3489 2220 3544 ﬁt
2253 3497 2433 3543 autem
2466 3488 2641 3542 modis
2671 3501 2786 3541 sex.
2819 3484 2952 3538 Nam
2982 3499 3103 3538 cum
3132 3499 3260 3553 gra-

1666 3586 1786 3640 vior
1815 3584 1918 3649 bis,
1949 3592 2004 3637 et
2031 3581 2300 3652 posterior
2325 3578 2524 3642 semel,
2573 3594 2635 3631 ac
2662 3576 2857 3631 deinde
2885 3588 3006 3644 quae
3030 3573 3262 3644 gravior

1668 3686 1791 3743 est,
1846 3678 1929 3733 bis
1978 3682 2362 3746 prosequatur,
2418 3671 2560 3724 modi
2610 3677 2735 3723 sunt
2783 3668 2908 3723 duo.
2965 3663 3023 3720 Si
3078 3673 3260 3719 autem

1668 3769 1937 3840 posterior
1960 3765 2046 3821 bis
2070 3773 2256 3829 sonet,
2304 3771 2358 3816 et
2389 3761 2454 3816 ad
2489 3761 2727 3830 priorem
2771 3774 2876 3812 una
2909 3757 3262 3826 percussione

1671 3855 1994 3918 descendat,
2036 3868 2226 3908 rursus
2277 3851 2423 3906 modi
2473 3859 2600 3905 sunt
2644 3849 2733 3903 alii
2785 3847 2913 3902 duo.
2965 3845 3165 3901 Deinde
3212 3844 3262 3900 si

1672 3949 1989 4020 simpliciter
2016 3947 2083 4003 ad
2111 3946 2404 4002 secundum
2450 3943 2751 4007 ascendat,
2801 3954 3036 4010 mosque
3071 3938 3136 3994 ad
3167 3951 3259 3993 se-

1672 4041 1959 4111 metipsam
1993 4040 2178 4093 redeat
2225 4037 2402 4108 prima
2449 4036 2564 4089 sive
2609 4034 2980 4096 descendens,
3020 4030 3262 4086 secunda

1674 4131 1739 4186 ad
1771 4132 1999 4202 primam
2028 4145 2153 4184 mox
2187 4128 2251 4181 ad
2283 4127 2628 4195 semetipsam
2652 4131 2913 4186 recurrat,
2947 4120 3090 4175 modi
3124 4119 3266 4177 ﬁunt

1673 4223 1764 4277 alii
1793 4224 1921 4276 duo.
1961 4221 2095 4276 Cum
2123 4229 2302 4273 autem
2334 4219 2387 4271 in
2424 4229 2749 4285 unoquoque
2777 4213 3118 4284 superiorum
3147 4227 3268 4268 mo-

1676 4316 1869 4370 dorum
1894 4313 2163 4376 eamdem,
2193 4311 2281 4365 ubi
2316 4309 2518 4372 linitur,
2551 4306 2907 4377 repercutias,
2936 4304 3049 4359 sive
3079 4304 3148 4358 ad
3178 4303 3265 4364 al.

1677 4416 1846 4462 teram
1877 4402 2085 4465 redeas,
2123 4399 2406 4472 quaternis
2431 4397 2666 4453 motibus
2715 4405 2772 4453 et
2799 4395 3013 4456 duabus
3039 4398 3272 4455 vocibus

1676 4496 1956 4552 notabitur
1981 4492 2211 4564 syllaba.

1746 4586 1954 4654 Quibus
1982 4584 2054 4638 ita
2092 4581 2312 4654 positis,
2346 4580 2394 4642 si
2425 4598 2588 4640 uuam
2626 4581 2713 4636 vel
2743 4581 2971 4638 alteram
3008 4595 3268 4650 repercu-

1677 4678 1800 4742 tias,
1831 4674 2028 4752 quinos
2062 4672 2226 4733 etiam
2273 4674 2584 4745 pervidebis
2617 4679 2798 4727 motus
2829 4691 2842 4726 :
2876 4680 3038 4740 atque
3062 4669 3164 4722 hoc
3197 4667 3270 4720 ad

1677 4766 1907 4841 plurima
1940 4767 2308 4838 proteudetur.
2343 4764 2505 4819 Nobis
2535 4770 2716 4816 autem
2748 4761 2946 4817 melius
2983 4759 3176 4828 placet,
3209 4766 3277 4810 ut

1680 4877 1869 4918 onmes
1901 4861 1953 4915 bi
1984 4872 2163 4916 motus
2193 4857 2264 4911 ita
2301 4855 2657 4927 diSponantur
2696 4852 2752 4908 in
2791 4851 3048 4925 syllabas,
3079 4856 3273 4918 quate-

1684 4967 1786 5006 nus
1813 4951 1943 5023 ipsa:
1973 4950 2194 5022 syllaba'
2227 4947 2344 5000 sive
2374 4960 2482 5002 uno
2529 4944 2642 4998 sive
2687 4943 2898 5000 duobus
2950 4944 3064 4998 sive
3105 4938 3280 4994 ternis

1681 5043 2064 5098 contineantur
2109 5035 2370 5100 motibus,
2403 5033 2546 5105 quo-.l
2582 5040 2638 5086 et
2686 5033 2888 5088 rationi
2912 5029 3274 5090 commodius,

1679 5140 1734 5186 ct
1758 5131 2094 5186 discentibus
2121 5125 2385 5197 probatur
2411 5123 2610 5178 utilius.
2641 5121 2708 5173 Et
2727 5135 2944 5190 «ιιιοιιιθ
2965 5117 3277 5188 huiusmodi

1681 5223 2121 5278 coutinuationes
2167 5215 2540 5280 inveniuntur,
2591 5211 3072 5281 multiplicationes
3101 5222 3287 5276 ponus

1681 5315 1921 5352 ,κρυ-..ιιι
1967 5322 2088 5352 αιηιι
2143 5307 2503 5352 cvllnltarnm.
2571 5302 2752 5352 ﬂuare
2823 5319 2964 5352 smne.
3015 5301 3288 5352 continuit

3853 151 3866 530 ξ
