3964 5360
161 280 273 340 ’189

1413 297 1779 356 OPUSCULA
1822 298 1910 354 DE
1953 297 2229 356 MUSICA.

3343 297 3457 384 Ψ.

163 385 282 449 suis
309 394 501 465 spatiis
549 395 823 452 claudunt.
856 400 911 454 in
942 411 1174 475 utraque
1223 417 1403 480 autem
1437 411 1619 482 specie
1663 427 1758 467 sex
1788 415 1836 474 Λ
1865 431 2050 478 unam,
2098 415 2148 468 in
2174 413 2426 485 diapente
2463 415 2784 470 intermittat
2832 417 2983 469 duas.
3040 414 3131 468 lla:
3185 423 3448 484 praaterea

163 488 356 542 modos
377 488 633 558 pradicta
683 491 885 562 syllaba
922 498 1245 555 continebit.
1277 499 1410 557 Nam
1438 519 1560 559 cum
1583 519 1611 559 a
1644 505 1756 576 pri-

163 597 251 635 ma
283 581 561 651 incipitur,
599 593 696 639 aut
741 587 808 642 ad
841 591 1132 647 secundam
1182 601 1239 650 et
1289 596 1503 651 tertiam
1551 597 1758 653 directe

161 671 441 726 ascendit:
469 683 563 728 aut
590 675 742 744 prius
774 676 842 732 ad
890 680 1104 736 tertiam
1135 699 1200 740 ac
1232 685 1426 741 deinde
1467 687 1534 741 ad
1565 700 1759 743 secun-

159 764 288 819 dam
316 766 485 834 venit,
515 766 759 840 ﬁuntque
789 773 932 828 modi
957 773 1080 828 duo.
1121 774 1251 832 Item
1293 794 1415 833 eum
1458 794 1487 833 a
1522 781 1758 836 secunda

161 854 452 925 incipitur,
490 869 586 914 aut
610 859 678 915 ad
704 862 934 931 primam
964 867 1131 934 prius,
1164 877 1220 922 et
1266 879 1386 939 post
1415 868 1481 923 ad
1517 871 1756 933 tertiam,

156 947 280 1003 sive
305 949 460 1018 prius
510 951 580 1006 ad
620 954 835 1009 tertiam
875 966 931 1010 et
975 966 1098 1026 post
1151 957 1218 1012 ad
1253 959 1486 1030 primam
1535 962 1757 1029 vadens,

159 1039 360 1096 modos
388 1040 516 1097 facit
546 1044 741 1100 iterum
773 1048 928 1103 duos.
980 1049 1112 1105 Cum
1147 1067 1273 1106 vero
1300 1068 1330 1106 a
1361 1054 1516 1109 tertia
1569 1054 1760 1124 incipi-

158 1141 273 1196 tur,
306 1133 424 1189 sive
472 1136 624 1206 prius
655 1137 724 1192 ad
751 1138 982 1210 primam
1027 1157 1092 1196 ae
1121 1142 1319 1200 deinde
1343 1145 1408 1198 ad
1441 1147 1755 1216 secundum,

157 1222 282 1278 sive
310 1224 462 1295 prius
504 1227 570 1282 ad
601 1229 894 1284 secundum
941 1247 1003 1286 ac
1043 1233 1240 1289 deinde
1270 1236 1338 1290 ad
1375 1238 1603 1306 primam
1636 1254 1759 1308 pro-

158 1315 368 1372 cedens
411 1319 598 1376 modos
650 1321 827 1377 reddit
876 1323 1010 1382 alios
1063 1325 1215 1381 duos.
1254 1328 1334 1382 Ad
1380 1345 1760 1400 quamcunque

156 1407 311 1462 enim
361 1409 551 1466 harum
608 1412 938 1484 syllabarum
983 1417 1280 1485 quemlibet
1347 1436 1511 1476 unum
1554 1431 1757 1478 motum

157 1501 457 1572 adjeceris,
511 1506 646 1562 duas
685 1508 918 1578 syllabas
945 1510 1089 1568 binis
1131 1513 1368 1570 motibus
1419 1526 1754 1583 constantes,

161 1596 284 1650 sive
309 1608 368 1652 ut
394 1599 610 1670 quidam
644 1602 846 1667 volunt,
891 1607 1173 1672 quaternis
1229 1608 1464 1670 motibus
1495 1610 1756 1664 musicam

163 1688 286 1744 ﬁeri
317 1689 580 1759 syllabam
609 1707 674 1749 ae
714 1694 890 1750 tribus
927 1696 1151 1751 vocibus
1181 1699 1512 1767 pet-notabis.
1539 1699 1596 1754 Si
1630 1716 1758 1755 vrro

1861 518 2056 562 vocum
2066 502 2493 572 coniunctiones,
2519 503 2716 576 quibus
2738 503 2956 578 syllaba:
2972 504 3280 560 constitute
3300 511 3448 566 sunt,

1863 599 1988 652 dum
2020 611 2357 670 unaqnazqne
2386 613 2490 654 vox
2517 599 2632 654 sive
2658 599 2711 653 in
2741 597 3081 668 depositione
3117 596 3230 653 sive
3262 596 3314 651 in
3341 594 3454 651 ele-

1861 692 2081 746 vatione
2121 701 2212 746 aut
2252 691 2320 745 ad
2376 693 2668 746 secundam
2711 698 2804 746 aut
2845 689 2912 746 ad
2957 689 3170 746 tertiam
3224 696 3320 744 aut
3379 687 3449 743 ad

1862 794 2111 856 quartam
2153 784 2267 840 sive
2291 783 2358 841 ad
2384 785 2629 856 quintam
2650 784 2991 855 iungeretur,
3018 782 3287 845 similiter,
3312 788 3373 834 ut
3396 778 3451 835 in

1863 875 2084 948 syllabis
2114 877 2316 932 dictum
2347 885 2453 943 est,
2496 877 2568 932 ita
2599 884 2655 933 et
2685 877 2739 932 in
2771 875 3018 947 partibus
3046 883 3101 930 et
3146 869 3453 930 distinctio-

1864 967 2023 1022 nibus
2046 967 2398 1023 observandze
2451 977 2600 1034 sunt,
2645 976 2703 1022 ut
2752 965 2874 1023 ﬁnis
2915 963 3143 1034 alicujus
3169 963 3342 1036 partis
3367 961 3452 1017 vel

1862 1059 2227 1116 distinctionis
2279 1059 2576 1116 secundum
2616 1057 2907 1130 prmdietos
2948 1055 3216 1129 principio
3261 1053 3454 1110 modos

1863 1152 2090 1208 conveni
2099 1168 2154 1208 re
2187 1153 2400 1223 utrique
2430 1151 2735 1207 videantur.
3327 1156 3330 1160 '

1935 1243 2062 1298 [late
2089 1251 2268 1298 autem
2300 1259 2469 1314 pauca
2503 1243 2570 1297 de
2601 1241 2823 1298 musicis
2858 1239 3082 1313 syllabis
3110 1237 3366 1300 diximus,
3391 1245 3456 1288 ut

1863 1349 2025 1406 quam
2051 1335 2235 1405 plures
2265 1336 2556 1389 varietates
2583 1331 3066 1389 consonantiarum
3089 1327 3278 1399 paucis
3319 1326 3453 1380 ﬁant

1866 1428 2088 1484 vocibus
2121 1428 2301 1498 aliquo
2329 1427 2486 1483 modo
2520 1435 2967 1489 monstraremus,
3011 1433 3173 1494 atque
3199 1429 3260 1475 ut
3303 1433 3452 1484 eum,

1863 1521 1954 1592 qui
1989 1520 2429 1598 antiphonarimn
2469 1533 2568 1590 per
2612 1515 2967 1573 monocbordi
3021 1513 3232 1569 litteras
3259 1520 3450 1566 notare

1863 1612 2043 1678 debet,
2073 1612 2308 1682 qualiter
2329 1627 2422 1666 eas
2453 1609 2764 1674 distribuat,
2799 1609 3152 1664 duceremus:
3185 1604 3300 1660 sive
3324 1602 3450 1674 quia

1863 1719 2044 1769 unine,
2080 1704 2219 1774 quod
2253 1703 2526 1767 dividitur,
2560 1701 2717 1758 facile
2758 1700 2975 1771 capitur
3025 1706 3134 1752 tam
3157 1712 3254 1750 usu
3285 1708 3448 1764 quam

158 1780 330 1835 alium
362 1782 625 1853 adjeceris
659 1796 885 1853 motum,
940 1797 998 1841 ut
1025 1788 1132 1842 sint
1163 1799 1338 1844 motus
1380 1790 1638 1860 quinque.
1668 1792 1760 1848 Sic
1790 1803 1835 1862 Β
1864 1815 2056 1861 sensu;
2081 1801 2222 1870 quod
2253 1815 2378 1854 vero
2404 1799 2716 1864 indivisum,
2751 1799 2892 1853 idem
2925 1805 3009 1852 est
3057 1805 3110 1850 et
3141 1792 3450 1855 confusum,

159 1875 222 1927 in
265 1875 401 1930 duas
450 1877 684 1953 syllabas
719 1881 1004 1950 partietur,
1055 1893 1116 1937 ut
1168 1882 1338 1936 altera
1384 1884 1540 1948 du03,
1582 1883 1754 1940 altera
1853 1893 2140 1964 niagisque
2171 1901 2410 1946 mentem
2433 1888 2738 1954 confundit,
2782 1899 2838 1944 et
2862 1887 3180 1960 ignorantia:
3213 1880 3454 1940 tenebris

161 1977 348 2020 lllOlllS
378 1968 573 2024 habeat
607 1978 809 2038 ternos,
840 1981 1001 2044 atque
1028 1973 1129 2030 hoc
1181 1974 1367 2029 tandiu
1414 1984 1752 2040 concreseet,

159 2074 336 2127 usque
363 2060 488 2116 (inin
521 2063 826 2132 hujusmodi
860 2067 1080 2139 syllaba:
1117 2068 1435 2140 plerumque
1474 2069 1615 2134 duae,
1645 2070 1757 2140 ple-

158 2162 396 2219 rumque
425 2159 536 2207 tres
563 2163 655 2208 aut
685 2154 870 2223 plures
895 2155 1050 2212 ﬁant.

238 2240 543 2313 lnterrupta
587 2253 767 2300 autem
796 2250 964 2306 ternis
987 2250 1210 2306 vocibus
1262 2251 1465 2322 syllaba
1523 2251 1602 2317 ﬁt,
1635 2268 1756 2308 eum

161 2332 242 2386 ita
276 2343 384 2389 tres
412 2351 574 2392 voces
604 2339 984 2410 disponuntur,
1029 2350 1138 2396 uta
1165 2344 1416 2414 graviore
1444 2344 1497 2398 in
1551 2345 1758 2400 acutio-

162 2440 280 2479 rem
308 2443 412 2481 una
445 2428 526 2483 vel
555 2429 672 2485 duae
709 2447 870 2488 voces
906 2433 1121 2490 intaelte
1165 2436 1672 2506 practermittantur,
1706 2436 1757 2490 id

161 2527 266 2580 est,
300 2535 421 2574 eum
475 2523 694 2592 gravior
722 2533 885 2595 atque
938 2525 1100 2580 altior
1150 2527 1492 2583 diatessaron
1520 2536 1611 2580 aut
1643 2511 1760 2580 diar-

163 2621 326 2680 pcnte
351 2615 704 2671 constituunt.
755 2616 889 2671 Nam
947 2620 1118 2674 tribus
1165 2621 1488 2678 sonantibus
1530 2635 1626 2674 aut
1654 2637 1758 2676 una

163 2701 562 2768 intermittitur,
590 2713 644 2758 et
669 2713 796 2760 sunt
819 2718 1089 2776 quatuor:
1121 2719 1212 2766 aut
1241 2711 1362 2786 dum
1383 2709 1758 2786 intermittun-

77 2791 92 2793 ’
165 2803 275 2858 tur,
322 2804 375 2848 et
428 2797 753 2858 intermissae
798 2799 957 2854 simul
992 2808 1156 2870 atque
1217 2784 1475 2855 sonantes
1519 2784 1758 2870 quinque

164 2896 544 2942 intulerantur.
577 2889 821 2956 Quatuor
846 2900 1027 2946 autem
1057 2901 1113 2947 et
1160 2893 1400 2963 quinque
1432 2908 1596 2948 voces
1644 2903 1755 2947 tum

155 2976 282 3046 jure
308 2981 632 3046 consistunt,
684 2999 807 3039 eum
857 2985 1193 3041 diatessaron
1243 2995 1299 3040 et
1351 2986 1603 3057 diapente
1626 3002 1756 3042 eon-

161 3070 376 3128 ﬂ'l'iunt.
1300 3082 1302 3086 ·

1862 1984 2108 2048 involvit,
2134 1999 2296 2053 quam
2331 1983 2510 2053 aliqua
2543 1981 2790 2037 doctrina
2817 1978 3043 2043 imbuat,
3079 1987 3172 2032 aut
3211 1972 3457 2030 scientia

1860 2075 1979 2130 luce
2003 2076 2311 2146 expeditam
2355 2075 2536 2130 faciat.
2562 2074 2736 2144 Atque
2760 2073 2876 2128 haec
2905 2085 3068 2126 causa
3101 2075 3204 2132 est,
3234 2072 3457 2135 propter

1861 2163 2023 2236 quam
2050 2175 2105 2222 et
2132 2165 2352 2238 syllaba:
2381 2175 2436 2221 et
2481 2175 2666 2236 partes
2699 2180 2764 2221 ae
2799 2161 3182 2224 distinctiones
3211 2157 3375 2213 etiam
3400 2153 3455 2208 in

1863 2259 2066 2314 nmsica
2094 2257 2419 2335 excogitata;
2449 2258 2578 2316 sint.

1936 2351 2042 2405 Sed
2071 2337 2324 2424 quoniam
2361 2366 2429 2406 ex
2458 2365 2638 2406 rerum
2681 2346 3033 2404 similitudine
3079 2358 3188 2398 non
3230 2351 3454 2412 parvam

1863 2445 2144 2518 scientiam
2188 2444 2452 2514 capimus,
2499 2458 2621 2497 eum
2678 2440 2822 2511 quod
2857 2440 2909 2494 in
2937 2454 3042 2493 una
3090 2451 3150 2492 re
3182 2435 3264 2500 ﬁt,
3316 2431 3453 2488 etin

1864 2536 1987 2590 aliis
2031 2536 2282 2589 similiter
2324 2535 2438 2590 ﬁeri
2494 2539 2890 2605 perpendentes
2928 2545 3026 2600 per
3069 2543 3230 2583 unam
3277 2525 3457 2596 plures

1863 2627 2259 2696 cognoscimus,
2310 2625 2536 2694 utquod
2587 2625 2640 2678 in
2691 2623 2820 2678 locis
2848 2622 2996 2692 ipsae,
3036 2635 3174 2692 quas
3196 2617 3455 2682 diximus,

1862 2701 2490 2788 vocumconjunctiones
2539 2716 2594 2770 in
2621 2713 2989 2770 monochordo
3020 2712 3271 2768 similiter
3301 2708 3476 2776 ﬁant,.

1861 2812 2134 2881 simiiique
2188 2809 2368 2874 modo,
2414 2809 2540 2865 licet
2590 2815 2796 2862 umtata
2837 2821 2988 2869 voce,
3033 2812 3305 2866 cantetur,
3353 2816 3450 2856 co-

1861 2887 2132 2978 gnoscas;
2183 2905 2326 2960 sicut
2372 2903 2437 2957 de
2491 2912 2616 2958 tono
2654 2899 3019 2956 etsemitonio
3048 2896 3296 2968 superius
3323 2894 3458 2949 feei-

1862 3014 2002 3062 mus,
2036 2998 2112 3051 ita
2157 3009 2298 3050 nunc
2348 2994 2414 3048 de
2455 2993 2678 3063 reliquis
2724 2989 3196 3062 conjunctionibus
3238 2999 3456 3050 vocum,

1786 3114 1788 3117 -
1833 3097 2200 3158 quaecunque
2224 3083 2432 3140 similes
2472 3089 2616 3148 sunt,
2647 3081 2735 3136 bis
2773 3081 2964 3153 ﬁguris
3007 3086 3290 3138 notamus;
3318 3078 3457 3146 qu.

240 3163 310 3220 Ut
335 3164 500 3235 igitur
526 3167 792 3239 superﬂua
828 3168 896 3223 de
940 3169 1267 3241 syllabarum
1300 3171 1570 3242 positione
1620 3185 1758 3241 prze-
1785 3171 1832 3234 C
1863 3192 1984 3232 rum
2011 3178 2055 3232 si
2095 3177 2240 3231 Deus
2263 3173 2594 3247 agnitionem
2639 3171 2806 3237 dedit,
2841 3183 3120 3240 nunquam
3165 3167 3456 3228 curiosita-

163 3257 556 3324 termittamus,
587 3259 690 3315 hoc
723 3259 817 3314 tibi
857 3260 922 3315 de
945 3275 1133 3316 earum
1161 3263 1471 3333 cognitione
1507 3261 1755 3325 sulIicict,

159 3349 308 3417 quod
355 3350 607 3420 quaelibet
649 3349 858 3422 syllaba
919 3352 1130 3409 duabus
1183 3352 1265 3408 vel
1314 3354 1488 3409 tribus
1535 3355 1764 3412 vocibus

159 3450 422 3497 constans
448 3441 781 3498 diatessaron
809 3452 865 3498 et
903 3445 1156 3515 diapente
1207 3461 1482 3516 nunquam
1524 3446 1757 3501 excedit.

163 3534 221 3588 Si
255 3534 403 3588 enim
431 3533 659 3590 duarum
692 3551 884 3591 vocum
930 3535 1111 3602 fuerit,
1163 3537 1208 3593 si
1231 3538 1366 3593 duas
1404 3537 1539 3593 alias
1590 3537 1758 3592 inter—

160 3625 396 3688 miserit,
431 3625 484 3680 in
517 3625 855 3683 diatessaron
912 3627 1180 3683 manebit:
1213 3628 1257 3683 si
1301 3643 1429 3682 vero
1453 3637 1563 3682 tres
1595 3627 1759 3684 inter-

161 3717 398 3786 misrrit,
431 3717 486 3772 in
523 3717 771 3788 diapente
801 3719 903 3774 hoc
925 3717 1018 3774 ﬁet
1047 3729 1102 3774 et
1131 3719 1250 3775 duae
1271 3729 1526 3774 sonantes
1563 3729 1616 3774 et
1648 3729 1760 3775 tres

159 3808 492 3864 intermissae
528 3811 767 3880 quinque
795 3821 1171 3866 numerantur.
1205 3811 1358 3880 Quod
1403 3812 1447 3867 si
1473 3813 1634 3866 trium
1664 3827 1759 3866 vo-

158 3917 288 3957 cum
316 3903 498 3967 l‘uerit,
529 3913 590 3958 ut
627 3904 878 3974 superius
922 3905 1126 3960 dictum
1181 3915 1282 3970 est,
1311 3905 1362 3959 in
1409 3904 1752 3960 diatessaron

594 4108 884 4163 semitonio
941 4123 972 4161 a

265 4105 417 4160 Tune
479 4115 534 4160 et

1868 3279 1975 3323 tem
1998 3264 2160 3337 buQus
2184 3269 2366 3338 operis
2395 3265 2594 3321 frustra
2626 3273 2682 3321 te
2711 3262 3008 3334 arripuisse
3043 3259 3352 3332 puenitebis.
3393 3256 3464 3313 Et

1863 3361 2040 3433 prima
2067 3361 2260 3432 ﬁgura,
2307 3374 2431 3438 quae
2485 3372 2645 3414 voces
2701 3371 2732 3410 a
2773 3370 2832 3411 se
2876 3364 3002 3411 tono
3065 3363 3121 3408 et
3172 3349 3460 3408 semiteuio

2161 3449 2427 3506 edacem.
2462 3447 2712 3506 Secunda
2730 3461 2860 3506 vero
2884 3445 2950 3522 de
2974 3443 3080 3510 bis.
3109 3458 3228 3514 qua:
3250 3441 3464 3503 duolnn

1869 3540 2012 3595 tonis
2041 3558 2072 3594 a
2098 3519 2157 3595 se
2187 3521 2423 3597 invicem
2475 3537 2747 3600 dill'erunt.
2789 3519 2972 3591 Tertia
3001 3535 3072 3589 de
3094 3533 3460 3600 diatessaron,

1869 3641 1924 3686 et
1948 3642 2138 3702 quarta
2186 3632 2253 3687 de
2290 3632 2541 3702 diapente
2583 3628 2817 3696 curabit.
2849 3627 3101 3698 Duplices
3150 3634 3330 3682 autem
3375 3622 3460 3680 vel

1867 3724 2110 3794 triplices
2159 3724 2343 3796 ﬁgurae
2387 3731 2610 3792 propter
2643 3737 2788 3788 eam,
2839 3735 3005 3791 quam
3052 3718 3311 3781 diximus.
3337 3715 3470 3773 ὤεα

1866 3830 2032 3886 pason
2065 3814 2363 3871 mirabilem
2389 3813 2755 3870 concordiam.

265 4105 417 4160 Tune
479 4115 534 4160 et
594 4108 884 4163 semitonio
941 4123 972 4161 a
1138 4106 1252 4164 ἈΟ
1395 4107 1508 4170 BD
1570 4107 1581 4178 ι
1648 4104 1752 4162 DF
1822 4103 1833 4177 Ι
1899 4097 2013 4159 EG
2083 4105 2094 4178 ι
2341 4103 2352 4174 |
2419 4119 2503 4158 ac

263 4213 322 4253 se
365 4199 594 4254 invicem
659 4200 973 4256 differentes

259 4405 475 4490 Duobus
499 4411 655 4490 _tonis

251 4491 281 4530 3
315 4492 374 4531 se
401 4494 631 4536 mvrcem

287 4546 620 4606 dill‘erentes.

150 4385 165 4637 Ι
259 4381 655 4490 βυοδλιιεμοηίς
735 4405 748 4621 Ι
816 4410 934 4466 ΓΒ·
1051 4411 1160 4466 ei;
1221 4391 1234 4630 Ι
1301 4409 1410 4465 ra
1472 4409 1480 4428 ·
1555 4409 1658 4496 te
1747 4404 1773 4643 Ι

251 4491 281 4530 a
315 4492 374 4531 se
401 4494 631 4536 mvncem
759 4512 970 4522 ——-—
999 4510 1212 4523 ———-—
1250 4512 1465 4524 —~——
1490 4509 1743 4523 ——--—

287 4546 620 4606 dill‘erentes.
802 4552 912 4630 Gn
1061 4567 1148 4609 ere
1303 4552 1340 4606 F
1366 4569 1394 4607 a
1469 4433 1484 4624 ι
1562 4553 1664 4608 ΒΔ

788 4651 922 4796 ,εξ
979 4652 990 4802 Ι

252 5071 384 5130 Uno
423 5070 664 5128 Dialessa
675 5087 772 5126 ron

740 4799 988 4813 _——_‘

252 5071 384 5130 Uno
423 5070 664 5128 Dialessa
675 5087 772 5126 ron

339 5086 384 5126 ιο
423 5070 664 5128 Dialessa
675 5087 772 5126 ron
871 5112 874 5118 .

339 5161 675 5220 differentes.
855 5037 874 5246 ‘

867 5293 1290 5340 ιαιίιηλ

1607 5016 2639 5116 W1

1503 5132 2384 5279 Maiis-mi

2467 5206 2642 5291 ,Li

2384 5291 2638 5304 μή.-

2477 5132 2556 5262 "ﬁ

2635 5029 2650 5286 ἱ
