3964 5360
85 384 173 444 793
1295 386 1660 446 OPUSCULA
1700 387 1788 444 DE
1829 387 2103 445 MUSICA.
3211 380 3334 444 79"

81 513 188 556 ctua
219 498 470 557 similibus
502 500 696 556 litteris
725 500 959 571 primum
990 506 1046 554 et
1079 499 1376 554 secundum
1407 513 1623 554 versum
1661 514 1756 568 per
1779 510 1900 555 octo
1933 516 2093 556 voces
2118 510 2365 558 notamus
2393 503 2494 560 hoc
2532 507 2729 564 modo:

1436 820 1454 919 l

503 637 1114 694 T'I‘ST'I‘STT

318 714 1280 920 1““ῖῑῗῖῖῖῖῖ“Ἱ

496 831 1115 900 Gabcdel‘g

496 831 1115 900 Gabcdel‘g

139 617 318 1014 E

343 820 773 887 ᾗ

1618 635 2154 693 'l‘STTS'l‘T

1616 731 2209 790 ABGDEFGa

2154 623 2603 722 j

1433 722 1480 723 ίί
1616 722 2282 790 Αυυυκρρέ“

136 1067 205 1123 Ex
240 1069 333 1131 his,
383 1083 504 1139 quae
558 1076 858 1122 monstrata
906 1075 1032 1123 sunt
1059 1109 1074 1131 ,
1123 1067 1362 1138 reliquas
1415 1083 1633 1139 quoque
1662 1051 1713 1110 Α
1739 1069 2052 1139 contiguum
2084 1070 2260 1124 locum
2288 1110 2303 1137 ,
2348 1071 2489 1125 sicut
2515 1070 2738 1143 clangor
2765 1071 3038 1128 tubarum.
3087 1073 3325 1132 Subtiles

73 1159 428 1217 similitudines
449 1160 688 1231 prudens
708 1158 879 1215 lector
907 1159 1177 1215 advertat.
1213 1160 1286 1214 Ea
1319 1160 1486 1224 enim,
1517 1175 1638 1230 qua:

71 1266 160 1322 per
192 1266 243 1307 se
262 1249 541 1322 quisquam
583 1263 777 1319 capere
806 1249 992 1318 possit,
1023 1265 1120 1320 per
1151 1249 1331 1305 omnia
1363 1251 1634 1320 persequi,

67 1346 278 1402 otiosum
305 1355 408 1402 est.
450 1345 660 1400 Amodo
701 1359 821 1414 qua:
847 1343 915 1398 de
951 1344 1194 1415 partibus
1229 1353 1285 1398 et
1326 1344 1634 1400 distinctio-

67 1439 215 1493 nibus
249 1438 456 1493 divinus
500 1436 739 1508 Spiritus
771 1435 1013 1490 revelare
1062 1437 1396 1505 dignabitur,
1443 1439 1636 1492 eodem

65 1531 335 1600 adiuvante
384 1531 566 1602 potius
621 1528 931 1601 exemplare
981 1545 1146 1600 quam
1188 1540 1428 1587 tractare
1469 1546 1633 1587 cone-

65 1640 198 1680 mur.

130 1713 267 1785 (162)
295 1713 494 1771 Musica
519 1731 586 1772 ex
615 1717 783 1773 musis
813 1718 1047 1787 sumpsit
1077 1714 1404 1786 principium
1428 1756 1442 1780 ,
1478 1715 1635 1785 ipsa:-

61 1819 163 1875 que
196 1821 354 1862 musae
393 1823 494 1876 apo
531 1816 588 1861 tu
627 1824 776 1862 musa
835 1807 982 1879 (165)
1033 1804 1314 1877 appellatae
1365 1812 1522 1867 sunt,
1581 1802 1636 1857 id

61 1905 172 1961 est,
216 1912 246 1951 a
291 1898 614 1966 quaerendo,
666 1900 810 1969 quod
860 1914 955 1970 per
1005 1899 1177 1968 ipsas,
1235 1898 1377 1952 sicut
1423 1895 1635 1966 antiqui

58 1988 362 2054 voluerunt,
407 1990 490 2045 vis
526 1991 830 2046 carminum
870 2000 924 2046 et
965 1990 1114 2045 vocis
1156 1989 1450 2044 modulatio
1485 2004 1636 2057 qua:-

55 2090 284 2136 reretur.
309 2081 510 2139 Musica
539 2092 622 2139 est
647 2083 873 2138 scicntia
899 2085 1035 2138 bene
1064 2083 1371 2138 modulandi
1398 2092 1637 2152 quatuor

55 2173 354 2229 consistens
386 2173 657 2246 partibus,
686 2175 738 2228 id
767 2184 882 2237 cst,
911 2174 1222 2230 harmonica
1241 2215 1256 2238 ,
1292 2175 1596 2246 rhythmica
1617 2215 1631 2238 ,

51 2267 308 2333 metrica,
336 2267 619 2339 organica.
661 2267 810 2339 (Ilii)
852 2267 1177 2322 Harmonica
1215 2276 1300 2322 est
1338 2266 1634 2321 modulatio

49 2359 218 2423 vocis,
247 2367 302 2413 et
325 2357 612 2413 concordia
645 2358 1004 2430 plurimorum
1035 2374 1295 2413 sonorutu
1313 2399 1328 2424 ,
1364 2358 1445 2412 vel
1473 2373 1635 2426 coap-

49 2454 214 2518 tatio,
239 2467 358 2523 qua:
384 2451 630 2506 decernit
663 2453 714 2506 iu
746 2450 897 2506 souis
926 2460 1146 2506 acutum
1181 2459 1236 2505 et
1276 2464 1495 2521 gravem
1529 2466 1543 2515 ;
1581 2458 1637 2504 ct

43 2545 280 2617 pertinet
300 2545 366 2600 ad
391 2558 604 2608 omnes,
630 2543 723 2614 qui
754 2558 886 2597 voce
911 2544 1129 2614 propria
1161 2551 1365 2598 cauum
1382 2582 1397 2607 ,
1422 2550 1478 2596 et
1505 2555 1636 2595 voce

43 2649 98 2693 et
128 2638 380 2694 cantibus
407 2645 642 2693 constat.
685 2637 833 2708 (165)
873 2635 1000 2692 llaec
1025 2653 1092 2692 ex
1119 2637 1302 2691 animo
1327 2645 1380 2691 et
1409 2650 1637 2706 corpore

41 2739 252 2785 motum
298 2729 461 2796 facit,
497 2737 553 2784 et
589 2744 654 2784 ex
685 2738 830 2782 motu
861 2743 1074 2784 sonum.
1110 2728 1187 2784 Ex
1219 2743 1327 2797 quo
1363 2727 1638 2797 colligitur

41 2822 254 2877 musica
283 2862 300 2887 ,
330 2836 452 2892 qure
491 2821 544 2876 in
588 2819 808 2876 homine
854 2835 966 2875 vox
1015 2818 1338 2891 appellatur.
1393 2816 1502 2872 Vox
1556 2827 1640 2873 est

37 2926 138 2966 aer
179 2910 533 2975 verberatus,
585 2910 729 2965 unde
767 2918 824 2964 et
875 2909 1032 2964 verba
1063 2909 1230 2964 dicta.
1277 2907 1502 2977 Proprie
1533 2921 1638 2962 vox

33 3011 125 3061 est
147 3002 432 3058 hominum
463 3000 546 3057 vel
577 3001 827 3056 omnium
870 3000 1229 3056 animantium
1261 3017 1274 3054 :
1319 3014 1442 3055 nam
1489 2998 1636 3072 (l66)

34 3095 306 3159 abusive,
353 3109 461 3150 non
505 3095 727 3166 proprie
767 3094 1004 3150 sonitum
1049 3108 1238 3150 vocem
1285 3092 1506 3159 vocari,
1535 3099 1632 3146 ut:

28 3206 138 3246 uox
181 3189 328 3246 tuba:
347 3208 368 3257 ;
413 3190 537 3246 vel:
583 3191 782 3262 fractas
813 3193 883 3246 ad
911 3192 1088 3247 littora
1119 3207 1307 3256 voces;
1337 3205 1461 3245 nam
1509 3204 1640 3260 pro-

25 3284 188 3354 prie,
224 3292 327 3341 ut:
362 3283 561 3340 littorei
590 3294 782 3340 sonant
809 3285 1034 3356 scopuli.
1083 3283 1246 3342 Vocis
1276 3283 1486 3355 species
1515 3290 1644 3338 sunt

23 3375 246 3434 multa.

101 3470 454 3543 Symphonia
501 3471 649 3543 (l67)
699 3481 784 3528 est
833 3473 984 3529 vocis
1034 3482 1525 3546 temperamentum
1573 3489 1640 3529 ex

21 3562 192 3633 gravi
235 3571 297 3618 et
327 3571 491 3618 acuto
522 3564 984 3620 concordantibus
1011 3565 1164 3620 sonis
1187 3606 1202 3630 ,
1236 3566 1351 3620 sive
1382 3565 1434 3619 in
1467 3579 1598 3621 voce
1624 3604 1639 3631 ,

16 3655 146 3709 sive
185 3655 244 3710 in
279 3653 413 3710 ﬂatu
439 3697 454 3722 ,
486 3655 600 3710 sive
628 3656 681 3711 in
723 3655 920 3727 pulsu:
966 3673 1065 3728 per
1105 3658 1245 3713 hanc
1288 3659 1484 3729 quippe
1515 3673 1644 3711 acu-

15 3748 206 3803 tiores
247 3748 646 3819 gravioresque
683 3749 1048 3812 concordant,
1101 3749 1175 3804 ita
1218 3757 1275 3802 ut
1319 3749 1363 3804 si
1407 3749 1530 3820 quis
1570 3748 1639 3802 ab
1667 3770 1711 3834 ρ

9 3857 87 3896 ea
117 3840 504 3905 dissonuerit,
536 3855 757 3895 sensum
802 3839 1022 3894 auditus
1061 3836 1315 3894 oﬂ'endat.
1361 3837 1460 3893 Cui
1501 3853 1636 3893 coa-

9 3933 204 3988 traria
239 3941 333 3988 est
365 3931 690 4002 diaphonia,
725 3931 776 3985 id
804 3938 918 3996 est,
951 3945 1114 3986 voces
1148 3930 1524 4001 discrepantes
1555 3929 1639 3984 vel

1740 1176 1903 1218 voces
1935 1172 2092 1228 sunt,
2127 1162 2322 1233 quibus
2352 1164 2499 1235 (l69)
2531 1175 2616 1220 est
2641 1165 2865 1236 Spiritus
2886 1207 2902 1233 ,
2930 1168 3119 1239 quales
3146 1168 3320 1224 infau-

1740 1260 1872 1314 tiuut
1906 1259 1989 1316 vel
2021 1261 2309 1315 mulierum
2344 1262 2427 1315 vel
2461 1264 2877 1334 mgrotautituu,
2923 1265 3065 1320 sicut
3103 1265 3156 1320 itt
3191 1279 3320 1319 ner-

1738 1354 1862 1408 vis:
1898 1370 2022 1408 uam
2067 1356 2439 1411 subtilissima:
2483 1357 2702 1414 chorda:
2750 1359 2979 1416 subtiles
3023 1376 3086 1416 ac
3134 1369 3326 1416 tenues

1738 1463 1902 1503 sonos
1932 1449 2206 1504 emittttnt.
2241 1449 2474 1522 Pingues
2505 1462 2630 1508 sunt
2658 1467 2853 1520 voces,
2901 1455 3117 1523 quando
3156 1453 3322 1524 spiri-

1740 1546 1827 1594 tus
1870 1539 2070 1595 mullus
2111 1540 2271 1595 simul
2318 1543 2616 1613 egreditur,
2660 1544 2802 1600 sicut
2841 1545 3101 1601 virorum.
3148 1545 3324 1601 Acuta

1739 1647 1842 1688 vox
1873 1643 1957 1688 est
1989 1635 2165 1690 tenuis
2191 1644 2243 1690 et
2270 1635 2401 1701 alta,
2426 1637 2565 1693 sicut
2591 1639 2642 1692 in
2673 1639 2850 1695 cordis
2878 1640 3142 1696 videmus.
3175 1641 3321 1695 Dura

1739 1738 1841 1778 vox
1874 1733 1990 1790 est,
2017 1740 2139 1794 qua:
2181 1725 2447 1781 violenter
2487 1729 2692 1784 emittit
2735 1744 2965 1794 sonum,
3009 1730 3148 1785 sicut
3190 1729 3326 1784 toni-

1741 1825 1920 1868 truum
1969 1825 2023 1870 ct
2053 1816 2193 1870 sicut
2223 1816 2434 1872 iucudis
2465 1833 2631 1874 sonus
2653 1861 2666 1883 ,
2699 1821 2914 1890 quoties
2943 1819 3134 1875 durant
3187 1819 3323 1875 mal-

1738 1907 1856 1964 lens
1881 1909 2120 1978 percutit
2149 1909 2375 1966 ferrum.
2406 1911 2612 1982 Aspera
2639 1929 2742 1968 vox
2777 1923 2861 1969 est
2892 1929 3085 1978 rauca,
3120 1923 3176 1970 et
3202 1929 3324 1985 qua:

1739 1993 2071 2072 dispergitur
2110 2017 2208 2072 per
2254 2001 2402 2074 (170)
2447 2012 2665 2058 mutuos
2706 2014 2761 2059 et
2801 2004 3091 2060 dissimiles
3116 2004 3321 2075 pulsus.

1739 2092 1889 2148 Cmca
1934 2109 2037 2148 vox
2078 2102 2196 2158 est,
2240 2110 2359 2164 qua:
2390 2110 2509 2149 mox
2547 2105 2605 2150 ut
2631 2096 2830 2153 emissa
2862 2096 3056 2161 fuerit,
3091 2096 3328 2152 contice-

1740 2188 1871 2252 scit,
1899 2196 2060 2257 atque
2089 2186 2348 2241 suﬂ'ocata
2380 2202 2719 2259 nequaquam
2749 2189 2963 2260 longius
2983 2189 3324 2260 producitur,

1739 2275 1881 2331 sicut
1906 2287 1992 2332 est
2023 2277 2074 2331 in
2107 2276 2381 2332 ﬁctilibus.
2416 2277 2645 2332 Vinnola
2677 2293 2779 2334 vox
2818 2287 2903 2334 est
2941 2279 3121 2334 mollis
3162 2289 3324 2350 atque

1739 2364 2021 2429 ﬂexibilis.
2053 2375 2108 2421 et
2138 2367 2353 2422 viunola
2386 2368 2529 2424 dicta
2564 2384 2592 2422 a
2625 2368 2809 2434 vinno,
2842 2368 2894 2423 id
2926 2380 3006 2425 est
3027 2410 3044 2434 ,
3075 2370 3327 2426 cincinno

1743 2456 1979 2512 molliter
2003 2457 2160 2513 ﬂexo.
2199 2457 2446 2513 Perfecta
2482 2467 2663 2513 autem
2693 2467 2777 2513 est
2812 2473 2914 2513 vox
2958 2459 3098 2522 alta,
3143 2458 3326 2514 suavis

1739 2557 1794 2601 et
1824 2545 1971 2601 clara
2002 2564 2016 2612 ;
2052 2546 2196 2612 alta,
2242 2557 2301 2602 ttt
2348 2548 2399 2602 in
2447 2548 2677 2604 sublime
2721 2547 2992 2615 suﬂiciat;
3039 2548 3217 2612 clara,
3267 2555 3328 2604 ut

1739 2655 1900 2695 aures
1949 2639 2284 2710 adimpleat:
2339 2641 2560 2707 suavis,
2607 2652 2666 2698 ut
2718 2643 2926 2698 animos
2979 2643 3316 2698 audientium

1738 2731 2002 2785 blandiat.
2047 2730 2104 2786 Si
2150 2745 2214 2785 ex
2257 2732 2342 2788 his
2386 2731 2589 2802 aliquid
2630 2731 2895 2800 defuerit,
2938 2731 3179 2789 perfecta
3219 2745 3326 2787 vox

1741 2839 1845 2878 nou
1890 2824 2015 2878 erit.

1809 2916 2075 2988 Orgauica
2110 2924 2193 2972 est.
2217 2958 2232 2980 ,
2270 2931 2391 2986 qure
2427 2930 2494 2972 ex
2531 2915 2659 2972 ﬂatu
2694 2916 2942 2972 consistit
2981 2916 3036 2971 in
3074 2917 3160 2972 his
3195 2929 3317 2986 quae

1741 3009 1934 3080 Spiritu
1967 3007 2189 3065 reﬂante
2217 3008 2484 3080 completa
2515 3009 2566 3063 in
2598 3023 2789 3064 sonum
2820 3008 2968 3066 vocis
2993 3008 3328 3074 animantur,

1741 3112 1802 3157 ut
1832 3111 1960 3157 sunt
1990 3103 2163 3167 tultte,
2211 3100 2432 3165 ﬁstulae,
2480 3101 2710 3168 calami,
2749 3117 2983 3174 organa,
3030 3100 3328 3172 pandoria,

1741 3205 1797 3251 et
1827 3196 1911 3251 his
1940 3195 2140 3251 similia
2170 3195 2552 3251 instrumenta.
2586 3193 2833 3250 lnﬂatilia
2864 3203 3023 3261 sunt,
3056 3209 3177 3265 qua:
3215 3193 3334 3264 spi-

1743 3291 1850 3345 ritu
1883 3288 2108 3346 reﬂante
2135 3289 2402 3359 completa
2451 3287 2506 3344 iu
2553 3303 2748 3344 sonum
2793 3288 2942 3345 vocis
2989 3287 3325 3357 animantur,

1742 3393 1802 3440 ut
1831 3391 1959 3439 sunt
2001 3399 2223 3454 organa.
2265 3383 2540 3454 Organum
2584 3392 2669 3439 est
2709 3382 3035 3439 vocabulum
3077 3381 3330 3454 generale

1742 3475 1983 3530 omnium
2015 3490 2268 3530 vasorum
2297 3475 2653 3530 musicorum.
2686 3473 2838 3529 Tuba
2867 3473 3102 3544 primum
3131 3489 3160 3526 a
3189 3469 3327 3545 Tyro
3401 3478 3404 3479 ⁷

1745 3563 1930 3619 rhenis
1956 3563 2196 3628 inventa,
2228 3578 2350 3634 quae
2375 3563 2736 3618 adhibebatur
2765 3577 2872 3617 non
2901 3561 3075 3616 solum
3106 3562 3157 3615 in
3188 3577 3322 3631 prae—

1744 3653 1860 3716 liis.
1910 3653 2004 3709 sed
2051 3653 2106 3708 in
2149 3654 2402 3708 omnibus
2442 3653 2597 3709 festis
2643 3654 2852 3709 diebus.
2881 3651 3137 3708 Calamus
3164 3652 3330 3709 arbor

1743 3755 1828 3800 est
1863 3760 1891 3799 a
1928 3745 2186 3809 colendo,
2221 3744 2272 3799 id
2312 3753 2428 3808 est,
2467 3745 2717 3802 ﬂndeudo
2746 3759 2934 3810 voces,
2967 3751 3178 3800 vocata.
3210 3742 3330 3800 Fis-

1745 3836 1852 3890 tttla
1879 3836 2020 3891 dicta
2045 3877 2060 3902 ,
2088 3839 2228 3906 quod
2257 3852 2442 3892 vocent
2467 3837 2680 3892 emittat
2705 3855 2716 3890 :
2749 3835 2837 3892 fon
2869 3835 3044 3910 (φὼνη
3068 3877 3080 3899 .
3111 3833 3325 3905 phone)

1742 3925 1958 3994 Grzcce,
1989 3926 2184 3983 Latine
2214 3945 2350 3993 vox;
2397 3927 2554 3983 stolia
2597 3928 2786 3983 missa.
2829 3926 2955 3982 Haec
3003 3943 3032 3981 a
3064 3925 3330 3982 Mercurio

1743 4017 1944 4072 dicitur
1982 4019 2237 4083 iuventa,
2278 4019 2362 4073 vel
2403 4034 2432 4071 a
2477 4017 2696 4084 Fauno,
2741 4017 2834 4086 qui
2865 4017 3055 4072 Grmce
3100 4015 3325 4071 Pannon

1745 4111 1964 4176 dicitur,
2007 4111 2091 4168 vel
2139 4110 2207 4166 ab
2247 4111 2338 4166 ldo
2377 4120 2598 4182 pastore
2623 4109 2977 4182 Agrigentino
3007 4125 3071 4164 ex
3120 4109 3327 4164 Sicilia.

1747 4201 1894 4274 (l7l)
1937 4201 2207 4256 Paudoria
2249 4201 2320 4256 ab
2364 4200 2646 4256 inventore
2711 4210 2928 4254 vocata.
2994 4199 3120 4254 Fuit
3181 4200 3329 4255 enim
3378 4273 3382 4276 _

1745 4295 1887 4365 apud
1929 4293 2157 4366 gentiles
2209 4291 2323 4347 Pan
2368 4291 2502 4347 deus
2560 4290 2885 4362 pastoralis,
2946 4293 3036 4362 qui
3091 4291 3327 4364 primum

1746 4388 1991 4457 dispares
2019 4385 2259 4442 calamos
2291 4385 2358 4441 ad
2387 4395 2607 4440 cantum
2638 4385 2879 4441 studiose
2909 4386 3133 4456 aptavit.

1818 4479 2150 4551 Rhythmica
2194 4488 2312 4545 est,
2363 4494 2483 4550 qua:
2532 4477 2688 4549 pulsu
2734 4478 3029 4549 digitorum
3077 4490 3334 4533 numeros

1749 4573 1969 4644 recipit,
1999 4581 2055 4626 et
2079 4571 2311 4643 requirit
2342 4572 2396 4627 in
2424 4571 2784 4627 concursione
2811 4573 3104 4628 verborum
3147 4568 3167 4642 [
3200 4569 3284 4624 At.
3313 4607 3330 4636 ,

1749 4661 2115 4718 incursionem
2146 4661 2378 4731 requirit
2415 4659 2704 4717 verborum
2734 4659 2792 4732 ],
2837 4671 3020 4716 utrum
3067 4659 3202 4713 bene
3239 4671 3330 4711 so-

1749 4769 1852 4810 nus
1879 4770 1947 4810 an
1979 4753 2120 4809 male
2150 4752 2425 4811 cohaereat
2450 4770 2466 4820 ;
2498 4754 2780 4825 pertinens
2815 4754 2882 4809 ad
2911 4765 3109 4808 nervos
3138 4758 3193 4805 et
3218 4747 3337 4818 pul-

1750 4861 1873 4913 sus,
1912 4844 2180 4903 tensibilia
2229 4846 2562 4902 chordarum
2604 4843 2692 4898 ﬁla
2747 4845 2850 4901 sub
2899 4855 3018 4900 arte
3068 4841 3331 4910 religata,

7 4025 304 4090 dissona}.
339 4023 627 4094 Eupltonia
663 4032 747 4080 est
775 4023 1018 4078 suavitas
1044 4023 1192 4079 vocis
1223 4042 1236 4076 :
1272 4023 1387 4078 haac
1427 4031 1482 4078 et
1528 4037 1641 4078 rue-

7 4116 107 4173 los
162 4132 198 4170 a
253 4115 530 4171 suavitate
581 4124 638 4171 et
679 4114 818 4171 mele
861 4115 1026 4170 dicta.
1077 4114 1346 4170 Diastcma
1379 4125 1463 4170 est
1495 4113 1643 4192 vocis

0 4210 279 4282 spatium
336 4209 611 4280 quoddam
666 4222 734 4263 ex
805 4207 1005 4263 luobus
1061 4207 1144 4263 vel
1197 4207 1442 4278 pluribus
1493 4209 1644 4262 souis

0 4312 306 4374 aptatum.
340 4301 518 4357 Diesis
541 4309 624 4356 est
650 4301 883 4371 spatium
914 4300 1180 4371 quoddam
1210 4307 1268 4354 et
1291 4299 1643 4354 deductioues

0 4394 402 4462 modulandi,
451 4403 617 4465 atque
675 4401 965 4465 vergentes
1017 4393 1085 4448 de
1143 4408 1251 4447 uno
1303 4392 1357 4449 iu
1411 4391 1641 4448 alterum

0 4503 256 4544 sonum.
293 4486 486 4542 Tonus
511 4495 595 4542 est
623 4494 779 4542 acuta
812 4485 1112 4541 enuntiatio
1148 4485 1335 4551 vocis;
1373 4493 1457 4539 est
1495 4483 1642 4539 enim

0 4579 358 4636 harmonia:
410 4577 717 4634 diﬂ'erentia
766 4586 821 4633 ct
859 4577 1169 4648 quantitas,
1219 4591 1341 4647 qua:
1391 4577 1442 4630 in
1495 4577 1644 4632 vocis

0 4679 272 4730 accentu
327 4670 416 4727 vel
469 4680 659 4727 tenore
711 4671 983 4726 consistit.
1037 4670 1314 4724 Accentus
1363 4667 1508 4740 (168)
1559 4677 1647 4723 est

0 4765 260 4822 inﬂexio
311 4763 502 4829 vocis,
551 4778 676 4818 nam
720 4777 887 4817 sonus
924 4771 1011 4817 est
1052 4761 1334 4826 directus;
1387 4758 1640 4830 praecedit

0 4871 216 4914 autem
257 4873 442 4912 sonus
475 4866 721 4913 cantum.
753 4855 908 4910 Arsis
939 4863 1024 4910 est
1059 4854 1207 4908 vocis
1248 4853 1511 4918 elevatio,
1542 4852 1646 4908 hoc
1750 4861 1873 4913 sus,
1912 4852 2180 4903 tensibilia
2229 4852 2562 4902 chordarum
2604 4852 2692 4898 lita
2747 4852 2850 4901 sub
2899 4855 3018 4900 arte
3068 4852 3239 4939 religa

0 4961 127 5018 ist,
197 4951 461 5008 initium.
520 4951 719 5005 Tltesis
773 4960 860 5005 est
906 4951 1053 5006 vocis
1103 4949 1332 5020 positio.
1383 4950 1486 5006 hoc
1532 4955 1638 5013 est,

1752 4953 1872 5008 qum
1920 4939 1986 4994 ad
2035 4935 2251 4992 modum
2294 4936 2488 5008 plectri
2534 4948 2794 5004 percussa
2841 4933 3080 5020 mulcent
3123 4933 3340 5020 aurium

0 5016 166 5096 iiiis.
227 5039 458 5095 Suaves
501 5055 666 5095 voces
716 5048 842 5095 sunt
888 5016 1117 5094 subtiles
1151 5037 1231 5091 vel
1267 5039 1562 5102 sublimes,
1592 5046 1642 5092 et
1754 5028 2146 5088 delectabiliter
2172 5040 2418 5085 sensum.
2452 5027 2510 5082 ln
2541 5023 2738 5094 quibus
2768 5036 2901 5082 sunt
2926 5019 3130 5096 species
3161 5016 3344 5072 citha-

0 5135 221 5203 spissa:
262 5132 437 5188 clarae
479 5143 646 5204 atque
691 5142 884 5188 acutaa.
928 5130 1235 5201 Perspicuze
1279 5146 1439 5190 voces
1479 5129 1733 5195 sunt,D
1759 5139 1944 5181 rarum
1996 5121 2373 5178 diversarum.
2421 5117 2657 5176 Cithara:
2702 5126 2758 5172 et
2804 5115 3048 5188 psalterii
3103 5119 3352 5204 τερετιοι·

0 5202 132 5296 [tun
171 5223 424 5292 longius
452 5202 868 5294 protrahuntur,
915 5222 986 5276 ita
1029 5230 1085 5276 ut
1123 5235 1338 5276 omnem
1386 5219 1643 5291 impleant
1760 5219 1970 5274 exstitit
1998 5208 2174 5266 τιιῆθι
2201 5207 2273 5266 de
2306 5217 2482 5272 stirpe
2511 5207 2640 5264 Cain
2672 5227 2684 5261 ε
2719 5208 2804 5263 vel
2835 5209 3023 5283 Apollo
3053 5202 3352 5261 secundum

71 5340 258 5360 [βοαὶ
300 5341 412 5360 ις-.-
441 5357 474 5360 .-
505 5341 591 5360 ..ο-
635 5355 691 5360 ---
725 5341 789 5360 [-2
815 5337 922 5360 ι....’-
992 5335 1269 5360 ll-_..l...l.n-
1365 5336 1638 5360 A____--:-..-

1769 5351 1971 5360 .__.-.-...-
2001 5325 2202 5360 οηηῖΐηρ
2233 5342 2342 5360 ιιι-ιιι.
2373 5338 2589 5360 “Anni”?
