3964 5360
511 327 614 389 795

1146 328 1202 381 S.
1246 326 1496 383 ODONIS
1537 327 1824 395 ABBATIS
1864 325 1992 382 SEU
2036 325 2385 382 ALTERIUS
2423 323 2673 381 ODONIS
2709 324 3015 381 MONACHI
3680 315 3765 370 τεκῖ

509 444 747 501 (Ἰμαῖος.
780 444 1019 500 Cithara:
1061 442 1230 496 forma
1284 442 1451 509 initio.
1490 445 1696 514 pectori
1741 443 1980 496 Innuano
2028 443 2096 496 εἰ·
2129 445 2174 503 Α
2205 451 2283 495 est
2317 449 2370 495 et
2416 442 2664 505 testudo;
2696 456 2816 509 quae
2843 454 2965 493 cum
2996 435 3297 506 putrefacta
3339 442 3521 496 esset.
3555 442 3609 488 et
3642 433 3767 488 nervi

512 541 657 595 milis
702 540 870 596 fuisse
905 539 1158 603 traditur,
1193 539 1449 608 quoniam
1483 540 1557 592 uti
1592 552 1695 590 vox
1737 552 1799 590 ex
1845 545 2098 606 pectore,

508 631 580 687 ita
615 647 679 685 ex
708 632 818 703 ipsa
851 642 1042 687 cautus
1089 631 1218 685 ﬁat:
1265 646 1388 685 nam
1438 639 1627 700 peetus
1676 630 1868 685 Dorica
1918 630 2100 697 lingua

508 725 720 780 cithara
751 725 966 780 dicitur.
1015 725 1168 780 Hanc
1198 734 1410 779 veteres
1459 723 1730 779 lidiculam
1777 723 1857 781 vel
1901 723 2095 778 ﬁdicen

514 819 954 873 nominaverunt.
978 818 1217 888 Antiqua
1245 817 1459 873 cithara
1479 826 1686 887 septem
1713 815 1931 870 chordis
1954 826 2096 881 erat,

507 914 563 959 et
609 915 813 977 septem
869 908 1104 962 habebat
1154 907 1471 963 discrimina
1529 922 1750 971 vocum,
1783 906 1902 962 ideo
1947 907 2097 977 quod

518 996 664 1050 nulla
706 998 907 1054 chorda
951 998 1141 1053 vicinae
1189 999 1405 1054 chorda:
1457 999 1686 1054 similem
1741 1016 1931 1054 sonum
1983 1000 2101 1055 red-

518 1072 700 1143 debat.
743 1088 956 1145 Chorda
1000 1105 1028 1144 a
1077 1090 1242 1145 corde
1286 1091 1459 1157 dicta,
1511 1091 1638 1160 quia
1686 1091 1825 1147 sicut
1854 1100 1933 1146 est
1979 1091 2100 1161 pul-

514 1194 608 1238 sus
634 1184 816 1239 cordis
846 1183 899 1238 in
930 1192 1170 1255 pectore,
1202 1187 1273 1240 ita
1306 1186 1491 1256 pulsus
1520 1187 1737 1241 chordae
1773 1187 1822 1239 in
1854 1186 2091 1241 cithara.

509 1273 621 1332 Has
670 1277 904 1348 primum
967 1278 1265 1334 Mercurius
1320 1281 1576 1335 instituit.
1632 1279 1826 1352 Lyram
1880 1295 2098 1351 quoque

504 1368 608 1424 Iioc
653 1369 819 1426 modo
862 1362 1115 1425 invenit:
1154 1384 1277 1426 cum
1326 1373 1638 1444 regrediens
1678 1370 1831 1428 Nilus
1873 1374 1926 1427 in
1968 1370 2101 1428 suos

505 1466 720 1514 meatus
742 1458 897 1514 varia
925 1459 1182 1515 animalia
1212 1461 1525 1519 reliouisset
1554 1464 1606 1519 in
1632 1465 1841 1535 campis
1862 1506 1875 1531 ,
1904 1464 2094 1520 relicta

510 1658 3483 1693 Ww

2207 534 2322 603 ejus
2348 535 2551 589 extenti
2594 535 2737 588 intra
2776 533 2985 587 corium
3018 528 3444 591 remansissent,
3471 541 3503 580 a
3528 523 3770 580 Mercurio

2207 642 2466 698 percussa
2498 642 2690 681 sonmn
2728 622 2879 679 dedit
2906 640 2920 676 :
2953 621 3021 676 ad
3050 619 3203 689 cujus
3226 618 3466 691 speciem
3496 614 3771 671 Mercurius

2207 720 2378 791 lyram
2409 718 2553 773 fecit.
2579 714 3024 773 PercussiOuales
3057 722 3185 768 sunt
3214 708 3490 767 acitabula
3532 722 3676 763 aenea
3702 702 3771 761 vel

2205 822 2463 881 argentea
2483 855 2498 878 ,
2531 827 2653 882 quae
2675 826 2935 881 percussa
2965 821 3187 864 suavem
3217 806 3453 861 reddunt
3478 802 3770 857 tintinnun.

2206 903 2440 959 Sistrum
2478 902 2580 959 Isis
2610 902 2794 974 regina
2817 900 3199 972 Egyptiorum
3229 896 3475 959 invenit,
3498 900 3580 948 et
3618 892 3683 947 ab
3716 903 3771 946 ea

2203 997 2430 1051 dictum.

2273 1093 2496 1150 Metrica
2527 1102 2610 1149 est
2628 1135 2643 1162 ,
2670 1108 2791 1164 quae
2817 1107 3103 1149 mensuras
3125 1092 3469 1147 diversorum
3493 1092 3771 1142 metrorum

2199 1187 2466 1257 prohabili
2520 1187 2731 1241 ratione
2781 1186 3084 1254 cognoscit.
3138 1182 3507 1239 Authentieus
3558 1186 3770 1249 protus.

2203 1280 2463 1351 magister
2505 1279 2588 1335 vel
2635 1288 2826 1335 auctor
2876 1280 3123 1350 primus:
3170 1279 3433 1334 deuterus
3478 1274 3773 1330 secundus:

2202 1371 2363 1426 tritus
2417 1372 2608 1427 tertius
2664 1389 2677 1427 :
2735 1372 3007 1428 tetrardus
3053 1380 3302 1443 quartus.
3349 1368 3496 1439 Plagi
3538 1382 3663 1437 pars
3701 1360 3779 1420 rei

2200 1461 2487 1519 inferiores
2516 1478 2725 1519 eorum.
2759 1463 3025 1535 Parapter
3053 1461 3513 1532 circumarqualis.

3490 1669 3775 1693 ﬂ

1275 1856 1878 1974 REGUL/E
1964 1855 2421 1971 DOMNI
2511 1855 3044 1970 onole

1495 2096 1622 2171 DE
1680 2090 2567 2173 RHYTHMIMACHIA
2644 2078 2796 2149 (Πί)

573 2404 943 2478 Sesquialtera
974 2405 1250 2479 proportio
1272 2416 1374 2474 est,
1404 2410 1619 2481 quando
1645 2426 1899 2467 numerus
1924 2410 2096 2481 major
2124 2420 2172 2484 Β
2200 2416 2434 2471 existant
2465 2415 2699 2485 majores
2732 2417 2836 2471 allii
2873 2432 2938 2472 ex
2966 2429 3166 2486 genere
3191 2409 3706 2484 superparticulari,
3735 2420 3785 2467 ιιι

497 2505 737 2565 continet
790 2504 843 2561 in
892 2520 951 2562 se
999 2513 1165 2560 totum
1224 2520 1509 2561 numermn
1571 2506 1835 2563 minorem
1884 2516 1937 2562 et
1975 2508 2093 2576 ejus

498 2592 723 2651 alteram
752 2604 1005 2666 partem,
1043 2604 1099 2648 ut
1150 2593 1215 2649 Vl
1260 2598 1325 2651 ad
1358 2595 1486 2651 VIII.
1536 2595 1925 2667 Sesquiquarta
1970 2614 2094 2668 pro-

496 2682 676 2758 portio
719 2697 846 2753 est,
880 2686 1097 2759 quando
1153 2686 1326 2755 major
1369 2704 1626 2744 numerus
1668 2691 1908 2745 continet
1940 2691 1990 2744 in
2032 2705 2092 2744 se

497 2768 672 2834 totum
717 2781 982 2835 minorem
1012 2796 1295 2836 numerum
1343 2791 1397 2836 et
1426 2782 1543 2853 ejus
1570 2792 1818 2853 quarlam
1847 2792 2053 2853 partem
2076 2824 2090 2849 ,

497 2885 557 2945 ut
584 2874 681 2930 XX
713 2876 779 2933 ad
806 2874 971 2931 XXV.
1009 2874 1361 2946 Sesquisexta
1400 2877 1678 2948 proportio
1710 2884 1791 2930 est
1821 2918 1834 2942 ,
1875 2878 2093 2946 quando

498 2966 676 3036 major
719 2980 976 3022 numerus
1004 2964 1245 3021 continet
1296 2966 1347 3020 in
1391 2982 1448 3022 se
1483 2976 1650 3021 totum
1686 2968 1946 3021 minorem
1990 2983 2092 3021 nu-

498 3050 708 3109 mmum
731 3064 784 3109 et
812 3055 928 3125 ejus
969 3065 1177 3111 sextam
1221 3066 1466 3127 partem,
1500 3067 1557 3111 ιιι
1586 3055 1733 3112 XXX
1774 3057 1839 3111 ad
1874 3057 2088 3115 XXXV.

500 3139 889 3225 Sesquioctava
918 3146 1196 3216 proportio
1230 3158 1314 3202 est
1339 3189 1352 3214 ,
1385 3149 1602 3219 quando
1633 3150 1803 3220 major
1836 3166 2097 3225 muneras

501 3220 670 3309 totum
702 3236 753 3291 in
779 3252 838 3292 se
860 3238 1103 3292 continet
1127 3237 1389 3292 minorem
1422 3255 1704 3295 munermn
1732 3249 1784 3294 et
1806 3238 1922 3308 ejus
1945 3220 2094 3297 Oeta?

498 3328 624 3411 iam
657 3341 888 3402 partem,
920 3340 977 3385 ut
1003 3330 1188 3386 LXXII
1221 3333 1285 3387 ad
1310 3330 1544 3387 LXXXI.
1576 3334 1933 3405 Sesquilertia
1970 3350 2093 3405 pro-

498 3423 678 3492 portio
693 3431 798 3489 est,
816 3423 1225 3494 quandomajor
1239 3438 1498 3479 numerus
1518 3424 1755 3478 continet
1782 3425 1832 3478 iu
1849 3442 1904 3479 se
1923 3436 2090 3480 totum

497 3502 760 3570 minorem
790 3526 845 3571 et
874 3515 992 3587 ejus
1042 3518 1256 3571 tertiam
1306 3527 1558 3588 partem,
1609 3529 1665 3572 ut
1717 3518 1832 3574 XVI
1879 3521 1945 3572 ad
1978 3517 2087 3575 Xll.

498 3607 884 3680 Sesquiquinta
927 3611 1204 3682 proportio
1239 3621 1356 3676 est,
1391 3611 1605 3679 quando
1636 3611 1805 3681 major
1836 3628 2095 3669 numerus

498 3700 739 3758 continet
782 3702 834 3757 in
863 3718 922 3758 se
960 3712 1128 3758 totum
1174 3705 1436 3759 minorem
1464 3713 1517 3756 et
1553 3703 1669 3773 ejus
1692 3704 1935 3774 quintam
1969 3720 2093 3775 par-

501 3801 604 3845 tem
633 3833 646 3857 ,
676 3802 735 3847 ut
780 3790 997 3848 XXXVI
1025 3794 1094 3855 ad
1133 3792 1302 3848 XXX.
1342 3793 1768 3865 Sesquiseptima
1812 3797 2093 3867 proportio
2121 3829 2166 3894 Ο

497 3898 601 3973 est,
654 3889 872 3958 quando
922 3887 1095 3958 major
1153 3906 1412 3946 numerus
1457 3892 1695 3946 continet
1735 3892 1788 3946 in
1827 3909 1885 3948 se
1918 3902 2097 3959 totum

498 3979 763 4037 minorem
789 3989 843 4036 et
864 3980 981 4052 ejus
1006 3982 1290 4053 septimam
1320 3992 1554 4051 partem,
1574 3992 1631 4036 ut
1666 3981 1825 4037 LXIV
1870 3985 1935 4037 ad
1957 3983 2091 4038 LVI.

499 4064 838 4143 Sesquiuona
886 4064 1165 4149 pr0portio
1197 4084 1282 4131 est
1312 4115 1327 4141 ,
1355 4075 1570 4146 quando
1618 4075 1788 4145 major
1835 4092 2094 4133 numerus

499 4152 742 4223 oOntinet
763 4168 816 4222 in
837 4183 896 4224 se
926 4177 1095 4225 totum
1122 4170 1386 4227 minorem
1417 4177 1473 4224 et
1497 4167 1614 4238 ejus
1638 4186 1835 4229 nonam
1861 4180 2091 4240 partem.

500 4266 562 4314 ut
599 4257 639 4313 C
670 4260 738 4315 ad
764 4259 876 4316 XC.

1146 4355 1220 4411 De
1243 4358 1444 4412 tabula.
2088 4428 2091 4433 η

576 4443 659 4499 Sit
710 4442 893 4499 tabula
941 4445 1009 4501 ad
1061 4444 1399 4505 latitudinem
1460 4448 1792 4520 longitudine
1840 4445 2095 4502 distincta

502 4536 707 4619 eampis
735 4577 751 4602 ,
788 4553 953 4608 super
974 4554 1081 4609 qua
1118 4555 1185 4596 ex
1216 4540 1479 4596 alterutra
1538 4549 1693 4613 parte
1744 4541 2098 4611 disponantur

504 4628 560 4691 in
592 4628 797 4685 ultimis
828 4629 962 4686 locis
996 4646 1187 4686 omnes
1213 4633 1423 4704 species
1448 4632 1609 4687 trium
1641 4646 1923 4703 generum,
1952 4629 2095 4685 mul-

499 4720 698 4791 tiplicis
725 4763 740 4788 ,
781 4723 1296 4794 superpartieularis
1322 4734 1377 4780 et
1404 4724 1855 4795 supcrpartientis
1880 4766 1895 4792 ,
1929 4737 2099 4795 usque

503 4813 571 4891 ad
619 4815 902 4884 decuplam
950 4816 1356 4886 proportionem
1385 4857 1400 4881 ,
1433 4817 1502 4871 ita
1548 4826 1609 4872 ut
1639 4818 1765 4873 hinc
1800 4827 2100 4893 appareant

503 4921 625 4980 Quae
648 4908 1141 4967 denominationem
1197 4911 1405 4967 habent
1433 4926 1511 4966 ex
1542 4911 1659 4980 pari
1687 4951 1700 4977 ,
1729 4920 1783 4966 et
1812 4911 1937 4966 hinc
1978 4924 2099 4982 quae

499 5010 569 5056 ex
602 5000 796 5070 impari
831 5019 845 5056 :
876 5010 1001 5057 octo
1025 5002 1172 5059 enim
1206 5001 1444 5058 minores
1490 5000 1597 5055 allii
1644 5016 1709 5057 ex
1750 5015 1947 5073 genere
1975 5015 2101 5071 pro-

500 5103 776 5160 ponantur
830 5094 1155 5165 multiplici,
1203 5095 1394 5164 dupli,
1441 5095 1773 5166 quadrupli,
1822 5094 2129 5167 sescnpli,

2200 2510 2528 2579 sesquitcrtii
2553 2509 2727 2581 juncti
2759 2510 2869 2566 sint
2897 2509 3071 2580 triplis
3092 2550 3108 2573 ,
3156 2507 3532 2578 sesquiquinti
3578 2504 3787 2576 quincu-

2198 2600 2300 2670 piis
2324 2642 2337 2665 ,
2370 2603 2768 2673 sesquiseptimi
2828 2602 3087 2672 septuplis
3112 2642 3127 2667 ,
3173 2600 3498 2681 sesquinoui
3536 2598 3783 2667 nonuplis.

2200 2692 2368 2750 Retro
2395 2695 2587 2750 ruhros
2615 2705 2737 2750 octo
2775 2695 3014 2750 existant
3060 2693 3301 2748 minores
3332 2692 3480 2762 nigri
3512 2707 3580 2746 ex
3609 2680 3787 2763 genere

2199 2787 2619 2858 superpartieuti
2644 2829 2657 2852 ,
2683 2797 2743 2843 ut
2786 2785 3311 2856 superbipartienles
3329 2783 3519 2852 juncti
3549 2783 3655 2838 sint
3682 2798 3784 2836 ses-

2199 2877 2510 2949 quialteris,
2544 2877 3204 2950 superqnadripartientes
3231 2875 3641 2947 sesquiquartis
3665 2914 3678 2935 .
3707 2890 3787 2928 su-

2198 2971 2780 3042 persesqnipartientes
2808 2967 3183 3040 scsquisextis,
3210 2965 3782 3038 superoctipartientes

2200 3063 2609 3133 sesquioctavis.
2639 3062 2771 3129 Item
2807 3071 2952 3116 retro
2982 3059 3090 3114 albi
3132 3059 3384 3117 minores
3405 3066 3538 3112 octo
3566 3057 3784 3111 existant

2199 3171 2264 3211 ex
2290 3172 2488 3227 genere
2502 3154 2947 3225 supcrparticnti,
2976 3163 3033 3207 ut
3060 3150 3784 3223 supertripartientesadlue-

2200 3258 2356 3304 reant
2400 3247 2792 3319 sesquilertiis,
2825 3242 3553 3316 superquinquepartientes
3604 3233 3787 3308 sesqui-

2199 3341 2404 3409 quintis
2427 3383 2440 3406 ,
2467 3338 3071 3409 superseptipartientes
3116 3328 3589 3405 sesqmseptimis,
3622 3343 3787 3401 super.

2198 3434 2624 3505 nouipartientes
2651 3430 3015 3501 sesquinonis.

2271 3522 2364 3577 His
2404 3523 2474 3575 ita
2499 3520 2773 3590 dispositis
2794 3517 3018 3590 legitimi
3051 3514 3181 3571 ﬁant
3211 3522 3426 3570 tractus
3449 3529 3520 3568 ex
3549 3512 3786 3568 alterutra

2198 3608 2350 3691 parte
2381 3617 2708 3679 alternatim,
2743 3623 2802 3668 ut
2831 3610 3156 3680 multiplices
3193 3608 3493 3664 trahantur
3534 3609 3588 3663 in
3616 3621 3786 3661 secun-

2199 3713 2324 3765 dum
2373 3717 2496 3763 ante
2528 3717 2696 3771 retro,
2725 3706 3095 3767 dextrorsum,
3132 3699 3547 3763 sinistrorsum,
3582 3695 3786 3767 angula-

2200 3801 2331 3856 riter
2363 3814 2378 3850 :
2409 3795 2934 3870 superparticulares
2965 3794 3018 3849 in
3054 3792 3301 3858 tertium,
3335 3789 3788 3863 superpartientes

2200 3872 2254 3949 in
2300 3901 2573 3962 quartum.
2624 3889 2942 3957 Quicunque
2980 3899 3239 3940 numerus
3285 3881 3586 3938 contraria:
3643 3878 3788 3949 partis

2201 4001 2486 4054 numerum
2539 3984 2591 4037 in
2636 3998 2732 4038 suo
2774 3972 3017 4054 legitimo
3052 3992 3216 4033 cursu
3247 3972 3509 4039 oIl'endit,
3541 3972 3685 4027 illum
3710 3966 3788 4038 qui

2201 4052 2271 4134 sit
2295 4075 2535 4145 ejusdem
2567 4052 2888 4145 quantitatis
2921 4068 3153 4123 auferat.
3180 4066 3239 4121 Si
3278 4080 3551 4120 numerus
3577 4062 3789 4117 circurn-

2200 4170 2421 4249 ponitur
2468 4166 2759 4224 contraria:
2806 4165 2978 4235 partis
3012 4204 3027 4230 ,
3059 4161 3148 4233 qui
3186 4157 3541 4228 multiplicati
3586 4166 3789 4249 et

2203 4262 2361 4341 positi
2407 4260 2640 4316 eiliciant
2690 4256 3134 4329 circumpositum
3162 4296 3183 4331 ,.
3220 4252 3530 4307 auferatur.
3575 4248 3791 4316 Quicun-

2198 4370 2307 4425 que
2331 4354 2623 4410 contrarim
2653 4352 2823 4422 partis
2860 4342 3142 4404 numerum
3170 4347 3248 4401 sic
3273 4342 3525 4409 oﬂendit,
3556 4350 3617 4395 ut
3641 4353 3790 4410 quau-

2204 4450 2332 4504 titas
2386 4441 2824 4514 intcrjacentium
2882 4456 3194 4511 camporum
3233 4438 3286 4492 in
3332 4453 3392 4492 se
3445 4432 3785 4503 multiplicata

2204 4540 2463 4599 contrarii
2498 4538 2706 4594 numeri
2757 4537 2943 4593 reddat
2985 4548 3277 4595 summam,
3319 4540 3373 4586 et
3425 4528 3659 4584 auferat.
3684 4521 3787 4578 Tali

2204 4632 2399 4705 praedae
2420 4630 2707 4701 suhjaeent
2749 4641 2938 4682 omnes
2966 4624 3171 4695 pariter
3215 4631 3403 4693 partes
3431 4662 3447 4687 ,
3480 4628 3571 4673 aut
3605 4617 3790 4705 pariter

2204 4704 2478 4795 impares,
2531 4720 2615 4777 vel
2667 4717 2887 4774 secundi
2939 4725 2993 4771 et
3044 4713 3365 4785 compositi;
3420 4708 3514 4763 sed
3564 4704 3791 4795 primict

2206 4794 2489 4886 compositi
2518 4819 2783 4883 vagentur
2813 4808 2933 4873 tuti,
2966 4821 3071 4861 non
3100 4806 3172 4859 ita
3198 4803 3307 4858 sint
3334 4798 3666 4856 adversariis
3699 4794 3791 4848 cir-

2206 4905 2470 4977 cumsepti
2499 4946 2512 4969 ,
2538 4914 2593 4959 ut
2624 4918 2722 4975 per
2748 4899 3016 4972 legitimos
3045 4912 3241 4952 cursus
3279 4910 3386 4949 non
3438 4890 3647 4963 possint
3673 4900 3788 4977 era-

2206 5000 2355 5056 dere.
2404 4976 2554 5053 Hanc
2587 4994 2797 5051 foveam
2842 4990 3242 5047 arithmeticam
3296 4985 3601 5041 incidentes
3650 4976 3789 5034 aufe-

2207 5102 2350 5148 rant.

505 5174 724 5250 Octupli.
756 5182 851 5239 llis
889 5196 1234 5256 opponantur
1262 5194 1386 5241 octo
1424 5188 1661 5245 minores
1686 5188 1828 5258 nigri
1854 5187 2097 5258 ejusdem
2124 5208 2179 5270 Β
2276 5186 2332 5240 In
2362 5183 2449 5238 illa
2486 5192 2661 5252 parte,
2693 5181 2780 5235 ubi
2809 5195 2877 5234 ex
2905 5176 3019 5249 pari
3050 5175 3254 5230 habent
3279 5172 3790 5270 denominata-pre-

511 5283 633 5290 ..ιι-ι

2623 5283 2633 5290 ι
2666 5271 2777 5290 πη.
2891 5268 3090 5290 -,..A_.-!-
3131 5286 3141 5290 _
3197 5281 3353 5290 ο...ιι-.ι
3412 5266 3455 5290 ,οξ
3516 5279 3604 5290 ροισι

3894 328 3900 403 l
