3964 5360
235 360 328 420 797

1427 347 1789 408 OPUSCULA
1832 344 1920 402 DE
1960 343 2232 402 MUSICA.

2768 286 2793 297 η

3376 341 3481 401 798

146 502 153 507 -
236 489 311 536 ter
332 485 508 543 curta,
537 474 692 545 cujus
716 474 863 530 basis
889 471 1068 527 LXIV.
1117 467 1232 524 Non
1262 466 1437 523 solum
1465 467 1549 521 his
1588 463 1808 520 basibus
1836 465 1884 523 Α
1914 461 2018 515 cim
2051 476 2147 530 per
2178 468 2406 529 quatuor
2446 459 2496 515 in
2522 467 2715 532 quarto
2740 475 2952 531 campo,
2981 459 3097 519 sive
3132 474 3227 530 per
3263 467 3485 521 octona.

224 572 445 631 XXXVI
469 580 525 627 et
550 568 712 626 LXIV
752 567 1058 640 pyramides
1090 562 1423 625 auferantur,
1453 558 1545 614 sed
1581 558 1807 628 quicun-

228 670 333 736 que
366 662 575 718 numeri
606 675 729 716 eum
768 657 1073 728 quantitate
1118 655 1419 724 spatiorum
1468 644 1807 717 multiplicati

234 754 633 814 easdem‘bases
656 750 913 815 eﬂiciant,
938 747 1185 802 auferant
1213 741 1545 815 pyramides.
1570 747 1623 796 et
1649 736 1806 793 simul

228 858 417 903 omoes
446 851 776 909 tetragonos,
805 838 1003 908 quibus
1030 842 1305 891 constant.

299 936 398 1005 Qui
436 934 609 991 tendit
646 933 712 987 ad
741 930 1025 987 victoriam
1053 970 1068 993 ,
1097 939 1440 995 summopere
1491 921 1703 978 studeat
1753 920 1807 973 in

230 1030 407 1100 capite
434 1025 729 1083 adversarii
760 1022 1049 1078 maximam
1073 1029 1127 1075 et
1147 1018 1436 1090 perfectam
1474 1013 1808 1070 harmoniam

223 1120 580 1183 constituere,
611 1130 731 1187 quae
754 1123 991 1185 quatuor
1015 1120 1271 1168 constans
1310 1107 1556 1162 terminis
1586 1113 1810 1159 cmteras

226 1211 285 1265 in
318 1223 379 1265 se
415 1209 659 1265 continet
694 1216 807 1261 tres
832 1246 847 1270 ,
896 1203 1277 1275 geometricam
1307 1241 1320 1263 ,
1369 1194 1767 1252 arithmeticam
1794 1236 1809 1261 ,

232 1301 623 1364 harmonicam,
660 1306 718 1354 et
746 1298 966 1367 insuper
1000 1294 1379 1365 proportiones
1421 1290 1661 1345 omnium
1695 1283 1811 1342 mu-

232 1392 465 1449 ἥρωι]
515 1388 980 1461 symphoniarum.
1029 1385 1086 1440 Si
1136 1385 1251 1440 haec
1294 1384 1411 1437 fieri
1461 1394 1568 1436 non
1616 1380 1808 1450 possit,

229 1483 475 1539 tominis
520 1481 640 1552 ejus
674 1495 773 1551 per
817 1479 1058 1551 prredam
1109 1492 1242 1537 non,
1269 1475 1550 1546 acquisitis
1584 1481 1675 1527 aut
1718 1484 1812 1542 per

228 1574 497 1632 incuriam
520 1572 769 1644 perditis,
797 1570 1026 1626 suilloiat
1059 1570 1125 1623 ad
1157 1567 1438 1623 victoriam
1470 1563 1811 1619 arithmetica

232 1671 289 1719 et
323 1663 663 1726 harmouiea,
692 1674 947 1730 quat-um
988 1666 1222 1728 utraque
1255 1671 1321 1711 ex
1354 1656 1529 1709 tribus
1557 1661 1815 1708 constans

1910 552 2051 607 rium
2088 571 2099 606 :
2132 551 2413 607 duodecim
2452 569 2547 623 per
2597 553 2864 609 binarinm
2902 553 2955 607 in
2995 562 3182 620 sexto,
3212 552 3324 607 sive
3386 562 3483 622 pa

1910 643 2319 713 quaternarium
2361 643 2413 697 in
2459 641 2617 699 tertio
2646 661 2659 697 :
2694 644 2913 713 triginta
2945 658 3037 697 sex
3073 658 3169 712 per
3212 643 3485 707 senarium

1912 739 1963 794 in
1989 748 2182 794 sexto:
2218 739 2433 810 triginta
2464 739 2515 792 in
2557 739 2787 808 quinto:
2830 739 3221 810 quinquaginta
3259 753 3351 793 sex
3391 751 3491 807 per

1908 830 2247 885 octonarium
2303 829 2356 883 in
2415 830 2647 898 septimo
2706 847 2719 882 :
2786 830 3069 900 sexaginta
3128 837 3361 899 quatuor
3432 827 3487 887 in

1905 924 2103 975 'octavo
2141 937 2237 991 per
2289 921 2623 996 octonariutn
2651 961 2665 984 ,
2698 922 2812 977 sive
2869 920 3058 996 eadem
3120 921 3423 990 quantitate
3469 933 3487 977 ι

1911 1015 2202 1083 nonaginta
2239 1029 2334 1084 per
2366 994 2716 1068 novenarium
2746 1014 2797 1067 in
2831 994 3039 1068 decimo
3069 1028 3281 1082 campo,
3312 1020 3366 1066 et
3392 1025 3491 1081 pel

1911 1106 2243 1159 vicenarium
2293 1104 2345 1159 in
2386 1105 2574 1174 quinto
2617 1124 2629 1158 :
2672 1105 2862 1175 viginti
2900 1115 3024 1159 octo
3070 1120 3163 1175 per
3201 1115 3492 1173 quaternar-

1911 1197 2050 1250 rium
2090 1197 2139 1250 in
2181 1196 2411 1266 septimo
2445 1211 2459 1249 :
2501 1196 2861 1266 quadraginta
2890 1210 3081 1251 novem
3122 1196 3175 1249 in
3207 1210 3306 1249 suo
3353 1194 3490 1264 legi-4

1914 1287 2045 1341 timo
2070 1296 2262 1350 tractu,
2294 1286 2406 1340 sive
2442 1301 2538 1355 per
2569 1286 2849 1356 adjunctus
2878 1285 3232 1356 quadraginta
3255 1270 3497 1356 quinque

1913 1388 1967 1433 et
2005 1387 2276 1446 quatuor:
2318 1377 2596 1448 sexaginta
2635 1394 2727 1431 sex
2754 1393 2850 1447 per
2876 1378 3157 1447 adjunctus
3212 1377 3497 1447 sexaginta

1914 1482 2146 1542 quatuor
2170 1482 2222 1525 ct
2259 1472 2412 1535 duos,
2441 1471 2554 1524 sive
2578 1486 2673 1541 per
2710 1470 2981 1524 sexdecim
3041 1471 3092 1525 in
3149 1478 3375 1539 quarto,
3404 1483 3499 1537 rem

1916 1572 2167 1618 manente
2205 1562 2454 1618 binario:
2499 1571 2715 1616 centum
2758 1561 2947 1632 viginti
2992 1577 3129 1618 unus
3164 1575 3262 1630 per
3305 1559 3502 1625 sextio-ﬁ

1913 1646 2018 1712 cim
2046 1657 2097 1709 in
2124 1654 2373 1723 septimo,
2399 1653 2652 1723 adjuncto
2691 1651 2984 1706 novenario
3019 1670 3031 1705 :
3064 1659 3279 1707 centum
3303 1649 3505 1719 viginti.

235 1755 502 1820 torminis,
535 1752 793 1818 maximo,
834 1751 1012 1809 medio
1036 1782 1057 1817 φ
1080 1750 1335 1815 minimo;
1368 1749 1480 1803 sive
1520 1760 1617 1817 per
1649 1760 1815 1817 angu-
1913 1763 2011 1819 per
2042 1745 2226 1817 viginti
2271 1746 2324 1800 in
2378 1755 2532 1801 sexto
2563 1758 2577 1797 :
2609 1744 2825 1799 ducenti
2876 1743 3067 1814 viginti
3116 1728 3353 1813 quinque
3400 1754 3497 1812 per

230 1845 314 1901 ιω
352 1845 449 1900 ﬁat
583 1845 866 1899 directum.
919 1841 1036 1897 Non
1084 1842 1236 1912 prius
1274 1838 1501 1894 victoria
1545 1834 1809 1899 tituletur,
1841 1818 1890 1883 Β
1920 1818 2106 1911 νῇείηιῖ
2135 1839 2372 1909 quinque
2400 1838 2451 1891 in
2484 1851 2644 1891 ηοηο,

233 1936 360 1995 dum
410 1936 620 1993 aiienus
663 1935 861 2005 aliquis
904 1934 1166 1989 terminos
1213 1947 1397 1987 earum
1447 1929 1616 2001 possit
1644 1928 1816 1983 inter-

233 2042 503 2098 πεῖραι.
524 2026 634 2095 Qui
673 2026 881 2096 primus
920 2024 1141 2095 ponitur
1164 2064 1178 2087 ,
1210 2022 1412 2077 indicet
1460 2019 1775 2074 adversario
1796 2057 1811 2081 ,

235 2119 384 2175 illm
428 2131 531 2174 nec
578 2118 741 2172 licere
787 2124 979 2187 postea
1005 2128 1074 2169 ex
1127 2114 1219 2167 illo
1244 2114 1362 2167 loco
1409 2113 1571 2175 trahi,
1606 2125 1703 2165 nec
1749 2109 1818 2163 ab

235 2212 548 2269 adversario
598 2208 824 2267 auferri.
882 2207 939 2262 In
999 2214 1231 2276 utraque
1272 2203 1487 2258 termini
1544 2201 1819 2257 abundant

236 2301 587 2363 arithmetici.
621 2299 1073 2355 Harmonicorum
1124 2311 1222 2368 per
1262 2297 1498 2365 praedam
1543 2308 1681 2347 unus
1728 2306 1818 2348 ac-

235 2392 534 2466 quirendas
580 2398 663 2446 est
700 2404 903 2461 :quom
954 2389 1184 2459 primum
1226 2400 1393 2456 pones
1419 2425 1434 2450 ,
1480 2399 1547 2439 ex
1601 2382 1821 2439 nomine

238 2486 441 2547 indices
468 2481 812 2549 adversario,
846 2481 898 2534 in
936 2479 1026 2534 tali
1073 2477 1327 2533 cautione
1358 2489 1549 2544 pones,
1580 2483 1640 2527 ut
1668 2472 1819 2526 illu’m

237 2576 415 2647 adhuc
430 2573 617 2631 nullus
645 2572 1015 2642 portenderunt
1042 2568 1211 2647 possit
1249 2567 1604 2635 interrepere.

248 2712 259 2725 ι
297 2644 479 2741 ἱξίέωο
520 2665 796 2721 exisu'met
835 2677 923 2717 me
960 2644 1239 2715 inconl'usc
1285 2667 1340 2712 et
1391 2655 1695 2711 inordinate
1723 2654 1823 2708 hos

239 2756 476 2812 calculos
518 2755 760 2825 posuisse
790 2772 802 2807 :
831 2753 924 2807 sed
969 2766 1176 2806 memor
1218 2757 1611 2819 praeceptorum
1654 2741 1821 2801 triu’m

242 2848 437 2913 Boetii,
469 2846 665 2916 quibus
690 2845 835 2899 hunc
861 2842 1168 2898 conﬂictum
1196 2840 1491 2895 secundmn
1515 2837 1703 2893 eadem
1737 2848 1824 2891 me

239 2942 482 3013 posuisse
505 2980 521 3007 ,
554 2940 711 2994 modo
739 2937 984 3009 neglecto
1006 2943 1226 3005 propter
1270 2933 1578 2988 evitandum
1632 2943 1825 2984 utime-

240 3032 520 3087 rositatem
553 3028 839 3085 monadum
865 3067 879 3091 ,
911 3027 1128 3081 diadum
1158 3066 1171 3090 ,
1206 3024 1437 3078 triadum
1468 3063 1483 3088 ,
1514 3028 1826 3077 ct‘ctetera-

243 3137 362 3177 rum
406 3121 799 3193 geniturarum.
832 3116 932 3183 Qui
979 3116 1171 3186 quaerit
1216 3115 1482 3170 hinariam
1510 3112 1817 3177 monadem,

240 3212 285 3268 si
317 3175 610 3267 ternariam
642 3209 898 3279 triplicet,
922 3207 966 3262 si
994 3175 1399 3276 quaternariam
1424 3175 1818 3274 quadruplicet,
1849 3175 1895 3238 (ἶ

241 3302 287 3357 si
334 3301 636 3371 quinariam
669 3297 1030 3369 quintuplicet
1055 3339 1070 3363 ,
1100 3298 1145 3352 si
1178 3297 1448 3353 senariam
1479 3294 1822 3365 seseuplicet,

241 3395 312 3450 ab
338 3393 585 3449 hostibus
622 3392 859 3462 undique
887 3392 1291 3446 circumventus
1329 3389 1633 3460 captivatur
1661 3403 1823 3454 unus,

239 3493 476 3557 quatuor
513 3500 634 3562 cum
672 3484 953 3555 pyramide
995 3484 1191 3538 cadunt
1231 3501 1242 3535 :
1279 3482 1436 3537 aliter
1464 3489 1696 3549 quatuor
1724 3479 1826 3535 ob-

241 3575 410 3637 Sidcri
439 3583 685 3646 possunt.
725 3573 984 3639 Senarius'
1022 3588 1119 3644 per
1158 3573 1450 3627 ternarium
1494 3571 1547 3625 in
1587 3570 1843 3625 secundo

242 3680 438 3739 campo
473 3665 619 3722 cadit
650 3683 663 3718 :
705 3665 1023 3721 octonarins
1062 3676 1158 3733 per
1210 3663 1489 3733 adjunclos
1515 3700 1528 3725 ,
1578 3660 1825 3716 videlicet

242 3759 487 3829 quinque
508 3767 565 3814 et
586 3765 698 3812 tres
725 3774 738 3810 :
762 3755 1148 3813 sextemdecim
1172 3769 1268 3824 per
1291 3768 1484 3807 novem
1504 3762 1558 3808 et
1578 3759 1783 3821 septem
1807 3765 1823 3804 :

243 3851 469 3922 triginta
494 3864 589 3905 sex
619 3862 716 3919 per
758 3847 1108 3904 novenarium
1146 3846 1199 3901 in
1230 3856 1423 3916 quarto
1447 3886 1463 3911 ,
1500 3846 1613 3900 sive
1635 3843 1826 3899 eadem

241 3940 553 4012 qmntilate
592 3958 604 3993 :
644 3940 923 4009 sexaginta
974 3947 1206 4007 quatuor
1244 3939 1432 3993 eadem
1481 3936 1787 4006 quantitate
1811 3976 1824 3999 ,

239 4036 362 4095 sive
406 4048 504 4104 per
548 4032 820 4090 sexdecim
848 4031 902 4089 in
932 4040 1129 4100 quarto
1163 4044 1179 4083 :
1210 4028 1537 4085 novenarius
1579 4041 1676 4099 per
1719 4033 1843 4081 ter-i

243 4126 462 4180 narium
509 4126 563 4179 in
596 4124 753 4179 tertio
784 4164 798 4189 ,
851 4123 966 4177 sive
1020 4122 1207 4177 eadem
1262 4116 1828 4191 quantitate:viginti

240 4220 487 4290 quinque
535 4232 632 4287 per
681 4216 923 4287 quinque
975 4215 1029 4269 in
1085 4214 1325 4283 quinto:
1368 4204 1676 4281 quindecim
1732 4224 1830 4279 per

240 4310 555 4384 quinarium
593 4310 647 4365 in
703 4308 866 4364 tertio
911 4307 1317 4378 :quadraginta
1355 4306 1461 4360 duo
1509 4318 1606 4373 per
1654 4310 1830 4371 septe-

243 4404 465 4459 narium
508 4403 564 4457 in
616 4412 772 4457 sexto
801 4420 813 4455 :
846 4400 1205 4471 quadraginta
1237 4412 1427 4451 novem
1470 4396 1522 4449 in
1558 4394 1826 4463 septimo:

242 4492 593 4565 septuaginta
622 4491 728 4546 duo
752 4507 850 4561 per
878 4490 1229 4544 novenarium
1268 4487 1319 4540 in
1361 4493 1551 4559 octavo
1602 4502 1614 4537 :
1672 4492 1828 4539 octo-

240 4587 398 4659 ginta
426 4593 484 4642 et
504 4600 643 4640 unus
667 4600 761 4654 per
784 4581 1135 4637 novenarium
1160 4579 1212 4633 in
1240 4592 1385 4632 nono
1405 4590 1596 4645 campo
1625 4593 1638 4628 :
1673 4575 1828 4646 quin-

243 4676 425 4731 decim
453 4688 550 4745 per
578 4674 684 4729 tria
723 4674 775 4727 in
825 4672 1046 4742 quinto,
1098 4670 1219 4745 sive.
1264 4682 1359 4738 per
1408 4664 1714 4736 quinarium
1777 4664 1829 4718 in

244 4768 415 4824 tertio
438 4785 451 4821 :
474 4764 828 4838 quadraginta
846 4763 1084 4833 quinque
1105 4776 1200 4830 per
1220 4758 1570 4815 novenarium
1593 4757 1645 4809 in
1668 4754 1829 4826 quin-

242 4869 309 4915 to
341 4875 356 4912 :
387 4865 603 4913 centum
660 4854 942 4923 sexaginta
991 4866 1183 4906 novem
1234 4865 1332 4919 per
1388 4847 1719 4903 tricesimum
1775 4844 1830 4899 in

244 4957 467 5019 quarto,
495 4957 549 5004 et
574 4954 859 5003 remanent
886 4938 1242 5013 quadraginta
1297 4952 1489 4996 novem
1548 4957 1560 4993 :
1610 4945 1827 4992 centum

242 5038 639 5109 quinquaginta
669 5043 779 5089 tres
810 5049 907 5104 per
934 5032 1118 5103 viginti
1148 5031 1386 5100 quinque
1428 5030 1482 5086 in
1511 5038 1693 5093 sexto,
1721 5026 1825 5081 ad-

236 5127 437 5197 juncto
461 5128 739 5186 ternario:
774 5126 988 5181 ducenti
1015 5124 1287 5195 octoginta
1322 5137 1512 5178 novem
1548 5134 1648 5192 per
1672 5118 1828 5190 quin-

1857 4527 1907 4586 D

1990 1976 2129 2031 Sunt
2157 1972 2405 2037 numeri,
2446 1971 2592 2040 (175)
2632 1969 2723 2040 qui
2751 1967 3137 2024 consonantiae
3172 1972 3388 2029 creant,
3411 1961 3515 2019 veli

1918 2084 2014 2139 per
2053 2081 2186 2137 quos
2231 2066 2360 2134 ipsa:
2407 2048 2792 2118 discernuntur
2837 2058 3231 2122 consonantize,
3263 2044 3517 2111 tantum-3'

1920 2159 2080 2229 modo
2125 2172 2218 2210 sex
2240 2195 2256 2219 ,
2298 2154 2350 2208 id
2396 2161 2509 2217 est,
2545 2152 2828 2221 epitritos,
2863 2148 3148 2205 hemiolios
3173 2188 3189 2213 ,
3220 2144 3460 2217 duplaris
3481 2185 3498 2213 ,

1924 2250 2177 2319 triplaris,
2208 2245 2668 2316 quadrnplariset
2694 2243 2988 2313 epogdous.
3020 2241 3119 2296 Est
3156 2248 3335 2295 autem
3385 2238 3523 2307 epi-i’

1924 2341 2099 2405 tritus,
2125 2354 2250 2393 cum
2280 2338 2347 2392 de
2375 2336 2584 2391 duobus
2634 2333 2881 2389 numeris
2916 2332 3089 2403 major
3126 2332 3288 2385 habet
3327 2338 3503 2384 totum

1924 2434 2221 2503 minorem,
2254 2440 2310 2484 et
2340 2430 2561 2500 insuper
2585 2427 2703 2498 ejus
2737 2427 2954 2483 tertiam
3001 2433 3235 2497 partem,
3269 2432 3328 2477 ut
3377 2426 3525 2478 snnt‘

1924 2533 2155 2595 quatuor
2192 2521 2258 2576 ad
2289 2531 2429 2587 tres;
2472 2535 2595 2575 nam
2638 2520 2691 2575 in
2729 2527 2964 2590 quatuor
2993 2524 3122 2571 sunt
3156 2523 3289 2581 tres,
3311 2524 3366 2569 et
3396 2522 3504 2569 ter-

1927 2614 2003 2667 tia
2041 2628 2168 2684 pars
2227 2611 2410 2675 trium,
2459 2610 2512 2665 id
2566 2617 2668 2679 est,
2721 2607 2920 2663 unitas.
2973 2605 3050 2660 De
3105 2606 3208 2663 hoc
3259 2600 3533 2660 nascitutiz

1927 2705 2266 2777 symphonia,
2297 2718 2416 2771 quae
2449 2701 2504 2755 in
2528 2701 2732 2757 musica
2779 2698 3087 2770 appellatur
3134 2697 3496 2752 diatessaron.
3526 2704 3535 2753 .'

1928 2796 2221 2851 Hemiolius
2249 2805 2351 2859 est,
2384 2810 2505 2848 cum
2536 2792 2602 2847 de
2631 2790 2841 2847 duobus
2869 2790 3112 2846 nmneris
3141 2786 3313 2857 major
3339 2786 3504 2842 habet

1928 2888 2191 2943 minorem
2223 2895 2277 2939 et
2306 2885 2527 2953 insuper
2564 2883 2681 2953 ejus
2722 2881 3089 2945 medietatem,
3120 2887 3180 2932 ut
3225 2886 3352 2933 sunt
3400 2876 3504 2931 tria

1928 2981 1995 3036 ad
2019 2980 2156 3044 duo;
2190 2992 2313 3033 nam
2342 2979 2393 3031 in
2427 2978 2596 3031 trinus
2615 2984 2741 3029 sunt
2771 2974 2897 3039 duo,
2930 2982 2984 3028 et
3015 2970 3189 3027 media
3212 2984 3340 3039 pars
3373 2967 3508 3021 duo-

1927 3089 2070 3138 rum,
2102 3071 2302 3126 unitas.
2330 3067 2643 3147 Appellatur
2670 3065 2758 3119 hic
2786 3079 3046 3119 numerus
3075 3063 3128 3116 in
3164 3059 3507 3115 arithmetica

1928 3164 2302 3235 sesquialtera,
2334 3162 2428 3215 sed
2454 3160 2713 3237 diapason
2745 3156 2894 3227 (174)
2931 3153 3249 3227 symphonia
3282 3158 3506 3206 vocatur

1930 3260 1983 3313 in
2015 3256 2244 3311 musica.
2277 3252 2524 3323 Duplaris
2555 3264 2817 3304 numerus
2857 3257 2934 3302 est
2963 3287 2979 3313 ,
3027 3261 3147 3301 cum
3191 3244 3258 3299 de
3299 3242 3508 3297 duobus

1930 3347 2171 3402 numeris
2199 3345 2377 3398 minor
2402 3343 2454 3396 in
2483 3340 2739 3410 majorem
2783 3340 2864 3394 bis
2896 3344 3249 3399 numeratur,
3279 3342 3337 3387 ut
3384 3339 3511 3387 sunt

1930 3448 2165 3509 quatuor
2179 3438 2242 3492 ad
2269 3438 2394 3492 duo.
2425 3434 2503 3489 Ex
2533 3436 2634 3488 hoc
2666 3432 2873 3502 duplari
2900 3429 3140 3485 nascitur
3165 3424 3507 3498 symphonia,

1923 3532 2015 3589 Cui
2050 3544 2243 3585 nomen
2285 3536 2366 3582 est
2395 3527 2674 3596 diapason.
2727 3522 2987 3593 T-riplaris
3031 3530 3211 3575 autem
3236 3559 3250 3583 ,
3278 3533 3402 3573 cum
3440 3516 3509 3573 de

1930 3622 2140 3677 duobus
2178 3617 2420 3673 numeris
2448 3618 2625 3675 minor
2655 3624 2737 3670 ter
2773 3614 2826 3668 in
2866 3600 3507 3683 tmjoremrnumeratui,

1929 3723 1989 3779 ut
2008 3724 2133 3770 sunt
2158 3712 2261 3767 tria
2292 3711 2357 3766 ad
2385 3724 2583 3765 unum;
2604 3706 2681 3761 Ex
2709 3706 2811 3762 hoc
2850 3703 3058 3774 trrplari
3088 3699 3330 3755 nascitur
3359 3708 3506 3767 sym-
3536 3700 3559 3729 "

1930 3804 2153 3875 phonia,
2176 3817 2296 3871 quae
2318 3800 2518 3855 dicitur
2545 3798 2809 3865 diapason
2834 3802 2899 3848 ct,
2941 3794 3214 3862 diapente.
3262 3785 3509 3854 Quadrnu
3552 3824 3557 3829 .

1930 3896 2099 3965 plaris
2125 3908 2253 3948 vero
2289 3904 2547 3947 numerus
2580 3898 2690 3953 est,
2714 3901 2838 3942 cum
2896 3884 2963 3940 de
3013 3882 3224 3937 duellis
3266 3876 3511 3937 numeris
3554 3890 3561 3901 ν

1930 3994 2111 4042 mmor
2144 3985 2198 4038 in
2232 3981 2490 4050 majorem
2531 3986 2724 4048 quater
2753 3982 3087 4036 numeratur,
3116 3979 3176 4026 nt
3204 3974 3509 4038 sutit'quad
3554 3972 3563 3983 ‘

1933 4087 2056 4132 tuor
2087 4076 2153 4130 ad
2188 4089 2354 4128 unum
2384 4072 2510 4140 :qui
2538 4071 2794 4124 numerus
2819 4066 2949 4120 facit
2977 4062 3509 4135 symphoniam,quat

1931 4171 2130 4224 dicitur
2179 4168 2260 4221 bis
2305 4167 2582 4234 diapason.
2635 4158 2921 4230 Epogdous
2975 4170 3233 4211 numerus
3276 4164 3382 4218 est,
3413 4152 3508 4221 qui

1932 4266 2069 4319 intra
2103 4276 2162 4315 se
2192 4258 2352 4313 habet
2384 4268 2667 4309 numerum
2694 4253 2982 4315 minorem,
3009 4260 3065 4304 et
3102 4247 3217 4317 ejus
3257 4255 3505 4301 octavam

1932 4362 2162 4424 partem,
2188 4358 2244 4402 ut
2273 4346 2401 4403 sunt
2428 4358 2617 4401 novem
2641 4341 2706 4396 ad
2728 4351 2889 4406 octo;
2941 4340 3067 4409 quia
3111 4339 3163 4392 in
3213 4334 3508 4392 novenario

1933 4454 2058 4498 sunt
2087 4446 2311 4508 octohet
2344 4437 2564 4506 insuper
2592 4444 2783 4490 octava
2814 4446 2959 4501 pars,
2994 4429 3046 4485 id
3076 4437 3179 4493 est,
3207 4427 3406 4482 unitas.

2007 4576 2209 4633 Sonnm
2250 4586 2377 4626 vero
2419 4579 2599 4626 tonum
2640 4568 3111 4641 minorem,quem
3157 4568 3368 4619 veteres
3416 4573 3503 4614 se-

1933 4670 2213 4725 mitonium
2256 4666 2468 4721 vocant.
2518 4662 2624 4717 Sed
2673 4672 2778 4715 non
2812 4660 2883 4726 ita
2916 4654 3279 4729 accipiendum
3320 4660 3422 4717 est,
3449 4658 3509 4704 ut
3533 4673 3546 4690 -

1934 4758 2191 4817 dimidius
2220 4767 2378 4811 tonus
2425 4760 2786 4823 computetur,
2818 4750 2942 4821 quia
2983 4761 3083 4816 nec
3126 4740 3507 4799 semivocalem

1934 4851 1987 4907 in
2018 4849 2214 4905 litteris
2250 4860 2347 4918 pro
2379 4846 2668 4901 medietate
2707 4840 2911 4896 vocalis
2947 4835 3260 4907 accipimus.
3309 4830 3512 4887 Deinde

1936 4953 2097 4999 tonus
2118 4944 2218 5008 per
2248 4944 2500 4992 naturam
2541 4932 2625 4987 sui
2674 4931 2729 4985 in
2768 4931 2873 4987 duo
2911 4926 3186 4999 aequaliter
3216 4922 3381 4977 dividi
3407 4934 3516 4975 non

1932 5041 2153 5107 potest:
2186 5043 2309 5084 cum
2352 5031 2503 5084 enim
2548 5040 2616 5081 ex
2659 5026 2959 5079 novenario
3004 5031 3228 5074 numero
3282 5021 3521 5074 constet,

1934 5105 2128 5184 novem
2162 5119 2308 5176 enim
2348 5114 2633 5190 nunquam
2683 5114 2837 5186 (175)
2887 5110 3161 5185 aequaliter
3186 5105 3522 5164 dividuntur,

2144 5214 2176 5226 ι·
2220 5212 2287 5226 suo
2324 5214 2336 5225 ο
2426 5216 2441 5226 ι
2610 5205 2988 5226 --J:--4a-us--

2758 5213 3025 5226 .4.-p,----
3060 5200 3182 5226 Innn
3210 5195 3356 5226 nmo'll
3388 5196 3405 5226 \
3436 5205 3528 5226 νο-
