3964 5360
273 263 379 323 8οἰ

1531 271 1894 331 OI‘USCULA
1940 275 2027 332 DE
2067 274 2344 334 MUSICA.

3441 289 3549 345 802

257 363 346 437 est
395 389 498 436 Ista
538 377 920 451 multiplicatio
964 379 1148 448 LXIV,
1186 391 1242 438 et
1292 383 1450 439 srmul
1510 383 1634 438 tolle
1683 384 1851 439 latera
1882 394 1926 450 Λ
1957 386 2050 440 sis.
2081 385 2214 439 Tres
2265 386 2460 440 residui
2509 388 2716 443 numeri
2767 389 2808 450 I.
2836 388 2927 454 III,
2956 389 3019 455 II,
3050 390 3172 447 ideo
3217 408 3324 448 non
3362 411 3550 452 nume-

255 472 430 538 basis,
467 472 520 528 id
545 482 848 528 cstomnes
881 489 1135 529 numeros
1157 515 1172 538 ,
1209 475 1298 544 qui
1339 473 1476 529 infra
1509 475 1851 530 octonarium

255 582 358 638 per
382 581 444 622 se
472 564 920 638 multiplicantur,
953 567 1006 622 id
1031 576 1117 622 est
1149 565 1313 623 XLIX
1339 585 1353 632 ;
1407 567 1646 634 XXXVI,
1679 567 1849 636 XXV,

257 659 413 726 XVI;
449 677 576 716 nam
599 661 800 732 septies
829 671 1034 732 septem
1062 661 1268 718 faciunt
1308 661 1496 728 XLIX,
1550 663 1726 719 sexies
1755 679 1849 720 sex

253 752 503 818 XXXVI,
545 753 838 824 quinquies
887 756 1126 827 quinque
1173 755 1340 822 XXV,
1383 765 1575 827 quater
1619 767 1852 829 quatuor

255 843 469 900 faciunt
488 843 629 910 XVI,
649 846 772 901 ideo
791 861 891 918 per
909 863 969 903 se
995 847 1442 919 multiplicantur.
1467 847 1717 920 Pyramis
1741 865 1849 905 non

253 943 442 1005 potest
479 950 580 1006 per
603 935 771 992 ullum
798 953 1084 995 numerum
1116 939 1460 1009 multiplicari
1488 948 1582 995 aut
1608 941 1850 996 circum-

252 1025 409 1096 poni,
439 1025 563 1082 ideo
603 1027 764 1085 debet
793 1029 908 1086 tolli
954 1046 1054 1103 per
1082 1031 1588 1104 multiplicationem
1615 1048 1726 1089 suae
1749 1031 1850 1089 ba-

327 1202 498 1332 Ξ

583 1223 648 1278 ιι
690 1223 764 1294 pli
972 1223 982 1294 |

1157 1225 1454 1294 ρυαιιιυριί
1628 1226 1639 1297 ι

1815 1226 2056 1295 Sescupli
2232 1228 2241 1293 |

981 1322 990 1390 ε
1094 1321 1182 1378 ιιιι
1283 1322 1295 1392 ι
1400 1321 1516 1377 xvr
1631 1324 1640 1391 ι
1751 1323 1811 1377 vr
1917 1321 2251 1392 lxxxvn
2352 1325 2455 1380 \‘llI
2515 1321 2527 1395 ι
2597 1321 2755 1380 LXIV

1961 484 2149 528 rantur
2173 475 2224 528 iu
2259 476 2560 546 pyramide,
2590 478 2718 548 quia
2745 479 2827 533 isti
2854 489 3109 549 quatuor,
3137 483 3188 536 id
3227 491 3311 538 est
3358 482 3546 553 XLIX,

1955 565 2196 632 XXXVI,
2242 565 2412 628 XXV,
2459 567 2596 631 XVI,
2639 569 2775 635 basi,
2804 573 2960 628 idest
2998 571 3180 639 LXIV,
3215 575 3548 647 superpositi

1954 658 2160 713 faciunt
2203 657 2370 729 ipsam
2429 661 2761 730 pyramidem
2805 660 2963 717 CXC.
3018 662 3087 717 Et
3134 663 3258 734 quia
3302 665 3420 720 istis
3449 666 3548 722 tri-

1955 757 2060 816 bus
2119 757 2206 824 Ill,
2259 757 2301 813 II
2355 769 2411 814 et
2453 759 2494 824 I,
2539 775 2645 814 non
2700 760 2921 832 indiget,
2971 761 3174 818 dicitur
3223 763 3338 834 ipsa
3386 779 3546 837 pyra-

1958 849 2062 904 mis
2114 859 2197 906 ter
2253 859 2431 906 curta.
2488 849 2660 907 Luvet
2704 851 2886 918 scire,
2935 853 3170 923 qualiter
3208 869 3332 911 cum
3371 855 3548 913 mino-

1956 942 2110 998 ribus
2157 956 2356 998 noceas
2405 942 2728 1012 majoribus,
2769 959 2877 1000 non
2925 945 3285 1019 parvipendas
3311 947 3411 1005 has
3460 960 3550 1006 ro-

2413 1213 2832 1421 πὶ

2416 1326 2455 1380 ιι
2515 1311 2527 1395 ι’
2597 1310 2685 1380 Lx'
2691 1310 2803 1380 Iv"

404 1436 482 1493 Ex
511 1447 666 1510 parte
699 1441 912 1510 parium
940 1450 1071 1496 sunt
1102 1441 1156 1495 lii
1190 1440 1419 1513 pedites.
1451 1439 1991 1508 Superparliculares
2022 1440 2134 1504 isti,
2170 1440 2222 1494 id
2262 1453 2346 1496 est
2377 1443 2560 1507 medii,
2589 1445 2682 1514 qui
2721 1453 2778 1500 et
2809 1445 3062 1501 comites.

1641 1557 1650 1606 1
1792 1555 2131 1606 Sesuuiscxli
2275 1563 2284 1606 I

465 1552 826 1625 Sesquialteri
965 1557 975 1626 |
1116 1555 1493 1624 Sesquiquarti
1566 1625 1601 1626 Ὗ
1641 1557 1650 1624 |
1792 1555 2131 1623 Sesquiscxti

411 1763 890 1834 Superpartientes
924 1764 1184 1819 dicuntur
1222 1762 1484 1826 maximi,
1520 1761 1612 1831 qui
1647 1771 1702 1816 et
1747 1761 1935 1818 duces.

2804 1545 2938 1742 ᾗ

2428 1562 2804 1629 Sesquioclavi

345 1860 3284 2072 mm!

439 1979 583 2036 xxv
680 1978 692 2048 ι
796 1979 887 2033 xv
991 1977 1002 2048 ι
1095 1975 1306 2031 LXXXI
1411 1975 1420 2047 ι
1534 1975 1671 2030 xcv
1800 1975 2193 2046 [ccxvuul
2285 1979 2395 2033 XCI
2463 1979 2472 2047 |
2539 1979 2894 2035 ccuxxrx
2959 1982 2970 2050 ι
3037 1963 3244 2040 cuu'

331 2182 812 2256 Superbipartiens
861 2187 948 2236 est
998 2178 1143 2236 XXV
1206 2179 1272 2234 ad
1315 2177 1442 2245 XV;
1493 2178 1658 2236 habet
1713 2179 1859 2234 enim
1889 2183 1937 2244 Β
1965 2179 2010 2234 si
2035 2178 2243 2235 dividas
2270 2179 2385 2236 XCI
2423 2195 2475 2235 in
2499 2190 2731 2252 septem,
2755 2197 3093 2253 unaquaeque
3118 2199 3248 2256 pars
3274 2182 3382 2240 erit
3400 2185 3550 2252 XIII;

248 2273 430 2339 XXV,
466 2272 560 2328 XV
592 2273 646 2328 in
675 2288 760 2338 se,
799 2281 854 2329 et
875 2272 993 2342 ejus
1024 2281 1209 2342 partes
1238 2273 1396 2336 duas,
1423 2271 1476 2327 id
1499 2281 1582 2328 est
1609 2270 1678 2326 X.
1721 2269 1852 2339 Qua:

247 2365 306 2422 Χ
345 2365 484 2422 adde
513 2366 582 2421 ad
635 2363 750 2430 XV,
782 2375 836 2419 et
863 2372 1025 2420 erunt
1079 2363 1245 2419 XXV.
1310 2363 1852 2437 Superquatuorpar-

248 2456 399 2512 tiens
425 2464 511 2512 est
536 2454 754 2510 LXXXI
789 2455 858 2510 ad
893 2455 1054 2520 XLV,
1081 2456 1206 2526 quia
1248 2454 1462 2511 LXXXI
1493 2457 1656 2512 habet
1711 2454 1852 2510 XLV

248 2549 313 2604 in
361 2564 441 2616 se,
463 2558 520 2604 et
549 2547 667 2618 ejus
693 2557 928 2618 quatuor
951 2558 1170 2620 partes;
1213 2564 1338 2604 nam
1384 2549 1428 2604 si
1459 2548 1668 2604 dividas
1709 2546 1853 2604 XLV

247 2639 312 2698 in
339 2639 581 2709 quinque
605 2648 810 2708 partes,
840 2653 1176 2709 unaquaque
1215 2654 1339 2709 pars
1367 2639 1474 2694 erit
1501 2639 1847 2704 novenarius,

247 2744 486 2799 quarum
539 2745 706 2784 unum
757 2730 1110 2784 novenarium
1175 2728 1380 2798 abjice,
1435 2737 1490 2786 et
1567 2739 1852 2784 remanent

245 2819 498 2886 XXXVI,
520 2836 642 2892 qua:
669 2819 892 2876 XXXVI
922 2821 968 2877 si
1008 2823 1078 2876 ad
1125 2820 1267 2877 XLV
1297 2819 1588 2884 addideris,
1635 2819 1852 2877 LXXXI

1955 2284 2186 2340 quarum
2246 2271 2481 2341 partium
2522 2269 2638 2326 XIII
2685 2287 2848 2327 unam
2899 2273 3106 2344 abjice,
3165 2284 3222 2330 et
3265 2285 3555 2332 remanent

1953 2359 2255 2439 LXXVIII:
2303 2376 2426 2432 qua:
2490 2377 2798 2434 superpone
2870 2363 2976 2420 illis
3030 2363 3176 2429 XCI,
3226 2374 3283 2420 et
3345 2366 3554 2423 faciunt

1958 2450 2187 2508 CLXIX.
2215 2450 2765 2524 Superoctopartiens
2784 2464 2872 2512 est
2891 2454 3246 2512 CCLXXXIX
3265 2458 3334 2514 ad
3356 2457 3548 2524 CLIII;

1956 2560 2078 2617 qua:
2107 2545 2260 2600 CLIII
2287 2546 2332 2601 si
2362 2545 2416 2601 in
2448 2559 2642 2602 novem
2671 2546 2901 2613 dividas,
2933 2548 3356 2620 uniuscujusque
3379 2549 3553 2620 partis

1959 2635 2065 2690 erit
2127 2633 2271 2691 XVII
2317 2654 2330 2690 :
2382 2645 2512 2693 tunc
2571 2636 2762 2694 omitte
2825 2653 2990 2693 unum
3055 2637 3220 2705 XVII,
3270 2647 3327 2694 et
3377 2652 3555 2694 rema-

1962 2736 2099 2782 nent
2151 2727 2438 2784 CXXXVI.
2490 2727 2602 2784 llos
2667 2729 2806 2785 adde
2856 2730 2925 2785 ad
2974 2728 3162 2795 CLIII,
3216 2736 3270 2784 et
3345 2726 3556 2784 {aciuut

1962 2817 2340 2876 CCLXXXIX.
2388 2820 2467 2876 Ex
2508 2829 2666 2892 parte
2713 2821 3004 2894 imparium
3044 2828 3172 2878 sunt
3216 2819 3427 2903 pedites
3462 2817 3552 2875 isti

243 2911 483 2969 faciunt.
517 2913 1039 2985 Supersexpartiens
1067 2923 1152 2970 cst
1202 2913 1412 2971 CLXIX
1441 2914 1508 2970 ad
1553 2911 1697 2980 XCI;
1727 2929 1852 2968 nam
1964 2911 2198 2966 numeri.

347 3227 664 3319 _vt_ul__|
760 3230 825 3286 ul
944 3229 954 3303 ι
1058 3231 1205 3287 xxv
1295 3233 1304 3304 ι
1400 3232 1443 3287 v
1593 3231 1835 3301 |xux
1930 3232 1940 3302 ι
2030 3229 2113 3286 vu
2235 3231 2513 3300 ILXXXI
2578 3233 2588 3302 ι
2646 3233 2738 3288 IX.

760 3230 825 3286 III
944 3229 954 3303 Ι
1058 3231 1205 3287 XXV
1295 3233 1304 3304 Ι
1400 3232 1443 3287 V
1593 3231 1835 3301 |XLIX
1930 3232 1940 3302 |
2030 3229 2113 3286 VII
2235 3231 2513 3300 ILXXXI
2578 3233 2588 3302 Ι
2646 3227 2738 3288 IX.

463 3310 664 3319 _._.-_

433 3345 974 3416 Superparticularcs
1014 3357 1140 3403 sunt
1175 3349 1264 3403 isti
1295 3349 1528 3412 numeri,
1570 3348 1621 3402 id
1656 3355 1760 3412 est,
1803 3347 1964 3402 medii
1992 3356 2047 3402 et
2075 3348 2324 3403 comites.

495 3462 689 3532 Sesqui
698 3467 843 3520 tertii
986 3468 994 3538 |
1134 3469 1508 3536 Se~quiquiuti
1654 3469 1663 3532 Ι

485 3574 572 3612 xvi
675 3563 684 3627 |
788 3577 866 3615 xu
984 3563 993 3631 |
1098 3577 1205 3615 xxx
1309 3562 1319 3632 Ι
1425 3579 1529 3615 xxv

1805 3467 2220 3537 Sesquiseptimi
2360 3470 2368 3538 |

1653 3563 1662 3631 ι
1768 3577 1923 3617 thm
2041 3566 2050 3630 |
2169 3579 2255 3617 LVI
2361 3568 2370 3629 |

2509 3469 2834 3538 Sesquiunni

2527 3565 2836 3634 c|xc

433 3671 916 3746 Superpartientcs
948 3686 1073 3732 sunt
1099 3678 1214 3741 isti,
1244 3678 1294 3731 id
1321 3687 1430 3742 est,
1462 3679 1623 3733 medii
1657 3689 1710 3733 et
1739 3679 1984 3741 maximi,
2015 3679 2106 3746 qui
2148 3688 2202 3730 et
2232 3678 2418 3732 duces.

343 3959 368 3968 _
443 3886 667 3954 xxx,|
771 3901 837 3941 xv
971 3886 980 3957 |
1115 3900 1281 3938 Lxxxl
1396 3886 1405 3955 |
1511 3900 1614 3940 ην
1741 3887 1751 3955 |

419 3796 896 3865 Superbipartiens
974 3797 983 3863 |
1047 3793 1672 3863 Superquadripartiens
1740 3795 1749 3864 |
1821 3793 2386 3862 Superscxtipartiens
2436 3791 2445 3860 |
2503 3792 3040 3862 Superoctiparliens

1853 3899 2014 3942 cuix
2118 3886 2130 3955 |
2235 3897 2319 3936 xei
2439 3887 2450 3950 ι
2514 3896 2786 3938 οοιχιλιχ
2845 3885 2854 3954 |
2922 3899 3072 3940 CLIII.

1782 3959 2118 3968 .—_—_—_—

323 4059 818 4136 Supertripartiens
859 4066 946 4114 est
1003 4056 1165 4114 XLIX
1217 4058 1284 4113 ad
1351 4055 1600 4122 XXVIII;
1653 4066 1849 4127 quater
1876 4059 1922 4122 ο
1957 4055 2078 4128 (leg.
2101 4058 2668 4132 superseptipartiens)
2690 4069 2774 4114 est
2803 4057 3041 4116 CCXXV
3063 4059 3131 4116 ad
3154 4059 3326 4128 CXX;
3351 4078 3476 4119 nam
3500 4065 3549 4123 si

239 4157 396 4216 enim
456 4153 546 4210 VII
602 4151 808 4208 faciunt
845 4149 1101 4206 XXVIII:
1136 4165 1365 4220 quarum
1420 4149 1509 4204 VII
1568 4165 1733 4204 unam
1760 4150 1846 4204 di-

241 4249 435 4310 mitte,
501 4254 560 4300 et
625 4251 908 4298 remanent
967 4239 1121 4304 XXI,
1187 4255 1325 4310 quos
1390 4252 1693 4310 superpoue
1744 4238 1848 4294 illis

241 4334 490 4399 XXVIII,
550 4343 606 4389 et
655 4331 863 4386 faciunt
911 4329 1095 4385 XLIX.
1144 4328 1558 4400 Superquinque
1608 4329 1848 4400 partiens

239 4439 332 4485 est
361 4425 528 4483 CXXI
559 4424 627 4480 ad
657 4421 841 4479 LXVI.
892 4421 1026 4477 Nam
1070 4419 1230 4476 LXVI
1279 4421 1324 4476 si
1381 4420 1632 4476 diviseris
1659 4421 1711 4475 in
1751 4435 1847 4477 sex

241 4518 486 4588 azquales
530 4526 739 4586 partes,
789 4527 1125 4584 unaquaeque
1173 4527 1300 4582 pars
1347 4511 1451 4566 erit
1475 4509 1846 4583 Xl;quarum

242 4607 488 4679 partium
517 4619 681 4660 unam
710 4601 782 4657 XI
812 4599 995 4671 rejice,
1048 4609 1104 4656 et
1155 4609 1440 4655 remanent
1464 4599 1556 4656 LV
1581 4618 1596 4656 :
1635 4615 1772 4672 quos
1803 4601 1849 4656 si

245 4698 524 4756 addideris
576 4697 646 4752 ad
704 4693 889 4761 LXVI,
945 4693 1147 4748 faciunt
1190 4691 1378 4748 CXXI.
1430 4691 1851 4764 Superpartiens

329 4846 415 5053 E

422 4955 610 5018 xuim
673 4959 683 5029 1
745 4972 916 5013 xxvm
967 4955 977 5026 Ι
1117 4971 1242 5012 cxx:
1369 4962 1378 5022 |
1492 4971 1615 5013 LxVI
1755 4957 1765 5028 Ι

320 5100 796 5132 υι-ιιηεακηιιὲη
828 5101 1016 5132 nm...

1099 5115 1432 5132 numne-nanum
1462 5117 1640 5132 ...ιι-κη
1668 5114 1810 5132 ΔνιιΑ
1869 5109 1919 5132 λ
1952 5116 2030 5132 -..ι

1956 4145 2099 4201 CXX
2129 4148 2178 4201 iu
2203 4159 2326 4203 octo
2351 4149 2593 4219 partiris,
2615 4166 2952 4222 unaquaeque
2977 4166 3105 4222 pars
3132 4152 3238 4209 erit
3267 4152 3392 4222 XV;
3417 4171 3552 4227 qua-

1955 4255 2074 4293 rum
2107 4256 2266 4296 unam
2303 4241 2396 4296 XV
2427 4243 2642 4308 omitte,
2692 4253 2748 4299 et
2775 4254 3060 4300 remanent
3082 4245 3170 4302 CV
3204 4263 3217 4300 :
3251 4262 3388 4318 quos
3414 4247 3458 4303 si
3481 4247 3551 4304 ad

1956 4327 2098 4385 CXX
2127 4331 2459 4400 apposueris,
2511 4341 2667 4388 erunt
2707 4332 2966 4390 CCXXV.
3002 4334 3552 4407 Supernonipartiens

1955 4419 2201 4478 CCCLXI
2252 4425 2322 4478 ad
2360 4421 2535 4492 CXC;
2599 4439 2724 4482 nam
2753 4425 2888 4484 CXC
2934 4429 2979 4483 si
3011 4428 3222 4485 dividas
3270 4431 3322 4485 in
3364 4432 3549 4486 decem

1955 4523 2157 4584 partes,
2209 4515 2470 4585 cujusque
2515 4517 2688 4587 partis
2740 4519 2846 4573 erit
2897 4517 3021 4574 XIX
3053 4538 3067 4574 :
3099 4519 3144 4576 si
3205 4537 3370 4576 unum
3429 4521 3550 4578 XIX

1953 4604 2241 4674 abjeceris,
2271 4617 2556 4664 remanent
2591 4607 2837 4677 CLXXI;
2866 4626 3006 4682 quos
3031 4612 3080 4667 si
3111 4611 3279 4668 addas
3301 4614 3368 4669 ad
3392 4613 3546 4678 CXC,

1951 4695 2191 4752 elliciunt
2219 4696 2484 4755 CCCLX].

415 4860 1770 4940 Supertripartiensijuperquiuquepartitﬂsﬂ7|
1825 4862 2389 4932 Superseptipartiens
2449 4869 2458 4940 |
2517 4860 3070 4940 Superuovm

1867 4975 2042 5018 ccxxv
2128 4959 2137 5025 Ξ
2230 4977 2335 5015 cxx
2454 4964 2463 5033 Ι
2566 4974 2668 5014 cxc
2755 4946 2764 5030 I
2854 4979 3040 5021 occur

2081 5101 2391 5130 *ιιι-..ξλιξλξκ
2484 5104 2915 5130 -..—n—\A-I:---‘-
2935 5126 2942 5127 γ
2961 5110 2996 5127 ’ξ
3086 5099 3551 5128 -.--Α“-,ιε-..οὲο
