3964 5360
143 228 241 288 eos
1382 227 1702 285 OPUSCUL

1859 229 1880 284 ς
1921 230 2199 289 nusrea.
2564 248 2568 293 :
2712 288 2715 291 .
3307 251 3424 312 εκ

150 351 379 416 quatuor
431 348 555 397 sunt
606 340 744 406 XVI,
774 355 906 435 ecce
920 341 1281 435 quadruplos,
1315 341 1370 399 id
1392 352 1477 398 est
1498 340 1618 396 XVI
1659 342 1724 396 ad
1753 346 1802 406 Α
1830 352 1915 398 est
1949 346 2009 399 V.
2053 346 2193 402 Ecce
2229 357 2312 404 est
2348 352 2588 421 perfecta
2620 358 3005 429 sesquiqu‘arta
3028 363 3330 435 proportio,
3361 367 3417 424 id

144 435 243 501 IV;
293 433 572 489 continent
604 448 839 504 namque
864 433 983 488 XVI
1014 443 1207 505 quater
1228 436 1637 505 quaternarium
1670 436 1721 489 in
1825 445 1912 492 est
1939 435 2082 492 XXV
2115 440 2184 494 ad
2218 439 2335 496 XX.
2379 443 2472 500 Sic
2501 446 2569 503 de
2599 448 2739 505 aliis.

148 544 217 583 se.
266 526 460 581 Sexies
487 541 580 581 sex
614 537 739 580 sunt
765 523 1010 590 XXXVI,
1048 540 1176 581 ecce
1201 525 1505 596 sexcuplos,
1535 525 1587 580 id
1620 535 1723 585 est.
1900 531 2057 587 Nunc
2111 535 2179 588 ad
2243 541 2710 609 supcrpartientes
2744 559 3000 603 numeros
3050 558 3413 609 transeamus.

144 618 354 676 XXXVI
383 619 453 674 ad
474 616 580 671 Vl:
613 617 818 672 habent
867 618 1011 672 enim
1060 615 1280 671 XXXVI
1330 618 1382 672 in
1438 633 1496 672 se
1547 618 1726 673 sexies
1826 624 2052 683 Constat
2078 628 2219 684 enim
2254 632 2380 701 quia
2416 634 2588 705 major
2629 653 2887 695 numerus
2911 641 3176 700 minorem
3205 646 3415 703 duabus

145 732 252 771 sex.
287 712 474 768 Oeties
497 720 620 766 octo
651 722 777 766 sunt
805 709 995 806 LXIV,
1016 726 1145 767 ecce
1170 712 1339 806 habes
1358 711 1627 782 octuplos,
1668 711 1723 767 id
1826 720 2006 783 tertiis
2044 726 2441 793 Stipercl‘cscit,
2488 743 2635 789 cum
2666 730 2865 793 dicitur
2929 736 3415 806 superbipartiens,

144 815 222 862 est
266 803 552 876 sexaginta
606 812 842 874 quatuor
862 800 936 856 {Id
962 812 1125 860 octo:
1166 803 1444 857 continent
1489 816 1724 872 namque
1828 814 2105 870 subaudiri
2166 819 2356 873 tertias
2385 834 2606 876 necesse
2637 831 2737 876 est.
2773 823 2908 895 Quia
2948 800 3120 900 igitur
3148 800 3179 884 ξι
3203 800 3415 887 binario

142 896 292 954 LX'IV
316 899 371 952 in
399 914 459 954 se
479 898 649 953 octies
667 906 811 951 octo.
835 897 890 951 In
915 897 1303 952 constitutione
1326 907 1503 954 autem
1532 897 1724 988 tabula:
1826 908 2004 963 oritur
2033 911 2521 979 superhipartieus,
2555 922 2611 966 et
2636 913 2893 971 subaudis
2923 896 3132 987 tertias,
3167 920 3208 975 II
3235 931 3291 976 et
3314 922 3411 988 III,

145 992 327 1047 horum
379 988 828 1081 semper-binos,
881 988 1353 1081 multiplicatorem
1377 998 1431 1043 et
1458 987 1720 1081 multipli-
1826 1014 1923 1069 per
1949 1000 2197 1056 eumdem
2244 1003 2596 1058 subauditum
2651 1009 2947 1062 ternarium
2987 1010 3306 1081 multiplica,
3358 1021 3413 1068 et
3482 1022 3485 1027 '

144 1090 312 1138 catum
354 1080 700 1152 coniunctius
753 1079 963 1148 campis
1012 1078 1115 1134 Sibi
1168 1080 1408 1143 institue,
1465 1089 1522 1135 ut
1568 1080 1720 1135 verbi
1827 1106 1946 1163 qua}
1987 1108 2196 1147 summa
2248 1093 2371 1149 inde
2419 1092 2681 1163 excrev‘h’
2738 1100 2886 1168 prior
2935 1078 3193 1158 numean
3216 1104 3324 1159 erit
3358 1105 3412 1159 in

143 1174 301 1266 gratia
353 1172 420 1227 IV
473 1188 596 1266 cum
640 1170 703 1236 II,
746 1169 865 1224 XVI
885 1187 1021 1266 cum
1056 1170 1145 1235 IV.
1196 1170 1413 1266 XXXVI
1461 1188 1582 1266 Cum
1630 1169 1720 1236 Vl.
1824 1185 2179 1254 proportione
2202 1187 2334 1256 ipsa.
2360 1187 2514 1254 Quod
2565 1191 2606 1244 si
2630 1193 2867 1259 experiri
2900 1191 3118 1249 libuerit
3139 1196 3412 1266 quomodo

143 1261 292 1319 LXIV
324 1278 448 1318 cum
486 1261 620 1327 Vill,
662 1261 1057 1316 concordantes
1101 1262 1322 1316 studeas
1364 1262 1708 1317 constituere.

1845 1276 2135 1348 geminetur
2169 1292 2198 1331 a
2246 1281 2848 1350 superparticularibus,
2889 1286 3022 1341 nihil
3066 1261 3235 1343 refert
3278 1289 3410 1361 quin

144 1357 256 1413 Haec
311 1356 557 1412 breviter
604 1369 934 1409 memorasse
963 1351 1193 1409 suﬂiciat
1224 1356 1289 1409 de
1319 1371 1517 1426 genere
1545 1356 1709 1411 multi-

1852 1369 1968 1423 dem
2019 1369 2114 1424 tibi
2150 1380 2360 1425 crescat
2403 1388 2682 1429 numerus.
2718 1375 3143 1447 Sesquialtcram
3192 1351 3417 1451 propor-

142 1449 253 1520 plici
287 1448 444 1520 :jam
479 1446 689 1503 aliuuid
725 1446 1018 1502 enucleare
1054 1461 1317 1502 conemur
1341 1444 1407 1502 de
1430 1446 1722 1518 su'perpar-
1827 1458 2032 1512 tionem
2064 1457 2127 1514 Vl
2175 1469 2228 1513 ct
2261 1458 2331 1514 IX
2377 1477 2665 1533 compone,
2705 1444 2984 1535 lium—XV,
3031 1472 3122 1540 qui
3153 1444 3235 1527 est
3263 1444 3416 1544 prior

144 1542 341 1599 ticulari
1824 1550 2281 1620 super-partientis
2312 1569 2589 1611 numerus.
2627 1557 2766 1614 Huic
2793 1562 3009 1616 tertiam
3069 1542 3280 1632 partem
3306 1565 3410 1632 sui,

1182 1700 1187 1707 _
1752 1712 1800 1726 ﬁ
1828 1642 1884 1695 id
1917 1652 2003 1697 est
2044 1639 2109 1725 V,
2139 1642 2223 1697 bis
2279 1645 2522 1723 augebis,
2560 1656 2616 1702 et
2641 1649 2975 1724 IitunXXV;
3025 1653 3140 1711 lucc
3168 1655 3418 1726 superbi-

206 1718 730 1817 Snpcrparticularis
758 1717 975 1817 dicitur
1010 1734 1271 1817 numerus
1311 1734 1545 1775 numero
1572 1735 1722 1777 com-
1752 1712 1802 1771 Β
1823 1722 2087 1807 partiens
2118 1712 2499 1809 proportio,“
2519 1748 2602 1813 est
2625 1718 2766 1796 XXV
2808 1744 2875 1797 ad
2907 1712 3022 1797 XV.
3052 1712 3414 1817 Sesquiquar;

138 1820 384 1883 paratus,
418 1810 637 1880 quoties
665 1809 841 1881 major
870 1810 923 1865 in
964 1826 1022 1865 se
1051 1809 1293 1865 continet
1320 1826 1603 1866 numerum
1632 1813 1726 1866 tni—
1823 1798 1941 1881 ἷυιη
1974 1798 2333 1884 Χὶξγέι
2379 1798 2601 1903 insimul
2644 1848 2804 1905 pone,
2854 1836 2984 1893 ῆιωι

138 1917 346 1963 norem,
398 1908 452 1956 et
502 1901 724 1972 insuper
774 1900 890 1970 ejus
938 1901 1177 1972 aliquam
1219 1913 1450 1972 partem.
1491 1904 1548 1958 Si
1578 1905 1703 1959 cuiu

1850 1917 1912 1969 sui
1940 1919 2186 1989 quintam
2238 1914 2446 1991 partem
2500 1898 2718 1990 adhibe,
2747 1898 2907 1985 erunt
2943 1927 3178 1984 LXXXI.
3230 1898 3415 1990 Sic

143 1990 303 2061 major
346 2007 611 2049 numerus
656 1991 923 2049 minorem
948 2002 1130 2085 totum
1164 1993 1379 2085 habeat,
1418 2004 1470 2050 et
1504 1997 1723 2065 insuper
1828 2008 1950 2077 aliis
1978 2008 2170 2074 fueicS,
2213 1990 2491 2083 jungendo
2517 2016 2911 2085 sesquisextam
2940 2029 2996 2075 et
3041 2030 3286 2079 octavam
3327 2025 3414 2080 ίη.

144 2084 250 2156 ejus
275 2083 537 2151 medium,
565 2084 875 2152 hemiolios,
906 2084 959 2140 id
987 2093 1091 2150 est,
1120 2084 1440 2154 sesquialter
1464 2097 1709 2148 vocatur;

1849 2101 2037 2156 .‘enies.
2068 2105 2206 2157 Sunt
2232 2104 2399 2175 igitur
2420 2107 2660 2177 impares
2693 2110 3010 2180 multiplicis
3034 2115 3279 2188 generis,
3307 2126 3414 2172 ter-

143 2183 181 2236 si
219 2181 333 2251 ejus
380 2181 626 2247 tertiam,
676 2179 1079 2251 sesquitertius.
1111 2176 1377 2269 Similiter
1412 2195 1507 2250 per
1532 2197 1723 2236 omnes
1824 2197 2039 2261 uarius,
2083 2196 2392 2269 quinarius,
2423 2176 2788 2269 septenarius,
2821 2176 3165 2261 novenarius.
3200 2176 3415 2267 Histros

140 2286 400 2351 numeros,
435 2287 611 2341 usque
660 2271 788 2327 dum
838 2271 1038 2326 habeat
1079 2268 1196 2338 ejus
1238 2286 1436 2325 nonam
1487 2280 1696 2342 partem

1846 2287 2260 2354 troportiouales
2312 2290 2669 2364 edttcettt‘si'c
2721 2310 2733 2344 :
2780 2302 2867 2364 ter
2908 2304 2991 2350 ter
3020 2307 3147 2353 sunt
3194 2314 3411 2357 novem.

143 2362 221 2431 qui
254 2371 479 2459 vocatur
513 2362 913 2459 sesquinonus.
966 2359 1037 2416 Ut
1083 2370 1267 2459 autem
1317 2363 1559 2459 omnium
1581 2381 1724 2459 qua—
1820 2376 1917 2451 .1511
1951 2388 2079 2432 sum
2131 2380 2294 2449 tripli.
2333 2359 2643 2451 Quinquies
2668 2360 2906 2459 quinque
2934 2398 3063 2449 sunt
3100 2368 3278 2457 XXV;
3325 2393 3415 2459 isti

147 2462 255 2508 tuor
277 2455 693 2551 proportionum
723 2472 751 2509 a
778 2456 1001 2551 paribus
1045 2455 1455 2551 procedentium
1510 2456 1722 2551 priores
1824 2480 1952 2525 sum
1976 2471 2272 2545 quinwplj,
2306 2473 2411 2531 hoc
2441 2484 2528 2531 est
2555 2475 2701 2533 XXV
2722 2477 2791 2533 ad
2815 2455 2879 2534 V.
2914 2480 3129 2551 Septies
3170 2455 3413 2542 VII-sunt

145 2549 379 2616 acquiras
425 2561 708 2612 numeros,
757 2562 854 2617 per
899 2547 1044 2618 ipsos
1073 2562 1229 2616 pares
1261 2548 1511 2618 superius
1533 2548 1710 2603 multi-

1848 2562 2013 2626 iLlX,
2045 2564 2099 2617 hi
2124 2566 2526 2637 εωιιεοριιιριί,
2564 2567 2617 2621 id
2650 2578 2738 2624 est
2765 2569 2930 2627 XLIX
2975 2547 3044 2627 5d
3072 2571 3184 2628 vn.
3213 2575 3413 2633 Novies

146 2640 298 2709 plices
336 2640 651 2711 adjacentes
685 2641 802 2711 ejus
850 2640 1149 2712 multiplica
1186 2656 1458 2708 numeros,
1489 2643 1590 2697 hoc
1613 2652 1717 2708 est,
1820 2640 2019 2729 me.»
2054 2652 2296 2729 LXXXI,
2333 2656 2385 2709 hi
2411 2665 2539 2715 sunt
2570 2660 2815 2730 nonupli,
2870 2661 2924 2719 id
2963 2672 3069 2731 est,
3097 2663 3317 2721 LXXXI
3343 2667 3413 2729 ad

133 2741 315 2808 ,perll,
339 2740 427 2805 III,
454 2738 552 2806 IV,
587 2740 647 2805 V,
680 2740 765 2805 VI,
797 2738 905 2803 VII,
931 2754 1026 2810 per
1058 2738 1184 2802 VIII,
1230 2736 1322 2803 IX,
1374 2739 1478 2794 hoc
1522 2740 1715 2797 modo:
1812 2746 1911 2809 jx.

130 2833 225 2889 Bis
280 2843 387 2889 tres
440 2832 655 2899 faciunt
706 2847 799 2888 sex
830 2849 844 2887 :
874 2832 978 2887 iste
1026 2842 1105 2888 est
1155 2832 1304 2902 prior
1349 2832 1719 2902 sesquialtera:
1892 2839 1970 2894 De
2012 2840 2179 2895 variis
2233 2850 2413 2898 tamen
2449 2841 2660 2909 ﬁguris,
2701 2859 2822 2914 quae
2861 2845 3062 2903 ibidem
3094 2848 3413 2919 multimode

131 2927 500 2997 proportionis
546 2940 827 2981 numerus.
879 2925 1298 3005 Quateerunt
1350 2925 1472 2994 XX,
1522 2936 1579 2982 et
1629 2928 1718 2983 hic
1812 2930 2200 3005 disponuntur,
2253 2934 2565 3005 pyramides
2600 2943 2810 2991 tantum
2851 2946 2908 2993 et
2945 2937 3107 2994 bases
3157 2948 3212 2995 et
3264 2938 3414 2999 basis

128 3021 283 3091 prior
336 3022 756 3093 sesqniquartaa.
800 3019 990 3077 Sexies
1040 3029 1247 3092 septem
1299 3021 1457 3088 XLII,
1512 3023 1604 3081 hic
1633 3032 1717 3081 est
1740 3070 1789 3136 Ο
1819 3019 1993 3097 latera
2046 3023 2100 3078 in
2158 3024 2633 3097 rhythmimachia,
2686 3020 2834 3097 quali
2889 3043 3116 3085 numero
3146 3006 3416 3114 positione

148 3115 278 3136 .....f-..
308 3116 659 3136 --_.__-:--_-...
719 3114 901 3136 n-.:--
937 3129 1124 3136 -,--.-...
1161 3124 1279 3136 -----.
1306 3115 1325 3136 1
1351 3115 1493 3136 ννΙΙ
1547 3124 1588 3136 Δι
1628 3116 1733 3136 I_:_-
1827 3111 1950 3136 Ωιι-,ι
2013 3122 2370 3136 ΛηηΑηι..-ε-..ς-
2424 3113 2634 3136 -.ΞΑΙ-ι--..
2673 3114 2986 3136 J__._--_--..-
3046 3117 3105 3136 ἢ·
3146 3134 3199 3136 ,__
3228 3134 3236 3136 Α
3329 3129 3339 3136 .

132 3115 279 3183 μίαν
303 3116 683 3186 εθείμιίδθχιίε,
718 3114 903 3172 octies
934 3129 1128 3170 novem
1157 3124 1284 3175 sum
1305 3115 1514 3182 LXXII,
1540 3124 1595 3171 et
1626 3100 1789 3172 hic,"J
1824 3111 1978 3178 Iiaut,
2009 3122 2375 3182 opportunum
2424 3113 2634 3170 videtur
2668 3114 3011 3189 depromere.
3044 3100 3415 3191 Disponuntur

132 3205 281 3274 prior
306 3205 697 3276 scsquioctava:
724 3203 1091 3275 proportionis
1128 3219 1407 3260 numerus.
1822 3204 2010 3281 itaque
2057 3205 2517 3276 rhythmimachia
2546 3209 2858 3279 pyramides
2902 3209 3043 3276 duaa,
3072 3226 3180 3267 una
3206 3226 3237 3266 a
3261 3212 3413 3283 pari-

1822 3296 1947 3362 bus,
1984 3298 2154 3353 altera
2192 3298 2261 3352 ab
2301 3300 2623 3369 imparibus,
2671 3317 2902 3371 quarum
2952 3318 3105 3374 prior
3138 3304 3403 3377 perfecta,

209 3374 261 3434 Si
308 3394 437 3434 vero
485 3376 706 3453 facilius
737 3384 793 3432 et
830 3376 1132 3433 naturalius
1184 3379 1401 3434 eosdem
1461 3394 1717 3436 numeros
1820 3388 1997 3443 altera
2028 3398 2253 3443 vocatur
2279 3399 2360 3444 ter
2400 3401 2573 3446 curta.
2600 3390 2848 3448 Perfecta
2875 3377 3117 3466 pyra‘mis
3144 3374 3408 3475 festXCI‘;

130 3469 265 3547 'velis
292 3470 551 3539 reperire,
585 3483 984 3545 omnespares,
1010 3482 1147 3537 quos
1185 3469 1433 3538 superius
1460 3470 1718 3525 illmulli-
1820 3482 1999 3549 oritur
2047 3498 2076 3535 a
2136 3479 2375 3547 XXXVI,
2420 3483 2523 3559 qui
2554 3498 2815 3539 numerus
2867 3484 3072 3541 idcirco
3120 3488 3236 3557 ejus
3266 3469 3414 3557 basis

143 3560 256 3631 plici
300 3578 496 3634 genere
541 3561 779 3641 singulos
822 3561 876 3615 in
926 3575 1046 3615 sese
1086 3560 1478 3630 multiplicasti,
1536 3561 1718 3617 multi-
1824 3572 2040 3635 dicitur,
2093 3586 2157 3625 co
2204 3573 2345 3641 quod
2392 3572 2504 3642 ipsa
2557 3573 2797 3644 pyramis
2825 3577 2976 3645 quasi
3011 3576 3258 3635 columna
3292 3580 3411 3657 basi

140 3652 444 3719 plicalorcm
473 3662 529 3709 ει
554 3653 970 3723 multiplicatum
997 3668 1261 3727 compone
1290 3654 1484 3709 sic:ad
1513 3655 1718 3725 sesqui-
1823 3665 2077 3734 imposita
2109 3680 2277 3735 supra
2296 3666 2451 3723 basin
2479 3666 2763 3722 innitatur.
2809 3667 3051 3741 Erigitur
3077 3680 3258 3726 autem
3294 3652 3410 3743 ipsa

128 3742 353 3836 alteram
387 3746 423 3800 Il
473 3755 529 3801 et
563 3743 630 3799 lV
661 3742 850 3817 iunge,
878 3753 933 3799 et
960 3744 1095 3799 lium
1122 3744 1225 3810 Vl;
1266 3745 1332 3799 ad
1360 3748 1712 3819 sesquiquar-
1822 3756 2063 3826 pyramis
2092 3772 2253 3827 super
2287 3758 2403 3813 basi
2434 3774 2464 3811 a
2496 3757 2559 3814 Vl
2583 3774 2755 3830 usque
2774 3761 2843 3814 ad
2873 3761 3160 3828 unitatem,
3183 3742 3412 3836 singulis

146 3842 241 3889 tam
270 3835 336 3891 IV
376 3844 430 3892 et
459 3836 601 3903 XVI,
632 3845 685 3891 et
711 3845 872 3915 erunt
901 3836 1031 3903 XX;
1062 3837 1129 3891 ad
1151 3838 1547 3907 sesquisextam
1577 3838 1640 3894 VI
1661 3848 1715 3896 et
1822 3847 2067 3903 numeris
2098 3852 2150 3902 in
2193 3863 2251 3904 se
2300 3847 2670 3919 multiplicatis
2720 3851 2827 3907 hoc
2861 3853 3022 3917 modo
3065 3872 3076 3906 :
3113 3835 3291 3913 sexies
3320 3854 3410 3923 VI,

126 3923 379 4017 XXXVI,
400 3937 458 3982 et
484 3928 622 3981 ﬁunt
660 3926 1019 3998 quadraginta
1072 3927 1212 4017 duo;
1267 3930 1333 3984 ad
1381 3931 1715 4000 sesquiocta-
1819 3938 2077 4005 XXXVI;
2107 3941 2396 4011 quinquies
2426 3940 2491 4008 V,
2528 3940 2703 4010 XXV;
2729 3953 2924 4014 quater
2959 3954 3215 4017 quatuor,
3249 3946 3407 4016 XVI;

144 4029 254 4071 vam
299 4016 404 4072 VIII
450 4026 508 4074 et
549 4017 735 4085 LXIV,
794 4018 931 4074 fiunt
975 4016 1183 4074 LXXII.
1218 4020 1285 4074 Et
1317 4021 1443 4091 quia
1473 4020 1714 4091 ipsarum
1822 4038 1907 4084 ter
1931 4028 2015 4094 III,
2045 4029 2298 4096 sutith;
2349 4032 2432 4086 bis
2476 4032 2583 4088 duo
2610 4042 2735 4087 sunt
2756 4016 3028 4103 quatuor;
3074 4035 3242 4092 semel
3273 4053 3411 4107 unus

122 4113 540 4182 :proportionum
561 4113 797 4183 priores,
827 4121 888 4167 ut
909 4112 983 4168 ita
1007 4113 1204 4180 dicam,
1228 4113 1462 4186 syllabas
1486 4116 1713 4186 adeptus
1821 4129 1908 4175 est
1934 4135 2093 4175 unus.
2129 4119 2195 4175 Hi
2220 4136 2409 4177 onmes
2452 4122 2663 4178 numeri
2688 4139 2740 4177 In
2772 4138 3039 4196 summam
3067 4126 3242 4181 coacti
3273 4127 3409 4197 fiunt

144 4216 216 4268 es,
241 4212 452 4274 oportet
481 4205 646 4258 etiam
678 4213 738 4259 ut
769 4218 954 4260 earum
991 4205 1086 4259 tibi
1118 4207 1377 4276 acquiras
1412 4210 1714 4278 proportio-
1826 4210 1959 4269 XCI.
1985 4211 2111 4271 Hac
2138 4212 2383 4282 perfecta
2426 4213 2688 4285 pyramis,
2717 4191 2900 4285 (ιιι-ιιι
2923 4215 3147 4281 Boetius
3175 4218 3272 4286 ait,

145 4295 303 4352 nales.
335 4296 459 4352 Istis
486 4297 673 4369 igitur,
703 4312 840 4366 quos
872 4296 969 4352 tibi
995 4297 1303 4367 acquisisti,
1330 4300 1573 4354 numeris
1602 4300 1715 4355 sin-
1800 4318 2103 4369 .numerus,
2144 4304 2237 4373 qui
2268 4304 2463 4359 horum
2502 4303 2914 4378 coniugatorum
2945 4325 3296 4367 numerorum
3326 4321 3410 4385 est

145 4389 272 4458 gulis
298 4399 459 4455 totam
490 4399 699 4461 partem
744 4391 827 4445 sui
872 4388 1170 4461 adjuugere
1220 4398 1511 4456 memento,
1552 4401 1716 4461 quota
1746 4427 1799 4490 Dp
1825 4393 2001 4462 major
2034 4403 2089 4448 et
2134 4394 2382 4461 ultimus;
2428 4410 2653 4453 necesse
2675 4406 2761 4454 est
2793 4400 2959 4467 enim,
2986 4409 3046 4455 ut
3069 4400 3231 4483 huius
3248 4417 3411 4475 pyra-

146 4481 296 4538 I'uerit
327 4484 466 4554 ipsa,
501 4481 569 4537 de
594 4497 702 4552 qua
728 4482 930 4554 agitur,
971 4481 1271 4552 preportio.
1300 4479 1463 4536 Verbi
1494 4482 1666 4553 gratia
1694 4499 1706 4535 :
1749 4476 1791 4490 “’
1823 4488 1984 4545 midis
2025 4488 2095 4543 sit
2134 4489 2306 4555 basis,
2336 4490 2387 4543 id
2415 4497 2499 4545 est
2529 4488 2775 4559 XXXVI;
2813 4502 2870 4549 et
2892 4494 3021 4565 quia
3044 4476 3247 4551 eadem
3262 4497 3410 4563 basis

147 4575 186 4629 si
216 4578 389 4647 agitur
410 4579 489 4633 .de
526 4576 912 4653 sesquialtera,
952 4577 1205 4641 alteram,
1248 4576 1301 4631 id
1331 4584 1436 4641 est,
1483 4577 1711 4632 mediam
1790 4581 2101 4637 -cxcrescit
2123 4596 2150 4633 a
2176 4581 2417 4646 senario,
2452 4581 2565 4651 ipse
2594 4584 2862 4653 senarius,
2889 4585 2973 4640 vel
3001 4600 3191 4641 omnes
3217 4602 3409 4645 nume-

145 4677 340 4736 partem
383 4669 467 4725 sui
510 4667 776 4743 adjunge;
806 4668 854 4723 si
879 4668 949 4725 de
972 4668 1374 4737 sesquiquarta,
1414 4677 1663 4736 quartam
1696 4685 1707 4720 :
1822 4671 1890 4735 ri,
1928 4672 2019 4740 qui
2047 4670 2287 4740 ejusdem
2321 4673 2465 4727 basis
2503 4672 2725 4743 explent
2745 4690 3036 4736 summam.
3064 4676 3211 4731 basis
3242 4678 3411 4735 latera

147 4763 186 4816 si
212 4763 275 4819 de
297 4763 936 4833 sesquisexta,.sextam;
969 4760 1015 4819 si
1042 4758 1113 4815 de
1142 4759 1539 4829 sesquioctava,
1565 4767 1715 4813 octa-
1794 4777 2101 4833 avocantur.

150 4869 278 4908 vam.
310 4855 422 4911 Hoc
442 4861 641 4916 autem,
666 4852 814 4923 quod
840 4852 984 4917 dico,
1013 4850 1095 4907 sic
1117 4849 1210 4905 ﬁet
1242 4869 1256 4905 :
1287 4851 1526 4916 senario,
1551 4866 1711 4921 quem
1792 4908 1803 4915 ,
1896 4857 2003 4912 Ter
2029 4868 2184 4915 curta
2216 4868 2399 4916 autem
2439 4858 2700 4930 pyramis,
2734 4877 2859 4934 quae
2901 4879 2933 4918 a
2963 4875 3061 4915 sua
3087 4859 3238 4927 basi,
3270 4864 3322 4917 id
3346 4875 3430 4920 est
3516 4903 3523 4909 .

146 4949 503 5018 sesquialterze
530 4946 895 5019 proportionis
912 4945 1159 5016 priorem
1190 4947 1419 5017 adeptus
1449 4946 1572 5019 (es),
1600 4960 1714 5001 me—
1792 4974 1795 4979 ·
1825 4949 2008 5016 LXIV,
2041 4949 2302 5019 eilicitur,
2324 4969 2355 5008 a
2383 4950 2679 5021 noveuario
2707 4968 2889 5029 uSque
2917 4950 2986 5009 ad
3013 4954 3441 5015 quaternariutu

147 5042 389 5101 dictatam
418 5056 595 5107 suam,
642 5041 823 5119 idest,
868 5050 980 5096 tres
1006 5038 1201 5108 adjice,
1249 5048 1305 5095 et
1332 5039 1469 5094 ﬁunt
1496 5037 1589 5103 IX,
1619 5040 1712 5106 qui
1785 5046 2047 5115 _singulis
2104 5048 2354 5105 nt‘tmeris
2403 5046 2456 5100 in
2506 5058 2564 5098 se
2626 5042 3013 5122 multiplicatis
3054 5038 3131 5092 sic
3178 5044 3453 5115 erigitur.

147 5144 224 5191 est
257 5135 670 5209 proportionalis
697 5135 781 5199 ei;
812 5136 1139 5191 novenarius
1160 5135 1308 5190 enim
1348 5134 1511 5189 habet
1540 5140 1712 5189 totum
1788 5138 2004 5196 -Octies
2042 5147 2195 5201 octo,
2254 5138 2449 5204 LXIV;
2498 5136 2701 5206 septies
2752 5152 2966 5217 septem
3004 5128 3190 5193 XLIX;
3294 5134 3463 5195 sexies

149 5224 211 5281 VI
238 5228 288 5282 in
310 5243 390 5293 se,
419 5238 477 5283 et.
498 5227 621 5297 ejus
640 5226 1011 5290 medietatem,
1040 5226 1097 5281 id
1116 5234 1203 5281 est
1230 5226 1549 5283 ternarium.
1571 5224 1715 5282 Ecce
1787 5289 1795 5296 ,
1818 5246 1937 5296 sex,
1963 5226 2185 5296 XXXVI
2205 5245 2219 5294 ;
2240 5229 2543 5304 quinquies
2566 5227 2840 5303 quinque,
2869 5221 3017 5289 XXV
3039 5237 3054 5286 ;
3083 5230 3318 5289 quater
3345 5237 3472 5295 qua-

116 5318 304 5360 rhalna
328 5321 620 5360 nni-faniam
661 5320 1074 5360 nomnniglmrnm
1100 5323 1506 5360 nrnmrlinnnm
1554 5319 1605 5360 ἰιΙ
1626 5329 1709 5360 pel
1822 5331 1943 5360 Inmr-
1996 5320 2118 5360 YVI
2173 5334 2303 5360 enim
2365 5317 2553 5360 ﬂmnis
2606 5330 2741 5360 prun
2779 5323 2885 5360 iam
2912 5325 3171 5360 numerus
3214 5314 3311 5360 in
3342 5326 3480 5360 mm-
