3964 5360
537 388 646 448 807

1239 382 1298 438 S.
1336 379 1586 439 ODONIS
1621 377 1915 436 ABBATIS
1953 377 2086 434 SEU
2123 375 2472 434 ALTERIUS
2511 375 2761 434 ODONIS
2801 377 3106 435 MONACIII

3721 383 3809 438 808

545 515 654 562 tur.
689 503 828 560 Sunt
857 511 1036 557 autem
1067 500 1238 572 ipsius
1259 499 1406 555 basis
1445 499 1619 552 latera
1657 507 1804 560 octo,
1852 504 1908 552 et
1945 509 2136 550 omnes
2163 498 2212 558 Α
2240 492 2331 547 bet
2358 492 2502 546 enim
2533 492 2678 548 basis
2707 491 2876 546 latera
2907 501 2984 547 tot
3014 494 3249 546 imitatus
3290 491 3344 546 in
3376 506 3454 548 se.
3486 502 3618 560 quot
3657 499 3809 549 uniu-

546 595 645 661 illi,
671 595 818 666 (178)
859 593 950 664 qui
979 595 1125 648 basis
1168 591 1313 647 illius
1345 591 1584 646 cﬂiciunt
1621 591 2008 660 quantitatem;
2042 587 2136 641 ha-

609 811 755 880 (l78)
777 810 942 866 Forte
983 809 1073 865 hic
1122 808 1404 881 legendum
1439 827 1450 863 :
1486 807 1818 881 Omnes‘illi,
1846 807 1935 881 qui
1971 807 2130 881 ΔΙιαείε

536 877 680 938 illius
708 877 933 954 ofﬁciunt
987 877 1334 941 quantiiatem
1366 881 1576 952 (habent
1620 879 1756 934 enim
1793 877 1933 932 basis
1963 877 2134 932 latera

2243 594 2328 640 tes
2355 583 2578 654 singula-
2593 585 2869 639 continent
2908 585 3218 655 pyramides
3252 584 3303 638 in
3337 583 3532 637 latere.

2873 691 3184 747 Fiuiuntur.

2239 816 2312 861 tot
2340 807 2568 861 unitate:
2589 807 2643 861 in
2667 823 2740 872 se,
2787 814 2910 875 quot
2940 805 3163 858 unitum
3188 801 3415 875 singulm
3438 802 3705 856 continent
3732 822 3812 875 pg.

2243 823 2312 861 ιοι
2340 823 2568 861 mtuam
2589 823 2643 861 m
2667 823 2740 872 se,
2825 823 2910 859 ιιοι
2940 823 3056 858 tum

2243 877 2494 943 rantides)
2516 878 2571 931 iu
2593 877 2756 932 latere
2777 823 3056 947 ﬁniuntur.

534 1012 3786 1047 mm

1300 1142 1901 1262 REGUL/E
1987 1141 2284 1256 DOM
2295 1142 2388 1255 N
2399 1143 2446 1255 Ι
2530 1139 3057 1256 ODONIS

1764 1373 2092 1453 SUPER
2149 1371 2591 1452 ABACUM.

1558 1554 1650 1612 (Ex
1679 1554 1790 1608 eod.
1815 1553 1931 1608 Cod.
1955 1552 2317 1604 \‘indobonousi
2340 1564 2452 1604 sec.
2477 1553 2595 1605 oirc.
2634 1549 2784 1613 Xlll.)

611 1816 813 1890 Siquis
851 1813 1098 1870 notitiam
1145 1811 1301 1870 abaci
1333 1811 1534 1867 habere
1573 1809 1872 1876 desiderat,
1907 1825 2131 1868 necesse
2161 1818 2208 1880 Β
2236 1812 2327 1868 Sic
2350 1826 2448 1883 per
2464 1820 2680 1868 caetera.
2716 1811 2820 1868 Per
2857 1811 3090 1868 medium
3117 1825 3248 1870 vero
3275 1826 3513 1868 arcuum
3536 1813 3664 1870 duae
3690 1813 3825 1871 linea:

541 1919 629 1968 est
683 1917 744 1964 ut
785 1907 838 1963 in
877 1905 1314 1962 consideratione
1360 1901 1572 1958 numeri
1604 1901 1836 1957 studeat.
1884 1900 2008 1956 Haec
2038 1917 2128 1956 ars

536 2015 704 2056 nona
762 1997 1061 2062 modernis,
1121 1996 1214 2051 sed
1265 1995 1334 2049 ab
1386 1995 1624 2066 antiquis
1668 1994 1918 2059 inventa,
1953 1994 2127 2049 ideoa

538 2090 723 2148 multis
780 2088 1112 2160 negligitur,
1181 2086 1306 2156 quia
1357 2101 1705 2141 numerorum
1771 2086 2125 2156 perplexioue

538 2182 694 2238 valde
723 2180 1056 2252 implicatur,
1099 2188 1157 2233 ιιι
1202 2176 1470 2246 majorum
1525 2175 1786 2232 relatione
1814 2175 2122 2231 didicimus.

538 2275 708 2347 Hujus
728 2276 865 2330 artis
901 2273 1236 2328 inventorem
1262 2271 1624 2343 Pythagoram
1658 2272 1939 2328 habemus.
1965 2271 2130 2342 Cujus

539 2365 778 2423 studiunt
819 2365 1002 2436 itaque
1047 2363 1101 2418 in
1140 2363 1462 2434 quibusdam
1511 2370 1598 2417 est
1648 2364 2038 2428 necessarium,
2073 2372 2132 2418 ut

540 2459 748 2528 absque
779 2456 945 2528 ipsius
975 2454 1168 2526 peritia
1223 2455 1312 2508 vix
1366 2452 1564 2522 aliquis
1602 2453 1959 2508 arithmetica:
2007 2468 2130 2524 per-

543 2549 832 2607 fectionem
875 2547 1131 2615 attingat,
1159 2553 1212 2600 et
1239 2543 1635 2610 calculationis,
1666 2543 1718 2598 id
1753 2552 1838 2598 est
1865 2545 2127 2614 computi,

541 2653 859 2715 argumenta
915 2636 1360 2710 comprehendat.
1403 2635 1556 2704 Quod
1615 2636 1660 2692 si
1701 2637 1844 2692 hanc
1873 2647 2047 2692 artem
2097 2653 2130 2694 a

537 2733 765 2806 paganis
792 2733 1045 2788 traditam
1069 2733 1243 2788 sancti
1265 2734 1516 2789 doctores
1540 2733 1772 2788 otiosam
1801 2733 2126 2802 sensissent,

541 2840 817 2897 nunquam
843 2824 1056 2896 regulas
1095 2833 1298 2879 sanctze
1333 2823 1591 2880 Ecclesiae
1619 2826 1956 2880 necessarias
1989 2826 2132 2882 illius

542 2916 868 2973 auctoritate
892 2918 1224 2970 ﬁrmassent.
1267 2913 1324 2969 Si
1349 2915 1471 2984 quis
1491 2915 1638 2970 enim
1666 2915 2002 2972 Venerabilis
2029 2916 2130 2973 Be-

531 3007 625 3063 ‘dae
659 3006 826 3062 libros
871 3008 936 3062 de
965 3018 1221 3076 computo
1245 3005 1426 3077 legere
1460 3005 1714 3072 voluerit,
1743 3007 1946 3078 absque
1968 3009 2130 3079 hujus

537 3099 674 3155 artis
696 3100 884 3155 notitia
909 3114 1101 3170 parum
1128 3100 1388 3170 prolicere
1417 3100 1636 3169 poterit.
1667 3098 1789 3156 llatc
1826 3099 1876 3154 in
1907 3100 2130 3171 quadri-

2234 1903 2483 1974 seposita:
2501 1904 2793 1968 ducuntur,
2817 1917 2982 1975 super
3005 1919 3140 1975 quas
3166 1903 3280 1974 ipse
3309 1920 3580 1961 numerus
3612 1919 3823 1962 arcuum

2234 1995 2568 2050 inscribitur.
2621 1995 2762 2050 lnl'ra
2793 2006 2973 2051 autem
2999 2013 3096 2067 per
3133 2005 3317 2053 ternos
3358 1997 3662 2053 continuos
3687 2013 3828 2054 arcus

2232 2088 2541 2159 singularis,
2583 2087 2840 2155 decenus,
2869 2099 3155 2157 centenus,
3205 2093 3276 2148 ob
3308 2093 3587 2148 rationem
3622 2091 3828 2159 majoris

2231 2195 2390 2235 arcus
2436 2181 2744 2235 adnotatur.
2801 2180 3030 2238 Nomina
3081 2192 3137 2238 et
3180 2183 3382 2255 ﬁguras
3435 2185 3815 2240 characteruta

2226 2268 2338 2340 jam
2410 2272 2839 2329 consideremus.
2892 2273 3104 2330 Unitas.
3173 2275 3451 2332 Binarius.
3510 2276 3820 2332 Ternarius.

2233 2453 2648 2522 Quaternartus.
2725 2367 3039 2526 Quinariﬁs.
3100 2367 3386 2516 Senagus.
3455 2368 3824 2527 Septesnarius.

2233 2545 2575 2693 Octogrius.
2611 2548 2966 2695 Novenagus.
3181 2550 3240 2623 6
3612 2551 3665 2622 ⁷

2376 2731 2435 2802 8
2720 2730 2810 2802 9“

2308 2821 2600 2878 Denarium
2629 2831 2808 2878 autent
2856 2820 3191 2893 Pythagoras
3233 2821 3447 2878 idcirco
3479 2837 3594 2877 non
3646 2825 3829 2894 posuit,

2234 2914 2360 2984 quia
2406 2915 2586 2971 unitas
2611 2925 2734 2986 post
2761 2915 3116 2970 noveuarium
3148 2915 3440 2972 denarium
3477 2916 3678 2980 elﬁcit,
3705 2915 3828 2986 quod

2234 3004 2288 3058 in
2319 3005 2670 3076 sequentibus
2703 3006 2876 3078 magis
2902 3006 3127 3077 patebit.
3163 2996 3227 3061 lli
3261 3021 3461 3063 novem
3487 3007 3828 3063 characteres

2237 3106 2386 3154 tanta
2416 3101 2740 3156 auctoritate
2767 3099 3041 3165 fruuntur,
3089 3108 3150 3153 ut
3168 3098 3624 3170 qualemcunque
3657 3113 3827 3154 nume-

539 3189 651 3254 vio,
707 3189 759 3244 id
810 3199 913 3254 est,
955 3190 1007 3245 in
1052 3189 1284 3254 musica,
1337 3189 1679 3246 arithmetica
1707 3231 1721 3255 ,
1773 3193 2124 3262 geometrica,
2155 3193 2204 3257 C
2239 3206 2358 3245 ram
2395 3192 2449 3246 itt
2500 3191 2667 3247 abaco
2721 3206 2954 3262 quaeras,
3000 3191 3192 3246 horum
3223 3191 3504 3260 pusitioue
3533 3193 3656 3246 cito
3695 3191 3829 3245 inre-

544 3280 896 3344 astronomia,
947 3279 1020 3334 ita
1059 3288 1146 3336 est
1178 3280 1486 3336 necessaria
1522 3289 1578 3336 et
1596 3281 1766 3346 utilis,
1799 3292 1860 3337 ut
1897 3284 2014 3339 sine
2039 3283 2130 3338 illa

539 3388 678 3444 pene
718 3374 894 3430 omnis
920 3374 1072 3430 labor
1097 3375 1428 3430 studentium
1461 3375 1710 3432 videatur
1758 3376 1958 3432 inanis.
1980 3376 2132 3432 Hanc

542 3467 842 3538 antiquitus
865 3467 1053 3524 Graece
1090 3469 1477 3541 conscriptam,
1505 3485 1535 3524 a
1563 3469 1749 3524 Boetio
1775 3470 2050 3524 credimus
2077 3469 2130 3524 in

541 3556 795 3613 Latinum
849 3559 1188 3615 translatam.
1235 3559 1343 3616 Sed
1368 3561 1494 3630 quia
1522 3560 1659 3616 liber
1693 3560 1854 3632 hujus
1882 3560 2017 3616 artis
2045 3571 2134 3616 est

543 3649 775 3706 diﬂicilis
798 3651 1118 3722 legentibus,
1148 3653 1410 3724 quasdam
1441 3653 1769 3726 regulas.....
1801 3652 2131 3724 capientium

544 3742 835 3814 decerpere
866 3745 989 3800 inde
1016 3746 1344 3802 curavimus.

618 3835 744 3892 Haec
791 3851 882 3892 ars
929 3836 1282 3907 dispositione
1345 3851 1570 3892 arcuum
1612 3837 1868 3891 distincta
1902 3837 1970 3891 ab
2025 3851 2134 3894 nnc

545 3939 777 3993 surgens
829 3940 1004 3996 usque
1052 3927 1120 3980 ad
1148 3926 1354 3981 inﬁnita
1389 3941 1484 3997 per
1523 3927 1806 3980 denarium
1849 3941 2133 3982 numerum

548 4014 831 4071 accrescit.
889 4013 1041 4071 Unus
1087 4015 1232 4070 enim
1287 4016 1470 4070 decies
1524 4014 1910 4083 multiplicatus
1946 4017 2135 4070 decem

543 4107 706 4173 facit;
740 4107 996 4162 denarius
1019 4106 1199 4162 decies
1222 4106 1607 4176 multiplicatus
1625 4105 1666 4159 C
1692 4105 1894 4170 reddit;
1918 4115 2133 4162 centum

545 4198 726 4254 decies
771 4197 1180 4269 multiplicando
1241 4196 1386 4252 mille
1437 4197 1601 4262 ﬁunt;
1658 4197 1737 4251 sic
1791 4212 1890 4267 per
1938 4207 2135 4252 cetera

547 4303 720 4359 usque
771 4289 838 4342 ad
876 4288 1105 4342 infinita.
1168 4287 1454 4341 Distinctio
1511 4295 1692 4341 autem
1740 4301 1964 4341 arcuum
2012 4301 2136 4341 cum

547 4377 790 4434 numeris
825 4377 947 4432 talis
992 4385 1078 4432 est
1111 4375 1456 4446 :singularis,
1491 4375 1829 4437 decenarius,
1872 4383 2133 4429 centena-

551 4469 687 4534 rias,
707 4467 1074 4532 millenarius,
1101 4467 1340 4522 deceuus
1359 4466 1715 4534 millenarius,
1738 4475 1996 4521 centenus
2017 4464 2138 4519 mil-

2237 3284 2389 3346 itias;
2443 3283 2488 3339 si
2539 3284 2682 3338 enim
2729 3283 2876 3338 mille
2924 3291 3141 3338 centum
3175 3283 3344 3338 millia
3385 3283 3647 3339 invenire
3672 3283 3828 3352 cupis,

2238 3376 2384 3430 mila
2395 3385 2443 3432 te
2467 3376 2640 3446 posita
2672 3377 2724 3430 in
2755 3375 2959 3432 eisdem
2986 3374 3221 3432 arcubus
3247 3375 3368 3432 sine
3391 3391 3549 3430 mora
3586 3377 3827 3448 reperies.

2311 3467 2426 3522 lloc
2483 3478 2664 3522 autem
2702 3467 2988 3539 diligenter
3027 3468 3340 3533 considera,
3393 3470 3546 3538 quod
3579 3469 3827 3538 quidquid

2239 3557 2382 3613 infra
2416 3557 2462 3612 Χ
2490 3567 2591 3622 est,
2619 3559 2817 3630 digitus
2844 3566 3091 3614 vocatur.
3123 3559 3278 3626 Quod
3326 3575 3460 3615 vero
3486 3561 3557 3614 ad
3594 3559 3645 3614 Χ
3670 3562 3747 3614 νει
3773 3560 3828 3613 ad

2234 3648 2475 3719 majores
2518 3666 2774 3706 numeros
2804 3651 3072 3722 pervenit,
3103 3661 3164 3707 ut
3209 3662 3294 3708 est
3329 3652 3451 3720 XX,
3508 3653 3701 3718 XXX,
3729 3653 3827 3717 XL,

2239 3747 2294 3800 in
2334 3746 2434 3800 hac
2478 3754 2594 3798 arte
2623 3743 2884 3800 articulus
2920 3743 3240 3816 appellatur.

2306 3836 2424 3892 Jam
2455 3837 2520 3891 ad
2551 3837 2892 3891 characteres
2926 3837 3290 3907 dispoueudos
3323 3837 3648 3893 veniamus.
3677 3838 3820 3905 Quid-

2237 3927 2366 3997 quid
2423 3926 2780 3995 multiplicare
2811 3926 3067 3990 volucris,
3105 3926 3226 3981 siue
3276 3941 3493 3981 summa
3554 3938 3618 3981 et
3659 3929 3826 3980 [tun-la-

2237 4028 2422 4073 mento
2475 4016 2656 4072 facere
2705 4032 2810 4072 non
2863 4018 3105 4087 poteris;
3165 4017 3349 4072 nullus
3375 4017 3526 4072 enim
3585 4030 3831 4072 ηιιιιτοηιδ

2237 4109 2650 4181 multiplicatur,
2708 4110 2810 4165 nisi
2863 4117 3114 4179 respectu
3165 4108 3394 4164 alterius
3439 4112 3829 4179 perpendatur.

2239 4200 2464 4256 Summa
2506 4208 2756 4262 vocatur,
2787 4198 2930 4269 quod
2983 4198 3034 4252 in
3069 4197 3384 4253 summitate
3413 4213 3689 4260 arcuum;
3730 4198 3833 4250 fun-

2239 4292 2556 4346 damentum
2606 4297 2812 4353 autem,
2844 4287 3108 4359 quidquid
3145 4289 3373 4345 inferius
3401 4289 3741 4359 disponitur.
3775 4286 3831 4340 Et

2238 4382 2380 4452 quod
2405 4397 2470 4438 ex
2497 4391 2726 4450 utroque
2747 4395 2973 4434 numero
2996 4376 3243 4450 procedit
3270 4379 3669 4448 multiplicato,
3697 4379 3825 4432 inter

2239 4473 2554 4530 duaslineas
2573 4473 2811 4542 ponitur.
2843 4469 3003 4526 Verbi
3027 4471 3201 4540 gratia
3225 4487 3367 4541 pone
3387 4470 3436 4542 5
3454 4481 3513 4526 et
3539 4471 3604 4525 tit
3632 4482 3830 4524 summa

550 4564 809 4628 lanarius,
863 4563 1010 4618 mille
1058 4563 1429 4628 millenarius,
1457 4564 1638 4619 decies
1681 4563 1827 4619 mille
1861 4562 2133 4628 millenus,
2167 4555 2214 4616 Ι)
2242 4565 2295 4620 in
2333 4564 2594 4636 singulari
2643 4578 2772 4618 arcu
2829 4562 2880 4634 7
2931 4577 3030 4634 pro
3088 4561 3442 4617 fundamento
3511 4563 3724 4617 habeas
3784 4561 3826 4612 in

549 4654 760 4709 centies
786 4652 930 4708 mille
953 4652 1224 4719 millenus,
1252 4652 1448 4709 millies
1486 4653 1634 4710 mille
1657 4653 1926 4714 mit'lenus.
1955 4654 2138 4709 decies

549 4745 751 4803 millies
805 4745 952 4801 mille
1006 4745 1276 4812 millenus,
1331 4746 1537 4802 centies
1580 4745 1776 4801 millies
1821 4745 1966 4800 mille
2019 4745 2140 4800 mil-

547 4837 724 4895 lenus.

623 4933 943 4989 Cousideret
981 4941 1162 4988 autem
1195 4931 1436 5002 prudens
1461 4931 1726 4996 abacista,
1757 4929 1899 5000 quod
1941 4945 2064 4985 cum
2106 4946 2136 4986 a

550 5025 813 5097 singulari
846 5040 974 5079 arcu
999 5039 1140 5078 unus
1165 5037 1506 5094 consurgens
1529 5022 1596 5076 ad
1625 5020 1924 5092 perfectum
1952 5036 2141 5076 nume-

554 5133 695 5182 rum,
746 5119 890 5188 quod
945 5116 1122 5180 estC,
1153 5125 1209 5170 et
1251 5131 1280 5169 a
1328 5115 1700 5191 milleiterum
1756 5114 2018 5183 incipiens
2072 5111 2138 5168 ad

2242 4654 2453 4710 eodem.
2497 4653 2651 4718 Vide,
2683 4651 2809 4723 quia
2857 4652 2946 4708 isti
2973 4651 3086 4708 dud
3113 4651 3329 4707 numeri
3361 4651 3508 4707 sicut
3528 4667 3728 4707 omnes
3753 4648 3830 4703 alii

2242 4753 2368 4800 sunt
2399 4744 2692 4814 reciproci;
2741 4743 2856 4799 sive
2906 4743 3052 4799 enim
3092 4743 3244 4799 dicas
3275 4742 3576 4812 quinquies
3617 4756 3828 4812 septem.

2242 4851 2334 4890 seu
2378 4834 2578 4905 septies
2615 4834 2897 4904 quinque,
2960 4833 3102 4889 idem
3155 4834 3455 4905 signiﬁcat,
3523 4843 3577 4889 et
3645 4834 3830 4887 iaciunt

2242 4924 2462 4980 XXXV.
2512 4925 2579 4980 Et
2618 4925 2761 4996 quod
2815 4926 2884 4980 de
2916 4924 3367 4994 multiplicatione
3397 4925 3699 4995 collegisti,
3743 4926 3830 4977 hac

2246 5020 2404 5074 modo
2434 5019 2689 5089 disponas
2719 5035 2732 5071 :
2767 5016 3058 5087 singularis
3095 5030 3256 5072 arcus
3285 5031 3679 5087 quemcunque
3703 5014 3826 5068 und-

2247 5109 2474 5180 tiplicat,
2505 5109 2558 5163 in
2589 5109 2777 5164 eodem
2808 5124 2950 5179 pone
2982 5107 3206 5179 digitum
3261 5106 3315 5162 in
3351 5107 3678 5163 ulteriorem
3711 5104 3828 5157 arti-

2683 5201 2820 5220 -II!
2904 5200 3411 5220 -_s-,_--.-,s-so
3587 5191 3826 5216 νστετ
