3964 5360
98 300 201 368 815

1306 299 1675 363 OPUSCULA
1714 303 1802 359 DE
1843 300 2117 359 MUSICA.

3244 308 3359 371 81"

93 428 203 499 quis
236 442 251 481 :
282 425 477 482 iterum
505 422 573 482 de
608 410 837 483 eeiiieno
871 432 1229 495 transponere
1267 421 1498 493 poteris.
1541 420 1659 477 Duo
1685 422 1732 484 Α
1762 419 1936 477 ducis.
1966 419 2031 475 Et
2058 419 2297 491 quandiu
2331 419 2591 491 paulatim
2621 420 2915 478 minuendo
2952 421 3351 481 minutissimas

91 518 220 575 oboli
257 518 456 573 faciunt
480 525 605 573 octo
633 517 815 573 calces
850 526 904 572 et
932 524 1144 571 eerates
1169 512 1341 578 duas,
1373 511 1468 582 qui
1494 509 1657 566 simul

91 610 290 665 faciunt
314 607 359 661 Χ
382 648 397 671 ,
429 623 525 678 pro
549 608 743 677 quibus
774 607 981 662 ealcum
1028 606 1082 660 in
1114 612 1342 660 centeno
1369 616 1557 672 pones.
1598 600 1660 655 ln

86 707 308 753 centeno
342 705 468 752 sunt
494 711 624 752 vero
653 696 843 751 oholns
870 706 925 750 et
947 702 1160 750 eerates
1178 728 1195 758 ,
1221 694 1340 748 dua:
1365 691 1580 762 siliquae
1603 697 1661 745 et

86 785 265 845 caicus
293 804 307 841 :
339 801 460 856 quae
484 785 612 856 quia
645 786 933 842 articulum
961 799 1064 839 non
1092 784 1329 850 faciunt,
1364 783 1659 838 ascendere

90 888 380 951 nequeunt,
409 887 467 933 et
494 893 619 933 cum
649 879 852 935 divisor
885 879 985 933 sub
1014 892 1072 933 se
1087 875 1221 931 nihil
1249 875 1468 940 habeat,
1486 889 1662 945 neque

91 986 257 1042 usque
284 971 355 1025 ad
384 971 567 1026 sedem
601 970 856 1025 divisoris
882 970 1065 1040 aliqua
1098 966 1367 1039 particula
1400 965 1658 1022 minutia-

90 1079 202 1118 rum
228 1075 326 1132 per
355 1060 614 1116 articulos
641 1061 801 1116 ducta
827 1060 1004 1115 valeat
1031 1059 1338 1130 pervenire,
1369 1045 1464 1128 qui
1502 1056 1662 1126 hujus

85 1154 214 1209 artis
240 1151 443 1208 sciolus
468 1159 573 1216 est,
621 1151 943 1207 divisionem
973 1150 1172 1207 factam
1216 1150 1483 1221 intelligat
1517 1165 1659 1207 esse.

148 1245 312 1300 Facta
363 1252 543 1299 autem
576 1242 840 1300 divisione
890 1241 1251 1314 recolligendo
1286 1243 1660 1309 characteres,

87 1345 336 1391 utrumne
379 1335 519 1390 bene
553 1334 800 1389 diviseris
821 1370 838 1397 ,
885 1333 1102 1403 probes.
1146 1333 1352 1404 Siliqua
1376 1371 1393 1400 ,
1431 1347 1550 1403 quae
1580 1340 1665 1388 est

80 1439 228 1483 sexta
275 1444 406 1499 pars
451 1426 686 1499 scrupuli
732 1427 787 1482 in
825 1427 1083 1498 singulari
1118 1428 1293 1499 posita
1341 1429 1484 1483 inter
1517 1429 1666 1484 mille

80 1529 284 1590 partem
318 1519 608 1601 unicuique
633 1519 913 1589 contingit.
941 1519 1005 1574 Et
1034 1519 1079 1574 si
1101 1520 1237 1575 dicis
1265 1538 1279 1574 :
1313 1520 1496 1578 Semel
1523 1536 1664 1577 unus

80 1628 213 1668 unus
244 1620 358 1675 est,
402 1612 627 1682 siliquas
673 1612 724 1667 in
767 1612 986 1668 milleno
1018 1612 1194 1682 ponis,
1220 1609 1472 1670 addendo
1503 1628 1662 1684 regu-

78 1706 183 1761 lam
214 1721 232 1760 :
262 1707 517 1762 milleuus
543 1720 920 1777 quemcunque
962 1706 1318 1777 multiplicat;
1368 1707 1422 1761 in
1469 1714 1666 1777 quarto

1763 512 2090 569 divisoribus
2145 515 2348 584 poteris
2399 529 2719 585 coaequare,
2780 514 2965 570 tandiu
3023 514 3347 572 divisionem

1760 605 2043 677 prot'ende.
2097 603 2154 660 Si
2204 618 2333 660 vero
2376 606 2653 676 portiones
2699 605 3025 662 divisorihus
3073 614 3351 677 nequeunt

1760 697 2052 769 coarquari,
2079 697 2340 768 quidquid
2369 696 2436 752 de
2473 696 2720 767 partibus
2762 704 3027 763 remanet,
3066 698 3209 753 ultra
3238 711 3349 753 non

1762 789 1961 861 poterit
1990 789 2176 844 dividi.
2224 787 2337 844 Nec
2381 787 2687 844 mirandum
2715 796 2798 844 est
2831 788 3032 865 aliquid
3077 788 3144 845 de
3172 789 3352 844 minu-

1766 882 1855 937 tiis
1878 896 2191 952 superesse,
2229 895 2351 934 cum
2383 880 2519 935 alias
2547 888 2695 936 artes
2721 880 2775 935 in
2808 874 2991 935 multis
3015 879 3229 935 videam
3258 870 3359 934 va-'

1762 972 1967 1029 cillare.
1996 971 2254 1040 Quamvis
2297 972 2440 1027 enim
2483 971 2838 1044 grammatica
2884 968 3237 1040 amplioribus
3282 969 3355 1024 sit

1763 1063 2007 1119 discussa
2046 1062 2402 1133 philosophis,
2446 1070 2625 1117 tamen
2650 1069 2710 1116 ut
2730 1066 2938 1115 caeteras
2966 1065 3115 1115 artes
3149 1056 3354 1127 aliquid

1763 1154 1927 1210 habet
1960 1152 2387 1224 imperiectionis
2411 1192 2427 1218 ,
2473 1152 2685 1208 scilicet
2719 1160 2776 1208 et
2804 1150 2861 1206 in
2900 1149 3191 1222 generibus
3212 1156 3267 1204 et
3292 1149 3352 1203 in

1763 1247 2030 1320 personis.
2071 1247 2207 1303 Cum
2229 1247 2372 1303 enim
2413 1246 2610 1301 coelum
2660 1246 2712 1301 in
2759 1243 3019 1316 singulari
3042 1242 3257 1315 generis
3282 1241 3356 1298 sit

1765 1341 1960 1407 neutri,
1992 1341 2048 1396 in
2075 1338 2267 1412 plurali
2299 1340 2360 1393 lit
2387 1338 2694 1394 masculini.
2733 1337 2799 1391 Et
2831 1345 2891 1390 ut
2914 1335 3102 1406 paucis
3129 1331 3351 1390 conclu—

1764 1434 1912 1499 dam,
1939 1433 2032 1504 qui
2079 1433 2135 1488 in
2183 1439 2390 1502 septem
2427 1430 2636 1484 artibus
2681 1427 2797 1482 vult
2840 1426 3076 1487 studere,
3118 1422 3353 1494 plurima

1763 1524 2100 1597 perfectione
2131 1524 2371 1579 carentia
2417 1521 2620 1592 poterit
2644 1518 2888 1575 invenire
2904 1534 2923 1593 ;¹
2953 1531 3079 1571 nam
3103 1515 3244 1571 sicut
3268 1520 3355 1568 est

1765 1615 2047 1685 antiquum
2076 1614 2423 1686 proverbium
2449 1631 2463 1668 :
2493 1611 2638 1668 Nihil
2660 1618 2745 1667 est
2763 1609 2909 1666 omni
2933 1614 3087 1679 parte
3110 1607 3354 1663 beatum.

1766 1706 1969 1760 Rerum
1998 1719 2129 1761 vero
2161 1704 2385 1769 Parens,
2431 1703 2523 1774 qui
2571 1702 2719 1758 solus
2751 1708 2944 1758 cuncta
2991 1707 3169 1756 tuetur
3224 1708 3354 1753 cum

78 1813 212 1868 pone
238 1797 496 1869 digitum,
526 1806 580 1852 et
611 1806 671 1852 ut
706 1797 1067 1868 recolligendo
1103 1813 1292 1854 omnes
1313 1800 1660 1855 characteres
1690 1784 1736 1845 Β
1766 1797 1837 1852 sit
1858 1797 2252 1867 cunctipotens,
2280 1794 2553 1867 perlectus
2580 1793 2729 1851 solus
2751 1792 2994 1849 habetur.

77 1889 127 1944 in
156 1888 326 1944 assim
354 1889 585 1959 redigas,
635 1904 732 1960 per
768 1890 1057 1946 continuos
1081 1905 1239 1946 arcus
1267 1890 1534 1962 gradatim
1564 1890 1663 1952 dea,

75 1980 329 2036 Scendas.
368 1980 597 2051 Siliqua,
625 1995 747 2051 qua;
775 1992 859 2036 est
909 1981 962 2036 in
1007 1982 1246 2047 milleno,
1278 1983 1344 2036 ad
1373 1991 1663 2051 centenum

71 2071 346 2142 signiﬁcat
374 2071 455 2139 X;
484 2071 552 2127 de
590 2072 778 2128 decem
814 2072 1027 2143 siliquis
1065 2089 1160 2129 sex
1201 2072 1406 2129 faciunt
1431 2088 1664 2144 scrupud-

72 2164 201 2231 lum,
240 2176 359 2223 tres
381 2165 634 2233 obolum,
675 2175 731 2221 et
776 2183 883 2221 una
927 2176 1191 2239 superest.
1227 2167 1425 2224 Eadem
1457 2168 1667 2223 ratione

69 2270 262 2313 omnes
287 2265 511 2313 centum
540 2257 886 2314 characteres
913 2259 983 2314 ad
1008 2259 1271 2314 deceuum
1313 2257 1555 2314 reducas.
1591 2258 1667 2313 De

66 2348 254 2405 decem
308 2348 475 2406 calcis
503 2359 627 2405 octo
658 2348 860 2404 faciunt
899 2349 1234 2419 scrupulum,
1272 2350 1380 2404 duo
1406 2358 1663 2416 ceratem,

69 2450 179 2497 tres
207 2442 443 2514 siliquas
493 2458 593 2513 pro
635 2442 794 2500 obolo
837 2443 1134 2514 accipiens,
1175 2452 1232 2498 et
1279 2444 1347 2499 de
1393 2442 1444 2497 Χ
1489 2444 1665 2501 obolis

63 2530 358 2602 scrupulos
383 2530 623 2604 quinque
652 2531 859 2589 faciens
881 2533 933 2588 in
963 2534 1223 2589 deeenum
1250 2543 1452 2589 mutas.

133 2620 343 2678 Decem
388 2630 603 2678 eerates
636 2622 1013 2680 hemisesclam
1066 2632 1123 2679 et
1169 2624 1387 2680 obolum
1435 2624 1662 2690 faciunt,

65 2709 163 2766 XX
202 2712 359 2769 oboli
403 2720 459 2769 et
494 2711 541 2767 X
577 2714 814 2783 scrupuli
844 2714 1046 2770 faciunt
1072 2715 1406 2770 semunciam
1438 2723 1493 2769 et
1517 2715 1669 2770 duci.

62 2803 168 2859 lam
202 2822 216 2859 :
247 2805 442 2861 itidem
464 2804 532 2861 de
555 2805 767 2862 decente
787 2807 854 2861 ad
881 2805 1210 2878 singularem
1238 2806 1425 2862 facias.
1465 2806 1665 2861 Decem

61 2906 280 2953 eerates
328 2895 533 2952 faciunt
573 2896 950 2953 hemisesclam
988 2906 1042 2952 et
1065 2897 1308 2964 oholum,
1331 2896 1382 2951 X
1411 2897 1554 2953 oboli
1589 2897 1669 2953 fas

58 2986 214 3042 ciunt
234 2987 483 3059 quinque
511 2988 812 3058 scrupulos.
844 2987 892 3042 Χ
920 2988 1255 3045 hemisesclae
1278 2998 1332 3045 et
1356 2989 1543 3060 viginti
1572 2992 1669 3047 he—

59 3079 364 3145 misesclae,
418 3094 540 3150 qua:
585 3079 746 3135 simul
790 3078 1000 3135 faciunt
1046 3079 1161 3148 XL,
1212 3081 1402 3137 uncias
1443 3088 1501 3137 et
1532 3080 1669 3137 duas

56 3170 274 3228 duellas
330 3171 579 3227 reddunt.
632 3171 827 3227 Decem
876 3171 1068 3228 duella:
1110 3181 1167 3228 et
1214 3172 1400 3229 decem
1442 3172 1670 3229 sextulaa

56 3275 183 3316 cum
213 3262 414 3319 decem
449 3260 741 3318 semunciis
783 3271 1088 3318 sextantem
1127 3260 1389 3319 elﬁciunt.
1433 3261 1503 3318 Et
1540 3263 1668 3334 quia

53 3353 124 3409 ad
153 3353 502 3426 singularem
533 3370 720 3412 arcum
747 3373 997 3414 reversus
1022 3373 1104 3424 es,
1132 3359 1492 3415 consideratis
1511 3400 1526 3426 ,
1547 3374 1669 3430 qua:

54 3447 370 3520 coilegisti,
420 3448 589 3505 assim
621 3449 885 3508 invenies.
935 3452 1001 3507 Et
1037 3453 1164 3523 quia
1207 3467 1371 3524 grave
1411 3462 1496 3509 est
1545 3453 1665 3517 hoc,

53 3542 401 3598 eordetenus
440 3544 709 3612 perpende
736 3562 748 3597 :
785 3543 887 3600 hoc
913 3559 1011 3614 pro
1036 3553 1187 3600 certo
1220 3544 1384 3601 scias.
1417 3544 1464 3600 si
1487 3552 1669 3599 autem

51 3645 166 3686 non
197 3630 376 3697 fallis,
397 3632 467 3687 ab
495 3641 612 3688 arte
639 3632 860 3690 falleris.

124 3721 282 3779 Nota
314 3731 518 3788 autem,
569 3725 698 3795 quia
743 3726 882 3780 sicut
914 3725 967 3780 in
1007 3723 1233 3796 integris
1268 3717 1566 3780 unitatibus
1590 3732 1673 3779 est

50 3815 263 3887 triplex
317 3814 512 3870 modus
550 3815 897 3882 divisionum,
932 3817 1012 3873 sic
1054 3817 1108 3872 in
1147 3816 1392 3871 minutiis
1438 3815 1667 3870 assium.

46 3906 221 3975 Quod
249 3906 304 3963 si
334 3906 574 3961 animum
597 3915 749 3962 tuum
777 3916 957 3963 movet
987 3908 1040 3962 in
1069 3897 1274 3976 aliquo,
1301 3920 1471 3978 quare
1506 3905 1560 3960 in
1588 3905 1674 3960 di-

58 3999 285 4054 Iisione
336 3997 691 4053 minutiarum
726 3998 929 4069 aliquid
982 4005 1281 4063 remaneat,
1331 3996 1425 4051 tali
1465 3997 1677 4054 ratione

45 4092 385 4148 considera.
433 4089 492 4145 Si
545 4091 793 4146 notitiam
839 4091 1110 4146 dividendi
1162 4090 1460 4146 secundum
1500 4098 1676 4146 artem

43 4183 216 4240 abaci
271 4189 437 4237 caute
473 4183 783 4255 perpendis,
829 4182 1008 4237 omnis
1040 4182 1248 4238 divisor
1283 4181 1544 4253 aequalem
1572 4180 1677 4238 sibi

44 4286 394 4338 numerum,
424 4271 511 4327 vel
540 4273 800 4343 majorem
824 4288 884 4330 se
909 4273 1149 4329 dividere
1176 4280 1379 4344 potest,
1406 4272 1675 4328 minorem

41 4373 258 4419 autem
293 4368 570 4433 nunquam
597 4376 697 4434 per
732 4363 978 4434 integras
1006 4364 1213 4420 uncias.
1241 4363 1302 4419 Si
1324 4363 1481 4419 enim"
1502 4363 1638 4420 dicis
1658 4380 1675 4395 ·

41 4456 214 4513 Mille
248 4454 476 4526 quoties
518 4463 605 4510 est
661 4455 716 4510 in
761 4455 1110 4528 quingentis?
1157 4455 1291 4511 satis
1337 4455 1433 4511 tibi
1506 4462 1673 4524 patet,

38 4548 207 4621 quod
240 4546 401 4604 nullo
429 4548 592 4606 modo
611 4563 703 4604 ars
731 4550 937 4620 patitur
957 4550 1101 4606 hunc
1127 4550 1344 4605 modum
1373 4548 1677 4604 divisionis.

36 4642 115 4698 Et
146 4642 308 4713 quia
336 4642 440 4697 hoc
468 4656 566 4712 per
605 4640 847 4712 integras
884 4652 1067 4712 partes
1101 4655 1447 4712 nequaquam
1495 4637 1679 4694 facere

35 4732 370 4803 praevales,
410 4733 479 4787 ad
522 4731 818 4789 sectionem
865 4734 1146 4789 unciarum
1182 4745 1466 4788 recurrere
1489 4729 1676 4795 debes,

31 4833 100 4878 et
129 4822 401 4893 qnandiu
430 4838 529 4894 per
554 4822 790 4892 majores
818 4823 1075 4881 minutias
1102 4824 1313 4896 partire
1338 4821 1565 4893 poteris,
1593 4820 1678 4876 di-

33 4914 357 4970 visoribus
374 4913 534 4983 juxta
565 4916 783 4971 modum
811 4930 967 4971 suum
995 4926 1189 4989 partes»
1207 4916 1382 4973 dabis.
1416 4915 1551 4971 Post
1573 4929 1680 4969 un-

1707 4507 1759 4569 D

1902 1887 1981 1943 As
2010 1887 2175 1942 habet
2198 1887 2333 1942 duas
2353 1885 2632 1943 semisses.

1910 1980 2046 2036 Tres
2077 1980 2326 2043 trientes,
2556 2048 2559 2049 ν

1909 2072 2154 2141 Quatuor
2179 2072 2511 2142 quadrantes

1908 2167 2021 2224 Sex
2047 2176 2344 2233 sextantes,

1907 2258 2043 2314 Octo
2067 2258 2400 2323 sexcuntias,

1908 2352 2205 2408 Duodecim
2237 2349 2447 2406 uncias.

1916 2434 2080 2496 XXIV
2107 2439 2437 2506 semuncias,

1911 2532 2129 2589 XXXVI
2155 2530 2385 2597 duellas,

1911 2625 2119 2684 XLVIII
2150 2625 2387 2695 Siliquas
2410 2618 2565 2698 μεθ.
2590 2616 2851 2689 sicilicos,
2888 2617 2967 2676 vel
2993 2610 3176 2690 siclosj

1908 2719 2099 2777 LXXII
2122 2718 2397 2785 Sextulas,

1913 2808 2075 2869 XCVI
2110 2812 2373 2883 Dragmas
2402 2809 2556 2883 {Leg.
2581 2804 2897 2871 drachmasl
2916 2842 2930 2869 ,

1910 2903 2117 2960 CXLIV
2149 2890 2520 2967 hemiseselas,

1907 2992 2252 3052 CCLXXVIII
2276 2990 2583 3062 scrupulos.

1865 3119 1868 3122 ~
1914 3082 2177 3142 DLXXVI
2206 3082 2413 3147 obolos,

1916 3176 2100 3235 MCLII
2128 3183 2367 3241 eerates,

1908 3265 2317 3329 MDCCXXVlll
2345 3267 2592 3338 siliquas.

1914 3362 2216 3421 MMCCCIV
2246 3360 2503 3419 calculos.

1913 3458 2171 3521 Semisse,
2197 3454 2437 3511 secunda
2460 3464 2591 3522 pars
2610 3448 2771 3515 assis,

1919 3549 2135 3613 Triens,
2164 3543 2323 3601 tertia
2346 3557 2493 3614 pars,

1914 3639 2221 3708 Quadrans,
2250 3642 2470 3705 quarta,

1919 3728 2176 3793 Sextans,
2205 3733 2381 3789 sexta,

1922 3816 2254 3883 Sexcuncia,
2278 3823 2492 3879 octava,

1918 3910 2113 3978 Uncia,
2141 3906 2485 3972 duodecima,

1919 4003 2233 4067 Semuncia,
2262 4000 2522 4072 vigesima
2547 4006 2744 4069 quarta

1857 4146 1877 4155 ,
1921 4092 2130 4160 Duella,
2160 4092 2433 4149 tricesima
2460 4098 2635 4147 sexta.

1923 4184 2195 4251 Sicilicus,
2226 4182 2641 4255 quadragesima
2673 4186 2886 4236 octava.

1921 4276 2169 4344 Sextula,
2195 4274 2597 4346 septuagesima
2626 4271 2889 4335 secunda.
3355 4347 3358 4350 ἢ

1919 4369 2155 4440 Dragma
2184 4366 2334 4441 [Leg.
2369 4363 2703 4437 drachmas],
2734 4376 3082 4435 nonagestma
3113 4372 3293 4420 sexta.

1860 4448 1869 4453 κ
1924 4460 2273 4526 Hemisescla,
2305 4457 2604 4516 centesima
2635 4457 3051 4528 quadragesima
3078 4466 3296 4526 quarta.

1925 4554 2221 4625 Scrupulus
2284 4550 2368 4625 [in
2422 4551 2698 4624 prioribus
2753 4547 3123 4620 CCLXXVIII]
3175 4574 3178 4577 λ

1921 4644 2126 4702 Oholns
2160 4642 2508 4699 DLXXVI‘I.
2836 4637 3292 4716 [CCLXXXVIII'
3313 4638 3393 4712 ι]

1919 4734 2145 4794 Cerates
2167 4734 2440 4793 Μαιιιδιι
2920 4737 2925 4742 ’

1927 4831 2137 4903 Siliqua
2164 4820 2656 4887 noccxxwuu.

1856 4922 2110 4983 Calculus
2137 4929 2222 4977 est
2247 4921 2334 4978 his
2358 4917 2654 4977 millesima
2682 4916 3064 4979 trecentesimo
3101 4906 3335 4984 [Superi
3354 4921 3416 4960 ut

32 5006 172 5061 cias
221 5018 369 5061 vero
417 5006 486 5061 ad
530 5006 870 5062 concisiones
923 5009 1224 5073 unciarum,
1270 5010 1341 5064 ad
1393 5004 1680 5075 scrupulos
1785 5018 2005 5073 additur
2028 5011 2244 5085 quarta]
2271 5027 2403 5085 pars
2425 5009 2586 5067 assis.

32 5099 251 5166 venis,
293 5107 353 5153 et
375 5099 562 5156 itidem
604 5100 886 5170 scrupulos
927 5103 997 5159 ad
1037 5101 1271 5174 majores
1306 5102 1566 5159 minutias
1595 5113 1682 5155 τοι
