3964 5360
489 246 617 331 aut;
1646 248 1989 306 APPENDIX
2028 253 2123 307 AD
2158 253 2218 310 s.
2259 255 2562 314 ooousu.
3668 264 3762 322 sit

509 393 3761 439 mm

1526 563 2157 682 EJUSDEM
2239 567 2623 683 ODON
2638 572 2763 684 IS

1604 785 1709 847 Ea:
1751 784 1958 847 eodem
2002 780 2157 847 Cod.
2210 781 2672 850 Vindobonenst'

1353 969 1678 1025 'oromouo
1721 968 2166 1015 onoanrsrnuu
2212 970 2671 1019 consruunun
2718 958 2901 1040 (184).

1898 1121 2342 1145 ————_

550 1230 623 1285 1n
652 1231 841 1301 primis
883 1248 913 1287 a
952 1233 1131 1303 capite
1151 1230 1306 1302 juxta
1348 1233 1583 1303 primum
1613 1232 1904 1304 plectrum,
1924 1235 2074 1291 'inl'ra
2106 1247 2149 1302 Α
2179 1233 2220 1317 ἡ
2247 1256 2300 1296 e.
2325 1237 2519 1294 Gravis
2547 1236 2588 1293 C
2610 1279 2624 1303 ,
2654 1252 2776 1307 qua:
2799 1243 2884 1290 est
2913 1232 3086 1307 prima
3126 1231 3335 1303 ﬁstula,
3371 1236 3666 1310 longitudo
3692 1254 3777 1310 po.

496 1322 753 1391 usquead
781 1321 924 1377 aliud
946 1320 1234 1393 plectrum,
1258 1326 1399 1394 quod
1431 1326 1647 1396 ponitur
1673 1333 1797 1395 post
1824 1327 2079 1391 rotu'lum,
2189 1335 2338 1389 nitur
2360 1332 2427 1386 ad
2453 1330 2708 1402 placitum
2745 1347 2759 1383 :
2796 1344 2915 1398 qua:
2952 1327 3120 1382 divisa
3173 1343 3271 1397 per
3293 1339 3544 1398 quatuor
3572 1346 3773 1400 passus

496 1424 594 1480 per
619 1410 753 1467 duos
782 1427 972 1482 passus
1015 1414 1225 1479 metire.
1278 1425 1332 1470 et
1372 1416 1425 1471 in
1459 1417 1636 1487 primo
1659 1432 1831 1488 passu
1875 1435 2015 1490 pone
2041 1420 2083 1477 C
2190 1437 2299 1477 uno
2325 1436 2484 1489 passu
2523 1418 2737 1473 sublato
2776 1417 2950 1472 reddit
2979 1415 3209 1470 ﬁstulam
3240 1414 3302 1471 Ρ.
3332 1416 3472 1484 Quae
3499 1416 3543 1472 C
3580 1419 3626 1473 si
3654 1416 3778 1473 diri'

493 1506 763 1561 secundus
816 1505 951 1561 ﬁnit.
1001 1505 1091 1561 AC
1125 1509 1192 1563 ad
1244 1507 1403 1562 ﬁnem
1459 1510 1652 1564 metire
1688 1525 1799 1579 per
1843 1511 1968 1575 tria,
2027 1520 2084 1566 et
2190 1511 2426 1566 daturin
2459 1519 2569 1565 tres
2608 1525 2821 1579 passus,
2863 1509 3023 1563 tertio
3052 1523 3210 1577 passu
3250 1509 3473 1564 sublato
3507 1510 3688 1564 reddit
3726 1510 3779 1565 ﬁ-

493 1603 719 1664 quartus
763 1604 912 1659 retro
959 1597 1135 1652 reddit
1166 1596 1212 1653 8
1242 1614 1271 1653 a
1298 1598 1355 1654 ’G
1384 1600 1451 1654 ad
1498 1599 1661 1655 ﬁnem
1704 1616 1803 1671 per
1851 1610 1986 1667 tres,
2028 1611 2083 1657 et
2189 1599 2470 1656 stulamG.
2502 1599 2546 1654 G
2585 1611 2762 1653 autem
2796 1598 2963 1654 divisa
2996 1598 3051 1652 in
3081 1606 3220 1662 tres,
3247 1610 3454 1667 quarto
3492 1614 3661 1667 passu
3684 1601 3778 1653 ad-

490 1696 719 1756 quartus
764 1697 908 1742 retro
934 1703 1074 1758 pone
1117 1687 1159 1741 D
1198 1705 1228 1743 a
1270 1689 1314 1743 Ι)
1352 1691 1419 1745 ad
1467 1691 1628 1746 ﬁnem
1654 1708 1767 1762 per
1812 1691 1890 1757 ΙΙΙ,
1925 1701 1979 1748 et
2027 1693 2079 1747 in
2183 1692 2374 1761 jnncto
2402 1689 2885 1744 rcdditﬁstnlamD
2913 1700 3087 1754 retro;
3113 1689 3155 1743 Ι)
3184 1704 3313 1743 vero
3339 1689 3546 1758 partita
3580 1689 3641 1743 in
3659 1699 3778 1753 trs,

488 1778 666 1847 primo
696 1792 855 1847 passu
900 1793 1041 1848 pone
1076 1794 1125 1833 a.
1173 1778 1251 1835 De
1281 1796 1309 1834 a
1346 1780 1413 1834 ad
1460 1780 1624 1836 ﬁnem
1650 1798 1791 1852 pone
1831 1782 1906 1847 lll,
1942 1783 2077 1838 etin
2191 1782 2351 1839 tertio
2392 1781 2621 1845 sublato,
2667 1780 2842 1835 reddit
2871 1788 2936 1845 αξ
2985 1798 3017 1832 a
3061 1779 3231 1834 divisa
3293 1778 3348 1833 in
3404 1787 3545 1841 tres,
3593 1790 3781 1847 quarto

489 1870 666 1940 primo
711 1881 856 1927 retro
895 1886 1034 1941 pone
1080 1871 1142 1937 E,
1193 1872 1348 1927 etab
1378 1872 1430 1927 Ε
1478 1874 1544 1928 ad
1574 1873 1748 1929 ﬁnem
1785 1888 1881 1945 per
1911 1875 1984 1939 Ill,
2027 1875 2078 1930 in
2189 1890 2348 1947 passu
2394 1873 2641 1944 apposito
2690 1873 2866 1928 reddit
2919 1871 3151 1926 ﬁstulam
3206 1870 3247 1925 E
3296 1880 3471 1925 retro.
3510 1870 3556 1923 E
3593 1871 3783 1923 iterum

472 1963 668 2031 gprimo
696 1980 856 2035 passu
881 1980 1019 2034 pone
1138 1967 1275 2021 ltem-
1305 1981 1334 2021 a
1367 1965 1409 2022 (ἶ
1450 1967 1517 2021 ad
1543 1967 1707 2021 ﬁnem
1734 1983 1831 2037 per
1860 1967 1895 2020 11
1928 1977 1982 2022 et
2024 1968 2080 2021 lll
2188 1976 2398 2035 asquata
2444 1964 2499 2019 in
2547 1973 2681 2028 tres,
2722 1964 2882 2018 tertio
2910 1961 3087 2019 ablato
3116 1963 3290 2017 reddit
3318 1961 3569 2016 ﬁstulam
3600 1955 3652 2029 ὴ
3704 1962 3783 2016 Fi-

478 2061 638 2107 aetro
668 2070 807 2124 pone
837 2055 897 2121 F,
927 2057 995 2112 ab
1018 2058 1059 2113 F
1098 2056 1165 2112 ad
1197 2056 1356 2113 ﬁnem
1386 2072 1486 2128 per
1511 2057 1584 2119 llll
1623 2058 1674 2112 in
1708 2058 1884 2127 primo
1918 2074 2078 2128 passu
2188 2057 2326 2112 Stula
2356 2055 2480 2111 Fin
2510 2062 2747 2127 quatuor
2782 2070 2976 2124 passus
3023 2056 3240 2110 redacta
3291 2055 3388 2109 dat
3436 2056 3690 2110 ﬁstulam
3739 2060 3783 2117 ι,

487 2157 629 2212 Pone
661 2144 711 2199 Β·
2176 2157 2371 2219 quarto
2418 2163 2577 2219 passu
2624 2148 2856 2203 succiso.
2901 2146 3063 2202 Notet
3100 2156 3280 2202 autem
3327 2149 3580 2217 prudens
3631 2148 3789 2202 musi-

1106 2234 1172 2274 DE
1210 2234 1472 2277 FISTULIS.
2182 2256 2279 2296 eus
2344 2241 2443 2296 has
2502 2255 2783 2297 mensuras
2853 2247 3104 2296 constare
3165 2256 3264 2310 per
3311 2239 3680 2295 diatessaron
3738 2248 3788 2294 et

557 2324 619 2379 ln
653 2328 923 2384 mensuris
966 2328 1264 2386 ﬁstularum
1302 2332 1419 2387 ista:
1458 2340 1582 2386 sunt
1612 2344 1775 2388 voces
1793 2330 2018 2387 CDEFG
2049 2346 2082 2387 a
2185 2333 2453 2405 diapente.

564 2440 713 2513 (184)
754 2442 875 2498 Vid.
909 2442 1126 2500 Notkeri
1160 2446 1363 2502 musica
1388 2462 1549 2517 supra
1580 2462 1631 2518 p.
1664 2448 1786 2503 101.

500 2614 2118 2649 m

1266 2621 3782 2654 Μ

809 2786 1784 2949 APPENDIX
1896 2787 2150 2946 AD
2266 2790 2426 2948 S.
2555 2786 3424 2948 ODONEM.

1986 3076 2309 3096 —_

2083 3208 2175 3319 Ι.

899 3457 1023 3554 DE
1097 3451 1722 3555 REVEBSIONE
1792 3449 2092 3552 BEATI
2162 3447 2593 3549 MABTINI
2666 3450 2731 3548 A
2803 3447 3381 3551 BUBGUNDIA

1776 3672 2458 3767 TRACTATUS

492 3882 820 3973 BEATO
877 3889 1205 3971 ODONI
1264 3824 1957 3967 CbUNIACENSI
2022 3882 2391 3995 ΑΒΒΔΤΙ
2449 3881 3120 3961 DUBITANTER
3171 3881 3775 3965 ASCRIPTUS.

1725 4061 1819 4126 (Ex
1844 4060 2148 4113 Bibliotheca
2174 4058 2526 4121 Cluniacensi.)

1904 4207 2362 4224 —————-

489 4330 728 4403 Epis‘ola
758 4329 1036 4405 Fatconis.
1056 4341 1401 4405 cognomenta
1455 4332 1585 4389 Botu
1610 4373 1626 4400 ,
1678 4333 2077 4405 Andegavorum
2108 4335 2154 4396 B
2182 4337 2431 4403 respectu
2461 4329 2626 4386 vestri
2653 4329 2833 4385 minor
2858 4328 2962 4385 sim
2992 4327 3277 4400 dignitate,
3334 4331 3561 4386 meritis
3601 4341 3779 4386 autem

633 4403 857 4464 comitis,
880 4402 948 4454 ad
981 4402 1218 4457 Odouem
1247 4402 1639 4459 Cluniaceusem
1665 4402 1925 4460 abbatem.
2186 4402 2443 4479 minimus
2466 4421 2549 4494 μη
2570 4423 2808 4492 imm-“3.
2845 4421 3095 4491 quamvis
3124 4431 3380 4490 respectu
3407 4424 3584 4478 ves";
3609 4425 3782 4477 mium-

561 4514 869 4572 Venerabili
901 4521 959 4570 et
988 4526 1176 4571 sancto
1199 4516 1346 4586 patri
1371 4514 1540 4574 anzu
1570 4518 1666 4575 Dei
1713 4520 1896 4591 gratia
1956 4508 2107 4576 Clu?
2184 4517 2426 4585 sum;in
2493 4517 2754 4585 dignitate
2810 4524 2992 4572 autem
3039 4515 3242 4587 judicis
3297 4517 3615 4589 minimus].
3668 4516 3779 4570 Non

488 4607 732 4664 niacensi
761 4606 970 4673 abbati,
998 4606 1183 4662 Fusco
1207 4607 1408 4675 Bonus,
1426 4623 1613 4665 comes
1632 4609 2075 4681 Andegavorum,
2181 4610 2324 4664 enim
2352 4621 2567 4678 semper
2592 4604 2821 4677 aequalia
2847 4605 3142 4661 sociantur.
3167 4604 3336 4661 Certe
3361 4606 3675 4678 junguntur
3725 4606 3774 4658 in

489 4700 718 4756 salutem
749 4706 805 4754 et
830 4699 1067 4755 debitam
1094 4698 1455 4754 reverentiam
1483 4698 1657 4770 (485).
2181 4697 2421 4766 ejusdem
2479 4695 2884 4751 constructione
2962 4695 3305 4751 tabernaculi
3363 4712 3500 4768 saga
3564 4697 3777 4752 cilicia:

457 4783 460 4787 ’
508 4836 513 4851 ,
562 4790 751 4846 Solent
776 4790 1012 4859 quodam
1039 4787 1247 4847 favoris
1268 4788 1530 4859 praeludio
1559 4804 1889 4860 comparare
1908 4791 2077 4847 bene-
2182 4788 2409 4844 cortinis
2439 4783 2811 4842 subtilissimis
2839 4784 3038 4854 (Exod.
3066 4801 3215 4851 xxvn,
3245 4786 3326 4843 7).
3357 4785 3420 4841 In
3473 4802 3605 4842 arca
3667 4785 3780 4839 Noe

483 4867 799 4941 uiolentiam.
831 4881 923 4950 qui
958 4895 1066 4937 non
1089 4880 1223 4936 satis
1246 4888 1584 4950 prtesumunt
1611 4878 1679 4934 de
1727 4880 1890 4937 amici
1938 4897 2075 4938 con-
2186 4878 2410 4933 immitis
2441 4876 2617 4932 bellua
2669 4889 2792 4931 cum
2846 4874 3066 4930 homine
3114 4889 3410 4930 mansueto
3470 4875 3779 4931 exitialibus

489 4971 738 5025 scientia.
778 4968 892 5040 Ego
929 4978 1135 5032 autem,
1167 4977 1325 5038 pater
1362 4968 1711 5036 venerabilis,
1739 4969 1895 5027 vobis
1940 4970 2079 5025 scri-
2184 4972 2344 5027 undis
2367 4971 2600 5041 eripitur
2628 4967 2784 5042 (Gen.
2834 4985 2934 5034 vn,
2968 4970 3045 5041 8).
3098 4968 3580 5027 Pulcln-itudinem
3627 4986 3780 5025 erea-

491 5058 643 5122 bens,
668 5073 1015 5129 nequaquam
1053 5057 1107 5113 id
1136 5059 1270 5115 mibi
1322 5073 1443 5115 esse
1494 5060 1866 5116 necessarium
1918 5075 2079 5130 repu-
2184 5070 2428 5119 turarum
2454 5070 2510 5117 et
2562 5060 2791 5118 formica
2852 5069 3097 5126 exornat,
3150 5068 3206 5115 et
3259 5060 3511 5129 angelus.
3582 5061 3671 5121 Et.
3718 5068 3777 5112 ut

492 5149 623 5202 tavi.
684 5149 965 5207 Praesumo
1019 5151 1168 5208 enim
1214 5167 1305 5208 me
1358 5152 1514 5208 vobis
1572 5152 2076 5223 conjunctissimum
2187 5153 2486 5209 domestico
2537 5152 2738 5207 abutar
2778 5150 3048 5219 exemplo,
3095 5149 3499 5218 pulverulentis
3548 5150 3775 5220 pedibus

491 5250 748 5309 compage
768 5237 1036 5296 duntaxat
1085 5248 1142 5297 et
1192 5240 1404 5312 glutino
1454 5241 1773 5299 charitatis:
1829 5244 2080 5315 quamvis
2181 5241 2354 5298 lutum
2380 5241 2663 5298 oculorum
2725 5240 2985 5312 positum,
3031 5237 3263 5295 sublime
3308 5239 3361 5292 in
3422 5237 3585 5294 nobis
3642 5237 3774 5307 ipsis
