3964 5360
143 320 225 375 8l7

939 311 1027 366 oe
1063 305 1591 365 TRANSLATlONE
1629 284 1692 361 θ’.
1734 300 2024 361 manus!
2060 296 2112 356 A’
2144 298 2563 357 annonam.

3245 281 3360 345 8l8‘

144 433 337 488 exhibet.
364 430 743 488 ministerium.
774 427 881 483 Sed
909 442 1140 497 quorum
1191 426 1300 481 haec
1356 434 1463 479 tam
1523 423 1679 491 longo
1706 423 1759 484 Α
1782 434 1851 474 ne
1877 416 2081 472 adulari
2108 414 2313 478 videar,
2345 423 2400 467 et
2426 425 2589 483 pareo
2613 408 2782 480 jussis
2825 422 2890 462 ne
2936 406 3182 477 ingratus
3235 401 3352 457 exi-

145 524 341 595 repetita
369 519 893 593 principio?Nempe
927 526 987 572 ut
1018 528 1256 571 astruam
1305 512 1585 583 exemplis,
1633 520 1688 566 et
1786 518 1946 565 stam.
1986 506 2099 562 Hoc
2124 505 2317 561 saltem
2343 518 2510 558 unmn
2552 493 2881 556 me'dixisse
2936 498 3121 555 liceat.
3163 506 3377 548 rarum‘

149 612 438 669 conﬁrmem
470 610 791 675 rationibus,
820 622 960 677 saepe
985 605 1170 661 comiti
1199 605 1454 673 disparia,
1500 612 1554 655 et
1598 616 1689 655 su-

144 704 304 758 blimia
327 702 621 756 humilibus
679 699 880 755 debere
936 697 1387 753 condescendere.
1446 693 1688 749 (londes-

1786 603 1895 657 imo
1918 601 2032 655 fere
2051 598 2255 653 nullum
2292 594 2539 671 reperiri,
2572 607 2731 662 quem
2766 592 2845 645 ita
2869 587 3085 643 virtutis
3125 583 3350 640 aemula-
3372 602 3385 619 ι

1789 693 1865 747 tio
1891 689 2087 745 saeculo
2108 685 2396 756 subripiat,
2461 692 2520 737 ut
2568 681 2841 749 mancipct
2884 676 3182 734 honestati.
3240 674 3377 730 Seil'

142 794 311 848 ceudal
346 793 508 862 igitur
538 805 671 845 meae
728 788 984 858 parvitati
1040 796 1218 842 vestra
1265 784 1586 848 sublimitas,
1634 788 1695 838 et
1779 781 1893 854 jam
1921 782 1989 837 ad
2013 781 2272 850 imperata
2297 776 2618 845 respondeo.
2648 772 2881 835 Siccine,
2926 766 3353 839 comesiglorio-

141 891 370 952 przcstate
399 880 542 951 quod
564 878 799 949 postulo,
839 878 928 947 qui
976 877 1078 932 hoc
1122 876 1293 945 ipsum
1339 871 1693 944 pnesdtistis,

142 984 189 1027 nt
216 972 474 1042 postulare
503 972 775 1026 auderem.
802 967 1041 1025 Meminit
1078 976 1249 1031 certe,
1296 982 1402 1021 non
1451 964 1692 1032 ambigo,

140 1074 300 1118 testra
335 1069 518 1118 sancta
574 1060 894 1131 paternitas,
955 1074 1115 1130 quam
1158 1056 1411 1112 dulcibus
1457 1055 1693 1125 eloquiis

143 1157 360 1208 .unmam
393 1152 931 1208 meamesurientem
944 1150 1167 1207 reﬁcere
1192 1148 1488 1205 solebatis:
1516 1156 1575 1200 ut
1621 1147 1690 1201 de

142 1255 323 1312 ,-;ncto
343 1254 396 1300 et
420 1243 675 1300 melliﬂuo
693 1258 790 1299 ore
817 1253 994 1299 vestro
1020 1241 1163 1296 illius
1185 1241 1324 1312 ignis
1365 1239 1558 1309 sat-pius
1604 1253 1693 1291 ar-

137 1337 305 1391 dorem
338 1339 391 1392 in
421 1354 505 1392 me
534 1336 833 1392 transfundi
859 1344 913 1389 et
956 1333 1173 1389 accendi
1208 1333 1489 1397 sentirem,
1528 1344 1689 1400 quem

136 1425 377 1482 Dominus
401 1425 557 1482 Jesus
580 1427 723 1481 misit
757 1426 809 1480 in
854 1434 1013 1478 terra.
1058 1432 1114 1478 et
1138 1421 1306 1476 voluit
1346 1418 1697 1475 vehementer

135 1510 373 1567 accendi.
408 1510 557 1568 Inter
591 1519 790 1565 caetera
816 1523 946 1563 vero
990 1508 1114 1562 vitm
1162 1516 1378 1564 aderam
1416 1505 1702 1575 colloquia,

132 1604 197 1659 de
239 1604 509 1660 communi
574 1613 805 1673 patrono
854 1611 1061 1665 nostro,
1118 1601 1370 1656 videlicet
1416 1601 1661 1663 ,Martino
1690 1640 1705 1664 ,

134 1690 375 1761 frequens
402 1702 521 1745 erat
551 1691 705 1744 nobis
735 1699 788 1744 et
806 1688 1039 1758 iocunda
1065 1689 1343 1745 fabulatio.
1373 1688 1544 1743 Porro
1563 1687 1707 1741 inter

1786 874 2021 940 sissime,
2043 870 2312 927 neminem
2334 868 2666 939 reperiebas,
2691 881 2852 936 quem
2879 865 2944 918 de
2972 863 3174 917 virtute
3227 873 3358 914 coa-

1787 966 2013 1030 sulercs,
2041 972 2099 1021 et
2123 963 2392 1033 prazcipue
2419 958 2487 1015 de
2509 958 2626 1013 viro
2665 944 2903 1012 virtutis.
2940 953 3188 1015 Martiae,
3250 949 3358 1004 1ιὶςί

1788 1073 1937 1117 umm
1966 1057 2352 1114 collectaneum
2383 1050 2623 1109 Odonem
2649 1050 2672 1103 ?
2692 1049 2830 1103 Puto
2851 1048 3073 1103 deerant
3100 1039 3290 1114 praccla
3304 1057 3359 1093 ra

1786 1150 2116 1206 Francorum
2144 1145 2379 1216 ingenia,
2409 1142 2497 1213 qui
2523 1140 2806 1195 sublimem
2838 1136 3117 1193 materiam
3140 1131 3373 1189 sumiani

1786 1241 2182 1311 mquiparareut
2208 1232 2556 1305 eloquentia?
2593 1230 2723 1295 Sed,
2746 1238 2805 1283 ut
2824 1227 2998 1284 sentio
3017 1267 3032 1290 ,
3057 1223 3199 1296 quod
3226 1235 3377 1294 pace

1787 1344 1878 1390 tua
1906 1333 2153 1396 dixerim,
2183 1331 2423 1402 privatus
2453 1341 2608 1381 amor
2631 1323 2831 1380 claudit
2858 1320 3071 1375 oculum
3121 1315 3364 1373 mentis:

1787 1427 2010 1497 plusque
2036 1425 2129 1480 tibi
2156 1420 2506 1494 placetamici
2532 1418 2828 1482 rusticitas,
2855 1430 3017 1486 quam
3043 1420 3362 1467 cancrorum

1789 1519 2060 1590 pbalerata
2075 1516 2372 1570 urbanitas.
2398 1512 2502 1568 Sed
2520 1520 2658 1576 esto,
2683 1509 2778 1565 tibi
2808 1520 3024 1578 paream
3047 1523 3060 1557 :
3081 1500 3365 1574 aggrediar

1788 1609 1929 1680 quod
1954 1607 2206 1663 hortaris.
2232 1606 2613 1661 Verumtamen
2632 1600 2756 1671 quis
2776 1597 2985 1654 ﬁdelius
3016 1602 3259 1650 tenorem
3282 1592 3365 1645 lii-

1789 1702 1990 1764 storim,
2015 1713 2175 1769 quam
2199 1695 2427 1752 describi
2445 1692 2704 1765 postulas,
2736 1688 2879 1747 scire
2897 1685 3093 1758 potuit,
3115 1698 3278 1754 quam
3306 1690 3389 1735 tu».

129 1782 226 1833 alia
269 1781 397 1837 mihi
432 1780 697 1835 retulistis
743 1780 1008 1851 reperisse
1027 1796 1123 1836 vos
1145 1781 1197 1834 in
1220 1779 1540 1849 quibusdam
1562 1775 1763 1832 vote-li
1790 1795 1906 1863 ipse
1929 1792 2082 1862 cujus
2111 1786 2436 1859 ,περιεργίας
2466 1782 2715 1838 videlicet
2740 1780 2929 1835 doctor
2954 1785 3005 1833 et
3033 1776 3284 1845 princeps
3308 1771 3362 1824 in
3380 1808 3393 1817 -

129 1872 270 1925 ribus
306 1871 577 1926 scliedulis
608 1870 850 1941 impolito
895 1878 1177 1925 exaratum
1221 1884 1489 1930 sermone,
1529 1865 1704 1937 quali-

129 1979 209 2021 ter
245 1966 482 2035 ejusdem
524 1967 667 2022 beati
700 1966 917 2021 Martini
960 1965 1388 2022 sacratissimum
1420 1976 1613 2032 corpus
1639 1961 1709 2013 ob

122 2059 473 2113 barbarorum
515 2058 766 2114 incursus
808 2058 863 2113 iu
906 2056 1271 2126 Burgundiam
1302 2053 1539 2109 delatum
1572 2049 1703 2114 fuit,

120 2151 458 2221 qualiterque
502 2149 697 2206 exinde
729 2149 937 2204 reddita
985 2162 1119 2218 pace
1168 2145 1424 2202 Ecclesia:
1472 2142 1539 2199 ad
1584 2156 1710 2213 pro-

119 2241 288 2310 priam
318 2240 506 2294 urbem
563 2240 812 2296 relatum.
875 2238 987 2310 Ego
1035 2249 1214 2294 autem
1260 2246 1316 2292 et
1367 2234 1467 2291 viri
1521 2232 1700 2290 sancti

118 2348 321 2394 amore,
371 2341 427 2387 ct
474 2333 577 2401 pia:
616 2341 817 2386 vestrae
861 2329 1239 2385 collocationis
1266 2339 1530 2383 accensus
1558 2322 1705 2379 desi-

116 2426 291 2487 derio,
325 2426 505 2492 rogavi
534 2425 752 2495 saepius,
780 2432 835 2480 et
861 2438 1005 2479 nunc
1035 2423 1231 2477 iterum
1263 2435 1413 2491 rogo,
1434 2427 1704 2489 quatenus

116 2516 457 2585 mtiquitatis
487 2515 725 2570 historiae
785 2514 888 2569 ﬁde
928 2521 1167 2577 servata,
1220 2525 1372 2567 suam
1424 2510 1477 2564 in
1523 2516 1710 2562 vestro

117 2599 417 2662 dictamin
455 2616 565 2659 rem
592 2602 761 2672 ipsam
803 2602 1141 2674 explanetis:
1189 2618 1295 2673 quo
1339 2611 1394 2658 et
1439 2612 1548 2658 tam
1606 2603 1691 2672 pia

118 2689 434 2744 narratione
458 2690 757 2746 aediﬁcetur
786 2691 1045 2760 Ecclesia,
1074 2699 1130 2747 et
1150 2691 1243 2746 ﬁlii
1282 2700 1436 2760 pater
1478 2690 1693 2760 expleat

115 2773 468 2832 desiderium.
493 2778 645 2847 Quod
671 2781 716 2836 si
737 2795 837 2851 ego
859 2782 991 2836 tanti
1024 2783 1194 2853 patris
1236 2780 1379 2836 ﬁlius
1436 2780 1692 2851 appellari

114 2881 224 2919 non
260 2869 454 2935 merui,
487 2885 588 2926 nec
621 2873 811 2926 merita
842 2873 909 2928 ad
947 2872 1000 2928 id
1045 2873 1189 2943 quod
1240 2871 1471 2943 postulo,
1519 2873 1691 2942 impe-

112 2960 371 3016 trandum
405 2962 672 3021 sulliciunt
697 2986 710 3020 :
734 2977 881 3023 certe
905 2968 986 3022 vel
1010 2968 1251 3039 dignitas
1298 2967 1556 3033 materiae,
1608 2966 1694 3022 vel

109 3046 376 3107 Ecelesim
403 3055 607 3112 utilitas
633 3058 918 3123 obtinebit,
975 3061 1119 3130 quod
1179 3061 1457 3131 poscentis
1506 3059 1692 3115 vilitas

106 3139 419 3208 impetrare
477 3161 582 3201 non
646 3150 862 3204 meruit.
914 3150 1177 3207 Martinus
1231 3152 1375 3207 enim
1440 3150 1689 3216 materia,

105 3229 322 3286 utilitas
346 3232 706 3292 Ecclesiarum
736 3239 1020 3295 aediﬁcatio
1046 3250 1150 3296 est.
1178 3240 1284 3297 Vos
1332 3251 1509 3295 autem
1564 3239 1695 3310 quid

103 3319 195 3407 Mp3
206 3323 355 3380 rtiuo
387 3327 693 3396 negabitis?
719 3329 854 3396 Quid
878 3332 1250 3388 aedificationis
1270 3332 1535 3388 Ecclesiis
1555 3332 1690 3386 sub-

104 3414 393 3469 trahetis?
417 3416 508 3471 Eia
548 3434 697 3490 ergo,
729 3421 906 3490 agile:
940 3422 1082 3491 quod
1107 3430 1162 3476 et.
1193 3422 1405 3477 amicus
1436 3421 1693 3492 postulat,

101 3496 355 3560 Biartino
376 3517 617 3576 praestat,
648 3519 703 3565 et
729 3510 1027 3569 Ecclesiam
1049 3512 1298 3568 aediﬁcat.
1322 3512 1474 3584 Quod
1519 3512 1562 3567 si
1605 3511 1705 3580 jus

100 3597 161 3650 i‘n
189 3596 434 3656 amicum
464 3612 564 3675 pro
589 3604 893 3661 convictus.
918 3605 1112 3674 gratia,
1162 3620 1260 3674 pro
1306 3604 1559 3660 lactentis
1615 3604 1704 3660 in,

94 3690 302 3750 fantia:
329 3694 1157 3771 participatione[participatio]
1212 3699 1401 3755 liceret
1456 3701 1718 3770 exigere,

94 3786 248 3840 nihil
280 3788 451 3842 credo
489 3789 619 3842 mihi
647 3790 938 3861 negaretis,
988 3804 1149 3859 quem
1209 3798 1383 3844 mater
1427 3790 1480 3844 in
1536 3790 1698 3848 lactis

89 3877 440 3948 participem
500 3878 710 3933 accivit.
791 3879 961 3947 Quem
1038 3895 1169 3950 ergo
1236 3881 1466 3935 materni
1542 3880 1709 3939 lactis.

89 3968 371 4024 nutristis
397 3970 706 4041 participio,
734 3972 924 4027 matris
952 3970 1207 4026 Ecclesia:
1235 3972 1441 4026 nutrite.
1454 3972 1595 4028 lacte
1615 3987 1701 4028 sa-

87 4061 371 4118 lutifero:
404 4071 460 4118 ut
480 4065 618 4120 sicut
638 4065 882 4135 corporis
908 4065 1011 4119 mei
1037 4064 1201 4119 vitam
1233 4065 1323 4120 de
1343 4065 1534 4120 matris
1562 4064 1713 4120 lacte-

85 4151 373 4219 favistis,
416 4155 488 4238 ita
546 4157 781 4211 animam
828 4155 896 4211 de
948 4155 1088 4210 lacte
1150 4155 1404 4211 Ecclesia:
1447 4154 1713 4213 foveatis..

320 4266 561 4336 Epistola
589 4267 787 4322 Odonis
820 4267 888 4320 ad
918 4265 1154 4321 emndem
1192 4265 1507 4321 Fulconem.

171 4353 437 4411 Fuscum
457 4357 603 4413 Bono
633 4357 1019 4429 gloriosissimo
1034 4357 1240 4410 consuli
1265 4360 1700 4427 Andegavornm,

1788 1886 1974 1941 eadem
1998 1881 2334 1953 profectione
2362 1874 2613 1933 exstitit?
2641 1871 2700 1927 Si
2745 1870 2909 1942 igitur
2934 1880 3196 1924 excusare
3239 1863 3365 1917 lice-

1790 1987 1900 2042 ret,
1936 1975 1983 2029 si
2029 1971 2157 2043 quid
2187 1971 2281 2025 tibi
2314 1979 2512 2037 negare
2545 1961 2712 2018 nostri
2763 1967 2908 2016 esset
2943 1954 3224 2028 propositi,
3255 1967 3399 2007 meo-

1791 2068 1904 2122 rito
1928 2066 2022 2120 tibi
2068 2061 2394 2132 reSpondere
2441 2054 2718 2112 debuerim
2762 2070 2777 2106 :
2833 2050 3110 2120 Interroga
3167 2055 3375 2116 patrem

1790 2169 1960 2222 tuum,
1991 2164 2036 2209 et
2067 2147 2396 2208 annuntiabit
2440 2145 2568 2211 tibi;
2603 2144 2830 2215 majores
2865 2150 3006 2208 tuos,
3034 2138 3274 2193 et'dicenl
3301 2136 3375 2211 ti:

1791 2248 1840 2301 bi
1866 2246 2042 2315 (Deut.
2075 2255 2244 2305 xxx",
2274 2238 2348 2309 7).
2386 2235 2491 2293 Sed
2517 2234 2662 2305 quia,
2697 2242 2756 2286 ut
2787 2245 2972 2285 verum
3011 2227 3200 2282 fatear.
3256 2239 3397 2279 me»

1791 2339 1963 2409 ipsum
1996 2335 2092 2391 tibi
2117 2332 2305 2396 debeo,
2338 2329 2501 2384 etiam
2549 2326 2687 2380 ultra
2722 2325 2867 2378 vires
2903 2336 3095 2392 parere
3125 2319 3219 2374 tibi
3263 2334 3386 2372 non.

1789 2428 2051 2485 differam.
2089 2426 2153 2480 Et
2189 2426 2231 2479 si
2260 2423 2403 2477 enim
2436 2422 2491 2475 in
2539 2428 2624 2473 est
2654 2411 2955 2487 ignorantia
2985 2410 3146 2486 quam
3176 2422 3396 2481 arguat.

1788 2519 2156 2594 praesumptio,
2186 2531 2309 2571 vera
2353 2522 2525 2567 tamen
2574 2508 2795 2565 dilectio
2819 2523 2927 2563 non
2953 2503 3239 2563 horrescit.
3263 2501 3395 2556 Ita-~-

1791 2592 1921 2671 rebo
1973 2611 2151 2680 itaque
2190 2624 2294 2661 non
2347 2604 2607 2674 eloquens
2653 2600 2888 2665 erudita,
2932 2596 3027 2653 sed
3078 2602 3140 2650 ut
3193 2592 3370 2649 amico

1790 2691 2166 2762 amicisSimns.
2217 2698 2343 2753 Plus
2370 2710 2563 2763 verax,
2608 2707 2766 2762 quam
2814 2689 3091 2759 eloquens,
3138 2684 3369 2740 inveniri

1790 2795 2045 2850 conabor.
2070 2788 2257 2860 Neque
2290 2788 2433 2841 enim
2476 2791 2661 2839 nostra
2698 2782 2903 2852 patitur
2930 2775 3192 2849 professio
3215 2789 3370 2845 pom-

1790 2884 1949 2957 patici
1987 2882 2124 2955 [brec
2152 2881 2343 2934 desunt
2382 2878 2434 2932 in
2469 2870 2748 2944 lmpress.]
2782 2867 3073 2943 [sermonis
3110 2863 3399 2919 affectare-

1791 2951 2062 3047 qloriolas,
2091 2969 2325 3025 studium
2353 2976 2436 3022 est
2459 2979 2579 3020 esse
2606 2962 2806 3033 potius,
2840 2974 3002 3028 quam
3049 2954 3241 3010 videri.
3270 2951 3381 3007 Ve-

1794 3045 1911 3121 rum
1939 3060 2087 3136 quia]
2117 3058 2384 3115 nonnullis
2429 3070 2544 3111 mos
2574 3063 2661 3109 est
2687 3053 2885 3120 scripta
2916 3045 3243 3104 aliorum‘ad
3276 3059 3398 3099 υηςι-

1796 3128 1973 3229 ευριπ-
1996 3128 2242 3217 eliinare,
2288 3165 2407 3204 cum
2460 3148 2560 3217 ipsi
2610 3142 2951 3215 lippientibus
2974 3128 3165 3204 oculis,
3191 3136 3236 3192 si
3267 3151 3383 3206 qua

1796 3227 1936 3305 forte
1972 3245 2259 3310 ediderint,
2285 3244 2372 3297 vix
2407 3246 2751 3309 respectent:
2788 3249 2914 3305 rogo
2942 3242 2999 3287 ut
3024 3232 3233 3302 privata
3272 3227 3380 3283 lec-

1797 3341 1943 3396 tione
1969 3344 2273 3399 contentus,
2308 3342 2368 3389 et.
2383 3346 2502 3402 qua:
2522 3328 2779 3400 privatim
2797 3324 3116 3379 dictavimus
3135 3321 3406 3391 privatus-

1796 3431 2182 3502 etipse-legas,
2216 3442 2297 3481 ne;
2343 3426 2387 3480 si
2430 3423 2586 3479 forte-
2623 3420 2674 3475 in
2704 3432 2898 3473 manus
2923 3415 3217 3471 alienorum
3264 3414 3403 3482 ipse-

1795 3538 2015 3584 venero,
2056 3520 2331 3589 discerpar
2372 3513 2457 3570 ab-
2495 3513 2593 3577 eis,
2622 3525 2763 3582 quos
2785 3523 2890 3563 non
2920 3521 3067 3570 vera,
3098 3504 3194 3560 sed
3238 3518 3409 3557 vanae

1795 3614 2061 3672 delectant

1796 3722 2161 3779 Intractatum
2188 3719 2252 3774 de
2270 3718 2564 3773 reversione
2589 3710 2980 3770 beati-Martini
3005 3726 3039 3763 ιι
3067 3707 3403 3766 Buraumfio-

2449 3787 2712 3860 prwfatt'o.

1868 3904 2099 3972 Quoties
2138 3917 2273 3973 ergo
2320 3899 2602 3969 cujuslibet
2657 3896 2899 3969 potentis
2943 3892 3255 3951 muneribus
3288 3892 3406 3947 vet-

1797 3996 2074 4053 beneﬁciis
2128 3994 2488 4065 prmvenimur
2553 3985 2946 4062 [premimur],
3010 3982 3407 4057 persolvende

1797 4087 1934 4143 Vicis
1962 4087 2013 4143 ei
2036 4085 2257 4142 obnoxii
2282 4093 2545 4139 tenemur.
2574 4079 2649 4135 Ea
2690 4086 2914 4149 propter
2954 4076 3399 4148 praedecessores.

1799 4179 1973 4236 nostri
1998 4178 2192 4233 domno
2227 4174 2527 4231 Turonensi
2547 4169 2918 4240 Martino,.qui
2946 4169 3046 4224 fuit
3071 4168 3156 4223 vir
3183 4176 3379 4237 potens

1803 4267 1855 4324 in
1882 4282 2045 4339 opere
2063 4276 2118 4321 et
2151 4279 2421 4328 sermone,
2460 4263 2553 4333 qui
2589 4262 2757 4317 etiam
2777 4270 3020 4332 tempore
3037 4258 3403 4315 necessitatis,

1802 4358 2077 4413 Turonum
2104 4352 2409 4429 [Turonim]
2437 4369 2589 4408 suam
2621 4352 2691 4408 de
2718 4367 2881 4407 manu
2909 4349 3149 4421 potentis
3182 4357 3402 4421 potens-

79 4447 287 4504 frater
344 4452 460 4506 Ooo
511 4450 729 4507 lunnilis
780 4452 947 4507 abbas
1005 4450 1375 4507 Cluuiacensis
1417 4452 1693 4517 Salutem,
1722 4467 1768 4526 ι)
1798 4462 1879 4510 te:
1902 4450 2123 4521 eripuit,
2158 4447 2485 4516 ubligalores
2540 4443 2669 4499 facti
2709 4452 2855 4499 sunt.
2884 4443 3011 4500 lude
3048 4443 3211 4498 etiam
3261 4456 3377 4496 ere-

72 4542 355 4613 gratiam
389 4554 447 4598 et
470 4544 923 4603 benedictionem.

165 4633 329 4689 Cum
383 4636 437 4690 in
480 4636 709 4709 sublimi:
727 4639 1004 4694 humilitas
1032 4646 1082 4694 et
1112 4638 1183 4692 in-
1207 4637 1416 4708 magnis
1462 4643 1519 4691 et
1564 4634 1702 4689 mule

76 4723 166 4777 tis
218 4725 470 4796 negotiis
517 4734 807 4797 occupato,
862 4727 1076 4783 virtutis
1125 4726 1359 4783 studium
1409 4725 1707 4796 reperitur,

73 4814 488 4881 s'cre.fateor,
505 4816 650 4872 illius
678 4833 813 4887 opus
855 4827 975 4884 est,
1006 4819 1095 4888 qui
1141 4827 1317 4889 potest
1336 4818 1405 4873 de
1433 4815 1701 4888 lapidibus

67 4906 392 4963 suscitare
423 4907 561 4964 ﬁlios
582 4896 1062 4981 Abralizetil'uttli.
1095 4925 1179 4977 ut,
1199 4911 1276 4980 9).
1308 4910 1482 4975 Patet,
1512 4910 1709 4974 credo,

68 5015 202 5053 cur
257 5000 370 5053 ista
415 5000 787 5070 praemiserim.
840 5002 977 5057 Ecce
1017 5003 1158 5057 enim
1216 5004 1446 5059 mundus
1494 5003 1553 5057 in
1583 5018 1700 5055 ma-

66 5092 264 5159 ligno
292 5102 436 5147 totus
474 5092 688 5164 positus
715 5102 797 5148 est
829 5093 875 5162 (Ι
901 5094 1061 5147 Joan.
1114 5108 1166 5154 v,
1214 5093 1332 5163 l9):
1365 5110 1477 5156 nec,
1520 5104 1698 5145 tamen

62 5179 201 5235 sibi
289 5181 528 5237 vindicat
605 5181 1076 5249 generosissimum
1139 5182 1463 5251 principem,
1514 5179 1709 5234 Fulca-

56 5283 232 5323 ucm
273 5268 503 5337 Bonum,
556 5282 593 5322 a
641 5282 750 5337 quo
791 5278 971 5325 taiuen
1022 5270 1075 5325 in
1117 5279 1270 5339 parte
1320 5286 1429 5327 non
1477 5268 1703 5325 minima

1795 4542 2000 4614 ptionis
2048 4554 2163 4595 sua:
2206 4546 2522 4608 perpetuum
2574 4534 2888 4589 memoriale
2923 4541 3243 4599 statuentes,
3281 4547 3380 4586 an—

1796 4649 1958 4688 nuam
1996 4632 2051 4688 in
2100 4632 2304 4686 honore
2332 4627 2598 4699 ereptoris
2641 4625 2724 4682 sui
2748 4625 3117 4681 celebritatem
3162 4637 3215 4676 tv
3255 4621 3407 4684 ldus.

1794 4727 1918 4783 Maii
1945 4725 2230 4784 celebriter
2252 4725 2554 4785 celebrant,
2580 4728 2636 4774 et
2657 4717 2951 4788 ereptionis
2983 4714 3079 4788 [αι.
3100 4713 3389 4782 exceptio‘
3451 4702 3463 4709 ’

1795 4818 1906 4894 nis]
1941 4833 2053 4876 sua:
2076 4816 2400 4874 memoriam
2448 4810 2721 4876 recolunt,
2744 4817 2800 4865 et
2830 4815 2956 4863 vota
2981 4820 3087 4861 sua
3105 4803 3415 4857 liberatori.

1801 4889 1906 4964 suo
1928 4907 2241 4966 solomniter
2275 4903 2622 4974 persolvunt.
2667 4896 2992 4953 Solemnttas
3029 4898 3237 4946 autem.
3260 4889 3422 4949 ista,.

1802 5012 1912 5054 non
1941 4994 2233 5054 translatio
2254 5008 2379 5052 seu.
2398 4985 2697 5055 ordinatio,
2727 5000 2837 5041 non
2869 4981 3139 5041 transitus,
3163 4989 3275 5029 non
3305 4993 3427 5032 εχει--

1802 5092 1982 5161 ceptio
2011 5089 2225 5146 dicitur,
2264 5091 2387 5149 sed
2419 5078 2709 5149 subventio
2734 5073 2895 5131 abiis
2927 5072 3114 5142 quibus
3133 5066 3215 5121 rei
3234 5079 3416 5136 gestae

1804 5148 2009 5236 veritas
2039 5175 2227 5232 melius
2251 5172 2552 5245 ἰιιιιοωίι,
2570 5166 2901 5225 nominatur.
2921 5154 3265 5217 Necessitatis
3287 5148 3451 5214 vero;

1802 5267 2311 5339 superabundanles
2362 5258 2687 5340 angustias,
2722 5261 2777 5310 et
2816 5251 2961 5307 urbis
3007 5251 3237 5306 obsessa
3263 5248 3432 5340 cala-

3076 5353 3171 5360 ..-Α
