3964 5360
539 341 647 399 833

1698 345 2038 405 AI‘PENDlX
2075 346 2169 401 AD
2203 345 2265 402 S.
2299 343 2601 403 ODONEM.

3616 312 3761 395 'sst

538 455 931 514 subministrat.
987 454 1170 512 Muros
1222 468 1400 513 tamen
1449 471 1721 529 reparant,
1766 472 1824 517 et
1877 463 2103 517 turrium
2132 468 2179 524 Α
2208 476 2303 531 pra
2329 476 2541 515 murum
2578 465 2905 529 pernoctans
2926 455 3163 512 victoria:
3195 455 3491 526 primordia
3514 454 3764 520 initiavit,

478 525 487 553 ’
539 545 940 618 propugnacula
983 546 1083 619 [αι.
1131 556 1186 604 et
1214 549 1431 614 turrim,
1479 525 1534 605 et
1576 552 1999 624 propugnacula]
2018 568 2109 608 re-

540 639 798 703 sarciunt,
850 647 907 695 et
943 635 1257 711 sagittarum
1293 642 1551 713 grandine
1614 645 1885 712 praemissa
1935 645 2111 699 varios

540 727 873 799 subjungunt
915 730 1173 786 assultus.
1218 729 1336 786 Jam
1382 732 1521 788 muri
1563 733 1757 788 crebro
1797 735 2111 804 quatiuntur

543 819 736 884 ariete,
759 828 816 874 et
842 820 1213 876 machinarum
1248 822 1441 879 ictibus
1481 825 1753 892 cedentes,
1785 827 1993 881 ruinam
2024 826 2105 882 sui

541 911 839 967 minantur.
883 910 1102 969 Obsessi
1140 914 1347 970 viribus
1396 914 1725 979 ‘lissidentes,
1757 917 1869 985 spei
1897 918 2108 988 penitus

537 1002 732 1056 solatio
759 1002 1144 1058 destituuntur.
1168 1002 1407 1060 Tandem
1433 1020 1579 1068 vero,
1604 1007 1784 1062 divina
1808 1008 2106 1077 inspirante

536 1091 733 1162 gratia,
782 1091 834 1146 in
863 1107 922 1148 se
947 1093 1172 1163 reversi,
1204 1094 1349 1150 beati
1382 1097 1592 1166 patroni
1621 1098 1704 1151 sui
1732 1098 1943 1155 Martini
1984 1114 2105 1154 cor-

533 1196 637 1253 pus
661 1182 752 1251 pie
790 1183 1023 1252 rapiunt,
1067 1193 1123 1238 et
1166 1184 1235 1240 ad
1287 1185 1484 1252 locum,
1524 1203 1630 1257 quo
1659 1188 1784 1243 belli
1824 1189 2105 1246 violentior

537 1272 770 1342 impetus
792 1282 928 1339 erat,
973 1275 1296 1345 deterentes,
1332 1289 1599 1335 mortuum
1622 1297 1719 1351 pro
1746 1283 1881 1339 vivis
1902 1298 2102 1353 propu-

534 1374 817 1434 gnatorem
857 1377 1150 1437 opponunt.
1198 1369 1242 1425 Ο
1284 1370 1651 1428 admirabilem
1682 1389 1777 1443 per
1813 1375 1993 1429 omnia
2025 1376 2104 1430 vi-

531 1457 694 1510 rum!
728 1456 819 1527 qui
847 1458 970 1513 dum
1007 1459 1280 1517 adviveret
1317 1462 1645 1531 signipotens
1680 1464 1976 1534 appellatus
1996 1464 2101 1520 ful-

534 1561 718 1617 gorem
759 1549 1018 1604 virtutum
1051 1553 1215 1608 astris
1259 1554 1458 1620 intulit,
1487 1554 1769 1611 defunctus
1797 1557 1957 1611 etiam
1987 1558 2100 1612 bel-

528 1635 759 1706 lipotens
788 1640 1148 1711 triumphator
1185 1643 1419 1700 hostium
1452 1660 1652 1701 cuneos
1688 1648 1800 1701 sola
1841 1649 1922 1702 sui
1965 1664 2101 1718 pra:-

531 1727 704 1782 sentia
733 1729 981 1786 confecit.
1012 1731 1149 1788 Vere
1189 1733 1449 1790 mirabilis
1480 1735 1620 1791 Dens
1653 1737 1703 1791 in
1731 1739 1932 1793 sanctis
1963 1739 2094 1795 suis.

2211 559 2368 606 erant
2420 550 2588 604 ruinae
2637 547 2992 603 maceriarum
3061 547 3423 615 antiquarum,
3475 546 3537 600 in
3584 546 3767 616 quibus

2211 640 2455 699 ferebant
2484 638 2661 693 aulam
2687 636 2853 692 fuisse
2890 635 3247 692 Valentiniani
3276 634 3451 707 (l93),
3478 636 3536 689 in
3566 646 3673 704 qua
3693 651 3766 703 se-

2210 730 2341 786 dens
2370 742 2707 798 nequaquam
2737 712 3023 796 assurgere
3055 735 3137 781 est
3171 726 3424 796 dignatus
3448 724 3615 779 beato
3639 725 3767 780 Iar-

2212 825 2324 881 tino
2354 824 2602 889 antistiti,
2638 823 2811 878 donec
2856 821 3058 892 regiam
3102 821 3287 876 sellam
3337 820 3484 891 ignis
3517 819 3767 890 operiret,

2209 916 2490 985 ipsumque
2520 929 2699 985 regem
2753 928 2819 969 ea
2860 920 3015 981 parte
3060 912 3323 981 corporis,
3375 927 3487 981 qua
3534 910 3767 974 sedebat,

2208 1004 2414 1061 amaret
2443 1005 2773 1072 incendium,
2800 1004 3042 1075 solioque
3082 1019 3180 1059 suo
3206 1004 3479 1074 superbus
3501 1012 3768 1058 excutere-

2204 1106 2316 1162 tur,
2342 1107 2398 1151 et
2425 1095 2655 1151 Μαι·ιίηο
2684 1096 2932 1151 inimicus
2954 1102 3275 1165 assurgeret.
3312 1093 3389 1148 lbi
3412 1093 3769 1162 archiepisco-

2201 1201 2305 1257 pus
2337 1200 2458 1240 cum
2485 1184 2682 1256 populo
2714 1185 2911 1240 devoto
2937 1182 3243 1246 ecclesiam,
3270 1198 3393 1250 qua:
3420 1181 3606 1236 sancti
3642 1180 3769 1234 Mar-

2206 1276 2303 1332 tini
2335 1277 2401 1331 de
2427 1275 2656 1330 Basilica
2679 1274 2879 1337 dicitur
2917 1274 2983 1340 ,in
3010 1273 3213 1328 honore
3236 1272 3421 1326 itidem
3459 1272 3635 1342 ipsius
3661 1286 3772 1325 sae.

2201 1367 2274 1423 cti
2306 1366 2644 1422 instauravit.
2677 1366 2753 1421 Ea
2778 1375 2999 1437 propter
3042 1365 3204 1435 igitur
3240 1364 3447 1434 synodo
3479 1364 3769 1430 celebrata,

2201 1455 2549 1530 [auctoritate
2579 1455 2743 1527 (abest
2780 1456 2833 1510 in
2873 1453 3076 1527 impr.)]
3121 1454 3545 1524 archiepiscopi,
3575 1464 3631 1509 et
3666 1456 3772 1523 epi-

2201 1560 2505 1615 scoporum,
2536 1544 2628 1614 qui
2680 1551 3061 1607 convenerant,
3111 1549 3376 1596 statutum
3415 1550 3524 1607 est,
3572 1550 3634 1595 ut
3673 1542 3770 1595 sin-

2200 1635 2338 1706 gulis
2364 1635 2518 1690 annis
2543 1634 2798 1704 deinceps
2839 1648 2936 1704 per
2976 1632 3282 1688 universam
3333 1632 3598 1687 diocesim
3642 1631 3775 1686 Sub-

2205 1724 2474 1779 ventionis
2499 1725 2656 1795 hujus
2678 1720 2874 1780 festum
2907 1722 3053 1795 (194)
3082 1737 3132 1777 iv
3163 1722 3285 1778 ldus
3313 1722 3435 1776 Maii
3461 1723 3771 1777 solenmitcr

528 1816 716 1874 Sancti
760 1820 1024 1890 siquidem
1066 1825 1436 1892 patrocinante
1478 1827 1730 1898 sull‘ragio
1774 1837 1829 1884 et
1865 1831 2091 1887 obsessis

2201 1816 2522 1881 celebretur,
2570 1804 2691 1885 qua:
2736 1815 2882 1870 nullo
2923 1814 3028 1870 alio
3074 1816 3290 1871 nomine
3336 1815 3567 1880 rectius,
3616 1829 3771 1872 uuam

526 1911 798 1965 securitas
841 1920 897 1966 et
943 1911 1268 1969 conﬁdentia
1323 1916 1584 1983 redditur,
1628 1929 1684 1973 et
1723 1919 2098 1979 obsessoribus

524 1996 759 2053 formido
784 2009 840 2056 et
865 2017 1034 2072 pavor
1075 2018 1182 2058 non
1214 2006 1458 2063 modicus
1486 2008 1814 2064 immittitur.

594 2088 659 2145 ll.
720 2092 954 2164 Fugiunt
1003 2093 1168 2165 igitur
1205 2095 1227 2170 [
1267 2098 1417 2171 ergo]
1449 2099 1605 2167 Dani,
1649 2102 1914 2174 fugientes
1984 2106 2093 2164 Tu-

527 2181 699 2236 ronici
737 2194 1174 2253 persequuntur:
1221 2188 1537 2259 fugientium
1571 2206 1696 2261 pars
1726 2194 1902 2264 gladio
1928 2198 2092 2264 cadit,

511 2286 655 2343 pars
680 2283 837 2343 capta
877 2275 1174 2344 reducitur,
1216 2288 1271 2334 et
1309 2296 1435 2351 pars
1472 2279 1612 2353 fugae
1645 2284 1885 2340 subsidio
1913 2286 2094 2358 elapsa

524 2370 626 2427 est,
655 2370 709 2417 et
731 2378 901 2435 usque
940 2364 1008 2420 ad
1051 2375 1263 2422 sextum
1306 2368 1535 2439 lapidem
1572 2371 1638 2427 ab
1671 2373 1803 2428 urbe
1827 2376 2096 2444 persecuti

522 2461 651 2512 sunt
689 2453 889 2521 Danos,
922 2457 1331 2528 triumphatoris
1374 2461 1455 2516 sui
1500 2477 1696 2531 corpus
1725 2480 1846 2520 cum
1878 2467 2095 2539 hymnis

518 2543 827 2603 deferentes
848 2554 903 2602 et
926 2545 1116 2618 gloria,
1152 2563 1249 2621 per
1272 2564 1429 2620 quem
1455 2553 1557 2608 sibi
1600 2554 1904 2625 triumphus
1931 2559 2093 2613 cessit

518 2645 573 2690 et
596 2636 843 2691 victoria.
874 2636 1022 2693 Unde
1050 2646 1104 2693 et
1130 2638 1185 2693 in
1217 2639 1454 2711 ejusdem
1483 2642 1606 2698 belli
1634 2644 1942 2715 triumphali
1972 2662 2087 2703 me-

518 2727 715 2793 moria,
750 2727 805 2783 in
836 2728 951 2798 ipso
976 2728 1120 2796 loco,
1148 2745 1256 2806 quo
1299 2733 1470 2788 sancti
1516 2734 1760 2791 subsistit
1783 2750 2002 2806 corpus,
2028 2736 2084 2794 iu

518 2746 715 2793 moria,
750 2746 805 2783 In
836 2746 951 2798 Ipso
976 2746 1120 2796 loco,
1185 2746 1256 2786 uo
1299 2746 1470 2788 sancti
1516 2746 1760 2791 subsnsttt
1783 2750 2002 2806 corpus,
2028 2746 2084 2794 in

518 2819 726 2875 honore
763 2819 931 2889 ipsius
976 2746 1239 2877 fabrictaka
1279 2834 1364 2878 est
1405 2824 1652 2890 ecclesia,
1700 2840 1819 2894 quae
1847 2831 2088 2898 propter

515 2908 640 2964 belli
666 2918 939 2977 eventum,
977 2911 1152 2967 sancti
1188 2912 1407 2971 Martini
1432 2912 1564 2969 Belli
1598 2914 1789 2970 sortita
1816 2923 1903 2970 est
1923 2931 2086 2971 voca-

516 2999 723 3057 bulum.
753 2999 811 3056 In
838 3015 905 3058 eo
947 3008 1128 3059 autem
1153 3002 1303 3058 urbis
1340 3002 1477 3069 loco,
1507 3018 1614 3076 quo
1640 3018 1833 3076 corpus
1857 3005 1974 3077 ejus
1996 3021 2087 3062 su-

691 3117 821 3201 lahi,
857 3119 1157 3201 ludumque
1193 3122 1435 3201 praebere
1476 3124 1842 3201 spectantibus
1873 3142 1886 3178 :
1915 3125 2089 3201 palam
2120 3138 2164 3201 ρ

516 3190 983 3263 (talitesintelligi
1008 3190 1239 3260 quantas
1280 3190 1557 3248 cuniculus
1587 3192 1673 3248 ille
1710 3210 1868 3263 quem
1906 3190 2089 3252 (clerici

519 3257 589 3312 ob
624 3259 865 3336 pericula
906 3257 1267 3336 submovenda
1285 3332 1297 3336 _
1309 3272 1706 3336 convexerant,
1726 3257 2093 3336 Timportasset

517 3344 804 3405 agrumnas.
848 3329 1018 3405 Igitur
1050 3330 1299 3405 oppidani
1338 3333 1610 3405 Christum
1642 3334 1740 3389 sibi
1774 3329 1870 3404 per
1900 3351 2091 3405 preces

494 3397 731 3474 Martini
770 3397 1060 3474 propitium
1088 3397 1389 3474 sentientes
1424 3404 1707 3472 eruptione
1739 3397 1878 3458 facta
1903 3397 2090 3474 perse~

516 3467 625 3521 cuti
652 3478 778 3522 sunt
800 3467 1060 3544 inimicos.
1095 3469 1331 3544 Quorum
1363 3467 1565 3544 passim
1592 3488 1687 3542 per
1715 3488 1874 3543 agros
1905 3467 2092 3544 palan-

517 3548 620 3613 tes.
644 3545 698 3613 e_t
731 3555 827 3607 per
867 3541 1015 3613 lucos
1055 3541 1197 3613 male
1233 3540 1503 3597 latitantes
1528 3540 1773 3613 ,fe'reiad'
1792 3540 2089 3613 nongentos

515 3608 900 3688 interfecerunt
929 3629 941 3663 :
973 3611 1335 3688 detractisque
1380 3612 1622 3666 inanibus
1652 3608 1964 3688 [manubiis]
1998 3632 2090 3669 ve-

516 3678 782 3752 lociterin
810 3680 997 3752 urbem
1022 3678 1415 3751 regressi—sunt,
1441 3697 1631 3752 magna
1653 3678 1782 3737 voce
1810 3678 2089 3742 laudantes

510 3758 568 3822 et
586 3748 946 3822 glorificantes
973 3750 1063 3805 Dei
1087 3748 1644 3822 misericordiaquui
1662 3753 1741 3808 eis
1762 3754 2084 3822 inopinatam

511 3819 754 3891 victoriae
779 3819 1001 3876 dederat
1028 3821 1279 3888 palmam.
1298 3820 1472 3891 Al’ut‘I'O
1493 3819 1687 3891 corpus
1709 3819 2084 3880 beali'Martini

512 3888 793 3965 confestim
826 3890 1172 3965 restituerunt
1213 3891 1267 3943 in
1297 3889 1470 3944 locum
1502 3888 1677 3965 suum,
1723 3907 1959 3948 summas
1983 3896 2086 3965 ipsi

512 3962 717 4026 gratias
756 3969 995 4029 agentes,
1026 3961 1167 4028 quod
1189 3974 1286 4015 eos
1315 3962 1758 4029 prmstantissima
1787 3978 1883 4016 sua
1912 3961 2085 4018 inter-

510 4029 762 4103 ve_ntione
797 4030 932 4103 satis
965 4030 1277 4103 soleinrtiter
1301 4032 1612 4103 adjuvarat,
1647 4042 1933 4103 praestante
1978 4036 2084 4088 Do-

516 4098 670 4173 mino
688 4098 1027 4173 nostro_.lesu
1061 4100 1295 4173 Christo,
1332 4098 1417 4155 cui
1446 4110 1529 4156 est
1563 4098 1734 4156 honor
1755 4113 1807 4156 et
1830 4102 1997 4173 gloria
2028 4105 2081 4159 in

512 4168 705 4221 szecula
742 4169 1293 4227 smenlorunnAmen.
1343 4189 1363 4221 ι

586 4238 732 4307 (195)
767 4238 834 4309 fa
854 4241 1038 4309 quibus
1063 4240 1291 4308 ferebant
1319 4240 1497 4294 aulam
1522 4241 1683 4309 fuisse
1711 4241 2082 4300 Valentiniani.

511 4305 746 4363 Joannes
772 4305 1086 4367 Parisiensis
1114 4311 1167 4364 in
1190 4310 1483 4366 Memoriali
1507 4305 1852 4366 historiarum
1879 4331 1892 4368 :
1921 4330 1943 4366 ι
1968 4314 2088 4368 νὶιι

515 4385 628 4429 tute
651 4379 828 4432 sancti
850 4378 1322 4453 hlartinipinquit,
1354 4382 1538 4453 statim
1571 4380 1699 4434 Daui
1735 4383 1904 4437 territi
1937 4382 2086 4453 fuge-

514 4454 675 4519 runt,
705 4461 842 4519 quos
865 4448 1116 4519 Turonici
1145 4448 1408 4519 persecuti
1439 4461 1567 4505 sunt
1586 4465 1753 4518 usque
1782 4453 1847 4505 ad
1872 4448 2080 4506 sextum

512 4514 770 4583 lapidein,
792 4516 882 4591 ubi
925 4519 1010 4591 oh
1032 4514 1344 4591 ittctiloriam
1371 4520 1486 4588 ejus
1522 4520 1575 4574 in
1610 4514 1737 4591 loco
1767 4521 1853 4578 ubi
1886 4538 2081 4591 corpus

521 4593 768 4638 salictum
803 4587 1062 4653 substitit,
1093 4589 1145 4642 in
1176 4589 1377 4644 honore
1404 4587 1572 4645 sancti
1607 4589 1818 4645 Martini
1853 4587 2080 4651 ecclesia

516 4655 776 4728 fabricata
806 4664 907 4710 est.
932 4656 1006 4728 lbi
1037 4666 1214 4728 autem
1241 4669 1397 4714 erant
1431 4660 1774 4728 antiquarum
1815 4663 2081 4718 maceria-

514 4740 635 4799 ram
684 4725 876 4799 ruinae,
914 4727 1011 4799 ubi
1062 4727 1342 4785 dicebatur
1392 4725 1578 4786 aulam’
1607 4728 1772 4787 fuisse
1811 4732 2079 4799 quondam

514 4793 873 4850 Valentiniani
910 4796 1287 4869 imperatoris,
1320 4799 1372 4853 in
1409 4814 1513 4869 qua
1545 4799 1737 4855 sedens
1756 4793 1863 4859 non
1884 4812 1968 4857 est
1990 4801 2077 4861 di-

510 4875 703 4935 gnatus
729 4880 1009 4935 assurgere
1037 4878 1222 4924 sancto
1248 4868 1496 4926 Martiuo.
1525 4887 1546 4920 ι

586 4932 735 5008 (194)
767 4932 1125 5008 διώιῖεῃείοηὶδ
1173 4939 1330 5008 hujus
1369 4938 1577 5008 festum.
1620 4937 1811 5008 Sancti
1861 4938 2077 4998 Martini

512 5004 881 5084 solemnitates
908 5006 1115 5086 plures,
1148 5004 1291 5089 inter
1313 5004 1445 5076 quas
1474 5017 1530 5089 et
1554 5007 1834 5089 subventio
1864 5009 1997 5074 haec,
2023 5022 2078 5065 et

1074 5076 1151 5102 ἔην.
1182 5092 1207 5102 ι.
1240 5076 1506 5102 Ι).........ι.12

513 5087 748 5102 ναυηινοιη
776 5089 979 5102 lin-Ioann-

2198 1905 2510 1970 Subventio,
2537 1913 2807 1961 censetur.

2268 1996 2356 2051 lll.
2397 1996 2608 2065 Elapsis
2651 2006 2774 2066 post
2803 1993 3009 2049 Hastini
3047 1992 3336 2065 [Hastingi]
3382 1992 3634 2047 incendia
3681 1994 3772 2046 tri-

2196 2087 2300 2144 bus
2351 2086 2557 2153 lustris,
2614 2085 2877 2142 successit
2925 2084 3165 2154 ejusdem
3212 2100 3384 2155 genus
3433 2083 3681 2157 [gentis],
3719 2098 3771 2139 et

2196 2177 2361 2233 simili
2417 2186 2562 2233 sorte
2616 2191 2646 2231 a
2709 2176 2903 2232 finibus
2968 2176 3081 2232 suis
3135 2174 3430 2239 exsulans,
3484 2175 3642 2231 Rullo
3692 2177 3771 2229 vir

2200 2270 2392 2330 armis.
2419 2278 2672 2325 strenuus
2734 2269 2902 2341 (195),
2961 2269 3055 2324 sed
3083 2269 3230 2326 circa
3271 2268 3600 2324 Christiana:
3650 2284 3770 2338 pro—

2200 2360 2456 2418 fessionis
2516 2360 2763 2416 bomines
2834 2361 3158 2415 inhumanus
3219 2379 3237 2413 :
3317 2359 3562 2429 peditum
3643 2360 3774 2413 ntul-

2198 2453 2427 2509 titudine
2475 2494 2491 2520 ,
2566 2451 2800 2522 equestri
2859 2451 2879 2523 [
2919 2446 3236 2524 equestris]
3291 2449 3505 2505 ordinis
3575 2451 3770 2520 copia,

2198 2544 2373 2600 milite
2446 2542 2725 2614 multiplici
2789 2542 3049 2612 stipatus._
3109 2538 3229 2607 ille,
3301 2540 3772 2605 Flandrensibus,

2194 2634 2547 2693 Nortmannis
2599 2642 2658 2689 et
2718 2633 3029 2689 Britonibus
3088 2632 3140 2687 in
3205 2633 3401 2687 martio
3480 2648 3773 2704 congressu

2199 2739 2574 2799 saepenumero
2649 2724 2946 2791 confectis,
3008 2723 3253 2781 civitates
3331 2737 3526 2779 eorum
3579 2733 3637 2780 et
3685 2740 3775 2793 op—

2189 2819 2358 2891 pida‘,
2417 2832 2630 2876 necnon
2678 2826 2736 2875 et
2796 2817 3053 2874 ecclesias
3100 2817 3156 2872 in
3209 2814 3451 2871 favillam
3506 2818 3769 2887 redigeusa

2190 2925 2297 2966 non
2343 2910 2602 2967 minimas
2654 2911 2934 2965 hominum
2977 2917 3189 2979 strages
3229 2907 3399 2965 dedit.
3449 2908 3777 2963 Cenomanis

2190 3004 2529 3079 postmodum
2570 3003 2791 3059 obsessa
2829 3002 2998 3074 (l96),
3028 3000 3299 3056 exercitus
3334 3000 3421 3054 sui
3451 3012 3774 3070 procurato-

2265 3120 2417 3196 (195)
2455 3118 2605 3196 Ralla
2631 3119 2708 3175 vir
2737 3119 2898 3196 armis
2923 3127 3182 3196 strenuus.
3212 3113 3304 3196 Sic
3333 3126 3692 3196 nuncupatur
3725 3127 3777 3169 et

2196 3182 2337 3263 apud
2363 3182 2805 3265 Centeticensetn
2864 3188 3014 3265 initio
3187 3200 3225 3238 tt
3269 3184 3336 3239 de
3365 3182 3615 3240 Ducibus
3639 3184 3771 3265 No.1:-

2194 3255 2434 3334 nianuis,
2464 3271 2659 3334 estque
2677 3258 2927 3334 princeps
2954 3256 3041 3310 ille
3070 3255 3507 3334 him-mannorinn
3527 3294 3545 3316 ,
3578 3256 3671 3334 qui
3699 3255 3773 3334 di-

2192 3324 2492 3405 reptisper
2525 3324 2726 3405 Gallias
2766 3324 3007 3405 urbibus,
3039 3333 3094 3378 et
3125 3324 3371 3405 ecclesiis
3410 3324 3659 3405 incensis
3688 3329 3775 3377 de-

2190 3393 2335 3455 mum
2365 3393 2519 3471 juxta
2568 3400 2833 3475 Sequanae
2877 3397 3092 3475 ustium_
3117 3393 3398 3473 consedit,
3430 3395 3710 3475 regionem
3742 3411 3770 3446 ει

2190 3464 2408 3528 suorum
2440 3464 3448 3528 uomine‘Normanniamdeuoininavit,
3473 3480 3600 3531 qua:
3627 3466 3772 3532 prius

2192 3541 2440 3596 Neustria
2467 3534 2766 3600 dicebatur,
2798 3546 2849 3591 et
2900 3535 3147 3591 Carolum
3192 3532 3493 3602 simplicem
3535 3533 3769 3588 Franco-

2190 3627 2308 3666 rum
2353 3626 2530 3680 rrgem
2575 3624 2638 3665 eo
2686 3608 2886 3680 adegit,
2918 3615 2976 3680 ut
3014 3620 3073 3659 se
3111 3602 3476 3680 Christianum
3519 3602 3769 3680 ell'ectum

2186 3682 2375 3735 duceni
2406 3672 2717 3742 declararet,
2753 3672 2913 3731 tiliam
2963 3676 3015 3729 in
3060 3672 3407 3729 matrimonio
3453 3672 3769 3737 collocaret,

2186 3760 2241 3805 et
2269 3753 2324 3810 in
2348 3751 2524 3805 dotem
2555 3765 2618 3803 ac
2647 3747 2963 3802 licneliciuui
3016 3743 3400 3798 Normanniam
3440 3741 3614 3810 ipsam
3644 3759 3771 3798 ωηο

2176 3822 2431 3878 lirnmt‘et
2456 3836 2471 3877 :
2500 3834 2803 3889 quanquam
2833 3826 2887 3869 et
2919 3818 3030 3885 ipse
3071 3823 3254 3889 postea
3302 3813 3415 3889 regi
3449 3812 3767 3889 ﬁdeiitatcm

2186 3905 2284 3959 per
2312 3881 2550 3963 osculum
2579 3881 3085 3963 pcdisproini'ttere
3105 3883 3314 3963 renuit;
3330 3881 3768 3963 Historiarerum

2184 3951 2616 4016 lmhazicnsiufn
2644 3976 2658 4016 :
2690 3978 2707 4009 ι
2745 3951 2989 4017 Rollone,
3015 3955 3205 4023 inquit,
3237 3951 3431 4007 ell‘ecto
3454 3951 3768 4023 Christiano

2187 4030 2410 4085 Carolus
2458 4028 2666 4084 Stultus
2698 4027 2846 4083 dedit
2874 4027 2921 4078 ci
2969 4021 3349 4081 Normauniam
3374 4038 3498 4077 cum
3534 4021 3644 4074 ﬁlia
3675 4038 3765 4075 sua

2185 4099 2344 4164 Cilla,
2367 4099 2455 4168 qui
2485 4098 2670 4168 pedem
2700 4095 2874 4153 Caroli
2905 4095 3061 4168 Stulti
3095 4092 3265 4168 noluit
3286 4092 3542 4168 osculari,
3570 4092 3671 4145 nisi
3699 4091 3767 4143 ad

2185 4186 2246 4224 os
2294 4162 2447 4224 suum
2485 4162 2716 4222 levaret.
2759 4186 2780 4219 ι
2834 4168 2898 4223 Et
2944 4164 3270 4220 Chronicum
3322 4162 3761 4224 Andegaveuse:

2192 4257 2210 4289 ι
2244 4238 2469 4293 Carolus
2514 4236 2721 4292 Stultus
2762 4237 2907 4290 dedit
2955 4232 3338 4288 Nortnaunialn
3381 4230 3599 4285 Βοηοηί
3641 4247 3762 4283 etim

2188 4310 2294 4365 lilia
2343 4324 2436 4362 sua
2471 4306 2634 4377 Cisla.
2692 4306 2790 4360 llic
2840 4322 2943 4371 utut
2982 4313 3064 4377 est
3090 4303 3338 4377 dignatus
3365 4302 3560 4377 pedem
3585 4299 3765 4355 Caroli

2185 4377 2438 4435 osculari.
2470 4376 2711 4445 Cumque
2746 4377 2969 4429 comites
3012 4373 3156 4445 illum
3200 4372 3560 4445 admonerent
3592 4382 3649 4423 ut
3674 4388 3764 4440 pe.

2186 4450 2307 4504 clem
2347 4447 2570 4517 regisin
2605 4440 2914 4517 acceptione
2943 4444 3074 4517 tanti
3121 4441 3370 4517 beneficii
3399 4440 3763 4517 oscularetur,

2115 4499 2164 4559 Π
2185 4499 2363 4587 lingua
2382 4499 2917 4587 gnglica‘respondit
2942 4499 3060 4587 :‘ifie
3101 4527 3160 4567 se
3186 4510 3375 4580 Bigod.
3401 4512 3549 4587 quod
3597 4499 3765 4587 inter;

2180 4580 2421 4661 pretatur
2455 4580 2613 4640 {Non
2644 4580 2745 4656 per:
2768 4586 2951 4661 Deum.
2981 4583 3094 4637 Rex
3130 4596 3258 4636 vero
3278 4582 3446 4661 et_sui
3475 4580 3763 4661 illuiumde-

2182 4651 2439 4722 ridentes,
2460 4664 2514 4713 et
2535 4651 2838 4732 sermonem
2862 4651 3594 4732 ejuscorruptet‘eferentes,
3616 4651 3763 4732 illum

2179 4720 2742 4800 vocaverunt‘Bigod,
2785 4720 2923 4800 unde
2969 4720 3259 4778 Normauni
3289 4720 3764 4800 adhuevocantur

2181 4795 2419 4870 Qigodlii.
2454 4816 2472 4849 ι
2505 4790 2711 4870 Quibus
2747 4795 2871 4870 addi
2921 4800 3095 4870 potest
3135 4802 3210 4870 et_
3232 4790 3497 4870 quod_ait
3528 4790 3763 4870 scriptor

2176 4860 2466 4920 Gestorum
2513 4860 2789 4922 consulum
2843 4860 3326 4931 Andegavensium,
3387 4860 3479 4915 his
3532 4860 3757 4931 verbis:

2182 4953 2199 5008 ᾳ
2230 4934 2507 5008 Baptizato
2529 4934 2957 5008 Normanuorum
2988 4930 3122 4987 duce
3148 4930 3372 5008 liollone
3388 4969 3405 4996 ,
3429 4944 3556 4984 cum
3579 4930 3759 5008 omni—

2300 4997 2431 5070 έυίευ
2868 5004 2946 5102 si?
2967 5018 2997 5102 ξι
3020 5016 3147 5102 vs:
3626 4997 3760 5102 ‘11:?

2179 5071 2394 5102 ΙΙ-ιηιιηιι
2418 5068 2423 5070 Ὗ
2454 5075 2621 5102 ηιιΛΙῖη
2654 5072 2992 5102 σιηιιινῖη-ιῖιὶηο
3027 5073 3089 5102 ,θη
3126 5069 3346 5102 οιιιηυῖιῖιι
3377 5068 3608 5102 Pmnnic
3638 5070 3759 5102 rm...
