3964 5360
161 197 248 257 825

900 198 991 255 DE
1032 186 1563 255 TRANSL‘ATIONE
1600 196 1658 252 B.
1702 195 1986 252 MARTINI
2027 197 2066 251 Α
2102 188 2522 255 ωειιουΝοιΑζ

3301 204 3408 263 826

160 329 237 369 res
256 311 522 368 Turonum
553 328 724 385 usque
755 313 1073 378 transmisit,
1101 321 1179 377 ut,
1209 312 1341 368 urbe
1370 312 1717 381 pessundata,
1749 315 1798 375 Α
1827 308 2048 364 mitibus
2099 307 2276 362 exsilii
2306 309 2390 363 sui
2430 308 2735 365 mercedem
2765 309 3019 365 restituit.
3062 308 3231 368 Nemo
3262 315 3406 368 enim

157 402 260 459 auri
292 410 344 457 et
366 402 573 471 argenti
600 400 905 457 etlluentem
960 399 1318 475 [aﬂluentem]
1373 401 1584 470 copiam
1608 441 1623 467 ,
1663 408 1719 454 et

158 502 333 548 caetera
358 490 476 561 ejus
510 493 647 547 bona
677 492 995 563 diriperent,
1030 501 1087 545 et
1117 491 1264 546 illius
1294 490 1498 545 incolas
1525 492 1719 545 vincu-

158 584 281 639 latos
327 582 710 656 [vincu‘autes]
764 598 945 637 secum
1002 582 1329 638 adducentes
1364 583 1717 652 captivarent.

154 679 240 736 Dei
280 687 458 734 autem
506 678 824 749 providente
867 676 1180 739 clementia,
1211 684 1362 730 tanta
1391 674 1521 729 Κειτί
1549 682 1603 729 et
1636 674 1722 728 Li-

154 768 283 837 geris
303 768 542 822 excrevit
575 767 894 821 inundantia
936 763 1291 837 [inundatio],
1323 775 1380 819 ut
1409 765 1492 819 sui
1522 764 1723 819 unione

153 861 356 929 pelagus
401 876 565 914 unum
597 857 898 925 efﬁcerent,
931 866 986 914 et
1020 872 1050 913 a
1079 856 1318 911 civitatis
1347 870 1567 912 accessu
1614 872 1721 911 non

152 950 359 1005 niinima
418 938 500 1005 sui
569 949 854 1004 altitudine
918 963 1120 1003 cuneos
1181 946 1407 1002 hostiles
1448 954 1718 1002 arcerent.

155 1030 337 1095 Verum
374 1041 544 1111 Maius
575 1041 967 1097 Monasterium
1005 1040 1177 1111 (197),
1206 1040 1348 1109 quo]
1377 1054 1482 1093 non
1513 1038 1665 1109 longe
1690 1053 1720 1092 a

150 1131 368 1188 Turonis
397 1140 516 1189 erat
538 1174 553 1198 ,
604 1131 847 1188 funditus
879 1146 1128 1186 eversum
1157 1130 1305 1202 (198)
1332 1168 1347 1193 ,
1392 1138 1607 1184 centum
1644 1128 1722 1183 vi-

147 1224 269 1297 ginti
313 1225 610 1280 monachos
637 1265 654 1291 ,
698 1225 783 1281 bis
830 1223 985 1280 binos
1032 1224 1248 1290 minus,
1299 1224 1498 1279 ibidem
1546 1221 1723 1294 gladio

147 1323 541 1385 percusserunt,
573 1326 772 1387 praeter
800 1316 1052 1371 abbatem
1090 1322 1146 1369 et
1190 1316 1377 1385 viginti
1415 1314 1549 1370 alios
1590 1329 1723 1384 qna-

147 1416 299 1472 tuor,
334 1407 425 1477 qui
468 1408 721 1464 cavernis
759 1406 1039 1464 latitantes
1086 1415 1414 1473 evaserunt;
1469 1407 1720 1461 abbatem

146 1507 316 1555 tamen
353 1515 386 1555 a
414 1499 636 1554 latebris
663 1506 965 1554 extractum
990 1499 1274 1554 tormentis
1301 1508 1354 1553 et
1389 1497 1722 1554 cruciatibus

143 1591 209 1646 ab
230 1605 295 1645 eo
317 1591 559 1660 exigunt,
587 1598 646 1645 ut
688 1590 973 1645 thesauros
1009 1589 1252 1644 ecclesim
1284 1590 1479 1660 prodat
1519 1597 1574 1642 et
1602 1602 1718 1643 mo-

1778 396 1783 401 ’
1822 404 2037 459 illorum
2068 404 2315 459 residuus
2344 401 2478 470 fuit,
2518 417 2679 474 quem
2727 403 2996 461 Martinus
3023 404 3275 462 Ecclesia)
3302 421 3407 462 non
3442 452 3447 457 .

1820 497 2091 568 proferret
2117 495 2445 569 [prmferret]
2476 497 2746 567 regimini,
2779 498 3099 553 sublimaret
3122 498 3406 569 dignitate.

1823 586 2221 643 Recedentibus
2255 587 2446 650 Danis,
2488 596 2775 658 postquam
2807 588 3038 653 civibus,
3073 597 3286 645 tumore
3312 584 3459 644 tlu-"

1822 677 1947 731 viali
1982 690 2226 746 represso
2251 717 2267 745 ,
2313 675 2481 732 libera
2513 677 2825 732 recurrendi
2869 676 3252 750 [discurrendi]
3287 665 3427 733 rcd-'

1823 768 1933 824 dita
1961 778 2045 824 est
2077 768 2342 834 facultas;
2384 768 2629 827 auditum
2662 768 2877 838 Majoris
2910 769 3219 825 Monasterii
3247 770 3413 824 infor-

1825 863 2033 916 tunium
2082 870 2137 917 et
2183 862 2415 928 eversio,
2448 875 2658 916 necnon
2693 870 2749 916 et
2796 862 3013 918 abbatis
3056 861 3330 917 cruciatus
3359 869 3415 917 et

1821 968 2036 1024 parum,
2083 961 2138 1008 et
2184 953 2574 1007 monachorum
2624 952 2857 1022 pretiosa
2908 968 3055 1009 mors
3090 961 3146 1008 et
3190 952 3411 1024 passio;

1823 1044 2198 1114 universorum
2225 1084 2240 1109 ,
2277 1053 2335 1099 et
2366 1044 2603 1099 maxime
2641 1044 2815 1099 sancti
2860 1043 3076 1098 Martini
3122 1042 3413 1097 canonico-

1823 1149 1984 1199 rum,
2034 1134 2228 1203 gaudia
2278 1133 2615 1189 obumbrans
2661 1132 3060 1206 [obnubilans],
3111 1132 3413 1204 lacrymosa

1822 1227 2256 1283 sulnninistravit
2303 1226 2561 1297 suspiria,
2599 1226 2803 1283 doloris
2833 1226 3109 1283 immodici
3138 1225 3415 1295 copiosam

1822 1322 2107 1376 materiam
2138 1321 2459 1390 propinavit.

1898 1411 1985 1467 IV.
2048 1412 2315 1467 Moestitize
2363 1413 2528 1483 igitur
2589 1420 2643 1468 et
2690 1412 2944 1468 maeroris
2989 1410 3154 1481 pallio
3207 1407 3414 1473 amicti,

1822 1502 1983 1559 vultu
2012 1503 2224 1575 lugubri
2253 1513 2549 1574 assumpto,
2596 1512 2652 1559 et
2678 1512 2872 1558 ornatu
2898 1543 2915 1568 ,
2964 1502 3106 1556 sicut
3136 1500 3305 1554 moris
3334 1507 3419 1551 est

1826 1594 2293 1665 compatientium,
2316 1594 2498 1650 dolere
2526 1611 2650 1650 cum
2671 1594 2999 1658 dolentibus,
3031 1592 3267 1665 gaudere
3291 1606 3416 1647 cum

142 1686 362 1751 nachos,
390 1678 482 1755 qui
532 1684 587 1738 in
639 1685 889 1740 cavernis
925 1683 1164 1739 latebras
1192 1683 1469 1744 fovebant,
1503 1682 1556 1737 in
1603 1696 1719 1736 me-
1752 1667 1798 1726 Β
1826 1687 2189 1758 gaudentibus
2214 1685 2367 1760 [ﬂere
2398 1703 2520 1743 cum
2549 1686 2846 1758 ﬂentibus],
2876 1686 3118 1741 dolentes
3148 1692 3200 1738 et
3228 1682 3419 1737 ﬂentes

140 1778 279 1831 dium
329 1775 578 1830 deducat.
649 1775 743 1829 Vir
801 1784 980 1829 autem
1029 1774 1239 1830 Domini
1292 1774 1460 1829 abbas
1512 1772 1719 1828 Heber-

138 1882 236 1920 nus
265 1865 434 1937 (l99),
461 1866 587 1921 licet
617 1866 763 1920 varia
791 1874 847 1920 et
875 1864 1155 1936 multiplici
1183 1873 1573 1919 tormentorum
1605 1864 1724 1918 vio-

143 1959 301 2014 lentia
328 1968 631 2023 arceretur,
661 1974 760 2014 nee
786 1960 1074 2014 thesauros
1104 1957 1422 2023 declaravit,
1452 1972 1552 2012 nee
1588 1956 1727 2011 tilios

137 2049 190 2104 in
216 2050 438 2106 latebris
468 2050 744 2105 latitantes
780 2049 1076 2116 revelavit;
1129 2049 1223 2121 qui
1254 2050 1433 2104 adhuc
1465 2047 1729 2104 reservati

136 2150 261 2198 sunt
287 2183 304 2210 ,
347 2151 407 2197 ut
450 2142 668 2214 patroni
699 2144 779 2197 sui
809 2157 1007 2213 corpus
1033 2151 1086 2197 et
1114 2142 1258 2196 inter
1288 2140 1495 2196 alienos
1544 2154 1728 2211 prose-

134 2242 452 2305 querentur.
501 2235 580 2291 lta
610 2235 828 2311 quidem
857 2236 1114 2307 contigit;
1161 2234 1257 2291 sed
1285 2237 1398 2305 ipse
1426 2234 1605 2305 potius
1633 2249 1728 2291 co-

131 2390 259 2447 dnm
288 2389 537 2453 Turonis,
571 2388 828 2451 Pictoris.
860 2398 915 2443 et
933 2388 1158 2443 similes.
1182 2387 1202 2442 1
1227 2389 1327 2442 lem
1354 2389 1721 2453 Frodoardns,

130 2463 486 2515 Cummanuis
515 2470 569 2516 et
595 2459 803 2515 Baioca!
831 2461 1163 2530 pactopacis
1186 2460 1266 2513 eis
1292 2475 1581 2530 conressze.
1630 2460 1727 2516 Est

129 2531 275 2601 enim
304 2530 655 2586 Cinomannis
680 2547 742 2585 ea
769 2528 880 2601 ipsa
906 2528 1097 2601 civitas
1119 2545 1280 2599 quam
1304 2528 1727 2601 GotTridusViu—

128 2600 443 2656 docinensis
472 2602 633 2670 epist.
670 2602 757 2664 16,
788 2598 885 2655 lib.
911 2616 993 2670 ιιι,
1021 2598 1469 2670 (ἶβιιριιιίιηιιιιιῐιι
1491 2610 1544 2654 et
1575 2600 1727 2670 llugo

128 2672 200 2725 de
229 2671 426 2727 Cleriis
463 2668 518 2726 in
543 2672 939 2727 commentario
965 2669 1033 2725 de
1061 2668 1324 2737 Majoratn
1355 2679 1410 2724 et
1438 2668 1724 2727 Seneseal-

128 2741 213 2796 cia
241 2740 510 2806 Franciaa,
541 2742 702 2796 modo
727 2739 1181 2796 Ceuomannieam
1207 2741 1510 2794 nominant.

202 2811 354 2880 (I97)
397 2810 991 2883 MajusMonasterium.
1016 2809 1062 2864 Α
1088 2819 1278 2883 sancto
1307 2809 1536 2883 Martium
1566 2812 1728 2866 tertio

125 2879 756 2952 Turonorum'episcopo
777 2889 1171 2952 constructum,
1197 2881 1275 2935 uti
1306 2880 1465 2952 docet
1493 2879 1728 2937 Severus

124 2952 419 3022 Sulpitius,
448 2951 546 3020 qui
566 2960 620 3006 et
648 2955 835 3022 ipsum
867 2951 1044 3007 locmn
1071 2951 1351 3021 eleganter
1381 2951 1642 3022 describit
1670 2954 1725 3007 in

122 3021 364 3079 historia
402 3022 538 3078 Vita:
566 3021 725 3092 hujus
755 3022 972 3092 gloriosi
1001 3022 1288 3092 praesulis;
1320 3038 1344 3092 ι
1372 3021 1721 3090 Aliquandiu,

124 3094 329 3162 inquit,
385 3091 694 3147 adhaarente
740 3091 809 3147 ad
862 3091 1146 3147 ecclesiam
1190 3091 1381 3148 cellula
1420 3107 1549 3162 usus
1592 3102 1721 3147 est:

122 3160 329 3219 deinde
353 3177 475 3217 eum
503 3163 957 3231 frequentantium
987 3162 1416 3231 inquietudinem
1451 3160 1594 3217 ferre
1615 3178 1724 3219 non

121 3243 340 3302 posset,
365 3233 573 3288 duobus
606 3235 717 3288 l‘ere
741 3242 895 3289 extra
936 3233 1208 3287 civitatem
1257 3232 1494 3287 millibus
1534 3249 1719 3287 mona-

121 3304 361 3357 sterium
406 3305 613 3357 statuit.
650 3303 751 3369 Qui
790 3303 940 3361 locus
972 3312 1079 3357 tam
1119 3311 1363 3358 secretus
1397 3312 1452 3357 et
1485 3314 1725 3360 remotus

119 3381 275 3445 erat,
299 3382 360 3427 ut
384 3375 552 3435 eremi
584 3373 924 3445 solitudinem
965 3388 1072 3428 non
1096 3373 1586 3445 _desidetaret.gEx
1619 3389 1726 3429 uno

117 3442 275 3497 enini
302 3445 473 3498 latere
493 3446 711 3512 praecisa
738 3443 936 3499 montis
958 3443 1170 3497 excelsa
1194 3459 1324 3511 rupe
1349 3442 1689 3497 ambiebatur
1706 3484 1721 3509 ,

118 3514 398 3585 reliquam
428 3515 702 3585 planitiem
758 3514 917 3583 Liger
946 3513 1141 3567 ﬂuvius
1188 3513 1410 3567 reducto
1449 3512 1721 3585 paululum

116 3584 254 3639 sinu
285 3585 559 3639 clauserat
591 3603 603 3639 :
635 3600 740 3639 una
772 3595 1012 3649 tantum,
1047 3585 1343 3650 eademque
1361 3592 1509 3637 arcta
1539 3584 1724 3638 admo-

1830 1778 1898 1833 ad
1930 1786 2286 1832 memoratum
2332 1777 2598 1832 accedunt
2628 1776 2805 1832 locum
2833 1817 2849 1842 ,
2894 1784 2949 1830 et
2982 1776 3185 1831 doloris
3226 1773 3422 1828 intrin-

1830 1869 1941 1923 seci
1975 1876 2185 1922 tumore
2208 1868 2546 1940 singultuoso
2571 1868 2937 1939 perstillantes
2969 1866 3136 1922 foris:
3167 1863 3420 1935 lacrymis

1830 1956 2283 2031 [perstillantibus
2332 1956 2465 2013 foris
2526 1956 2825 2030 lacrymis]
2879 1956 3267 2027 aliquantisper
3320 1953 3424 2006 im-

1833 2052 2073 2115 minutis,
2125 2050 2312 2121 viginti
2362 2059 2595 2120 quatuor
2631 2050 2947 2116 monachos,
3000 2048 3091 2118 qui
3134 2047 3186 2101 in
3233 2059 3421 2099 caver-

1834 2162 2024 2201 narum
2056 2146 2279 2199 latebris
2310 2149 2685 2210 morabantur,
2713 2144 3030 2208 extrahunt,
3067 2151 3123 2196 et
3168 2138 3423 2194 abbatem

1835 2254 1940 2292 una
1970 2253 2091 2293 cum
2125 2237 2258 2307 ipsis
2304 2252 2427 2292 cum
2458 2235 2639 2291 debito
2670 2236 2878 2291 honore
2923 2242 2978 2289 et
3017 2229 3322 2290 reverentia
3353 2227 3423 2282 ad

1831 2391 1968 2463 rium
1988 2432 2002 2454 ,
2031 2393 2186 2463 cujus
2217 2391 2370 2446 lateri
2405 2390 2652 2460 perfosso
2690 2389 2842 2445 ducis
2870 2394 2924 2443 et
2957 2384 3195 2463 doctoris
3220 2398 3421 2463 eorum

1830 2461 2001 2516 lectus
2043 2454 2115 2517 et.
2152 2464 2361 2518 mansio
2405 2454 2723 2526 inhasrebat,
2765 2457 3178 2515 conveniebant.
3219 2454 3419 2507 llarum

1830 2532 1993 2602 igitur
2039 2536 2401 2605 nmnsionuur
2438 2532 2677 2586 relativre
2708 2528 3130 2605 comparationis
3173 2534 3420 2605 respectu

1829 2601 2220 2657 monasterium
2278 2602 2425 2674 illud,
2458 2619 2587 2674 quo,
2640 2610 2699 2655 ut
2742 2601 2944 2674 dictum
2995 2607 3099 2664 est,
3131 2601 3423 2674 convenire

1827 2683 2272 2737 consueverant,
2320 2667 2491 2741 Majns
2540 2671 2928 2728 Monasterium
2978 2684 3082 2741 non
3150 2667 3422 2741 immerito

1827 2743 2136 2814 appellavit.
2212 2735 2507 2814 Proposita:
2564 2742 2837 2797 residuum
2866 2737 3219 2814 “quaestionis
3262 2735 3421 2814 modo

1831 2805 1990 2888 tertio
2040 2815 2222 2888 taliter
2261 2805 2610 2888 enucleatum
2669 2813 2803 2867 Cum
2855 2805 3129 2888 Cisalpina
3156 2805 3423 2888 “l‘ICCEfSSia

1830 2883 2015 2958 multis
2063 2893 2117 2939 et
2150 2885 2412 2958 miriﬁcis
2432 2883 2648 2938 ﬂoreret
2668 2874 3024 2958 monasteriis
3044 2919 3064 2958 ,_
3092 2877 3259 2931 solius
3285 2874 3423 2958 Mar-

1829 2952 1925 3007 tini
1976 2957 2360 3010 monasterium
2402 2956 2544 3008 inter
2588 2950 3422 3025 universa_ori_linispraecipua»

1827 3030 1883 3078 et
1912 3026 2441 3099 saiu:_ta’._religionis
2481 3025 2688 3093 apicem
2733 3019 3077 3099 praeferebat.
3111 3018 3241 3099 Quae
3270 3018 3423 3099 enim

1826 3102 1970 3149 esset
2025 3088 2402 3150 Ecclesia'aut
2455 3088 2864 3157 monasterium,
2895 3101 2952 3145 ut
3002 3090 3080 3143 ait
3134 3088 3419 3156 Sulpitius,

1867 3179 1948 3218 uae
1974 3180 2083 3220 non
2110 3166 2176 3220 de
2214 3164 2429 3236 Martini
2471 3162 2798 3236 monasterio
2826 3168 3047 3236 cuperet
3079 3157 3423 3236 sacerdotes?

1828 3231 2148 3310 sanctitatis
2187 3234 2304 3310 ejus
2351 3235 2547 3290 merito
2591 3245 2647 3288 et
2689 3231 3008 3310 excellentia
3054 3245 3164 3299 pra:
3206 3231 3423 3310 car-ieris

1827 3304 2115 3377 virtutibus
2147 3301 2466 3372 majoratum
2518 3313 2706 3359 tenens
2729 3343 2758 3377 ,_
2796 3301 2962 3370 Majus
3013 3301 3419 3377 monasterium,

1826 3374 2058 3442 quadam
2111 3368 2425 3430 meritorum
2475 3368 3098 3444 praerogativa,meruit
3136 3368 3417 3444 appellari.

1831 3438 1975 3514 Duce
2029 3446 2193 3514 igitur
2248 3456 2306 3499 et
2369 3438 2700 3514 pne-ambulo
2750 3439 3133 3514 archiprzesule
3190 3438 3420 3514 Martiuo

1827 3512 1998 3580 Majns
2029 3510 2156 3569 illud
2213 3510 2597 3569 monasterium
2638 3513 2883 3569 extendit
2935 3525 3107 3577 usque
3154 3510 3220 3560 ad
3268 3524 3418 3560 mare

1826 3585 2105 3653 religionis
2129 3602 2240 3640 sure
2261 3586 2532 3653 palmites,
2561 3593 2618 3638 et
2643 3598 2813 3653 usque
2841 3581 2909 3635 ad
2929 3590 3230 3635 extremum
3260 3588 3423 3632 terrae

114 3655 258 3733 ilum
289 3655 382 3733 vi_a_
419 3655 557 3709 adiri
591 3666 823 3733 poteras.
859 3674 877 3706 ι
910 3653 1061 3733 Unde
1102 3668 1229 3708 vero
1257 3655 1725 3733 nuncupatumnsit
1753 3670 1799 3733 ο
1830 3652 2142 3733 sauciantis
2167 3652 2279 3733 suae
2316 3655 2612 3725 prepagine
2639 3652 2911 3733 dilatavit.
2945 3670 2965 3703 ι

112 3722 308 3794 Majns
337 3722 746 3790 Monasterium,
771 3734 828 3779 et
875 3723 1107 3794 qualiter
1159 3723 1475 3778 monasticae
1518 3722 1726 3793 profes-

110 3796 305 3851 sionis
335 3797 531 3850 merito
553 3796 913 3865 principatum
945 3795 1072 3848 olim
1112 3794 1520 3865 oblinuerilxac
1547 3795 1723 3865 speci-

106 3881 257 3919 men
285 3867 436 3920 omni
484 3862 873 3921 munachorum
911 3864 1089 3921 ordini
1121 3873 1173 3919 et
1203 3862 1449 3934 dignitati
1486 3862 1729 3919 contule-

106 3934 763 4009 rit,_a_peritAanonynms
785 3936 955 4009 ipsius
983 3936 1298 4009 ttionasterii
1330 3936 1627 4009 monachus
1644 3935 1728 4009 his

104 4007 317 4076 verbis
342 4020 356 4058 :
388 4024 405 4056 ι
437 4004 639 4062 Nomen
669 4004 816 4076 quod
835 4007 1035 4076 dicitur
1053 4004 1222 4072 Majus
1253 4004 1634 4076 Monasterium
1658 4006 1728 4061 ab

99 4089 185 4147 eo
211 4075 476 4147 Martino,
512 4086 647 4134 teste
673 4074 973 4132 Turonensi
999 4074 1281 4147 Gregorio,
1306 4076 1432 4147 huic
1453 4075 1583 4147 ioco
1617 4090 1727 4147 Ano-

104 4144 508 4218 vimusgl’uisse
532 4149 863 4218 impositum.
897 4144 1175 4218 Siquidem
1218 4162 1340 4200 cum
1367 4145 1584 4214 Majoris
1615 4145 1728 4201 Mo-

100 4216 358 4287 nasterii
393 4218 556 4272 multa
579 4216 687 4273 sint
719 4217 946 4287 majora,
971 4216 1231 4287 Quaeritur
1255 4231 1360 4286 qua
1386 4218 1594 4272 ratione
1617 4226 1724 4272 tam

96 4286 452 4342 excellentis
499 4290 731 4343 nominis
789 4286 1563 4358 privilegiumvindicaverit.
1625 4287 1724 4343 Cui

96 4358 422 4427 quaestioni
453 4359 722 4428 tripartita
743 4357 982 4415 occurrit
1002 4357 1217 4412 solutio.
1237 4357 1431 4411 Nolunt
1458 4358 1723 4426 siquidem

96 4435 233 4491 est,
260 4437 318 4479 et
338 4429 471 4497 satis
494 4430 706 4484 celebre
729 4429 978 4489 innotuit,
1004 4429 1146 4497 quod
1169 4428 1518 4483 beatissimus
1547 4429 1725 4483 archi-

92 4499 328 4569 przcsul
360 4496 635 4554 Turonum
669 4499 946 4564 Martinus,
972 4496 1343 4569 triaicondidit
1374 4500 1722 4562 monasteria,

90 4568 367 4638 primum
391 4569 726 4635 Mediolanis,
754 4571 1048 4625 secundum
1076 4568 1329 4633 Pictavis,
1356 4570 1572 4622 tertimn
1599 4584 1726 4624 vero

90 4655 133 4691 ει
171 4639 426 4695 Turonis
453 4641 728 4704 inilliario,
774 4640 916 4710 quod
962 4648 1208 4709 respectu
1233 4648 1287 4694 et
1322 4642 1726 4710 comparatione

90 4710 364 4782 Quorum
398 4728 453 4767 re
477 4724 531 4767 et
557 4714 776 4768 nomine
794 4708 1388 4782 Majusimbnasteriuni
1416 4708 1719 4782 appellavit.

89 4779 222 4853 Ιεξει
255 4782 445 4853 ειᾼιιΙίιι
481 4784 619 4853 ratio
648 4797 817 4853 quare
844 4779 1299 4853 vocabulunrtale
1328 4783 1576 4853 sortitum
1616 4781 1721 4853 sit,

86 4849 270 4923 sicut
318 4851 535 4923 Sulpitii
585 4849 802 4917 Severi,
855 4851 948 4922 qui
990 4850 1104 4921 jam
1156 4850 1285 4907 dicti
1329 4851 1720 4923 archiepiscopi

88 4936 120 4972 κ
139 4920 295 4978 itam
330 4934 384 4992 et
413 4920 580 4980 lctus
605 4920 887 4978 luculento
911 4935 1164 4976 sermone
1194 4922 1484 4986 describit,
1517 4920 1638 4976 tidei
1666 4920 1721 4978 et

86 4995 374 5050 veritatis
414 4998 576 5065 plena
619 4994 776 5065 docet
809 4993 1078 5065 assertio,
1112 4992 1253 5046 idem
1300 4994 1491 5065 beatus
1520 4992 1720 5065 __arebi-

82 5067 322 5148 pnesul
364 5060 746 5148 tumultuantis
774 5063 902 5148 vitae
918 5062 1210 5148 mordaces
1229 5077 1393 5148 curas
1419 5060 1715 5148 declinans,

77 5133 151 5196 In
189 5140 327 5197 tunc
375 5134 681 5194 secretiora
724 5134 840 5188 loca
888 5140 1145 5203 tanquam
1193 5133 1249 5186 in
1279 5143 1490 5203 portum
1521 5134 1721 5201 quietis

70 5218 450 5287 secesserat.
494 5205 625 5287 Ejus
668 5214 865 5287 autem_
892 5202 1107 5287 sanetae
1141 5202 1404 5287 clientelae
1438 5205 1716 5287 octoginta

9 5323 25 5360 ,
68 5284 480 5360 adhaerebant
509 5273 631 5339 viri,
659 5273 979 5360 quiniiohilis
1007 5274 1178 5360 insiar
1207 5275 1475 5360 magistri,
1493 5274 1545 5327 in
1575 5273 1717 5360 fame

1904 3725 2052 3794 (l98)
2095 3715 2362 3779 Fundiliis
2388 3715 2641 3779 euersum.
2677 3721 2919 3794 Meminit
2946 3728 2998 3774 et
3031 3717 3170 3794 idem
3200 3715 3419 3794 Maioris

1831 3789 2141 3850 Monasterii
2174 3797 2472 3851 monachus
2501 3794 2661 3860 hujus
2688 3792 3009 3849 eversionis.
3042 3808 3060 3840 ι
3090 3789 3146 3843 lu
3170 3789 3416 3858 praefato,

1829 3866 2023 3936 inquit,
2056 3868 2404 3931 monasterio,
2433 3873 2490 3921 et
2514 3866 2769 3939 abbatum
2798 3864 3000 3939 vicaria
3022 3876 3086 3915 ex
3118 3874 3268 3912 more
3286 3874 3414 3939 sue-

1829 3934 2026 4003 ccssio,
2055 3947 2110 3992 et
2140 3940 2436 3994 vehemens
2481 3934 2758 4004 religionis
2804 3935 2855 3987 in
2886 3934 3002 3987 dies
3044 3934 3420 4004 augtnentario

1830 4000 2103 4078 usquead
2131 4007 2374 4078 Hastingi
2400 4016 2455 4063 et
2486 4000 2995 4078 Rolloiiishtempora
3024 4000 3414 4078 perseveravit.

1830 4025 2002 4078 usque
2037 4025 2103 4062 au
2131 4025 2318 4063 ﬂaSlllI
2363 4026 2374 4061 I
2400 4025 2455 4063 et
2486 4025 2728 4061 nouonts
2756 4025 2995 4073 tempora
3026 4025 3338 4071 pcrscvcran
3354 4025 3414 4055 ιι.

1829 4078 2071 4146 Quorum
2112 4079 2290 4134 inanis
2319 4025 2595 4141 Feroeitas,
2620 4072 3204 4146 Galliarum‘urbeset
3239 4070 3417 4125 eccle-

1828 4142 1938 4205 sias
1976 4149 2335 4219 dchpulans,
2384 4146 2774 4219 monasterium
2804 4143 2945 4219 _ill_ud_
2971 4142 3230 4219 ‘i‘unditus
3262 4157 3419 4219 ever-

1830 4230 1971 4285 tens,
1999 4212 2060 4274 et
2083 4212 2391 4275 habitatore
2420 4228 2476 4273 et
2517 4216 2775 4287 religione
2802 4213 3115 4287 inhabileet
3142 4212 3414 4287 inhabita-

1826 4290 1936 4363 bile
1958 4282 2231 4363 reddidit.
2267 4310 2287 4343 ι
2318 4289 2385 4344 Ει
2408 4287 2568 4363 paulo
2593 4282 2714 4363 post
2746 4302 2762 4342 :
2795 4306 2813 4336 ι
2837 4282 3325 4363 ΥθιιίιΗιιειίιιεειε·
3357 4282 3414 4363 in

1829 4361 2156 4426 Turoniam,
2208 4370 2265 4416 et
2312 4352 2495 4415 omnia
2531 4352 2870 4419 suburbana,
2903 4370 3008 4409 una
3041 4370 3180 4426 cum
3224 4352 3416 4426 Maiori

1830 4422 2161 4485 monasterio
2181 4430 2498 4499 destructis,
2525 4437 2581 4485 et
2606 4428 2661 4483 in
2689 4426 2929 4483 favillam
2959 4425 3214 4492 redactis,
3243 4422 3415 4478 Ture.

1826 4517 1955 4556 nutn
1986 4501 2217 4557 obsedit.
2254 4519 2274 4553 ι

1900 4571 2047 4642 (199)
2100 4571 2194 4626 Vir
2220 4582 2396 4629 autem
2435 4570 2651 4642 Domini
2687 4566 3172 4642 abbasgllebemy.
3204 4563 3413 4642 _Genui-

1827 4635 1955 4717 num
1984 4635 2041 4696 et
2068 4658 2257 4717 verum
2276 4658 2481 4717 nomen
2510 4640 2671 4717 hujus
2688 4640 2927 4704 abbatis,
2959 4653 3064 4717 non
3085 4635 3412 4717 .Herbertus,

1828 4713 2140 4789 llibernus,
2163 4713 2481 4779 Herbenus,
2513 4707 2785 4789 Erbinus,
2820 4718 2917 4789 aut
2942 4707 3240 4789 .Urbinus,
3272 4707 3417 4789 sicut

1825 4785 2235 4857 corruptissime
2278 4793 2508 4841 vocatur
2555 4782 2607 4837 in
2632 4779 3070 4857 ⁸(ξιιὶιίε-ξίιιῇοιςίδ
3099 4779 3417 4857 monasterii

1829 4850 2047 4910 tabulis.
2094 4855 2220 4912 Fuit
2266 4865 2449 4910 autem
2487 4866 2554 4905 ex
2597 4852 2794 4906 abbate
2830 4850 3050 4919 Maioris
3098 4850 3419 4919 monasterii

1826 4924 2003 5009 factus
2031 4925 2474 5009 archiepiscopus
2486 4921 2838 5009 Turonensis,
2857 4915 2942 5001 vel

1831 4992 2388 5053 miraculorum—beati
2422 4993 2638 5049 Martini
2666 5002 2787 5062 post
2834 4992 2968 5062 ejus‘
2986 4992 3359 5062 reversionem
3389 5002 3421 5039 a

1750 5040 1799 5099 ί)
2831 5040 3154 5141 prgfaiiqne
3216 5071 3244 5141 ξ
3277 5055 3424 5139 ροιιετ

1830 5121 1972 5210 ρείῗ
1996 5139 2185 5210 eodem
2215 5121 2446 5210 mense,
2494 5135 2619 5210 dum
2650 5121 2795 5188 es'set
2832 5121 3026 5210 censui
3063 5121 3423 5204 lngelgerius,

1827 5202 2063 5263 Turonis
2091 5207 2435 5265 Adalaudum
2465 5203 2769 5261 confectum
2800 5202 2953 5256 senio
2979 5202 3119 5250 viam
3152 5202 3427 5252 universa:

1825 5282 2011 5360 rat-nis
2056 5279 2281 5360 in_trare.
2332 5276 2663 5360 lngelgerius
2699 5289 2830 5360 vero
2856 5265 3426 5360 .consulnau'xili-apte
