3964 5360
149 174 248 235 819

951 168 1038 225 DE
1076 167 1615 225 TRANSLATIONE
1641 167 1704 222 Β.
1743 166 2035 223 MARTINI
2072 166 2117 221 Δ
2148 164 2571 224 BURCUNDIA.

3287 170 3397 229 830

150 279 1720 357 inimpr.)|,taudibusque,maneilluceseente.convenien-
1746 299 1796 342 Α
1821 279 1959 335 Nolo
1997 279 2285 335 ecclesiam
2334 296 2511 335 meam
2564 288 2712 335 tanto
2765 279 3073 336 defrauoar.
3123 279 3400 344 thesauro,

155 379 287 434 tibus
310 375 560 445 utrinque
584 372 855 444 partibus,
889 372 1153 430 medietas
1180 374 1414 429 hominis
1439 388 1470 428 a
1500 372 1715 428 Martini

152 476 298 542 parte
347 465 541 537 posita,
606 478 747 519 sana
799 473 855 520 et
905 461 1194 519 incolumis
1240 463 1527 542 reperitur.
1583 462 1720 519 Pars

153 532 322 613 autem
347 532 545 621 altera,
572 553 786 611 occulto
816 554 908 609 Dei
933 551 1164 624 judicio,
1198 532 1456 608 salvanda
1489 552 1718 624 [sanan-

152 646 236 719 da]
266 644 511 702 diﬁ'ertur
575 645 644 701 Ut
686 657 864 700 autem
904 660 1003 716 per
1049 644 1369 700 miraculum
1419 643 1720 699 evidentius

153 740 275 795 ﬁdes
299 738 541 793 eluceret
586 737 808 801 clarius,
856 746 1020 809 atque
1069 737 1263 793 celsior
1299 736 1456 809 [ﬁdes
1495 735 1717 802 certior,

151 830 447 899 clariusque
494 829 775 901 elueeret],
823 829 1020 901 leprosi
1072 831 1265 885 iterum
1305 844 1434 900 pars
1477 828 1719 883 sananda

149 937 326 978 versus
356 921 643 977 Martinum
667 922 911 977 vertitur.
954 923 1021 978 Et
1046 936 1201 978 mane
1232 922 1391 984 facto,
1426 923 1526 977 sub
1550 920 1721 977 oculis

150 1011 404 1077 omnium,
441 1012 603 1066 homo
640 1020 787 1067 totus
822 1027 887 1067 ex
936 1012 1153 1083 integro
1191 1012 1454 1067 alteratus
1482 1011 1535 1066 in
1577 1011 1721 1066 salu-

152 1110 250 1155 tem
278 1100 574 1155 invenitur.
621 1099 807 1170 Sopita
837 1100 1002 1171 igitur
1029 1109 1114 1156 cst
1155 1100 1409 1181 mutualis
1452 1101 1566 1155 lnec
1594 1116 1722 1156 con-

153 1196 332 1263 lentio,
360 1205 417 1251 et
459 1196 673 1252 Martini
721 1197 1019 1252 cultoribus
1072 1213 1139 1253 ex
1194 1207 1320 1253 tunc
1370 1206 1425 1252 et
1467 1199 1721 1268 deinceps

148 1288 501 1345 inﬁmanlium
544 1289 795 1344 universa
837 1290 1003 1345 cessit
1047 1290 1099 1344 in
1131 1303 1265 1359 pace
1293 1289 1517 1345 oblatio.
1549 1290 1593 1345 Ο
1622 1290 1720 1344 ad-

147 1377 403 1432 mirabilis
432 1376 807 1452 [admirandae]
842 1380 1167 1436 urbanitatis
1191 1379 1519 1435 Germanum
1544 1379 1722 1452 ponti-

148 1468 316 1533 ﬁcem,
346 1469 443 1538 qui
489 1483 613 1524 cum
648 1471 785 1525 tanti
834 1471 1014 1526 meriti
1047 1480 1214 1537 esset,
1251 1480 1309 1525 ut
1345 1480 1588 1528 mortuos
1625 1487 1715 1527 su-

144 1557 378 1623 scitaret,
437 1559 493 1613 in
545 1560 705 1615 domo
729 1575 825 1615 sua
872 1561 1072 1630 hospiti
1126 1576 1224 1614 suo
1270 1568 1479 1615 tantum
1527 1559 1720 1616 detulit

1822 371 1950 442 quia
2007 371 2292 441 episcopus
2356 368 2530 428 factus
2598 388 2664 428 eo
2726 373 2981 427 vestitam
3036 372 3397 448 [investitamj

1821 460 2019 516 inveni.
2052 460 2309 517 Videntes
2352 461 2535 532 itaque
2580 462 2857 529 Turonici,
2901 478 2960 520 se
3002 479 3107 536 per
3150 465 3399 525 eumdem

1818 551 2129 622 episcopum
2178 551 2312 606 nihil
2361 555 2645 622 prolicere,
2701 553 2767 607 ad
2819 568 2999 626 regem
3041 553 3391 620 Francorum,

1819 643 1911 712 qui
1945 649 2071 697 tunc
2100 642 2358 712 temporis
2379 650 2517 706 erat,
2549 641 2770 696 meliora
2800 652 3082 712 sperantes
3110 642 3355 697 resiliunt
3376 661 3395 698 :

1823 733 2013 789 humili
2059 749 2220 804 prece
2249 749 2369 789 eum
2422 731 2696 806 [roganles
2742 749 2807 790 ac
2859 718 3028 806 (voces
3079 736 3162 790 Ita:
3210 734 3391 790 desunt

1820 829 1872 882 in
1901 825 2102 900 impr.)]
2136 828 2487 883 obsecrantes
2533 827 2897 898 interpellant,
2932 836 2991 881 ut
3021 822 3224 882 Turoni
3269 825 3409 900 [Τυ-Δ

1821 921 1993 994 ronis]
2025 932 2080 977 ct
2106 921 2396 976 Martinuin
2427 937 2583 977 suum
2626 920 2833 976 restitui
2877 919 3085 991 jubeat,
3115 928 3171 976 et
3210 921 3393 977 urbem

1818 1013 2053 1084 pastoris
2096 1012 2363 1079 absentia,
2397 1027 2462 1066 eo
2491 1022 2734 1081 recepto,
2780 1010 2833 1064 in
2868 1009 3132 1079 gaudium
3175 1023 3396 1064 conver-

1824 1112 1920 1158 tat.
1948 1103 2029 1158 Ad
2060 1118 2194 1174 quos
2232 1119 2329 1158 rex
2354 1103 2429 1157 ait
2460 1117 2475 1157 :
2512 1101 2644 1157 Cum
2678 1111 2908 1171 utraque
2939 1100 3129 1157 civitas
3157 1098 3289 1170 regii
3329 1098 3402 1155 sit

1815 1196 1977 1268 juris,
2011 1196 2158 1253 etab
2200 1205 2426 1264 utraque
2481 1194 2637 1248 nobis
2689 1191 3063 1248 indifferenter
3110 1192 3403 1255 serviatur,

1821 1288 2097 1358 indignum
2140 1287 2408 1349 ducimus,
2451 1293 2509 1341 ut
2542 1285 3001 1350 Antissiodorum,
3044 1299 3165 1355 qua:
3194 1284 3261 1338 de
3289 1283 3404 1338 the-

1823 1379 1971 1433 sauri
2012 1376 2170 1446 hujus
2204 1378 2545 1447 possessione
2588 1375 2774 1431 saisita
2803 1384 2906 1439 est,
2957 1372 3253 1445 prmjudicii
3282 1374 3402 1428 vio-

1821 1468 1985 1524 lentia
2044 1469 2348 1538 spoliemus,
2400 1478 2455 1523 et
2488 1468 2764 1523 Turonum
2806 1465 3111 1538 [Turonim]
3141 1474 3402 1532 vestram,

1822 1575 1941 1630 quae
2006 1560 2112 1614 huc
2159 1574 2329 1629 usque
2398 1558 2542 1614 illius
2590 1558 2907 1614 vestituram
2976 1552 3401 1630 [investituram]

145 1648 421 1714 honorem,
458 1662 517 1704 ut
563 1650 617 1704 in
648 1652 925 1720 signorum
974 1651 1309 1708 exhibitione
1342 1666 1407 1706 eo
1456 1665 1516 1706 se
1548 1651 1717 1707 videri
1750 1635 1794 1696 Β
1824 1650 2023 1716 amisit,
2058 1650 2429 1705 investiamus.
2466 1650 2799 1705 Decedentes
2834 1646 3191 1721 [decidentes]
3217 1646 3401 1718 itaque

141 1737 291 1792 vellet
319 1738 632 1795 inferiorem
660 1742 673 1796 !
708 1740 751 1797 Ο
773 1743 1151 1814 siguipotentis
1174 1742 1391 1797 Martini
1417 1741 1714 1797 attollenda

140 1830 423 1898 praeconia,
454 1832 541 1900 qui
573 1832 897 1902 pontificalis
929 1830 1217 1890 ministerii
1245 1833 1560 1904 dignitatem
1597 1832 1716 1887 ubi-

141 1933 237 1988 que
264 1920 318 1974 in
344 1921 620 1989 omnibus,
650 1923 777 1978 licet
806 1924 986 1991 exsul,
1010 1925 1329 1990 observans,
1359 1933 1414 1978 et
1440 1924 1713 1979 civitatem

138 2011 302 2066 exsilii
330 2013 412 2068 sui
445 2016 836 2083 susceptricem
867 2016 1250 2071 miraculorum
1275 2016 1447 2086 gratia
1477 2013 1714 2069 illustra-

145 2099 238 2167 vit,
265 2109 319 2157 et
344 2102 466 2158 suis
502 2105 826 2174 sequacibus
848 2105 1156 2177 benignum,
1181 2105 1387 2175 largum
1411 2114 1465 2159 et
1495 2103 1715 2159 ailluen-

139 2199 235 2245 tem
263 2206 321 2248 se
358 2208 578 2264 semper
597 2195 880 2251 exhibuit!
917 2197 1124 2266 Elapsis
1157 2196 1501 2267 postmodum
1528 2212 1717 2266 quam-

135 2280 366 2350 pluribus
401 2287 585 2352 annis,
616 2303 747 2356 pace
795 2288 1048 2344 Ecclesiae
1078 2288 1310 2354 reddita,
1336 2288 1562 2343 Rollone
1591 2288 1713 2343 ﬁdei

135 2373 389 2445 restituto,
428 2378 686 2435 Turonici
712 2380 813 2435 viri
850 2379 1135 2436 Dominum
1162 2389 1216 2434 et
1238 2391 1522 2450 patronum
1553 2397 1711 2435 suum

135 2473 439 2547 requirendi
473 2472 653 2544 gratia
683 2470 1116 2527 Antissiodorum
1160 2471 1599 2542 proﬁciscuntur.

195 2568 297 2623 Vll.
341 2564 496 2640 (205)
533 2563 874 2619 Conveniunt
926 2564 1089 2634 igitur
1125 2564 1438 2619 Armarium
1486 2564 1701 2636 [Janua-

132 2655 283 2729 rium]
315 2656 562 2725 ejusdem
595 2653 745 2709 urbis
773 2653 1107 2722 episcopum,
1146 2663 1207 2711 ut
1231 2655 1311 2710 eis
1349 2672 1460 2711 sum
1485 2657 1702 2711 licentia

129 2749 517 2822 permissionis,
546 2748 825 2818 proprium
863 2746 1153 2803 reducendi
1208 2748 1518 2818 pontiﬁcem
1549 2750 1705 2819 c0pia

130 2844 403 2904 tribuatur.
444 2841 650 2909 Quibus
678 2840 767 2895 ille
796 2839 900 2895 tale
929 2838 1101 2895 fertur
1126 2841 1339 2897 dedisse
1364 2856 1703 2912 reSponsum.

1823 1742 2075 1798 Turonici
2106 1741 2157 1815 [ιι
2198 1758 2292 1813 spe
2320 1741 2460 1815 sua],
2499 1741 2563 1798 ad
2594 1745 2808 1814 propria
2839 1742 3082 1797 frustrati
3122 1750 3406 1797 revertun-

1824 1843 1929 1889 tur.
1958 1833 2172 1904 Cognnt
2206 1834 2398 1904 igitur
2426 1834 2710 1889 concilium
2761 1850 2883 1889 cum
2938 1834 3217 1888 Adalando
3268 1831 3402 1904 [Ad-

1822 1924 2001 1998 laudo]
2034 1925 2180 1996 (204)
2205 1925 2509 1980 Turonensi
2541 1926 2974 1996 archiepiscopo,
3000 1925 3264 1979 Raimone
3291 1926 3401 1977 Au-

1820 2016 2107 2072 relianensi
2142 2016 2310 2088 (205),
2361 2028 2417 2072 et
2455 2015 2725 2072 Maiuoldo
2752 2015 3181 2072 Cenomannensi
3226 2013 3400 2086 (206),

1823 2108 1901 2182 [et
1944 2122 2138 2165 sancto
2186 2108 2337 2178 Lupo
2387 2107 2786 2181 Andcgavensi]
2836 2116 2890 2163 et
2938 2107 3067 2163 cleri
3123 2105 3400 2178 plebisque

1814 2205 2170 2260 multitudine
2222 2203 2762 2269 coaeta,consilium
2817 2204 3006 2256 ineunt
3064 2202 3194 2273 quid
3250 2199 3400 2255 facto

1817 2310 1950 2364 opus
1997 2304 2158 2351 esset.
2220 2296 2298 2350 Eo
2359 2305 2598 2366 tempore
2646 2296 2730 2349 vir
2790 2293 3016 2348 illustris
3058 2289 3400 2346 Gastinensis

1815 2400 2001 2440 comes
2028 2385 2356 2457 lugelgcrius
2395 2385 2565 2458 (207),
2621 2385 2861 2454 llugonis
2890 2383 3042 2439 ducis
3074 2380 3403 2452 Burgundiat

1813 2489 1981 2544 nepos
2012 2475 2183 2548 (208),
2229 2476 2445 2531 Lochia:
2491 2486 2546 2532 et
2593 2475 2868 2530 Ambazia:
2919 2473 3171 2529 dominus
3223 2471 3395 2543 (209),

1811 2551 2062 2628 strenuus
2097 2573 2284 2639 armis,
2326 2589 2533 2633 summa
2565 2583 2831 2645 potestate
2853 2581 2909 2627 et
2945 2573 3216 2643 probitate
3260 2585 3399 2640 pra:-

1812 2663 1957 2720 ditus
1985 2674 2125 2729 erat,
2184 2675 2240 2720 et
2283 2664 2724 2737 Andegavensem
2756 2662 3096 2719 consulatum
3151 2660 3299 2732 (2l0)
3327 2674 3397 2714 ex

1813 2752 1965 2823 regio
1994 2770 2217 2810 munere
2276 2770 2447 2826 nuper
2493 2754 2595 2809 sibi
2656 2753 2990 2824 impartitum
3040 2748 3392 2822 procurabat.

1813 2844 1872 2899 ln
1898 2845 2361 2902 Antissiodorcnsi
2390 2847 2557 2902 etiam
2606 2849 2740 2903 urbe
2769 2847 2949 2902 aulam
2994 2844 3289 2916 propriam,
3339 2849 3397 2896 et

192 2982 341 3057 (203)
363 2981 709 3057 Conveniunt
730 2983 893 3057 igitur
925 2981 1251 3036 Armarium.
1277 2983 1560 3057 Armarius
1593 2982 1706 3057 hic,
1735 2988 1780 3050 C
1813 2983 2052 3057 Tertullo
2072 3018 2077 3019 ί
2099 2987 2153 3042 in
2183 2987 2435 3051 Francia,
2468 2987 2610 3042 ﬁlius
2643 2985 2760 3057 ejus
2789 2985 3010 3057 nomine
3040 2983 3391 3057 lugelgcrius,

127 3053 420 3117 Annarius,
472 3053 589 3108 sive
648 3054 950 3117 Abnarius,
1001 3062 1096 3108 aut
1146 3060 1203 3106 ut
1263 3054 1482 3122 quidam
1545 3053 1704 3108 codd.

129 3124 318 3180 habent
342 3123 671 3186 Januarins,
703 3139 876 3193 neque
911 3124 966 3178 in
999 3122 1198 3178 tabulis
1220 3122 1709 3193 Autissiodurensis

126 3194 394 3259 Ecclesiae,
424 3207 600 3261 neque
631 3193 683 3247 in
711 3192 986 3249 Chronico
1017 3193 1239 3248 Roberti
1273 3195 1450 3249 sancti
1481 3192 1706 3247 Mariani

127 3265 386 3329 monachi,
416 3264 510 3332 qui
550 3265 817 3333 praecipue
837 3278 942 3318 res
972 3262 1503 3332 archiepiscoporum
1537 3263 1709 3318 Seno-

126 3335 384 3396 nensium,
415 3333 1042 3404 et_Autissiodorensium
1066 3335 1442 3404 episeOpornm
1465 3334 1704 3403 scripsit,

127 3405 405 3473 reperitur.
456 3402 636 3470 Quare
671 3420 778 3459 non
829 3405 1050 3458 dubium
1101 3404 1229 3473 quin
1253 3402 1593 3473 “corruptum
1635 3405 1706 3458 sit

124 3472 332 3538 nomen,
373 3473 599 3542 ejusque
647 3473 951 3539 locoqforte
1000 3472 1344 3542 reponendus
1387 3472 1701 3533 Uiuhaldus.

124 3545 207 3614 qui
232 3554 352 3614 post
380 3544 613 3599 Wallam
653 3544 897 3614 Ansegisi
940 3545 1273 3597 Senonensis
1311 3543 1704 3614 archiepiscopi

124 3612 374 3680 fratrem,
423 3612 952 3670 Autissiodorensem
1004 3614 1144 3667 rexit
1196 3614 1516 3669 Ecclesium.
1557 3612 1705 3668 Obiit

122 3684 258 3739 enim
308 3687 453 3739 circa
517 3699 718 3739 annum
776 3685 912 3750 000,
966 3684 1139 3740 tribus
1207 3684 1460 3738 videlicet
1544 3684 1703 3738 anuis

123 3765 236 3825 post
299 3756 668 3810 reversionem
720 3755 977 3825 corporis,
1033 3755 1205 3809 sancti
1266 3754 1513 3820 Martini,
1559 3769 1698 3825 quae,

122 3824 255 3896 Sicut
282 3828 505 3896 adnotat
546 3826 660 3893 ipse
700 3834 921 3896 sanctus
950 3824 1088 3889 Odo,
1118 3825 1343 3896 contigit
1392 3841 1534 3879 anno
1573 3824 1698 3881 887.

188 3895 333 3966 (204)
364 3895 494 3950 Cum
536 3895 835 3950 Adalauda.
869 3895 1191 3966 Corruptum
1223 3904 1280 3950 et
1319 3895 1550 3950 alterum
1581 3909 1703 3966 ver-

120 3964 264 4036 bum,
311 3964 423 4020 imo
453 3966 761 4036 corruptius
801 3966 979 4022 adhuc
1021 3964 1163 4035 quod
1215 3967 1407 4023 tabula:
1450 3965 1700 4036 quaedam

120 4034 430 4107 prteferunt,
459 4035 599 4107 hunc
622 4034 1097 4107 archiepiscopum
1127 4034 1482 4101 Adlandum,'
1500 4035 1695 4107 Adele-

122 4105 362 4172 randum,
394 4106 742 4171 Adelardum,
771 4105 1101 4161 Adalardum
1129 4115 1184 4161 et
1210 4107 1517 4162 Aulandum
1543 4105 1697 4162 diﬁ'e-

120 4185 294 4247 renler
325 4174 682 4247 appellantes.
716 4176 940 4232 Rectum
970 4186 1027 4231 et
1051 4190 1238 4247 verum
1270 4192 1465 4231 nomen
1495 4177 1571 4230 illi
1596 4177 1698 4231 fuit

117 4246 447 4310 Adalaudus,
502 4246 834 4317 fratremque
862 4248 1052 4303 habuit
1102 4246 1423 4317 Raimonem
1448 4247 1694 4301 Aurelia-

1813 3055 2158 3128 [nereditates
2193 3058 2358 3128 ipsius
2396 3052 2684 3128 possidens
2724 3054 3161 3128 remansit,_‘sub
3198 3052 3393 3128 Carolo

1810 3124 1977 3198 Calvo
2026 3124 2540 3198 arinen—generatus.
2571 3127 2815 3197 Namque
2839 3124 3119 3198 Tertullus
3154 3124 3389 3198 nobilem

1809 3194 2041 3269 duxerat
2063 3194 2283 3252 uxorein
2308 3198 2461 3254 ducis
2484 3194 2805 3269 Burgundite
2829 3195 3014 3269 ﬁliam,
3046 3194 3266 3251 nomine
3288 3194 3391 3252 Pe-

1811 3266 2115 3330 tronillam,
2147 3282 2267 3336 qua:
2296 3269 2438 3323 hunc
2468 3266 2634 3322 ﬁlium
2669 3267 2895 3337 peperit.
2937 3286 2999 3337 »Α
3398 3294 3403 3301 ~

1881 3337 2028 3407 (209)
2059 3335 2270 3392 Loclu'w
2287 3350 2333 3392 et
2365 3338 2632 3391 Ambuziw
2657 3335 2935 3391 Dominus.
2963 3335 3039 3389 Ex
3077 3344 3232 3407 parte
3259 3350 3391 3390 con-

1801 3402 1948 3476 jugis
1992 3402 2269 3471 Adendis,
2331 3409 2446 3463 sive
2501 3402 3137 3476 AdelentlteLAdalatI—di
3178 3405 3385 3476 '_I'urou.

1807 3472 2195 3549 archiepiscopi
2227 3479 2432 3549 neptis:
2456 3497 2474 3529 ί
2498 3477 2828 3549 Adelerodns
2846 3472 3387 3549 [Adalzititlus]_eriiiii,

1805 3545 1980 3614 inquit
2004 3545 2330 3602 Chronicum
2354 3550 2629 3617 Andegav.
2672 3557 2724 3601 et
2756 3545 2975 3615 llajlno.
3003 3546 3162 3597 ambo
3188 3545 3387 3617 fratres

1803 3620 2079 3684 germani,
2118 3615 2599 3674 Turonensium'et
2631 3617 3043 3685 Andegavornm
3079 3615 3386 3682 pontiﬁces,

1802 3694 2016 3752 neptem
2042 3704 2192 3742 suam
2237 3689 2504 3743 Adendim
2556 3684 2947 3741 nomineicum
3000 3684 3191 3739 alodiis
3247 3685 3383 3748 suis,

1803 3756 2011 3811 scilicet
2054 3759 2334 3822 Auibazio,
2382 3758 2717 3812 Buzenciaco
2765 3762 2819 3807 et
2865 3755 3187 3809 Castellione
3233 3754 3283 3809 ei
3329 3756 3383 3808 in

1800 3825 2108 3899 conjugiqu
2155 3829 2495 3899 copularunt.
2536 3848 2554 3877 ι
2600 3826 2751 3895 Quod
2796 3825 2969 3895 ipsum
3020 3826 3181 3899 etiam
3218 3833 3385 3899 tes-ta-

1802 3904 1891 3950 tur
1922 3897 2158 3954 llistoria
2204 3895 2485 3955 consulum
2512 3899 2979 3963 A'Idegaveusium
3001 3936 3016 3959 ,
3051 3896 3134 3950 his
3160 3895 3339 3949 verbis
3363 3913 3377 3948 :

1804 3967 2143 4038 gPontiﬁces
2184 3971 2493 4026 Adalaudus
2544 3979 2600 4026 et
2646 3966 3089 4038 ltayino,iambo
3138 3966 3382 4038 germani

1798 4036 2020 4105 fratres,
2055 4050 2108 4094 et
2138 4056 2203 4096 ex
2231 4040 2603 4095 Aurelianensi
2635 4036 2765 4092 urbe
2795 4037 3046 4092 nobiliter
3074 4036 3184 4089 nati
3209 4036 3379 4100 cives,

1797 4119 2012 4178 neptem
2059 4126 2208 4165 suam
2247 4111 2577 4166 Adelendam
2632 4111 2849 4164 nomine
2891 4108 2939 4161 ei
2972 4108 3024 4159 in
3069 4106 3379 4177 conjugiunt

1797 4180 2140 4249 copularunt,
2185 4184 2460 4237 tradentes
2505 4182 2553 4235 ei
2601 4196 2725 4235 cum
2774 4180 2949 4247 puella
3006 4192 3103 4246 per
3140 4178 3382 4236 auctori-

1798 4256 1965 4323 tatem
2002 4253 2146 4322 regis
2190 4260 2246 4308 et
2285 4250 2973 4323 optimatumpatrimonia
2999 4263 3269 4323 sua,__qu:e
3297 4249 3381 4323 eis

117 4329 331 4393 nensem
366 4318 702 4393 episcopum,
729 4316 1168 4393 sicuLtestantiir
1202 4316 1362 4393 Gesta
1387 4317 1691 4393 __consulum
1722 4331 1773 4392 ι)
1801 4319 1854 4393 in
1880 4316 2276 4393 ‘Aurelianensi
2321 4316 2483 4393 'pago‘
2514 4332 2569 4377 et
2618 4316 2887 4393 T'uronico
2948 4316 3260 4393 haereditate
3302 4317 3380 4373 le~

114 4388 383 4456 Andegav.
422 4387 506 4451 his
534 4388 747 4442 verbis:
801 4409 819 4440 ι
849 4389 1244 4443 Turonensium
1276 4387 1503 4450 nobiles,
1531 4397 1694 4457 atque

115 4458 392 4533 pontiﬁces
406 4458 715 4533 Adalandus
731 4468 786 4533 et
808 4458 1019 4533 Raimo,
1036 4458 1195 4513 ambo
1209 4458 1450 4533 germani
1470 4457 1693 4525 fratres,

114 4528 164 4581 et
190 4541 252 4581 ex
284 4528 659 4589 Aurelianensi
689 4532 822 4584 urbe
850 4531 1105 4585 nobiliter
1127 4531 1261 4584 nati.
1292 4549 1312 4581 ›

180 4597 328 4669 (205)
382 4598 639 4654 Raimoue
684 4598 1289 4669 Aurelianensitfratre
1315 4599 1522 4655 scilicet
1549 4600 1692 4654 Ada—

112 4664 248 4751 laudi
293 4664 714 4740 archiepiseOpi,
769 4686 930 4739 quem
986 4680 1041 4726 et
1092 4668 1425 4725 Rennerium
1470 4671 1689 4741 quidam

111 4749 405 4793 nominant.

178 4808 324 4879 (206)
341 4808 627 4881 Μιιὶηοιιζο
649 4807 1048 4881 Ceiiogtartensi,
1072 4812 1160 4881 qui
1185 4812 1324 4867 male
1358 4809 1688 4867 Hannardus

111 4876 161 4930 in
184 4876 382 4933 tabulis
409 4880 551 4948 apud
584 4876 972 4935 Democharen]
999 4876 1235 4936 excusis.

177 4948 322 5022 (20?)
352 4948 682 5022 Custinensis
703 4966 871 5022 comes
902 4950 1245 5022 Ingelgerius,
1278 4952 1450 5022 Filius
1478 4951 1687 5007 scilicet

110 5017 350 5095 Tertulli,
403 5033 565 5095 quem
618 5020 715 5095 (ut_
745 5021 942 5095 legitur
970 5017 1029 5075 in
1053 5017 1302 5078 'historia
1329 5020 1635 5095 Andegav.)
1668 5041 1681 5077 :

113 5107 129 5137 ι
160 5088 381 5143 Carolus
428 5088 634 5143 Calvus
667 5091 738 5145 ob
788 5088 978 5146 merita
1025 5108 1119 5146 sua
1174 5095 1397 5147 charum
1451 5088 1681 5156 habens,

110 5172 323 5213 uxorem
357 5157 420 5229 ei
452 5173 588 5229 eum
633 5161 909 5229 aliquanto
957 5162 1217 5217 beneﬁcio
1253 5164 1304 5217 in
1335 5162 1681 5219 Landonensi

107 5238 279 5305 rastro
300 5227 511 5305 tribuit,
536 5227 763 5305 necnon
783 5230 944 5305 etiam
963 5248 1085 5305 cum
1103 5234 1368 5302 aliquibus
1387 5235 1548 5305 terris
1571 5244 1679 5288 tam

106 5296 155 5347 in
188 5310 321 5360 pago
345 5296 674 5360 Castinensi,
700 5316 861 5360 quam
889 5301 944 5355 in
968 5303 1101 5358 locis
1130 5296 1249 5358 aliis
1274 5319 1369 5360 nor
1388 5302 1678 5360 Franciam

1797 4389 1983 4459 gitima
2014 4389 2428 4462 proveniebant:
2442 4391 2574 4447 Nam
2594 4392 2828 4446 alodium
2862 4390 3165 4462 agnationis
3190 4404 3379 4462 eorum

1792 4469 1912 4535 erat
1938 4459 2255 4535 Ariiliaaiutii
2282 4465 2406 4518 villa
2443 4473 2571 4519 tunc
2618 4459 3009 4535 tantummodo,
3050 4469 3105 4514 et
3146 4460 3203 4535 in
3235 4459 3380 4535 colle

1793 4531 2001 4604 habens
2030 4528 2220 4589 ruinas
2247 4535 2452 4590 castelli
2497 4533 2704 4604 antiqui
2742 4535 2871 4589 olim
2900 4548 2930 4587 a
2968 4530 3201 4604 versutis
3234 4527 3376 4604 Nor-

1794 4602 2009 4656 mannis
2032 4603 2214 4676 deleti.
2254 4626 2272 4657 ι
2306 4606 2411 4661 Sed
2442 4606 2585 4676 quod
2627 4599 2692 4661 de
2717 4605 2917 4661 Lochia
2944 4642 2959 4667 ο
2991 4603 3103 4655 sive
3125 4599 3327 4676 ιιιὶυὶιὲε
3355 4636 3373 4665 a

1791 4682 2016 4746 uterque
2039 4675 2273 4746 scriptor
2305 4669 2486 4741 tacet',
2515 4675 2740 4730 historia
2783 4685 2938 4729 vetus
2962 4684 3139 4746 rerum
3169 4669 3377 4746 Amba-

1790 4738 2053 4820 r._iciisiUIti
2087 4738 2339 4820 supplere
2367 4738 2596 4820 videtur,
2624 4763 2747 4820 cum
2775 4746 2853 4820 ait
2880 4764 2893 4797 :
2932 4741 3097 4820 (“Rex
3136 4738 3379 4820 prudens

1788 4813 2015 4871 Carolus
2063 4811 2280 4874 cuidam
2334 4818 2497 4874 nobili
2544 4819 2661 4871 viro
2706 4816 2774 4870 de
2817 4811 3191 4871 Aurelianensi
3239 4821 3377 4877 pago

1789 4889 2009 4959 nomine
2042 4884 2323 4959 Adelaudo
2346 4930 2360 4955 ,
2389 4889 2598 4943 Lochas
2627 4890 2979 4959 caqstrum,‘et
3014 4880 3154 4959 _dua_s
3193 4888 3380 4959 partes

1784 4957 2101 5013 Ainbaziaci
2128 4961 2314 5028 oppidi
2345 4948 2551 5013 tribuit.
2584 4979 2602 5011 ι
2639 4957 2696 5013 Si
2725 4958 2870 5012 enim
2898 4948 3377 5030 Adelaudus-nepti

1785 5041 1900 5100 sure
1934 5041 2022 5082 res
2058 5021 2253 5100 o‘nniés
2279 5073 2295 5099 ,
2322 5043 2456 5100 quas
2491 5030 2542 5082 in
2574 5030 2843 5084 'l‘uronico
2870 5035 3008 5100 9:180
3045 5021 3379 5100 POS§ideP3h

1786 5097 2174 5172 dotis‘nomine
2203 5088 2474 5163 contulit,
2501 5100 2745 5172 sequitur
2771 5088 3116 5172 quod-uetiti?
3142 5088 3380 5172 Loebas,

1784 5170 1901 5244 Sive
1929 5166 2212 5244 Loclyiafn,
2243 5162 2536 5244 cujuscrat
2575 5162 2841 5244 dominus,
2872 5162 2975 5244 sibi
3010 5162 3256 5244 retinuit.
3287 5231 3320 5244 η
3406 5174 3411 5179 ‘

1856 5241 2007 5315 (210)
2036 5231 2461 5315 Αιιιάεραυῶιεειη
2511 5237 2839 5315 consulatum
2864 5235 3035 5315 ,_imo
3057 5231 3389 5315 etAurelia—

1783 5305 2013 5360 nam")
2038 5305 2483 5360 vieecbmimtum
2509 5348 2523 5360 .
2552 5318 2606 5360 et
2644 5309 2844 5360 reaiam
2874 5305 3220 5360 Turonorum
3242 5318 3385 5360 pra:-
