3964 5360
491 390 593 446 851

1678 367 2026 428 APPENDIX
2060 382 2108 419 Α
2154 352 2250 417 μζ
2293 358 2602 419 ODONEM.

3665 354 3763 410 εἶ’ιὶ

485 507 676 561 vincas
732 498 905 573 (211),
952 505 1007 553 et
1046 496 1253 566 praedia
1314 489 1573 569 [habebat
1607 487 1771 562 (abest
1798 487 1850 541 in
1881 478 2086 553 impr.)]
2114 477 2161 538 Α
2188 488 2410 573 urceum
2434 472 2734 573 instantia.
2791 470 2985 542 Stupet
3012 467 3448 573 antissiodorum
3483 460 3769 538 [Antissioé

486 593 848 655 suburbana,
905 594 962 643 et
1028 586 1368 660 possidebat.
1445 583 1581 639 Cum
1651 579 1817 649 igitur
1870 583 2080 629 tantum

488 685 565 757 [in
599 679 841 753 tantum]
886 678 1069 739 virum
1128 679 1289 749 hujus
1343 674 1543 746 negotii
1596 667 1886 742 peragendi
1937 679 2084 721 com-

487 775 648 849 moda
683 770 1044 838 conﬂuerent,
1079 768 1417 841 allegationis
1449 780 1559 821 suae
1603 761 1779 817 olIit-io
1837 758 1983 829 fungi
2015 757 2085 813 al)

413 878 416 881 ‘
486 863 768 921 universis
818 863 1177 921 acclamatum
1208 868 1313 915 est.
1342 858 1479 914 Cum
1527 864 1709 909 autem
1755 853 1822 906 ad
1865 866 1988 907 eum
2014 850 2084 905 ob

488 952 804 1012 Istiusmodi
825 968 1048 1010 causam
1077 951 1306 1006 nuntios
1317 949 1553 1017 dirigere
1572 954 1928 1016 procurarent
1951 942 2086 1016 [dis-

487 1043 810 1117 pOnerent],
841 1059 936 1114 per
958 1040 1369 1097 subvenientem
1396 1039 1512 1103 Dei,
1549 1047 1604 1091 ιιι
1637 1036 1913 1091 credimus
1962 1051 2085 1106 gra-

497 1146 654 1201 tiam,
670 1135 843 1191 sancti
862 1131 1099 1193 Martini.
1120 1139 1175 1184 ut
1189 1130 1240 1185 ei
1272 1129 1439 1184 moris
1467 1137 1573 1192 cst,
1591 1136 1848 1182 oraturus
1864 1126 2088 1181 intravit

500 1229 808 1285 ecclesiam.
829 1227 1029 1281 Exicns
1045 1234 1224 1279 autem
1243 1224 1311 1278 ab
1327 1221 1556 1277 ecclesia
1582 1219 1649 1273 ah
1676 1219 1945 1273 universis
1961 1234 2085 1273 cum

499 1330 696 1393 gaudio
710 1318 1021 1388 suscipitur,
1039 1316 1172 1371 etab
1188 1314 1441 1371 omnibus
1455 1313 1503 1369 ei
1521 1311 1693 1366 honor
1707 1310 1920 1365 debitus
1934 1318 1988 1365 et
2005 1326 2090 1365 re-

501 1411 742 1466 verentia
772 1408 1030 1465 defertur.
1061 1408 1195 1464 Cum
1226 1408 1278 1462 in
1304 1405 1481 1461 medio
1509 1420 1699 1460 eorum
1730 1403 2085 1470 consedisset,

500 1511 759 1573 tanquam
795 1520 822 1557 a
855 1501 1059 1570 Spiritu
1103 1508 1290 1555 sancto
1317 1500 1668 1569 przemouitus
1702 1498 1753 1551 in
1782 1498 1897 1553 haec
1920 1499 2085 1553 verba

500 1597 797 1670 prorupit:
855 1595 970 1652 Viri
1030 1593 1309 1657 Turoniei,
1361 1591 1460 1646 viri
1520 1591 1724 1648 divitiis
1777 1588 2084 1657 afﬂuentes,

498 1702 622 1743 cum
666 1686 830 1741 divite
875 1685 1073 1755 ingenii
1110 1699 1248 1740 vena
1283 1683 1549 1748 callcatis,
1590 1692 1646 1737 et
1692 1682 1981 1752 prudentia
2029 1690 2085 1738 et

498 1777 819 1833 fortitudine
849 1777 1127 1847 pollentis;
1163 1777 1333 1831 miror
1362 1772 1676 1840 admodum,
1709 1782 1763 1828 et
1791 1772 2084 1828 vehemen-

496 1878 580 1934 ter
604 1868 949 1935 obstupcseo,
981 1882 1079 1921 cur
1106 1865 1356 1936 gaudium
1390 1872 1653 1929 vestrum,
1684 1863 1863 1918 lumen
1896 1864 2086 1933 patria:

497 1956 717 2030 [vestr-.e
740 1957 901 2027 (dxest
924 1958 977 2011 in
1002 1956 1205 2029 ἱρείη-,η
1237 1965 1492 2020 vestrum,
1521 1956 1759 2024 inquam,
1785 1955 2084 2010 antistitem

495 2048 786 2104 Martinum
827 2058 934 2104 tam
973 2048 1132 2120 longo
1178 2048 1370 2104 exsilio
1417 2049 1754 2119 relegatum,
1803 2057 1983 2103 vestra
2032 2046 2085 2101 id

495 2151 691 2211 agente
719 2142 961 2208 incuria,
1010 2143 1269 2198 reducere
1301 2143 1634 2214 neglexistis.
1687 2142 1784 2199 Cui
1836 2142 1909 2196 illi
1960 2159 2081 2197 eum

496 2230 756 2303 lacrymis
786 2233 977 2288 aiunt:
1015 2232 1234 2288 Gratias
1265 2234 1419 2289 vobis
1447 2233 1690 2305 agimus,
1739 2244 1797 2289 et
1847 2234 2083 2304 primum

494 2324 793 2391 Divinitati,
816 2341 935 2396 qua:
968 2335 1058 2382 tuo
1080 2327 1131 2381 id
1156 2327 1442 2398 imperavit
1464 2328 1799 2401 [inspiravit]
1828 2330 2004 2393 cordi,
2027 2339 2086 2385 ut

491 2416 558 2471 de
590 2416 782 2471 talibus
812 2418 1093 2473 nobiscum
1122 2418 1436 2483 disseret-es,
1464 2430 1517 2473 et
1547 2420 1701 2474 nobis
1730 2419 1781 2472 in
1812 2420 2086 2476 desiderio

489 2506 704 2576 positis,
729 2508 983 2564 desiderii
1015 2511 1183 2565 nostri
1215 2510 1578 2566 desideratum
1609 2512 2082 2565 commonitorium

490 2598 719 2653 faceres.
760 2597 876 2657 Non
906 2609 1023 2666 est,
1051 2602 1330 2671 inquiunt.
1362 2602 1577 2656 domine
1606 2604 1708 2666 uti,
1751 2613 1980 2668 nostrae,
2025 2611 2084 2657 ut

488 2698 667 2759 putas,
703 2690 964 2758 incuriae;
1021 2694 1115 2748 sed
1161 2696 1304 2764 regis
1345 2693 1589 2749 Francia:
1633 2695 1787 2765 pigra
1821 2696 2082 2766 segnities

489 2794 589 2833 nos
614 2780 909 2850 impedivit,
939 2789 996 2838 et
1020 2785 1512 2841 Autissiodurensis
1540 2786 1802 2842 antistitis
1829 2789 2080 2858 pervicax

490 2871 745 2927 violentia
772 2874 927 2931 nobis
953 2874 1244 2931 Martinam
1280 2888 1521 2934 nostrum
1550 2896 1672 2936 cum
1698 2880 1868 2936 multo
1896 2880 2082 2937 labore

489 2973 543 3019 et
571 2964 825 3019 instantia
860 2967 1262 3037 requirentibus
1292 2971 1577 3041 denegavit
1600 2971 1900 3044 [denegat].
1939 2973 2082 3040 Quo-

490 3056 634 3110 niam
668 3056 831 3127 igitur
856 3058 1113 3115 obstiuati
1155 3061 1299 3116 illius
1338 3064 1598 3118 antistitis
1636 3080 1732 3118 cor
1768 3066 2077 3120 induratum

489 3154 618 3242 est,
655 3159 711 3201 et
756 3150 911 3217 quasi
957 3150 1095 3206 alter
1144 3152 1356 3207 Pharao
1408 3152 1584 3210 factus
1628 3164 1748 3221 est;
1815 3173 1920 3212 non
1968 3158 2078 3212 vult
2106 3183 2150 3242 Ο

491 3237 763 3295 dimittere
792 3241 964 3296 virum
995 3242 1109 3309 Dei,
1136 3246 1235 3298 nisi
1271 3246 1322 3298 in
1357 3261 1517 3299 manu
1548 3245 1689 3301 forti.
1738 3248 1970 3304 Proinde
2003 3259 2075 3313 te,

492 3329 729 3393 domine,
761 3333 849 3388 cui
875 3334 1128 3391 nobilitas
1151 3347 1203 3390 et
1229 3340 1546 3405 Strenuitas,
1571 3348 1627 3395 et
1650 3342 1893 3410 probitas
1913 3345 2076 3398 etiam

489 3427 544 3472 et
575 3430 812 3489 potestas
840 3427 1213 3494 suppeditant.
1248 3431 1524 3484 communi
1563 3440 1617 3484 et
1656 3432 1843 3486 humili
1873 3435 2076 3504 suppli-

495 3510 711 3565 catione
737 3510 1015 3584 [rogamus
1045 3526 1098 3571 et
1147 3515 1356 3588 (absum
1387 3520 1498 3572 lucc
1524 3521 1578 3573 in
1613 3520 1789 3593 imp.)]
1822 3524 2081 3578 obsecra-

491 3613 634 3662 mus,
682 3610 743 3655 nt
783 3602 900 3659 zelo
944 3606 1069 3671 Dei,
1111 3616 1166 3661 et
1200 3608 1341 3663 beati
1377 3610 1592 3666 Martini
1637 3627 1823 3669 amore
1864 3613 2075 3679 ductus,

492 3689 620 3744 huic
650 3700 701 3746 te
728 3694 1037 3751 conformes
1066 3697 1374 3769 allegationi
1393 3741 1408 3765 ,
1441 3711 1496 3754 et
1524 3702 1696 3772 ipsmn
1726 3713 1780 3757 et
1809 3720 1931 3758 cunt
1963 3704 2080 3775 ipso

490 3782 744 3850 gaudium
776 3785 900 3841 huic
925 3786 1181 3843 luctuosa:
1208 3793 1460 3847 restituas
1487 3794 1712 3861 regioni.

569 3873 694 3927 Vill.
740 3876 936 3932 Videns
967 3879 1132 3949 igitur
1168 3882 1251 3934 vir
1289 3881 1514 3937 illustris
1557 3883 1906 3954 lngelgerius,
1954 3887 2077 3942 uni-

491 3964 766 4018 versitatis
803 3966 944 4022 illius
975 3978 1094 4037 post
1131 3971 1294 4024 Dcttm
1328 3985 1475 4040 spent
1509 3972 1560 4026 in
1590 3988 1649 4028 se
1675 3974 1890 4043 penitus
1917 3976 2081 4045 poni,

492 4052 761 4125 licrytnas
791 4059 1205 4130 supplicantium
1235 4061 1526 4117 miseratus
1553 4070 1609 4118 et
1636 4073 1780 4127 vota,
1809 4066 2083 4134 promittit

492 4158 552 4196 se
581 4145 879 4215 iujunctum
907 4150 1008 4205 sibi
1033 4151 1303 4221 negotium
1330 4166 1429 4222 pro
1449 4151 1655 4208 viribus
1674 4162 2077 4211 exsecuturum.

492 4229 727 4292 Collecta
757 4240 923 4311 igitur
949 4251 1055 4298 tam
1088 4244 1359 4315 peregrini
1388 4244 1658 4300 exercitus
1685 4260 1846 4314 quam
1873 4251 2080 4320 proprii

495 4327 840 4387 multitudine
868 4348 973 4387 non
1004 4335 1255 4400 minima,
1296 4349 1390 4389 sex
1422 4334 1535 4390 fere
1563 4336 1797 4392 millibus
1827 4347 1938 4393 tam
1975 4342 2079 4394 mi-

494 4413 649 4468 litum
680 4434 840 4486 quam
875 4422 1118 4491 equitum
1158 4440 1342 4480 secum
1379 4425 1597 4491 electis,
1642 4427 2077 4485 Antissiodorum

2184 564 2454 638 dorcnsis]
2485 566 2679 621 civitas
2706 572 2914 618 armato
2948 562 3125 631 milite
3168 571 3221 617 et
3261 561 3546 630 insperato
3591 573 3651 613 se
3688 573 3765 614 re-

2182 657 2341 729 pleri.
2383 657 2498 712 Diei
2526 656 2692 726 igitur
2719 655 2971 711 crastinas
3000 668 3199 708 aurora
3227 652 3612 712 illucescente,
3637 664 3767 720 pere

2185 746 2372 819 grinus
2422 761 2605 801 comes
2650 746 2901 817 impiger,
2938 752 3229 814 postquam
3281 743 3337 797 in
3385 740 3624 796 ecclesia
3663 749 3771 795 ante

2186 839 2369 895 dilecti
2405 838 2813 910 arcltiprmsulis
2854 836 3071 891 Martini
3122 849 3318 904 corpus
3360 848 3489 887 cum
3536 832 3770 902 lacrymis

2187 949 2372 1000 orans,
2403 931 2864 1005 peregrinationis
2888 945 2999 985 sua:
3024 942 3214 1000 preces
3243 937 3298 982 et
3324 934 3455 980 vota
3485 923 3768 994 persolvit;

2188 1028 2442 1084 convenit
2469 1027 2782 1098 episcopum
2826 1038 2990 1095 super
3017 1021 3250 1093 depositi
3282 1019 3668 1079 restitutione,
3700 1017 3771 1072 di-

2188 1133 2356 1175 cens:
2393 1117 2665 1189 pontiﬁcis
2694 1131 2891 1172 nomen
2921 1130 3045 1171 cum
3096 1122 3149 1168 te
3196 1122 3252 1169 et
3298 1114 3481 1167 honor
3519 1109 3770 1173 delectet,

2188 1225 2288 1265 cur
2312 1208 2472 1279 hujus
2500 1205 2848 1277 praenominis
2881 1200 3268 1277 [pronominis]
3298 1199 3636 1272 etymologia
3666 1215 3772 1268 per-

2190 1303 2337 1371 dita,
2380 1303 2641 1357 virtutum
2670 1310 2888 1370 pontem
2918 1314 3024 1353 non
3052 1296 3218 1362 facis,
3256 1296 3350 1350 sed
3390 1293 3697 1353 subvenis,
3728 1301 3775 1344 et

2189 1396 2340 1470 gregi
2376 1405 2468 1451 tuo
2497 1394 2672 1449 factus
2702 1392 2875 1447 forma
2905 1389 3237 1459 deceptionis
3273 1396 3329 1442 et
3368 1384 3517 1449 doli,
3548 1384 3775 1453 vestigiis

2191 1486 2348 1560 [tuis]
2378 1486 2731 1541 inhaerentem
2760 1498 2789 1536 a
2821 1479 3039 1536 sublimi
3070 1477 3317 1533 veritatis
3348 1475 3437 1529 via
3468 1473 3694 1543 dejicis,
3730 1480 3778 1525 et

2189 1579 2246 1634 in
2281 1577 2602 1649 perditionis
2644 1574 3004 1647 prmcipitium
3049 1572 3129 1626 ire
3168 1567 3455 1637 compellis
3476 1567 3513 1620 τ’
3545 1565 3658 1620 Cur
3693 1579 3778 1617 ne-

2189 1668 2465 1725 cessitatis
2496 1676 2738 1737 tempore
2770 1665 3085 1719 thesaurum
3117 1660 3239 1715 lidei
3270 1667 3377 1713 tute
3406 1656 3776 1717 commissum,

2189 1761 2464 1817 dilationis
2511 1754 2891 1832 [dilectionis]
2943 1754 3228 1809 innectens
3275 1762 3509 1813 moras,
3560 1745 3780 1801 reddere

2118 1830 2161 1889 δ’
2189 1830 2536 1906 contemnis?
2573 1847 2749 1903 Unum
2777 1860 2907 1917 ergo
2952 1843 3045 1898 tibi
3090 1858 3160 1896 ex
3203 1840 3417 1895 duobus
3462 1838 3643 1906 elige:
3693 1846 3781 1888 aut

2192 1939 2478 1994 'l‘uronicis
2501 1953 2655 1993 suum
2680 1935 2994 1998 Martinum,
3020 1930 3299 1986 dilationis
3323 1935 3581 1984 cessante
3612 1940 3779 1987 mora,

2188 2034 2436 2097 restitue,
2462 2040 2556 2085 aut
2586 2040 2635 2085 te
2665 2028 2970 2083 nullatenus
2996 2025 3330 2079 redditurum
3361 2020 3657 2090 reSponde.
3684 2017 3778 2071 Cui

2189 2124 2474 2193 episcopus
2506 2122 2558 2176 in
2591 2121 2675 2175 his
2706 2120 2887 2174 verbis
2920 2117 3290 2174 stomachatus
3336 2113 3416 2167 ita
3462 2109 3781 2181 resriondit:

2188 2215 2304 2271 Non
2330 2215 2483 2270 decet
2506 2212 2849 2284 peregrinum
2875 2224 2997 2264 cum
3025 2216 3235 2261 armata
3263 2219 3428 2260 manu
3456 2202 3576 2257 loca
3600 2209 3783 2255 sancta

2186 2305 2447 2369 invisere,
2482 2318 2582 2358 nec
2624 2310 2938 2357 sanctorum
2985 2298 3212 2369 pignora
3255 2293 3471 2350 viribus
3519 2302 3576 2346 et
3621 2291 3784 2343 annis

2188 2396 2323 2451 velle
2352 2395 2454 2451 sibi
2481 2393 2779 2448 vindicare.
2825 2388 2996 2444 Ilodie
3020 2397 3199 2442 tamen
3222 2399 3348 2441 cum
3379 2383 3495 2438 tuis
3518 2381 3785 2452 patienter

2185 2488 2417 2552 sustine,
2437 2494 2491 2541 et
2514 2484 2645 2556 quid
2675 2498 2840 2552 super
2874 2482 2975 2536 hoc
3002 2488 3227 2535 acturus
3257 2477 3385 2540 sim,
3418 2475 3666 2530 crastina
3689 2471 3785 2525 tibi

2185 2582 2300 2637 dies
2320 2578 2639 2634 declarabit.
2673 2574 3084 2631 Communicato
3112 2569 3332 2625 interitu
3358 2582 3487 2622 cum
3511 2566 3787 2635 coepisco—

2182 2675 2288 2745 pis,
2330 2673 2420 2743 qui
2462 2680 2589 2726 tunc
2628 2668 2768 2725 forte
2802 2667 3061 2730 aderant,
3101 2660 3352 2727 consilio,
3394 2662 3523 2729 quis
3559 2657 3786 2711 actionis

2185 2764 2344 2833 hujus
2372 2752 2552 2819 exitus
2580 2762 2662 2816 vel
2695 2761 2818 2817 linis
2848 2774 2970 2813 esse
2998 2756 3199 2822 valeat,
3229 2763 3649 2826 percunctatur.
3689 2751 3783 2805 Cui

2184 2855 2429 2927 Siagrius
2467 2850 2937 2921 Ednettsis~(2l‘2),
2970 2864 3074 2903 una
3106 2863 3228 2902 cum
3261 2844 3536 2901 Domnolo
3573 2842 3785 2897 Tricas-

2183 2949 2329 3005 sensi
2353 2945 2663 3021 [Trecensi]
2682 2944 2852 3017 (9.15),
2877 2944 2944 2997 ad
2969 2942 3141 3011 ipsum
3169 2940 3457 3009 sapienter
3481 2936 3781 3006 respondit.

2182 3039 2297 3093 Non
2323 3041 2479 3094 decet
2501 3036 2810 3107 episcopum
2833 3032 3008 3087 aliena
3034 3044 3249 3100 rapere,
3266 3028 3354 3083 vel
3379 3025 3677 3096 cujuslibet
3701 3026 3789 3079 de-

2183 3131 2416 3203 positum
2441 3128 2629 3183 fraude
2651 3127 2734 3181 vel
2757 3123 3015 3182 violentia
3036 3122 3175 3178 velle
3200 3120 3513 3190 subripere.
3543 3119 3697 3173 Beati
3719 3117 3788 3170 si-

2181 3224 2400 3294 quidem
2418 3221 2632 3275 Martini
2657 3235 2874 3289 corpus,
2893 3216 3069 3272 hostili
3098 3223 3327 3286 urgente
3349 3212 3562 3284 gladio,
3583 3230 3613 3265 a
3628 3211 3789 3264 Turor

2182 3317 2319 3371 nicis
2343 3317 2447 3371 huc
2487 3314 2730 3379 allatum,
2759 3321 2813 3367 et
2838 3312 2905 3365 ab
2927 3311 3005 3364 eis
3028 3323 3194 3379 penes
3225 3319 3279 3362 te
3304 3307 3611 3378 repositum
3644 3304 3785 3358 novi-

2181 3426 2319 3466 mus.
2352 3405 2506 3477 Quod
2533 3422 2665 3477 ergo
2696 3421 2726 3458 a
2765 3403 3011 3459 ﬁdelibus
3041 3399 3276 3467 fideliter
3300 3399 3394 3454 tibi
3428 3399 3782 3453 commissum

2179 3511 2282 3568 est,
2309 3511 2362 3556 tu
2386 3500 2709 3570 quandoque
2725 3494 2986 3569 [quoque}
3005 3493 3175 3549 tidelis
3196 3493 3447 3555 restitue,
3463 3501 3519 3545 et
3548 3490 3673 3544 titlei
3701 3489 3786 3541 Le-

2182 3610 2253 3649 szn
2278 3597 2473 3648 danma
2502 3593 2825 3656 resarciens,
2854 3596 3176 3657 exasperato
3205 3585 3417 3657 comiti,
3448 3584 3639 3638 verbis
3665 3596 3783 3635 eum

2182 3685 2413 3752 lenibus,
2460 3693 2515 3740 et
2563 3683 2754 3739 oliiciis
2800 3680 3150 3745 dcuutlcens,
3196 3677 3472 3748 posmlata
3523 3676 3785 3729 concede.

2183 3778 2293 3833 Nisi
2320 3778 2463 3833 enim
2496 3784 2814 3847 spontanee,
2839 3785 2893 3830 et
2917 3774 3027 3829 cito
3050 3769 3376 3833 reddideris,
3403 3768 3471 3821 ad
3504 3768 3586 3819 tui
3617 3766 3784 3820 dede-

2184 3886 2279 3925 cus
2308 3879 2363 3924 et
2390 3869 2743 3939 ignominiam
2772 3866 3008 3920 ablauun
3036 3863 3286 3935 protinus
3332 3861 3429 3916 tibi
3482 3858 3565 3931 [te
3589 3855 3789 3928 invito}

2182 3962 2408 4018 videbis.
2444 3960 2555 4020 Fac
2586 3960 2749 4030 igitur
2778 3958 2844 4011 de
2875 3956 3200 4023 necessitate
3236 3952 3521 4014 virtutem,
3554 3959 3609 4002 et
3638 3958 3789 4001 ante-

2183 4070 2344 4125 quam
2373 4052 2667 4108 imminens
2688 4056 3008 4116 extorqueat
3038 4044 3367 4107 necessitas,
3397 4040 3627 4112 palliata
3682 4036 3799 4110 [et].

2182 4146 2421 4219 prudens
2449 4151 2670 4215 praestet
2701 4141 3017 4196 liberalitas.
3045 4136 3359 4206 Acquiescit
3384 4134 3702 4205 episcopus,
3727 4140 3785 4183 et

2181 4231 2558 4310 Andcgavensi
2617 4236 2938 4291 allocutione
2990 4231 3185 4287 blanda
3236 4228 3466 4285 delinito
3529 4235 3785 4298 Optatum

2183 4333 2404 4404 exponit
2451 4333 2792 4386 thesaurum.
2821 4324 3009 4381 Adfuit
3037 4323 3201 4378 etiam
3232 4328 3291 4376 et
3325 4317 3547 4374 divinas
3569 4331 3779 4370 memn-

2184 4426 2278 4482 riae
2303 4425 2472 4479 abbas
2505 4422 2791 4496 l’lcrbeuus
2847 4412 3176 4490 [llebernus]
3220 4426 3407 4468 coram
3459 4408 3739 4480 episcopis
3762 4448 3783 4468 ,

492 4506 663 4561 venit.
702 4507 1029 4567 Continuam
1070 4514 1286 4569 interim
1317 4513 1568 4571 Turoniei
1597 4532 1664 4571 ex
1694 4517 1777 4572 sui
1808 4532 2078 4590 prmcepto
2109 4524 2157 4583 D
2184 4538 2287 4578 una
2318 4533 2440 4575 cum
2464 4514 2784 4587 lngelgerio,
2805 4510 2917 4579 jam
2942 4509 3057 4565 sine
3081 4505 3263 4562 sociis.
3291 4502 3487 4558 Divina
3507 4500 3781 4570 siquidem

490 4598 769 4668 pontificis
807 4602 965 4657 unius
1010 4601 1368 4659 hebdomadaa
1405 4605 1645 4676 jejunia,
1684 4615 1741 4663 et
1778 4622 1935 4663 suum
1972 4610 2076 4664 sibi

492 4693 643 4749 reddi
690 4692 977 4750 Martinam
1028 4696 1140 4751 Deo
1186 4698 1492 4767 supplicant
1527 4696 1643 4771 jttgi
1685 4701 1934 4757 oratione
1960 4745 1974 4768 ,
2020 4712 2076 4757 et

491 4813 717 4871 historia
766 4811 1047 4869 consulum
1095 4813 1565 4884 Andegavensium
1602 4833 1617 4868 :
1660 4835 1680 4865 α
1717 4814 1911 4871 Postea
1943 4832 2072 4873 vero
2117 4806 2131 4815 ’

493 4888 610 4955 ipse
634 4900 722 4939 rex
747 4884 1034 4952 praedictus
1059 4884 1495 4940 vicecontitatum
1521 4885 1927 4942 Aurelianensis
1947 4888 2075 4943 civi-

497 4958 622 5011 tatis
657 4955 709 5009 in
755 4965 1065 5010 rasatnento
1110 4955 1290 5021 dedit,
1319 4955 1513 5011 deinde
1540 4958 1680 5024 apud
1712 4956 1959 5012 Turonos
1989 4972 2078 5012 re-

494 5026 1065 5120 giatn“.prael'ecltttramI
1105 5036 1417 5120 ξδιδδξςξιιιιιδΙ
1447 5037 1647 5081 terram
1689 5025 1833 5120 illam
1880 5045 1910 5082 a
1938 5028 2074 5082 Nor-

2178 4901 2235 4946 et
2257 4877 2326 4945 ‘iu
2368 4877 2487 4943 cod.
2526 4877 2677 4939 Pauli
2730 4877 2935 4935 Petavii

2183 4609 2623 4685 providentia,et
2651 4604 2793 4661 beati
2844 4598 3061 4656 Martini
3104 4595 3353 4652 oratione
3394 4591 3623 4648 assidua
3661 4603 3778 4644 me—

2185 4681 2386 4765 diante,
2412 4702 2524 4773 jam
2560 4694 2792 4769 promoti
2830 4700 2987 4749 erant
3010 4704 3106 4761 per
3149 4687 3418 4743 universa:
3450 4681 3783 4756 Burgundiaa

2252 4817 2407 4890 (2i?)
2431 4814 2674 4890 Siagrius
2696 4808 2976 4890 Ejuensis,
2990 4812 3156 4890 antea
3186 4799 3439 4883 Fiagrius
3463 4798 3784 4890 iri-esensis,

2982 4869 3322 4929 Niverneusis
3373 4886 3477 4938 pro
3517 4869 3772 4923 l-Zdueusi.

2182 4938 2699 5024 “sed-ctt'titwuterque
2743 4965 2846 5006 nec
2889 4950 2954 5024 in
2976 4943 3317 5024 Eduensibus
3356 4954 3466 5024 nec
3495 4941 3550 5024 i_u
3586 4938 3775 5024 triver-

2180 5008 2443 5087 ἧἑὶἰεῖιὶίὲ
2480 5008 2684 5081 tabulis
2731 5020 3064 5091 reperiatur,
3098 5014 3258 5092 labor
3288 5019 3463 5092 est-ut
3495 5011 3561 5063 de
3591 5008 3777 5092 Νξισριστ

2659 5094 2669 5120 :
2720 5080 2969 5120 ηκᾹΛηημ
3015 5096 3124 5120 ιιιιιι
3168 5084 3291 5120 mnia
3327 5080 3688 5120 Nivm-m-neie
3724 5088 3777 5120 ιρι
