3964 5356
154 236 263 297 857

1267 214 1604 303 smmum
1648 251 1898 307 manu
1944 255 2001 307 s.
2045 256 2313 321 onoms.

3322 278 3426 341 838

152 371 261 456 quc
290 347 561 456 eiccptir,
597 370 699 427 qua
732 358 1081 429 archiprmsul
1111 360 1442 418 Turonensis
1479 363 1741 425 Martinus
1770 371 1813 425 Α
1843 368 2060 437 quando
2098 372 2371 441 recolitur,
2413 391 2441 430 a
2474 377 2636 437 Danis
2668 380 3158 456 factadestructio,
3196 403 3247 448 et
3285 395 3425 454 Mar-

151 448 223 499 ah
253 446 451 502 exsilio
480 454 761 501 rurerteus
804 449 872 503 ab
915 448 1149 504 almnnis
1191 450 1305 505 suis
1339 452 1577 507 oﬂiciose
1608 456 1743 511 adeo

147 535 445 605 excipitur,
472 544 528 591 et
556 535 609 590 in
641 538 859 606 propria
886 578 901 599 ,
955 548 1015 592 ut
1062 539 1263 594 dictum
1295 552 1412 606 est,
1445 544 1574 598 sede
1602 544 1741 599 resi—

1846 459 1941 512 tini
1977 462 2321 530 repatriantis
2362 466 2590 524 celebris
2635 479 2691 526 et
2730 472 2965 539 jucunda
3004 495 3032 533 a
3070 484 3181 536 suis
3217 501 3422 542 memn-

1844 553 1993 647 rialis
2021 557 2271 626 exceptio
2298 573 2652 618 memoratur.
2699 565 2775 621 Te
2810 569 2970 639 igitur
2998 571 3193 647 [ergo],
3226 592 3258 631 o
3285 577 3424 637 bone

144 627 311 733 deus,
346 624 493 681 omni
522 625 724 733 petenti
752 641 846 692 se,
885 635 943 732 ut
969 627 1051 732 sui
1084 629 1251 683 moris
1278 640 1397 733 est,
1444 632 1737 701 plurimum
1842 643 2088 708 Martine,
2128 624 2214 715 pie
2240 659 2416 717 pater,
2448 664 2630 721 pastor
2662 666 2717 710 et
2751 624 2977 727 pni’mne
2998 624 3253 733 ιὲι-οσεὶέῃσ

142 717 500 790 suﬂ'ragatur.
558 718 670 774 Hoc
704 720 1041 789 exceptionis
1068 722 1282 777 celebre
1314 720 1509 778 festum
1533 765 1548 790 ,
1593 741 1736 782 anno

141 810 214 865 ab
240 809 633 900 incarnatione
671 809 881 865 Domini
923 812 1370 881 octingentesimo
1405 817 1737 886 octogesimo

1841 732 2111 809 [obsecro]
2143 736 2266 793 {iliis
2295 747 2347 793 et
2374 741 2639 809 alumnis,
2692 762 2898 804 necnon
2927 762 2981 805 et
3010 759 3420 817 veneratoribns

1839 826 1966 890 tuis,
2001 841 2150 880 more
2183 835 2272 880 tuo
2301 829 2438 884 bona
2467 833 2675 899 confer,
2709 839 2868 891 noxia
2900 842 3181 909 submove,
3210 856 3265 902 et
3290 864 3412 903 ora-

141 902 399 993 δθυίξιηο·
422 915 487 993 ⁸³-
532 902 927 993 ξτδηενθγθιίοηθ
978 902 1255 959 ινίεεείηὶο
1297 905 1474 976 Primo
1514 907 1591 961 Μ.
1625 908 1755 969 Dea
1836 912 2038 967 tionum
2060 912 2173 983 jugi
2208 916 2459 973 instantia
2485 923 2680 990 gaudia
2711 927 2865 983 nobis
2892 930 3014 984 vita!
3042 902 3418 993 interminabi-

140 988 321 1043 cemb.
354 990 643 1045 celebriter
671 992 754 1062 agi
791 992 857 1045 ab
886 994 1164 1048 Adalando
1194 994 1516 1069 [Adalando]
1552 999 1733 1053 archi-

137 1082 404 1151 episcopo
429 1082 730 1138 Turonensi
751 1126 765 1148 ,
802 1094 858 1139 et
885 1102 913 1138 a
947 1089 1493 1157 comprovincialibus
1519 1092 1731 1161 episco-

1833 1004 2132 1098 lisohtine.
2188 1009 2489 1070 Praestante
2530 1017 2759 1073 Domino
2800 1032 2985 1079 nostro
3018 1025 3143 1082 Jesu
3173 1029 3411 1098 Christo,

1832 1096 1923 1166 qui
1957 1113 2078 1152 cum
2105 1098 2265 1154 Patre
2285 1112 2340 1155 et
2365 1105 2566 1174 Spiritu
2591 1119 2783 1164 sancto
2800 1111 2933 1167 vivit
2958 1124 3013 1169 et
3040 1126 3228 1187 regnat
3250 1096 3408 1188 Deus,

136 1173 223 1243 pis
271 1173 545 1229 celebrata
599 1176 875 1247 synodalis
924 1179 1159 1233 saneivit
1209 1184 1547 1247 auctoritas;
1606 1199 1727 1255 qua:
1830 1206 1927 1261 per
1952 1195 2132 1249 omnia
2158 1197 2351 1252 StBCllla
2378 1173 2719 1258 surculorum.
2750 1205 2945 1260 Amen,

155 1380 3406 1434 Ἢ

671 1840 1068 1936 SERMO
1142 1845 1267 1933 ΙΝ
1346 1841 1779 1939 NATALI
1856 1847 2271 1941 SANCTI
2350 1851 2805 1949 ODONIS

1378 2057 1642 2103 ABBATIS
1686 2058 2164 2108 CLUNIACENSIS.

931 2212 1252 2275 (Bibliozheca
1278 2213 1625 2275 Claniacensis,
1647 2225 1762 2277 pag.
1782 2213 1922 2275 1761,
1948 2227 2011 2266 ex
2040 2226 2140 2269 ret.
2161 2233 2252 2274 ms.
2282 2221 2615 2293 Martiniano.)

192 2504 272 2562 Α]
327 2502 506 2559 sancti
556 2472 623 2557 ac
666 2497 969 2556 beatissimi
1019 2497 1223 2554 Odonis
1273 2497 1445 2568 patris
1496 2496 1708 2562 nostri,
1740 2495 1788 2559 Β
1815 2513 2034 2568 peresse
2079 2503 2224 2574 quod
2270 2505 2502 2563 timeat?
2549 2509 2682 2578 Quis
2720 2528 2850 2572 vero
2887 2517 3165 2576 hominum
3202 2521 3256 2577 in
3294 2523 3399 2583 hoc

113 2598 275 2667 cujus
302 2596 465 2653 hodie
492 2594 632 2651 festa
663 2593 1002 2649 celebramus
1021 2633 1038 2656 ,
1078 2590 1268 2646 laudes
1297 2587 1568 2644 addidisse
1606 2586 1709 2642 ali-

111 2691 250 2761 quid
274 2731 292 2756 ,
324 2687 660 2759 decerpsissc
686 2695 792 2742 est.
824 2684 961 2740 Cum
991 2684 1258 2754 siquidem
1289 2682 1549 2737 virtutum
1586 2680 1708 2751 ejus

110 2781 297 2853 gratia
330 2796 436 2835 non
472 2777 815 2835 sermonibus
842 2774 1163 2845 exponenda
1195 2773 1298 2837 sit,
1331 2772 1426 2853 sed
1455 2771 1710 2842 operibus

110 2852 546 2946 comprobanda.
598 2871 735 2926 Cum
781 2870 928 2925 enim
981 2868 1129 2923 dicat
1165 2852 1491 2936 Scriptura:
1525 2862 1708 2920 Gloria

112 2968 303 3022 Patris
328 2976 401 3021 est
436 2963 610 3018 Filius
637 2963 878 3033 sapiens,
907 2968 1125 3032 quanta:
1151 2955 1314 3027 lmjus
1343 2964 1472 3012 sunt
1500 2954 1706 3024 gloriae,

109 3060 210 3129 qui
255 3066 534 3112 tantorum
571 3055 803 3110 illioram
842 3053 1109 3123 sapientia
1143 3059 1201 3107 et
1236 3050 1524 3105 dev0tione
1555 3046 1711 3103 lacta—

113 3162 209 3204 tur
231 3148 258 3203 ?
293 3147 348 3201 lu
380 3147 599 3202 Christo
628 3145 772 3199 enim
802 3142 929 3199 Jesu
967 3158 1063 3213 per
1094 3140 1446 3211 Evangelium
1484 3152 1583 3193 nos
1616 3153 1709 3209 ge-

106 3238 258 3295 nuit.
310 3235 584 3307 Quidquid
629 3234 793 3305 igitur
838 3233 892 3286 in
945 3232 1045 3285 hac
1090 3240 1278 3284 sancta
1328 3227 1482 3297 plebe
1531 3234 1709 3298 potest

106 3346 241 3388 esse
270 3329 493 3386 virtutis
524 3337 579 3383 et
609 3327 803 3399 gratiae
824 3365 839 3392 ,
871 3324 941 3380 de
970 3324 1072 3379 hoc
1100 3323 1253 3394 quasi
1284 3322 1520 3392 quodam
1556 3319 1709 3375 fonte

108 3421 462 3479 lucidissime
486 3461 501 3485 ,
544 3419 786 3475 omnium
828 3416 1124 3471 rivulorum
1163 3414 1373 3484 paritas
1406 3412 1703 3467 emanavit.

105 3518 333 3579 Etenim
359 3557 375 3581 ,
406 3515 532 3587 quia
563 3500 831 3569 castitatis
862 3509 1099 3582 pollebat
1126 3508 1340 3577 vigore,
1370 3506 1495 3578 quia
1534 3504 1704 3560 absti-

107 3610 323 3668 nentiae
376 3605 714 3678 gloriabatur
771 3602 1079 3674 angustiis,
1139 3602 1266 3669 quia
1320 3596 1704 3654 blandimentis

106 3708 239 3756 erat
272 3697 534 3769 praeditus
570 3693 851 3757 lenitatis,
901 3692 1143 3746 omnium
1189 3690 1388 3744 civium
1436 3688 1488 3742 in
1538 3687 1703 3742 Deum

107 3790 435 3866 provocavit
472 3790 745 3845 allectum.
795 3787 939 3842 Bene
987 3791 1038 3840 et
1082 3798 1321 3854 congrue
1368 3782 1420 3835 in
1472 3782 1573 3835 hac
1617 3780 1703 3834 die

1818 2592 2137 2661 corpusculo
2192 2596 2399 2665 positus
2429 2638 2444 2663 ,
2500 2600 2699 2657 debeat
2736 2605 2835 2661 sibi
2873 2607 3167 2681 quidquam
3205 2614 3397 2669 vendi¢

1817 2696 1943 2735 care
1972 2682 2040 2736 de
2070 2685 2281 2742 meritis
2304 2727 2319 2753 ,
2349 2704 2578 2757 quorum
2632 2693 2740 2749 iter
2764 2697 3069 2754 daemonum
3111 2701 3390 2760 infestatio

1815 2770 1960 2825 velut
2007 2771 2278 2829 latronum
2326 2778 2539 2835 obsidet
2586 2781 2913 2852 multitudo,
2966 2789 3161 2860 quibus
3205 2806 3396 2853 omnes

1816 2862 1931 2917 dies
1982 2864 2422 2935 supplantatores
2456 2868 2617 2926 invisi
2657 2875 2959 2932 animarum
3019 2878 3241 2949 laqueos
3280 2891 3397 2937 ten-

1815 2952 1951 3009 dunt
1981 2954 2451 3014 innumerabilium
2482 2963 2737 3019 mortium
2764 2970 3249 3036 expavescendos?
3278 2971 3385 3028 Na-

1814 3045 2123 3115 vigantihus
2170 3049 2315 3104 enim
2364 3051 2520 3107 nobis
2568 3069 2668 3123 per
2710 3057 2808 3110 hoc
2855 3074 2998 3112 mare
3044 3076 3293 3132 magnum
3345 3074 3393 3117 et

1814 3138 2148 3207 spatiosum,
2210 3139 2263 3194 in
2316 3156 2425 3210 quo
2455 3153 2581 3198 sunt
2633 3146 2839 3215 reptilia
2892 3165 3113 3220 quorum
3170 3169 3273 3205 non
3321 3163 3396 3207 est

1816 3243 2101 3291 numerus,
2153 3229 2405 3284 animalia
2448 3232 2642 3300 pusilla
2686 3245 2734 3288 et
2782 3252 3011 3306 magna,
3062 3239 3114 3293 id
3153 3248 3272 3299 est.
3311 3242 3393 3295 di-

1817 3332 1972 3373 versa
2013 3328 2136 3374 sunt
2172 3335 2367 3390 genera
2407 3322 2747 3379 inimicorum
2777 3366 2792 3391 ,
2832 3329 2923 3398 qui
2962 3330 3256 3385 sccundmn
3293 3346 3391 3387 no-

1815 3416 2050 3461 strarum
2076 3409 2272 3463 virium
2302 3413 2692 3479 quantitatem,
2727 3427 3077 3485 compensate
3112 3419 3391 3474 nobiseum

1814 3513 1986 3569 agone
2016 3498 2308 3553 luctantur.

1883 3588 1941 3642 In
1983 3589 2141 3658 hujus
2181 3590 2367 3659 itaque
2400 3593 2588 3648 mundi
2623 3594 2813 3666 pelago
2839 3636 2853 3660 ,
2888 3598 3044 3652 nobis
3082 3600 3234 3655 valale
3267 3617 3393 3671 per-

1818 3678 2203 3734 timescendum
2257 3690 2371 3745 est,
2422 3699 2489 3737 ne
2527 3684 2704 3736 navim
2743 3694 2982 3740 nostram
3021 3697 3115 3743 aut
3146 3691 3384 3760 procella

1817 3769 2159 3838 tempestatis
2191 3770 2456 3840 abripiat,
2490 3781 2582 3826 aut
2610 3769 2806 3827 ﬂuetus
2842 3775 3164 3843 absorbent,
3203 3788 3293 3833 aut
3330 3780 3384 3835 in

105 3860 281 3960 quam
312 3883 469 3942 nobis
495 3883 637 3939 beati
668 3878 840 3952 patris
868 3876 1036 3933 nostri
1066 3875 1269 3932 Odonis
1297 3874 1365 3928 ad
1396 3871 1702 3943 paradisum

1815 3869 2070 3915 :eteruam
2104 3862 2338 3931 praedam
2380 3862 2554 3932 pirata
2601 3863 2840 3919 crudelis
2878 3865 3133 3923 abducat.
3171 3868 3384 3923 Adver-

98 3984 374 4037 transitns
436 3978 803 4036 exsultabilem
865 3978 1040 4036 reddit
1068 4016 1081 4038 ,
1145 3970 1425 4042 praesentis
1496 3966 1688 4039 psalmi

96 4075 440 4132 versiculum
473 4073 879 4129 deeantavimus
908 4089 922 4125 :
954 4069 1021 4124 In
1062 4067 1312 4121 memoria
1356 4073 1550 4120 a'terna
1587 4061 1688 4117 erit
1719 4117 1738 4133 ,

89 4172 302 4243 justus.
351 4166 519 4235 Digne
566 4166 710 4221 enim
758 4165 813 4219 in
863 4161 1181 4217 memoriam
1229 4157 1471 4243 vertitur
1505 4155 1684 4243 homi-

1797 3984 1892 4027 Sns
1933 3972 2049 4026 lucc
2089 3985 2219 4039 ergo
2257 3967 2608 4025 multiformia
2659 3966 2840 4022 saeculi
2892 3965 3054 4026 mala.
3102 3963 3381 4030 castigatis

1797 4072 1853 4118 et
1905 4063 2074 4118 castis
2120 4062 2334 4118 actibus
2385 4062 2723 4117 resistamus.
2782 4057 2931 4112 Beati
2980 4068 3158 4110 autem
3204 4055 3383 4111 Patris

1794 4151 2000 4210 Odonis
2043 4153 2236 4209 merita
2263 4150 2376 4220 jam
2430 4151 2485 4205 in
2536 4158 2653 4205 tuto
2693 4128 2867 4219 posita
2912 4144 3100 4202 secari
3128 4146 3386 4205 maruill.

82 4236 224 4312 rrum
252 4294 269 4319 ,
301 4252 395 4324 qui
428 4251 494 4307 ad
525 4249 780 4322 gaudium
814 4245 1036 4300 transiit
1064 4243 1403 4315 angelorum.
1441 4239 1541 4307 Qui
1569 4239 1681 4307 jam
1754 4252 1974 4292 'cemus
2001 4274 2016 4299 ,
2068 4236 2158 4304 qui
2211 4236 2638 4306 gubernaculum
2689 4237 2812 4293 ﬁdei
2865 4238 3101 4298 viriliter
3140 4254 3331 4299 tenens
3354 4285 3372 4311 ,

81 4347 325 4421 gratiam
377 4345 580 4401 Christi
635 4342 963 4397 elarilicatus
1011 4338 1255 4401 invenit,
1313 4337 1438 4405 quia
1496 4331 1681 4388 mutuli

84 4441 319 4514 gloriam
374 4453 482 4493 non
533 4433 803 4507 qiuesivit.

160 4532 310 4588 Dicit
360 4544 543 4587 sermo
576 4527 794 4583 divinus
823 4539 837 4579 :
877 4522 961 4579 Ne
995 4521 1291 4577 laudaveris
1327 4518 1589 4572 hominem
1628 4516 1683 4570 in

80 4631 194 4684 vita
239 4644 357 4683 sua.
399 4622 679 4692 Tanquam
718 4620 763 4675 si
799 4618 1047 4674 diceret:
1087 4614 1271 4671 Lauda
1320 4622 1444 4683 post
1472 4612 1635 4664 vitam
1664 4650 1679 4675 ,

82 4717 378 4789 magniﬁca
418 4722 541 4786 post
577 4711 1125 4768 consummationem.
1182 4705 1391 4777 Duplici
1427 4701 1572 4758 enim
1615 4716 1680 4757 ex

82 4824 253 4866 causa
280 4850 296 4874 ,
331 4807 517 4861 utilius
542 4815 624 4860 cst
653 4803 929 4858 hominum
960 4800 1132 4870 magis
1164 4796 1440 4852 memoria:
1468 4793 1677 4847 laudem

82 4902 221 4957 dare
263 4917 424 4971 quam
458 4899 612 4961 vitae,
645 4905 705 4949 ut
736 4895 825 4948 illo
854 4893 1194 4963 potissimutn
1263 4900 1535 4960 tempore,
1571 4897 1681 4939 me-

82 4992 194 5047 rita
221 4990 530 5047 sanctitatis
555 4985 781 5041 extollas
800 5027 814 5050 ,
840 4984 1054 5054 quando
1084 4998 1181 5036 nec
1210 4982 1518 5037 laudantem
1548 4977 1679 5031 adu-

84 5084 219 5139 latio
249 5091 408 5138 nocet
435 5121 450 5145 ,
486 5093 587 5133 nec
619 5076 894 5130 laudatum
929 5084 1097 5129 tentet
1123 5074 1301 5128 elatio.
1336 5070 1518 5129 Lamia
1548 5080 1678 5137 ergo

1786 4329 2080 4384 auchorant
2126 4330 2240 4398 spei
2289 4330 2578 4399 tranquilla
2616 4332 2729 4402 jam
2778 4347 2830 4386 In
2869 4332 3106 4388 statione
3145 4349 3370 4404 compo-

1785 4423 1934 4484 suit,
1992 4430 2045 4473 et
2101 4421 2312 4490 plenam
2371 4421 2684 4477 cmlestibus
2739 4423 2986 4488 divitiis,
3041 4430 3098 4478 et
3140 4433 3362 4479 aeternis

1783 4514 2059 4569 mercibus
2106 4514 2286 4568 navim
2332 4521 2519 4583 optato
2568 4513 2621 4569 in
2666 4509 2852 4570 littore
2891 4512 3215 4581 collocavit,
3273 4518 3366 4584 qui
3454 4556 3461 4561 .

1782 4614 1975 4660 contra
2036 4619 2229 4661 clunes
2299 4605 2644 4661 adversarios
2716 4617 2930 4661 scutum
2999 4607 3212 4661 timoris
3279 4606 3372 4660 Dei

1783 4697 1967 4751 tantliu
2017 4695 2427 4767 infatigabiliter
2477 4697 2692 4762 tenuit,
2747 4699 2921 4755 donec
2972 4697 3041 4752 ad
3084 4697 3371 4752 victoriam

1780 4787 2112 4860 perveniret.

1851 4879 1992 4948 Quid
2022 4880 2168 4934 enim
2199 4878 2305 4935 fuit
2333 4889 2480 4936 totus
2505 4881 2631 4935 vita:
2659 4879 2805 4937 illius
2837 4890 3034 4939 cursus
3057 4914 3074 4938 ,
3104 4873 3211 4928 nisi
3244 4889 3382 4927 unus

1781 4987 1904 5025 cum
1942 4969 2090 5041 vigili
2130 4969 2290 5025 hoste
2328 4966 2652 5024 conﬂictus?
2688 4968 2924 5035 Quantis
2973 4964 3067 5019 hic
3109 4963 3304 5022 catcis.
3353 4976 3382 5013 a

1782 5063 1866 5116 via
1897 5059 2144 5116 veritatis
2172 5060 2497 5118 errantibus
2522 5097 2534 5118 ,
2569 5066 2626 5111 et
2660 5058 2727 5112 de
2761 5072 2984 5117 summa
3019 5050 3132 5119 iam
3173 5051 3227 5103 in
3261 5064 3387 5121 pro-

2714 5166 2741 5182 σι
2751 5168 2803 5182 ιν.
2814 5155 2826 5182 2
2836 5164 2984 5182 ...ι-...ιι
3035 5141 3267 5182 τριιιῖἷιῖἶι
3315 5139 3365 5182 vi
3377 5169 3402 5178 —

1784 5158 2009 5182 ΡημΑΙῄ-ρ.
2071 5167 2204 5182 unouno
2257 5149 2625 5182 ...μηλίδα-Οἶιὶιιο
