3964 5356
598 290 702 347 8'59

1798 290 2143 356 Al’l‘ENDIX
2180 298 2269 355 AD
2311 298 2368 358 S.
2410 303 2716 362 ODONEM.
3706 321 3781 379 8l0

565 399 959 508 jobedientiam
984 398 1009 453 ?
1037 397 1278 468 Quantos
1318 400 1645 506 intrinsecus
1680 402 1990 508 vulneratos
2019 424 2180 479 auge-
2210 417 2256 474 Α
2281 410 2492 482 ius:itia
2518 456 2532 481 ,
2564 418 2771 473 viribus
2801 422 3148 478 convalescit.
3182 422 3248 479 Et
3275 426 3488 494 quidem
3528 428 3605 485 ille
3639 433 3681 487 iu
3713 438 3781 494 hac

568 493 687 551 ’lici
717 494 829 549 oris
853 502 999 559 arte,
1026 504 1078 549 et
1107 493 1413 549 orationum
1444 494 1700 551 ﬁrmitate
1725 496 1933 552 curavit
1955 498 1979 552 ?
2001 499 2185 567 Quan-

601 593 684 639 tos
712 599 807 654 per
837 583 1050 655 longam
1085 584 1380 649 incuriam,
1411 586 1616 654 peccati
1645 585 1767 661 labe
1799 588 2065 643 resolutos
2084 631 2098 655 ,
2127 599 2183 647 et

597 676 831 745 quadam
854 674 1014 745 lepim
1028 677 1351 746 contagione
1370 675 1641 746 perfusos,
1664 678 2107 749 castigationibus
2127 688 2184 736 et

594 764 1068 820 exhortationibus
1094 765 1380 835 expiando,
1408 763 1518 820 Deo
1545 765 1597 820 in
1627 781 1687 821 se
1712 778 1995 836 operante,
2021 784 2180 823 mun-

597 853 787 909 davit?
816 852 1151 921 Quantorum
1183 855 1392 910 animas
1422 856 1667 912 viventes
1697 857 1748 911 in
1779 874 2037 928 corpore,
2066 860 2178 930 iam

603 943 886 1000 defunctas
905 988 919 1010 ,
949 953 1004 999 et
1034 943 1354 1000 delictorum
1381 945 1521 1002 mole
1550 946 1774 1002 obrutas
1801 963 1866 1002 ac
1896 949 2136 1017 sepultas
2158 988 2179 1017 ,

598 1038 668 1093 ad
695 1037 1127 1094 emendationem
1162 1045 1416 1109 tanquam
1450 1040 1515 1094 ad
1552 1038 1726 1094 lucem
1756 1042 2029 1103 vocando.
2070 1041 2179 1098 Deo

599 1127 977 1193 resuscitavit,
1024 1136 1085 1182 ut
1132 1127 1343 1183 Domini
1397 1129 1480 1183 sui
1527 1129 1878 1183 admirandus
1915 1130 2176 1198 imitator,

588 1216 706 1288 iam
737 1227 978 1274 mortuas
998 1217 1109 1273 Deo
1133 1234 1164 1275 e
1186 1219 1983 1276 contrariomortificaretvitali
2007 1230 2180 1278 morte

594 1308 863 1379 peccato?
892 1307 968 1363 De
994 1316 1323 1379 quantorum
1356 1308 1443 1363 ille
1470 1309 1727 1365 cordibus
1745 1350 1758 1373 ,
1788 1324 1925 1379 quos
1954 1311 2179 1368 inhone-

592 1408 677 1456 sta
707 1399 968 1471 iniquitas
1005 1410 1060 1456 et
1101 1400 1346 1470 impietas
1392 1402 1734 1471 possidebat,
1778 1401 1981 1474 fugavit
2024 1402 2178 1459 luxu-

595 1492 769 1559 riam,
811 1492 1006 1561 deiecit
1048 1493 1216 1559 iram,
1255 1494 1482 1549 extersit
1525 1494 1816 1558 invidiam,
1847 1504 1902 1549 et
1928 1493 2074 1549 velut
2112 1496 2178 1551 de

592 1585 815 1657 antiqua
842 1586 1000 1640 domo
1024 1585 1273 1641 barbaris
1299 1585 1603 1656 hospitibus
1629 1586 1985 1656 perturbatis,
2020 1603 2177 1643 revo-

590 1678 766 1733 cando
799 1676 922 1733 illuc
953 1676 1110 1733 tidem
1131 1717 1147 1743 ,
1176 1678 1481 1734 castitatem
1499 1718 1514 1743 ,
1537 1678 1806 1749 justitiam
1827 1720 1842 1744 ,
1868 1680 2178 1736 misericor-

591 1768 738 1823 diam
759 1808 775 1836 ,
810 1769 1147 1825 habitatores
1172 1768 1433 1840 pacificos
1468 1770 1792 1837 intromisit,
1821 1786 1921 1841 per
1944 1788 2081 1842 quos
2119 1774 2172 1830 in
2202 1776 2248 1836 B

588 1858 921 1914 domicilium
957 1861 1156 1915 mentis
1194 1869 1357 1930 caput
1401 1859 1591 1916 horum
1633 1862 1900 1919 bonorum
1929 1864 2178 1923 Christus

588 1950 851 2016 intraret,
880 1957 935 2006 et
959 1951 1219 2021 appositis
1244 1952 1577 2022 pmnitentia:
1605 1956 2018 2015 medicamentis
2039 2000 2054 2023 ,
2081 1974 2178 2014 ve-

590 2040 671 2096 lut
698 2043 1119 2111 quatriduanum
1166 2043 1452 2112 fetentem,
1485 2046 1919 2118 increpationum
1955 2052 2176 2109 fremitu

588 2135 918 2201 suscitabat,
942 2145 998 2192 et
1021 2138 1400 2195 emendatione
1423 2151 1693 2211 suscepta,
1721 2141 1789 2198 de
1813 2144 2006 2199 mediis
2032 2160 2177 2200 mor-

593 2227 665 2282 tis
709 2225 956 2282 faucibus
993 2237 1219 2296 erutos,
1260 2232 1558 2287 temnoriva
1605 2235 2002 2291 resurrectione
2048 2236 2175 2293 vita:

592 2316 916 2373 restituebat
933 2319 957 2372 ?

656 2408 784 2463 llaec
816 2408 999 2479 itaque
1022 2420 1186 2481 atque
1215 2411 1521 2482 huiusmodi
1548 2414 1781 2486 plurima
1808 2430 2023 2486 gerens,
2052 2432 2173 2488 qua:

584 2500 747 2555 etiam
796 2502 895 2571 ipsi
939 2502 1149 2571 plenius
1193 2505 1547 2571 meministis,
1590 2522 1711 2577 qua:
1750 2509 2009 2577 quoniam
2048 2525 2174 2580 pro-

584 2587 727 2643 ferre
756 2605 852 2658 per
880 2606 979 2647 nos
1007 2602 1171 2664 atque
1210 2597 1502 2665 expedire,
1546 2606 1606 2651 ut
1648 2598 1867 2670 dignum
1908 2608 2020 2667 est,
2064 2617 2171 2657 non

580 2689 760 2748 potest
799 2697 978 2737 sermo
1023 2686 1416 2755 pauperculus,
1461 2688 1655 2745 melius
1693 2691 1847 2745 vobis
1884 2705 1947 2745 ea
1991 2703 2173 2749 vester

582 2769 749 2824 dictet
804 2770 1051 2828 affectus.
1104 2774 1343 2831 Summae
1400 2777 1703 2834 alacritatis
1753 2780 2011 2836 instantia
2067 2781 2172 2839 fuit

580 2863 762 2917 cultor
805 2872 859 2919 et
901 2877 1088 2923 custos
1134 2870 1473 2938 animarum,
1519 2873 1848 2942 cupiditates
1882 2893 2168 2945 resecans,

2283 507 2724 578 peregrinatione
2750 508 2867 565 solo
2895 526 3125 583 corpore
3150 517 3503 583 constitutus,
3529 523 3781 591 cogitatione

2282 604 2337 651 et
2380 599 2637 655 aviditate
2673 596 2726 654 in
2774 600 2861 656 illa
2898 611 3102 661 aeterna
3143 606 3314 675 patria
3356 618 3778 684 conversatustx;

2283 690 2371 745 cui
2413 693 2647 748 nmndus
2686 696 2983 753 cruciﬁxus
3003 697 3120 767 ;fuit
3140 740 3155 762 ,
3187 715 3252 755 ac
3281 712 3557 772 mortuus;
3587 710 3781 783 quidquid

2284 780 2551 837 laboravit
2581 784 2651 841 de
2689 788 2898 853 activa,
2941 790 3010 844 ad
3054 789 3200 845 illam
3243 793 3409 848 vitam
3459 780 3720 867 transtulit,
3748 814 3784 859 et

2281 873 2438 942 quasi
2483 874 2656 930 bonus
2700 877 3053 935 ratiocinator
3096 881 3244 936 velut
3285 882 3354 938 ad
3395 888 3680 957 centuplum
3708 910 3786 947 ma-

2280 978 2411 1018 num
2457 965 2770 1037 porrigens,
2824 984 3037 1040 semper
3076 971 3143 1027 de
3180 974 3403 1031 sinistra
3456 982 3713 1036 transmisit
3738 985 3785 1038 ad

2282 1054 2593 1120 dexteram,
2638 1066 2693 1111 et
2735 1059 2788 1114 iu
2832 1059 2974 1116 ctelo
3017 1064 3259 1132 reposuit
3289 1066 3518 1123 sudores
3541 1084 3668 1127 suos.
3692 1068 3787 1127 Nam

2283 1155 2338 1202 et
2368 1147 2412 1201 si
2446 1146 2549 1207 hoc
2577 1164 2742 1218 opera
2771 1148 2890 1219 ejus
2919 1154 3189 1222 videntur,
3234 1156 3360 1213 illuc
3399 1174 3614 1230 operum
3648 1166 3784 1219 merita

2282 1239 2637 1294 transierunt.
2668 1241 2811 1299 Illius
2840 1258 2971 1315 ergo
3000 1244 3056 1300 in
3102 1258 3365 1316 quantum
3406 1266 3702 1322 possumus,
3728 1273 3788 1312 ve-

2278 1332 2455 1402 stigiis
2496 1332 2843 1401 insistamus,
2890 1338 3087 1407 quibus
3128 1355 3228 1411 per
3266 1341 3415 1397 illam
3457 1344 3608 1401 nimis
3639 1359 3787 1403 arctam

2277 1422 2420 1476 viam
2465 1424 2531 1478 ad
2579 1424 2702 1479 (δειξΙί
2747 1428 2926 1498 ampla
2968 1429 3267 1499 festinans,
3308 1448 3415 1503 qua
3458 1450 3574 1490 eum
3602 1452 3790 1508 sequere-

2279 1528 2423 1579 mur,
2465 1517 2720 1572 ostendit.
2766 1519 2959 1590 Rapiat
2996 1521 3098 1577 sibi
3135 1523 3201 1577 de
3246 1538 3313 1578 eo
3354 1523 3502 1580 alter
3538 1528 3728 1597 gratiam
3755 1541 3792 1582 et

2277 1606 2518 1677 speciem
2562 1611 2997 1680 compunctionis
3015 1653 3031 1678 ,
3061 1612 3199 1668 alter
3224 1614 3561 1686 pigmentum
3587 1619 3793 1673 candidis-

2279 1701 2479 1756 simum
2510 1702 2696 1758 nitidaa
2722 1705 3025 1773 castitatis,
3056 1707 3317 1778 pallorem
3350 1709 3447 1766 ille
3488 1711 3792 1775 abstinentiae,

2277 1795 2531 1850 ruborem
2561 1795 2663 1852 iste
2689 1798 3048 1854 verecundiae.
3072 1799 3164 1854 llle
3186 1800 3474 1857 ardentem
3500 1802 3552 1857 in
3579 1803 3660 1859 Dei
3680 1804 3793 1859 rebus

2276 1884 2438 1939 ﬁdem
2487 1883 2633 1939 velut
2679 1886 2885 1941 aerium
2928 1887 3270 1957 splendorem
3315 1892 3649 1959 radiantem,
3681 1902 3798 1965 atque

2278 1976 2379 2032 hoc
2403 1976 2562 2032 modo
2587 1978 2845 2049 spiritalia
2876 1980 3149 2038 interioris
3174 1984 3418 2040 hominis
3444 1987 3672 2043 membra
3692 2002 3797 2041 clim-

2273 2080 2516 2136 ponens,
2550 2066 2603 2122 in
2645 2083 2844 2139 corpus
2883 2070 3057 2141 plebis
3096 2087 3207 2128 suae
3246 2082 3498 2131 transeat
3536 2076 3600 2131 ad
3633 2077 3796 2133 celum.

2275 2159 2343 2214 Et
2386 2161 2453 2216 ad
2496 2176 2660 2216 unam
2712 2163 2857 2218 illius
2898 2163 3092 2221 faciem
3136 2181 3354 2222 omnem
3402 2183 3710 2223 exornemus
3727 2170 3797 2224 do-

2273 2266 2421 2304 mum
2450 2290 2465 2316 ,
2498 2249 2549 2305 id
2579 2259 2695 2318 est,
2735 2252 3044 2309 universam
3084 2254 3375 2326 pingamus
3412 2256 3692 2313 Ecclesiam
3718 2258 3796 2312 Dei.

2274 2339 2335 2395 Et
2370 2340 2556 2397 videns
2584 2357 2703 2409 nos,
2730 2342 2814 2397 vel
2845 2343 2913 2398 de
2937 2345 3123 2399 aeterni
3156 2354 3396 2401 tremere
3419 2345 3640 2415 iudicii,
3662 2345 3802 2402 velfu-

2275 2440 2395 2486 tura
2426 2433 2762 2488 beatitudine
2802 2436 3141 2504 cogitantes,
3184 2435 3273 2490 illa
3312 2438 3626 2510 evangelica
3653 2437 3800 2494 Christi

2271 2542 2373 2582 vox
2415 2542 2513 2583 nos
2554 2528 2728 2598 possit
2762 2524 3076 2594 assumere,
3124 2527 3304 2595 Pater,
3350 2540 3587 2601 rogo'ut
3626 2530 3700 2585 ubi
3732 2544 3802 2599 ego
3902 2524 3903 2597 ἕ

2272 2636 2390 2677 sum
2409 2662 2425 2688 ,
2457 2629 2513 2678 et
2541 2621 2616 2677 illi
2647 2621 2757 2677 sint
2787 2636 3000 2678 mecum
3020 2661 3036 2688 ,
3079 2631 3135 2677 et
3177 2637 3275 2677 nos
3303 2624 3632 2694 quandoque
3655 2636 3708 2676 ex
3733 2623 3802 2675 hoc

2272 2712 2472 2769 sarculo
2504 2713 2862 2785 migraturus,
2905 2722 3167 2784 patronus
3204 2722 3398 2769 noster
3435 2714 3555 2770 OLIO
3581 2714 3631 2768 in
3668 2712 3801 2768 sulem

2272 2818 2425 2859 suam
2456 2813 2512 2859 et
2541 2804 2717 2859 sinum
2749 2819 2906 2859 suum
2936 2803 3084 2859 velut
3110 2803 3393 2859 Abraham
3436 2805 3716 2876 peculiares
3735 2819 3799 2855 ac-

2271 2888 2556 2966 cipiat,et
2600 2895 2654 2949 in
2700 2894 2797 2950 illa
2836 2895 2925 2951 die
2972 2895 3274 2951 incolumes
3317 2910 3461 2951 oves
3498 2900 3657 2961 suas,
3692 2896 3803 2948 latus
3902 2926 3903 2931 η

582 2953 731 3059 {Mil
753 2954 1453 3059 camerina-Islimaliljam
1499 2963 1826 3034 οιδιῖνβυηε-
1864 2965 1960 3059 “is
1999 2969 2170 3038 magis
2269 2953 2465 3059 pa'slor'
2486 2995 2770 3059 agnoscat.
2800 2986 2922 3058 ipso
2952 2987 3245 3058 adiuvante
3275 2987 3372 3058 qui
3404 2988 3545 3044 vivit
3580 2996 3634 3043 et
3665 2991 3802 3056 regnat

588 3044 938 3101 beatissimus
969 3046 1084 3102 Odo
1120 3052 1453 3120 temporibus
1484 3057 1821 3111 necessarius
1861 3056 2005 3121 fuit,
2046 3060 2166 3129 qui-

580 3130 684 3186 bus
736 3144 883 3189 tanta
931 3136 1223 3207 iniquitas,
1270 3143 1500 3213 sumptis
1551 3146 1828 3216 quotidie,
1872 3147 2234 3217 deiicientec

2272 3079 2324 3135 in
2354 3078 2549 3136 saacula
2592 3078 2937 3136 smculorum.
2986 3081 3187 3135 Amen.

586 3340 3793 3371 NW

2080 3448 2304 3645 IIII.

1040 3766 1619 3865 IUDOVICI
1700 3776 1825 3869 IV
1863 3776 2008 3875 εΗ.
2092 3774 2194 3862 F.

2275 3776 2426 3865 ET
2495 3772 3042 3873 CONRADi
3083 3779 3361 3868 llMP.

1882 3965 2327 4030 PRJECEPTA
2370 3970 2537 4033 Ι)Πο

659 4122 747 4183 De
788 4122 1157 4203 quibusdam
1201 4128 1470 4193 ecclesiis
1515 4138 1571 4191 et
1614 4129 2214 4218 Iocisnﬂluniacenst'
2256 4134 2533 4218 (mnobiq
2557 4137 2887 4218 _concessis
2940 4144 3183 4218 temper
3250 4142 3469 4203 sancti
3514 4136 3725 4201 Orionis

1751 4210 2179 4274 Cluniacensis
2215 4214 2460 4301 abbatis
2502 4215 2599 4278 II.

1685 4376 2010 4440 {Bibliotheca
2033 4378 2384 4441 Cluniacensis,
2413 4394 2523 4445 pag.
2548 4383 2685 4444 265.)

1344 4684 1381 4739 Ι.
2178 4689 2231 4750 1)
2255 4687 2356 4744 sub
2384 4686 2499 4757 eius
2525 4697 2656 4744 nutu
2686 4691 2902 4761 penitus
2933 4691 3267 4764 subigentes,
3305 4698 3462 4765 quod
3511 4697 3685 4752 honori
3713 4707 3800 4749 san-

565 4789 891 4867 Prgeceptunz
915 4791 1166 4867 Ludovici
1184 4793 1515 4867 Francorum
1542 4798 1675 4867 regis
1695 4799 1759 4853 de
1788 4798 2143 4867 Salustriaco,

635 4859 921 4941 Clirrriniis,
950 4865 1215 4932 piscatum
1245 4864 1385 4934 Osw,
1422 4859 1784 4937 Cantlbériaco,
1833 4859 2147 4941 Savigniaco

631 4942 679 4985 et
716 4932 982 4989 Amberta.

1177 5006 1353 5077 (Anno
1386 5008 1537 5080 959.)

632 5132 689 5187 ln
714 5136 932 5193 nomine
956 5149 1159 5195 saneta:
1191 5150 1247 5197 et
1288 5143 1578 5199 individuze
1622 5143 1931 5212 Trinitatis,
1972 5146 2151 5203 Ludo-

559 5224 711 5278 vicus
736 5227 1017 5296 paeificus,
1044 5231 1319 5302 Augustus
1356 5242 1412 5289 et
1453 5235 1684 5291 invictus
1707 5240 1877 5308 gratia
1911 5240 2001 5295 Dei
2031 5256 2146 5295 rex.

560 5309 715 5356 Sir-nt.
740 5324 946 5356 (ml-lum
996 5330 1078 5356 nec
1130 5324 1253 5356 ιιι-ιιι

1312 5324 1447 5356 “anno
1478 5335 1726 5356 uuln-.0)“.
1779 5345 1883 5356 nun“
1943 5332 2124 5356 ,μηλε-

2252 4790 2353 4837 etas
2380 4781 2496 4850 eius
2518 4781 2775 4838 Ecclesize
2808 4784 3052 4854 proﬁciat
3086 4788 3339 4842 certatim
3396 4790 3669 4844 faciamus.
3699 4785 3800 4854 0m-

2253 4883 2474 4944 propter
2498 4875 2709 4930 cunctis
2740 4884 2846 4930 tam
2900 4876 3133 4947 regibus,
3194 4894 3363 4948 quam
3417 4874 3800 4950 reliquarumdi—

2255 4974 2520 5035 gmtatum
2548 4965 2797 5036 personis
2821 4968 3177 5038 prmsentihus
3203 4970 3287 5025 vel
3324 4969 3537 5027 futuris
3563 4972 3797 5026 natumst.

2253 5056 2396 5126 quod
2420 5059 2575 5128 petiit
2602 5074 2631 5115 a
2655 5060 2811 5115 nobis
2830 5059 3047 5130 quidam
3090 5061 3260 5116 fidelis
3299 5072 3505 5118 noster
3541 5062 3680 5133 Hugo
3699 5058 3797 5113 filius

2253 5152 2509 5207 Riehardi
2549 5153 2634 5206 vir
2667 5152 3066 5208 illustrissimus
3090 5194 3105 5219 ,
3138 5162 3195 5209 et
3239 5157 3504 5212 marchio
3530 5197 3546 5220 ,
3588 5163 3799 5227 (ιυειιεηιιιις

2250 5242 2520 5311 quoddam
2575 5244 2960 5299 monasterium
3007 5245 3223 5299 nomine
3268 5245 3619 5311 Cluniacum,
3650 5241 3795 5315 quod:

2251 5333 2526 5356 ‘I'ZII.._..--
2564 5337 2673 5356 με..-
2712 5336 2949 5356 ----....ερ.
2972 5351 2989 5356 -
3042 5337 3087 5356 9.-
3142 5338 3156 5356 I
3190 5353 3201 5356 _
3266 5353 3275 5356 -
3330 5354 3339 5356 _
3463 5342 3476 5353 ι
3666 5354 3675 5356 _
3704 5344 3775 5356 -.Α

2346 5334 2526 5356 ΙΙ.......Δ
2564 5337 2673 5356 _.!..-
2712 5336 2989 5356 ----....ερ.-
3042 5337 3087 5356 Ξ.-
3142 5338 3156 5356 1
