3964 5356
100 228 180 283 Sil

879 215 1403 276 TESTAMENTUM
1437 213 1778 271 LEOTALDl
1819 212 2089 270 COMlTlS
2131 170 2494 270 blATlSCON.

3221 207 3325 266 8H

100 344 158 395 ab
183 335 315 392 omni
349 330 714 403 inquietudine
744 331 828 385 vel
874 331 1148 385 dominatu
1203 330 1442 384 omnium
1482 329 1654 382 homi-
1682 336 1729 394 Α
1757 327 1838 382 eis
1872 327 2052 382 vivere
2103 327 2280 382 liceat.
2324 328 2474 395 Quod
2528 329 2570 382 si
2637 327 3079 390 exorbitaverint,
3123 324 3328 394 judicio

103 447 212 486 num
245 427 598 489 absolvamus,
646 424 716 476 sil.
771 438 900 476 vero
939 423 1051 490 ipse
1107 422 1274 484 locus,
1315 421 1471 488 juxta
1510 419 1651 489 quod

100 523 200 592 ipse
225 519 533 572 Willermus
585 514 685 570 sub
727 514 951 568 terribili
985 522 1039 568 et
1087 528 1279 584 magna
1321 511 1656 581 adjuratione

100 607 381 669 constituit,
428 614 482 660 ct
523 603 829 674 apostolicae
865 603 980 658 sedi
1027 618 1123 672 per
1158 610 1560 664 testamentum,
1589 600 1656 654 ad

101 699 356 762 tuendum,
384 713 488 751 non
517 698 582 750 ad
612 693 996 750 dominandum
1041 691 1363 762 subjugavit,
1409 692 1476 746 ab
1508 690 1654 744 omni

98 788 318 846 seculari
366 787 636 842 dominatu
693 797 798 839 tam
853 800 1077 855 regum,
1117 785 1288 854 :quam
1339 789 1656 836 cunctorum

97 881 414 952 principum.
462 894 556 934 seu
609 878 1033 948 propinquorum
1084 875 1324 945 ejusdem
1368 873 1654 938 Willermi,

97 971 210 1040 quin
234 978 287 1024 et
312 969 552 1022 omnium
584 968 859 1022 hominum
881 967 1096 1036 penitus
1119 967 1254 1020 liber
1275 973 1329 1020 et
1356 963 1654 1019 absolutus.

96 1062 143 1114 ln
166 1061 498 1115 ordine'vem
544 1059 846 1113 monastico
871 1059 1149 1128 persistat,
1171 1065 1226 1111 et
1263 1057 1554 1112 secundum
1583 1065 1659 1110 te-

94 1166 264 1204 norem
319 1149 646 1213 testamenti,
694 1148 835 1218 quod
886 1149 1010 1202 inde
1071 1147 1220 1212 fecit,
1268 1145 1656 1211 administret;

94 1241 410 1295 habitatores
439 1247 617 1294 autem
642 1239 716 1292 -in
755 1238 946 1293 ordine
994 1238 1224 1308 regulari
1253 1237 1529 1308 degentes,
1565 1236 1660 1290 ab~

93 1334 255 1385 batem
300 1330 405 1384 sibi
445 1331 736 1385 secundum
786 1330 1026 1400 regulam
1061 1329 1233 1385 saneti
1281 1327 1554 1382 Benedicti
1594 1327 1660 1381 de

91 1421 381 1490 semetipsis
409 1429 529 1492 post
567 1421 832 1485 Odonem,
861 1420 952 1490 qui
998 1435 1141 1474 nunc
1168 1426 1387 1489 praeest,
1437 1416 1658 1486 eligant.

89 1512 185 1566 Res
209 1527 424 1581 quoque
450 1528 576 1567 suas
605 1527 937 1575 communes,
971 1525 1106 1582 quas
1131 1509 1214 1563 vel
1259 1523 1401 1563 nunc
1439 1508 1658 1568 habent,

87 1613 169 1657 aut
204 1604 254 1657 in
296 1604 482 1656 futuro
507 1603 819 1673 acquisituri
845 1619 860 1666 ;
889 1604 1002 1657 sive
1043 1610 1224 1657 nostra
1253 1600 1461 1654 scilicet
1500 1598 1664 1653 liber-

89 1702 185 1746 tate
211 1691 392 1763 [forle,
418 1690 788 1764 liberalitate],
822 1695 936 1746 sive
965 1689 1324 1760 quorumlibet
1354 1688 1654 1758 largitione,
1689 1679 1735 1737 Β

83 1793 199 1838 sunt
223 1784 336 1839 sine
359 1783 652 1853 cujuslibet
695 1783 1082 1848 dominatione,
1116 1789 1210 1836 aut
1232 1780 1664 1837 contradictione

84 1877 409 1944 possideant.
459 1875 516 1930 In
567 1876 820 1930 nundinis
861 1875 1060 1929 nullum
1118 1874 1382 1928 teloneum
1433 1872 1663 1927 solvant.

85 1966 329 2023 Homines
357 1983 547 2023 eorum
573 1967 772 2022 liberos
803 1983 866 2021 ac
889 1982 1075 2022 servos
1102 1981 1261 2020 nemo
1289 1966 1402 2019 sine
1427 1964 1664 2033 ipsorum

83 2056 350 2111 voluntate
375 2057 685 2127 distringat.
722 2057 966 2110 Decimus
1005 2071 1132 2110 suas
1161 2055 1572 2113 indominicatas
1598 2053 1666 2108 ad

83 2147 338 2218 hospitale
382 2149 641 2204 habeant.
679 2149 947 2204 Ecclesias
978 2164 1107 2204 vero
1160 2164 1306 2212 suas,
1335 2164 1456 2202 cum
1487 2148 1666 2202 omni-

83 2239 174 2294 bus
197 2241 308 2296 suis
334 2241 588 2307 decimis,
633 2241 773 2296 sicut
818 2258 914 2312 per
961 2241 1299 2312 privilegium
1339 2239 1664 2304 Romanum,

82 2341 131 2384 et
155 2346 249 2400 per
279 2332 489 2402 scripta
538 2333 908 2403 episcoporum
953 2333 1344 2403 acquisierunt,
1376 2339 1592 2386 teneant
1615 2339 1668 2387 et

79 2424 409 2490 possideant.
462 2424 652 2480 Cortes
687 2440 816 2480 vero
843 2440 978 2495 quas
1004 2440 1100 2495 per
1122 2432 1393 2494 prmcepta
1424 2431 1670 2478 anteces-

81 2530 253 2569 sorum
295 2524 638 2580 nostrorum,
667 2516 781 2571 sive
808 2516 1034 2569 aliorum
1063 2531 1249 2586 regum
1275 2513 1667 2584 aequisierunt,

33 2621 38 2625 '
80 2606 430 2663 inconvulsas
463 2617 682 2662 teneant
729 2623 793 2662 ac
821 2610 1150 2678 possideant.
1182 2607 1539 2662 Nominantur
1573 2623 1668 2660 au-

78 2705 178 2751 tem
211 2699 340 2768 ipsae
364 2708 557 2754 cortes
597 2699 649 2752 in
690 2697 1072 2755 Matisconensi
1127 2714 1264 2769 pago
1306 2697 1668 2753 Salustriacus

73 2799 123 2844 et
145 2789 470 2854 Chavinias,
521 2799 576 2845 et
606 2792 766 2845 tertia
791 2806 917 2861 pars
966 2793 1205 2861 piscinae,
1234 2791 1319 2846 cui
1348 2789 1666 2844 vocabulum

73 2891 147 2934 est
169 2881 298 2946 05a,
344 2896 479 2936 cum
527 2881 732 2936 mansis
761 2891 816 2936 et
844 2882 1205 2952 piscatoribus
1232 2881 1298 2936 ad
1339 2882 1512 2951 ipsam
1541 2895 1666 2950 par-

69 2978 172 3024 tem
197 2973 633 3042 pertinentibus.
684 2973 750 3027 Et
785 2974 837 3028 in
885 2974 1226 3045 Lugdunensi
1276 2989 1414 3044 pago
1442 2973 1674 3029 Cambe-

1760 418 1871 482 Dei,
1901 417 2012 473 sive
2043 419 2241 488 regula:
2269 420 2588 488 correptioni
2616 429 2980 483 reserventur,
3022 429 3075 473 et
3111 421 3328 480 donatio

1757 509 1867 563 Deo
1881 517 1934 564 et
1958 507 2289 577 sanctis-ejus
2317 509 2454 564 facta
2476 511 2777 566 nullatenus
2797 512 3152 566 reseindatur.
3176 513 3328 579 Quod

1756 599 1938 655 verius
1961 607 2020 655 ut
2067 601 2342 666 credatur,
2392 600 2802 672 diligentiusque
2846 601 2914 655 ab
2961 602 3210 657 omnibus
3237 604 3333 658 oh-

1757 700 2026 754 servetur.
2077 707 2237 746 manu
2276 693 2492 764 propria
2544 694 2880 759 roborantes,
2909 696 2976 749 de
3004 695 3202 750 annulo
3228 710 3331 749 no-

1758 789 1873 836 stro
1895 784 2080 838 subter
2107 783 2350 837 adnotari
2370 781 2656 850 jussimus.

1829 873 2052 943 Signum
2083 873 2272 929 Domni
2304 874 2556 930 Ludovici
2586 874 2954 945 gloriosissimi
2984 878 3143 947 regis.

1828 970 2098 1026 Gerardus
2140 971 2381 1025 notarius
2420 969 2485 1024 ad
2527 971 2700 1028 vicem
2750 971 2956 1028 Artaldi
2986 974 3219 1044 episcopi
3251 987 3336 1028 re-

1760 1063 2032 1135 cognovit.

1828 1157 2024 1209 Actum
2054 1151 2107 1207 in
2157 1151 2432 1218 Querceco
2457 1151 2610 1221 juxta
2653 1151 2941 1208 Doeiacum
2976 1150 3152 1205 villam
3179 1165 3339 1223 super

1758 1243 1978 1299 [luvium
2000 1241 2222 1306 Carum,
2259 1259 2334 1297 xn
2363 1243 2481 1297 Kal.
2529 1235 2636 1298 Jul.
2671 1243 2856 1299 indict.
2889 1244 2976 1307 12,
3007 1259 3148 1297 anno
3168 1243 3222 1306 4,
3257 1259 3341 1297 re-

1759 1344 1959 1405 gnante
2018 1333 2292 1389 Ludovico
2351 1349 2510 1403 rege,
2567 1335 2623 1388 in
2681 1334 2776 1389 Dei
2837 1334 3055 1389 nomine
3113 1332 3344 1388 feliciter

1759 1425 1952 1480 Amen.
2511 1494 2552 1549 ﬂ

1767 1605 2090 1677 Prwceptum
2105 1603 2408 1662 Clmonradi
2431 1608 2591 1728 aegis,
2622 1607 2685 1690 de
2713 1605 2934 1662 Tuaiaco
2961 1605 3013 1661 in
3031 1623 3163 1677 pago
3203 1603 3342 1676 Lug-

2470 1694 2670 1728 unenat.

2470 1694 2670 1731 unensz.

2372 1765 2552 1836 (Anno
2591 1765 2742 1837 945.)

1762 1930 1766 1935 .
1838 1881 1893 1934 ln
1916 1879 2133 1935 nomine
2160 1887 2363 1934 sanctae
2386 1887 2441 1933 et
2486 1877 2772 1932 individua:
2797 1875 3098 1939 Trinitatis.
3125 1876 3346 1932 Chaon-

1767 1971 1930 2026 radus
1961 1979 2090 2025 nutu
2121 1971 2503 2039 omnipotentis
2529 1969 2623 2024 Dei
2669 1969 3048 2025 serenissimus
3065 1983 3182 2023 rex.
3207 1967 3352 2023 Con-

1765 2065 1912 2118 venit
1938 2078 2375 2132 unumquemque
2424 2070 2666 2116 nostrum
2707 2060 2957 2116 Ecclesiae
3000 2059 3094 2114 Dei
3125 2074 3220 2129 pro
3261 2073 3346 2121 se,

1767 2156 1989 2225 suisque
2011 2155 2262 2210 omnibus
2289 2156 2398 2209 Deo
2423 2152 2607 2207 ﬁdeles
2629 2152 2919 2207 sublimare
2944 2167 3008 2208 ac
3039 2152 3347 2218 subvenire,

1767 2257 2034 2317 quatenus
2079 2246 2288 2301 noverit
2317 2245 2556 2300 omnium
2613 2245 2848 2300 ﬁdelium
2879 2255 3187 2299 nostrorum
3233 2259 3349 2300 me-

1769 2339 1942 2393 moria
1972 2338 2317 2408 prmsentium
2359 2353 2422 2393 ac
2445 2336 2770 2392 futurorum.
2797 2337 3038 2404 Qualiter
3075 2336 3226 2406 Hugo
3251 2352 3348 2392 co-

1769 2444 1884 2483 mes
1907 2429 2337 2498 consanguineus
2381 2438 2569 2483 noster
2606 2427 2740 2481 adiit
2786 2426 2989 2497 regiam
3024 2427 3352 2498 magnitudi-

1769 2533 1891 2573 nem
1920 2524 2178 2583 nos‘tram,
2204 2527 2264 2572 ut
2305 2519 2408 2573 hoc
2447 2517 2589 2586 quod
2639 2517 2796 2571 nobis
2847 2516 3042 2582 reddit,
3103 2516 3354 2572 videlicet

1769 2608 2095 2664 Thosiacum
2122 2609 2303 2662 villam
2349 2609 2403 2663 in
2441 2624 2579 2680 pago
2614 2607 2982 2679 Lugdunensi,
3009 2617 3064 2662 et
3095 2608 3354 2680 quidquid

1769 2700 1836 2754 ad
1870 2699 2010 2755 hanc
2053 2699 2287 2770 legitime
2339 2700 2610 2769 pertinere
2640 2700 2875 2763 videtur,
2917 2707 3114 2764 terras,
3145 2700 3352 2762 vincas,

1769 2799 1946 2862 prata,
1977 2791 2162 2856 silvas,
2205 2804 2394 2858 aquas,
2427 2804 2795 2860 aquarumque
2820 2790 3099 2853 decursus,
3119 2789 3356 2859 piscato-

1772 2885 1906 2949 rias,
1933 2896 2123 2939 omnes
2168 2895 2354 2936 servos
2390 2882 2670 2949 utriusque
2701 2896 2882 2946 sexus,
2914 2896 3012 2950 pro
3055 2888 3242 2934 nostro
3271 2894 3358 2935 se-

1774 2975 1928 3028 niore
1952 2975 2107 3028 bonae
2137 2972 2411 3026 memoriae
2456 2970 2687 3027 Rodulfo
2715 2987 2860 3042 rege,
2885 2981 2941 3026 et
2976 2970 3215 3026 remedio
3243 2975 3360 3025 ani-

68 3063 240 3117 riacus
271 3073 330 3118 et
367 3062 739 3132 Savigniacus
767 3078 835 3118 ex
876 3033 1029 3133 parte
1052 3033 1294 3134 llugonis
1327 3033 1392 3119 a2
1417 3064 1661 3119 Lotharii
1696 3033 1741 3095 C
1772 3079 1873 3119 ma:
1912 3072 2112 3119 nostrae
2154 3064 2221 3118 ad
2261 3063 2650 3119 monasterium
2697 3064 3036 3130 Cluniacum,
3090 3061 3231 3132 quod
3273 3070 3361 3117 est

65 3166 272 3221 regum.
318 3154 463 3210 Item
490 3153 546 3208 in
571 3154 758 3209 eodem
785 3170 920 3225 pago
941 3156 1228 3225 _Amberta,
1256 3171 1414 3225 quam
1437 3155 1668 3210 Bernar-

71 3243 164 3298 dus
188 3261 216 3297 a
239 3245 528 3302 Ludovico
561 3246 904 3315 imperatore,
953 3262 1050 3317 per
1083 3257 1406 3318 prmceptum
1437 3248 1672 3316 acquisi-

67 3335 160 3387 vit.
184 3335 402 3391 Prtedia
429 3335 782 3391 nihilominus
798 3351 891 3391 seu
916 3339 1304 3407 possessiones,
1328 3348 1489 3407 atque
1510 3339 1669 3391 aloda

65 3442 182 3496 quze
210 3430 486 3498 praedicto
529 3429 854 3483 monasterio
897 3445 926 3483 a
956 3429 1185 3484 diversis
1222 3430 1487 3500 personis,
1516 3429 1671 3483 Chri-

65 3519 242 3587 stique
291 3519 576 3584 ﬁdelibus,
618 3521 731 3574 suis
763 3520 1091 3590 temporibus
1119 3520 1418 3574 condonata
1442 3527 1586 3584 sunt,
1615 3519 1668 3573 in

61 3610 497 3680 quibuscunque
541 3610 692 3680 pagis
743 3609 826 3662 vel
886 3608 1104 3663 vieariis
1153 3609 1514 3674 constiterint,
1548 3625 1670 3663 cum

61 3699 321 3754 omnibus
360 3699 485 3754 suis
515 3699 845 3769 appendiciis
865 3697 986 3766 jure
1015 3715 1112 3754 suo
1140 3701 1524 3770 perpetualiter
1549 3700 1670 3753 vin-

59 3788 264 3843 dicent.
304 3789 388 3844 De
432 3788 609 3854 silvis,
641 3789 731 3844 ubi
763 3798 968 3858 partem
998 3789 1216 3854 habent,
1247 3799 1303 3844 et
1344 3789 1526 3854 terris,
1556 3789 1674 3842 nul-

59 3875 165 3941 lus,
198 3878 307 3933 nisi
338 3893 447 3948 per
480 3877 716 3947 ipsorum
746 3878 1074 3933 voluntatem
1093 3880 1404 3934 terraticum
1423 3879 1670 3948 accipiat.

58 3965 383 4021 Secundum
438 3981 574 4022 sane
599 3969 1185 4024 excommunicationes
1211 3970 1628 4040 apostolicorum
1657 4010 1673 4035 ,

57 4071 176 4126 qua:
200 4058 521 4129 privilegiis
554 4060 766 4114 inserta:
797 4068 942 4123 sunt,
959 4061 1318 4116 etsecundum
1332 4061 1674 4114 contestatio-

55 4165 178 4202 ncm
195 4165 370 4219 quam
385 4148 964 4218 prmfatusWillermus
976 4151 1300 4219 imprecatus
1311 4161 1412 4206 est.
1427 4150 1532 4205 Nos
1547 4165 1678 4223 quo-

54 4254 162 4306 que
192 4241 249 4293 in
294 4239 519 4294 Christi
550 4240 767 4294 nomine
820 4240 1159 4309 pnecipimus
1189 4250 1243 4295 et
1289 4248 1673 4305 contestamur,

1769 3162 2140 3210 constructum
2180 3153 2235 3208 in
2264 3155 2482 3232 honore.
2495 3155 2776 3210 beatorum
2807 3155 2950 3209 Petri
2982 3162 3034 3209 et
3062 3153 3211 3209 Pauli
3234 3168 3361 3225 apo-

1769 3243 2055 3309 stolorum,
2086 3257 2184 3312 per
2219 3251 2546 3313 przeceptum
2577 3244 2871 3299 secundum
2916 3259 3121 3298 morem
3153 3244 3360 3312 regium

1769 3333 2220 3396 concederemus;
2255 3333 2398 3401 quod
2433 3341 2488 3388 et
2532 3331 2777 3388 fecimus.
2811 3331 3066 3388 Volumus
3102 3348 3360 3404 namque,

1771 3439 1835 3478 ac
1872 3422 2105 3479 ﬁrmiter
2135 3423 2498 3490 decernimus,
2539 3431 2599 3478 ut
2625 3439 2786 3495 super
2817 3424 3226 3495 insertus_locus
3243 3441 3361 3481 om-

1771 3533 1894 3572 nem
1927 3517 2171 3572 obtineat
2199 3515 2459 3586 vigorem,
2484 3524 2538 3569 et
2577 3514 2836 3584 quidquid
2867 3515 2955 3569 hic
2981 3515 3254 3584 aspexerit
3291 3515 3360 3568 ad

1772 3623 1934 3679 super
1962 3615 2316 3662 memoratam
2353 3606 2556 3671 villam,
2588 3620 2711 3660 cum
2762 3605 3012 3660 omnibus
3051 3605 3163 3659 suis
3207 3603 3359 3673 adja-

1773 3701 1989 3764 centiis,
2038 3707 2094 3752 et
2140 3697 2469 3768 appendiciis
2501 3697 2805 3766 qutesitum,
2855 3703 2912 3750 et
2948 3694 3358 3764 acquirendum,

1774 3800 1947 3847 totum
1975 3799 2028 3846 et
2062 3790 2129 3844 ad
2184 3789 2471 3860 integrum,
2501 3788 2617 3843 sine
2654 3787 2762 3842 ullo
2797 3786 3093 3841 obsistente
3139 3775 3194 3840 et
3228 3801 3362 3841 cou-

1775 3883 2096 3938 tradicente.
2143 3879 2211 3934 Ut
2251 3889 2432 3934 autem
2489 3879 2591 3934 hoc
2642 3887 2884 3932 nostrum
2934 3884 3262 3946 praeceptum
3288 3875 3359 3929 ah

1775 3974 2025 4029 omnibus
2051 3973 2386 4036 observetur,
2419 3978 2474 4024 et
2521 3985 2551 4023 a
2581 3969 2796 4022 nemine
2823 3983 3059 4036 unquam
3105 3965 3356 4028 violetur,

1777 4081 1937 4120 manu
1982 4063 2198 4134 propria
2245 4061 2599 4125 ﬁrmavimus,
2639 4059 2779 4115 etde
2813 4057 2986 4128 sigillo
3009 4065 3197 4114 nostro
3226 4071 3361 4113 con-

1777 4154 1994 4210 ﬁrmare
2011 4153 2294 4221 jussimus.
3375 4140 3380 4144 ’

1850 4245 2078 4316 Signum
2116 4243 2306 4297 Domni
2335 4241 2642 4297 Chuonradi
2675 4240 2902 4310 piissimi
2933 4241 3099 4310 regis.
3152 4237 3160 4253 ί

55 4340 114 4384 ut
143 4347 447 4402 nunquam
482 4331 645 4388 alicui
686 4333 1014 4398 mortalium,
1045 4335 1154 4404 regi
1181 4333 1446 4398 videlicet,
1470 4335 1677 4403 episco—
1705 4365 1756 4425 Β
1851 4335 1986 4389 Data
2011 4350 2130 4388 vnn
2162 4332 2280 4386 Kal.
2307 4332 2454 4398 Maii,
2483 4346 2625 4386 anno
2653 4333 2721 4387 ab
2743 4331 3118 4386 lncarnatione
3141 4329 3363 4386 Domini

53 4437 142 4490 po,
172 4425 259 4479 vel
289 4422 500 4478 comiti
554 4423 793 4493 quolibet
840 4435 1000 4494 pacto
1027 4424 1362 4492 subjiciatur,
1396 4428 1489 4480 sed
1515 4426 1675 4496 juxta

46 4515 460 4580 traditionem,
512 4529 672 4583 quam
716 4517 916 4572 nostris
954 4517 1143 4572 diebus
1194 4526 1377 4573 tenere
1404 4519 1672 4586 videntur,

66 4638 2116 4663 Μ’,-

1783 4426 1950 4482 nostri
1987 4424 2116 4479 Jesu
2166 4421 2365 4477 Christi
2403 4420 2531 4486 945,
2575 4436 2718 4476 anno
2758 4461 2774 4475 .
2815 4461 2830 4476 .
2875 4461 2889 4476 .
2933 4461 2948 4476 .
2989 4457 3007 4475 .
3051 4458 3066 4473 .
3107 4425 3371 4486 regnante

1782 4519 1980 4574 domno
2003 4513 2324 4572 Chuonrado
2356 4527 2482 4584 rege
2508 4511 2620 4567 ﬁlio
2649 4512 2861 4569 Rodulﬁ
2887 4511 3134 4569 feliciter.
3170 4509 3371 4578 Amen.

2123 4637 3343 4664 Μ

1602 4741 1776 4847 1V.

1118 4937 1658 5034 DONATIO
1733 4943 2352 5050 LEOTALDI

1323 5106 1582 5154 COMITIS
1626 5110 2123 5156 MATISCONENSIS

1187 5215 1577 5278 Monasterio
1623 5217 2019 5282 Cluniacensi
2049 5221 2243 5301 facta.

770 5309 1091 5356 {Bibliotheca
1118 5314 1401 5356 Rabnsiana-
1425 5330 1473 5356 n-
1500 5314 1602 5356 ma-
1630 5327 1684 5356 ει

1772 5317 2020 5356 urlnlm-in
2044 5318 2273 5356 Dnnlnc'm
2314 5311 2744 5356 minant'AnSls-‘
