3964 5356
84 296 176 351 855

50 409 304 477 ,videlicet
346 408 560 467 divinus
608 425 788 467 sermo
819 411 1076 483 possibile
1115 411 1428 477 ostendens,
1478 419 1639 481 atque
1668 413 1715 472 Α

83 502 144 556 ad
196 501 287 555 hoc
330 501 555 558 omnino
609 501 873 567 suadens,
925 501 1098 556 dicit:
1156 500 1361 555 Divitior
1414 501 1515 554 viri
1560 516 1640 554 re-

81 591 283 660 demptio
303 592 496 649 animo:
517 592 634 661 ejus
655 590 837 663 (Prov.
869 591 1012 662 xm).
1037 590 1189 658 Quod
1216 605 1315 661 ego
1340 590 1641 646 Willelmus

83 682 210 737 dono
234 680 321 738 Dei
351 696 535 737 comes
555 692 610 736 et
632 682 740 735 dux
765 681 994 737 sollicite
1020 683 1391 752 perpendens,
1425 696 1489 736 ac
1516 696 1641 750 pro-

83 774 199 844 prire
231 773 401 837 saluti,
434 775 560 828 dum
589 773 795 828 licitum
825 782 939 839 est,
976 774 1262 842 providere
1281 774 1526 843 cupiens,
1555 788 1642 828 ra-

82 873 207 928 tum,
254 864 359 919 imo
405 864 871 934 pernecessarium
918 864 1068 930 duxi,
1112 872 1170 919 ut
1202 878 1270 919 ex
1322 865 1484 921 rebus
1522 879 1642 935 qua:

80 958 202 1012 mihi
240 958 604 1029 temporaliter
646 958 857 1014 collatae
909 967 1068 1023 sunt,
1110 959 1178 1014 ad
1218 957 1642 1014 emolumentum

79 1050 254 1105 animm
280 1065 413 1105 mea:
439 1050 834 1121 aliquantulum
867 1050 1168 1120 impertiar.
1201 1050 1410 1120 Quippe
1434 1050 1560 1121 quia
1588 1050 1642 1104 in

80 1141 156 1196 his
186 1140 363 1197 videor
392 1142 734 1207 excrevisse,
775 1158 843 1197 ne
886 1141 1134 1198 fortassis
1163 1150 1332 1197 totum
1363 1142 1430 1198 ad
1456 1157 1642 1197 curam

72 1232 304 1302 corporis
362 1233 659 1304 rcdarguar
710 1233 764 1287 in
819 1248 1072 1303 supremo
1122 1233 1478 1304 expendisse,
1515 1233 1643 1302 quin

74 1326 242 1394 potius
266 1340 385 1380 cum
428 1340 675 1396 suprema
707 1341 828 1380 sors
857 1334 1053 1381 cuncta
1085 1327 1358 1396 rapuerit,
1390 1326 1644 1396 quiddam

77 1418 199 1472 mihi
228 1419 484 1490 gaudeam
525 1434 854 1474 reservasse.
896 1418 1026 1486 Quae
1056 1419 1264 1473 scilicet
1307 1434 1471 1473 causa
1503 1419 1645 1473 nulla

72 1512 245 1582 specie
289 1511 373 1567 vel
427 1513 586 1568 modo
633 1512 1019 1582 congruentius
1065 1526 1224 1581 posse
1264 1510 1382 1566 ﬁeri
1410 1511 1645 1574 videtur,

73 1604 172 1658 nisi
205 1613 260 1659 ut
301 1604 452 1675 juxta
490 1604 702 1660 Domini
743 1612 1114 1674 praeceptum:
1145 1605 1354 1659 Amicos
1394 1604 1524 1657 mihi
1567 1603 1650 1672 fa-

69 1696 198 1749 ciam
224 1695 370 1765 (Luc.
402 1712 513 1761 xvr,
542 1695 598 1767 9)
644 1710 909 1767 pauperes
937 1694 1087 1763 eius,
1128 1706 1293 1765 utque
1339 1695 1648 1764 bujusmodi

68 1790 228 1856 actio,
258 1806 359 1845 non
384 1790 453 1845 ad
496 1799 724 1861 tempus,
756 1790 851 1844 sed
891 1789 1146 1847 continue
1189 1798 1503 1860 peragatur,
1535 1804 1653 1843 mo-
1687 1785 1729 1843 ll

70 1880 265 1934 nastica
283 1879 618 1950 professione
631 1888 989 1951 congregatos
1010 1895 1076 1934 ex
1092 1880 1327 1950 propriis
1349 1879 1651 1948 sumptibus

66 1980 375 2026 sustentem.
421 1970 498 2026 Ea
541 1970 806 2042 siquidem
855 1969 992 2034 ﬁde,
1038 1985 1100 2024 ea
1142 1984 1255 2040 spe,
1303 1976 1361 2022 ut
1405 1968 1655 2038 quamvis

67 2063 179 2133 ipse
206 2076 398 2119 cuncta
427 2071 773 2119 contemnere
797 2077 1083 2132 nequeam,
1114 2072 1291 2116 tamen
1317 2062 1445 2115 dum
1466 2062 1653 2117 mundi
1715 2101 1718 2107 η

61 2163 478 2225 contemptores,
502 2170 639 2224 quos
652 2152 832 2222 iustos
853 2154 1037 2217 credo,
1062 2153 1400 2223 susceperint
1426 2170 1442 2207 :
1469 2152 1653 2207 Iusto-

61 2262 178 2299 rum
205 2246 487 2302 mercedem
513 2247 767 2318 accipiam
799 2245 1015 2317 (Halm.
1044 2249 1099 2311 x,
1133 2246 1246 2316 il).

133 2336 295 2409 igitur
350 2338 603 2395 omnibus
675 2340 729 2394 in
816 2328 1029 2394 unitate
1102 2337 1227 2393 ﬁdei
1308 2337 1649 2405 viventibus,

60 2494 443 2549 Recentiorum
502 2508 653 2556 vero,
714 2491 805 2560 qui
858 2489 1189 2547 l‘undationis
1246 2489 1490 2561 ejusdem
1550 2506 1647 2561 per

58 2564 406 2621 Guillelrnum
461 2563 653 2618 ducem
689 2564 844 2618 facta:
892 2563 1255 2634 meminerint,
1312 2578 1415 2617 non
1451 2577 1653 2634 parvus

56 2637 224 2691 etiam
256 2634 523 2702 reperitur
563 2649 839 2688 numerus.
897 2632 1107 2686 Platina
1162 2632 1424 2701 siquidem
1452 2632 1504 2687 in
1528 2634 1649 2686 Vita

61 2705 293 2760 Adriani
320 2703 383 2758 Ill
412 2719 587 2774 papa},
614 2703 942 2774 Chronicum
972 2702 1652 2774 Chronicorum,_Jacobus

54 2772 441 2848 Bergomensis
486 2772 594 2848 ’in_
616 2773 1009 2848 supplemento,
1056 2772 1327 2848 Rohertus
1376 2772 1651 2848 Caguinus

51 2841 257 2900 lib.‘vr
296 2844 499 2899 llistor.
553 2841 910 2904 Francorum,
951 2841 1188 2898 Joannes
1238 2841 1544 2898 Bouchetus
1600 2845 1654 2896 in

50 2914 362 2969 Annalibus
396 2915 722 2984 Aquitania),
755 2912 1007 2967 Nicolaus
1040 2913 1326 2984 Vignerius
1350 2913 1401 2966 in
1427 2912 1658 2968 Chroni-

49 3001 119 3041 co
145 3002 336 3041 rerum
377 2982 814 3054 Burgundionum
862 2984 930 3037 ad
980 2997 1178 3054 annum
1207 2982 1334 3045 9H),
1372 2992 1429 3037 et
1477 2983 1655 3039 Gene-

53 3056 299 3110 brardus
348 3052 509 3126 libro'
535 3063 731 3123 quarto
759 3052 1157 3123 Chronologiae,
1200 3054 1378 3108 verbis
1418 3054 1469 3106 in
1506 3054 1647 3107 illam
1680 3066 1722 3126 ε

45 3125 491 3195 expressissimis
516 3126 879 3179 consentiunt.

118 3192 278 3267 (2‘20)
325 3193 638 3267 Cluuiucum
681 3195 875 3267 scilicet
922 3194 1203 3267 quaesita
1229 3203 1336 3267 est;
1378 3192 1649 3267 §itu_m__et

42 3262 709 3337 ety‘iuolcgiamCluniaci
731 3266 816 3337 _s_ic
839 3262 1098 3318 describit
1142 3262 1344 3337 Glaber
1384 3263 1648 3337 Redullus

38 3334 190 3392 libro
214 3334 383 3393 tertio
430 3336 683 3390 Historiae
729 3335 1086 3399 Francorum,
1126 3335 1304 3404 capite
1346 3335 1555 3404 quinto,
1583 3334 1649 3388 de

38 3409 247 3463 ordine
293 3406 471 3462 sancti
510 3406 783 3460 Benedicti
814 3419 980 3473 agens
1013 3420 1028 3456 :
1076 3423 1094 3455 ι
1138 3404 1219 3458 Ad
1246 3404 1494 3473 ultimum
1519 3418 1651 3472 quo-

36 3493 169 3547 que.
204 3477 410 3547 inquit,
446 3477 698 3547 praedicta
746 3471 1317 3547 videlicetuinstitutio
1344 3471 1471 3547 _jam
1511 3471 1649 3547 pene

34 3543 305 3612 defessa,
355 3543 576 3602 auctore
608 3544 739 3610 Deo,
786 3543 947 3613 elegit
985 3545 1087 3600 sibi
1128 3545 1404 3614 sapientiae
1442 3545 1644 3614 sedem,

32 3618 195 3672 vires
236 3617 558 3680 collectura,
589 3631 653 3669 ac
681 3616 1072 3669 fruetilicatura
1113 3613 1360 3682 germine
1384 3613 1648 3682 multipli-

29 3687 111 3751 ci,
144 3688 205 3743 in
232 3687 573 3742 monasterio
599 3686 1182 3755 scilicetcognomeuto
1201 3684 1481 3745 Cluniaco,
1505 3682 1649 3755 quod

29 3759 220 3812 etiam
274 3775 347 3812 ex
386 3758 492 3811 situ
528 3756 767 3824 ejusdem
819 3753 921 3809 loci
971 3754 1196 3818 acclivo,
1258 3764 1420 3823 atque
1460 3753 1648 3824 humili

29 3828 152 3882 tale
183 3830 450 3883 sortitum
479 3822 567 3882 est
588 3842 785 3881 nomen
810 3844 822 3879 :
855 3825 1171 3888 vel’etlam,
1199 3822 1347 3892 quod
1368 3823 1547 3893 aptius
1573 3822 1647 3877 illi

22 3900 334 3968 congruit,
366 3914 396 3953 a
420 3898 649 3968 eluendo
678 3897 903 3968 dictum,
936 3896 1189 3964 quoniam
1214 3893 1417 3968 cluere,
1444 3908 1652 3949 cresce-

22 3985 95 4023 re
120 3965 395 4024 dicimus.
423 3967 638 4037 Insigne
663 3966 864 4036 quippe
890 3966 1284 4037 incrementum
1309 3965 1650 4037 diversorum

17 4042 325 4094 donorum
349 4053 381 4093 a
410 4039 491 4093 sui
510 4035 772 4107 principio
800 4035 854 4107 in
875 4036 990 4090 dies
1015 4036 1166 4107 locus
1182 4036 1330 4107 idem;
1343 4035 1599 4107 obtinuit.
1625 4051 1644 4084 ι

14 4110 150 4164 Sed
182 4119 246 4163 et
272 4110 438 4164 aliam
485 4103 645 4178 hujus
667 4103 1411 4178 nominisoriginemallen
1456 4103 1651 4178 _Petrus

10 4180 363 4234 Damianus
385 4178 523 4233 libro
543 4174 698 4233 sexto
736 4174 1110 4246 epistolarum,
1150 4176 1377 4246 epistola
1403 4176 1469 4230 ad
1508 4174 1653 4246 lJng

13 4264 170 4303 nem
204 4249 471 4304 abbatem
491 4257 547 4303 et
578 4245 872 4303 monachos
914 4245 1286 4302 Cluniacensis
1332 4245 1650 4301 monasterii

10 4321 120 4375 liis
158 4320 400 4374 verbis:
438 4338 457 4370 ‹
500 4317 649 4373 Unde
687 4332 809 4373 cum
843 4325 917 4379 te,
944 4316 1069 4370 felix
1099 4315 1376 4380 Cluniace,
1403 4315 1652 4370 conside-

9 4407 115 4455 ro,
141 4390 279 4475 ,ἕως
309 4392 431 4472 tibi.
454 4404 648 4471 nomen
696 4388 1004 4475 impositum
1043 4387 1294 4467 non.sine
1316 4387 1489 4475 divini
1513 4399 1647 4475 prte-
1679 4416 1725 4475 Ι)

9 4460 183 4530 sagii
219 4460 586 4529 dispositione
614 4456 912 4530 perpendo.
931 4457 1043 4511 Hoc
1087 4457 1284 4525 quippe
1329 4456 1645 4530 vocabulum

9 4526 407 4587 ex'clunibus
431 4540 486 4585 et
535 4526 637 4583 acu
666 4526 1028 4598 componitur,
1083 4542 1180 4596 per
1224 4528 1367 4598 quod
1396 4526 1648 4598 videlicet

9 4603 335 4655 amntium
376 4602 536 4656 boum
563 4596 882 4654 exercitium
913 4598 1247 4667 designatur.
1294 4596 1398 4651 Bos
1421 4596 1565 4650 enim
1593 4597 1647 4649 in

9 4670 314 4726 clunibus
337 4671 526 4727 aculeo
549 4671 823 4740 puugitur,
852 4677 913 4723 ut
940 4678 1181 4740 aratrum
1212 4668 1410 4731 trahat,
1432 4673 1645 4740 etarva

9 4743 397 4811 proscindat.
426 4735 712 4811 Illic—enim
750 4738 972 4794 humani
994 4738 1175 4793 cordis
1203 4752 1336 4811 ager
1349 4735 1644 4811 excolitur,

9 4806 186 4894 {unde
212 4827 389 4894 seges
416 4812 515 4894 illa
530 4810 817 4894 colligitur,
848 4824 967 4894 quae
1008 4806 1362 4894 promptuarii
1412 4806 1647 4894 caelestis

9 4882 262 4938 zcdibus
285 4877 607 4938 iulercitur.
641 4877 680 4933 ί
702 4880 768 4934 Et
808 4877 1132 4950 postipauca
1160 4895 1173 4931 :
1203 4898 1220 4930 ε
1251 4877 1648 4950 Convenienter

9 4953 236 5022 itaque
296 4954 639 5022 Cluniacurm__
671 4948 877 5022 agrum“
900 4948 1158 5012 dikerim,
1190 4951 1243 5022 in
1271 4964 1376 5019 quo
1398 4948 1650 5022 videlicet

9 5014 328 5080 Doritinici
359 5026 531 5080 boves
558 5014 970 5090 infatigabiliter
996 5026 1178 5090 arant,
1209 5014 1334 5090 dum
1362 5033 1456 5090 eos
1479 5014 1645 5071 divini

9 5098 282 5152 terroris
313 5095 543 5151 aculeus
568 5088 809 5144 stimulat
837 5105 851 5141 :
884 5096 940 5141 et
967 5088 1110 5142 velut
1135 5104 1234 5142 acu
1261 5089 1499 5156 clunium
1522 5102 1647 5156 pars

9 5175 329 5234 postrema
364 5162 810 5230 transpungitur,
853 5172 978 5213 cum
1021 5157 1197 5213 ultimi
1234 5155 1645 5224 terrorejudicii

9 5253 184 5294 iniens
219 5240 479 5294 humana
514 5239 764 5285 terretur.
800 5248 819 5280 ι
932 5289 937 5293 ξ

79 5310 265 5356 (2‘2!)
307 5307 487 5356 Suver
533 5300 773 5356 ﬂuvium.
830 5299 921 5356 qui
959 5294 1180 5353 Grauna
1226 5306 1464 5352 vocatur.
1494 5294 1645 5352 Alius

1140 290 1669 354 TESTAMENTUM
1708 283 2055 352 \VILLEL‘MI
2093 297 2198 353 vn.

3233 306 3338 363 84::

1742 408 2053 481 Christique
2113 409 2541 466 misericordiam
2603 411 3002 483 postulantibus
3067 416 3159 487 qui
3234 421 3339 478 sibi

1743 501 2047 555 successuri
2110 508 2288 567 sunt,
2353 510 2409 555 et
2471 518 2640 572 usque
2704 504 2772 558 ad
2837 505 3019 561 saeculi
3084 522 3341 567 consum-

1744 591 2035 647 mationem
2093 592 2325 656 victuri,
2382 602 2564 647 notum
2612 592 2718 659 sit,
2773 597 2916 665 quod
2973 598 3044 653 ob
3097 614 3342 657 amorem

1744 683 1878 749 Dei,
1926 690 1986 738 et
2050 682 2349 738 Salvatoris
2408 684 2575 739 nostri
2622 684 2749 739 Jesu
2799 686 3040 750 Christi,
3074 703 3162 744 res
3203 690 3343 760 juris

1744 774 1849 830 mei
1930 775 2132 832 sanctis
2208 776 2469 847 apostolis
2534 775 2697 831 Petro
2755 777 3005 835 videlicet
3060 789 3116 835 et
3177 781 3344 836 Paulo

1743 867 1812 923 de
1862 868 2081 940 propria
2144 870 2298 923 trado
2365 869 2732 924 dominatione
2793 869 3168 947 [donatione]
3219 873 3346 930 Clu-

1744 958 1959 1014 niacum
1984 959 2196 1016 scilicet
2229 959 2573 1032 [Cluniacum
2604 962 2815 1018 scilicet
2834 963 3042 1038 villam]
3073 981 3194 1036 qum
3224 967 3333 1022 sita

1744 1060 1828 1107 est
1867 1050 2015 1125 (220)
2049 1066 2213 1122 super
2251 1049 2472 1106 ﬂuvium
2504 1052 2598 1122 qui
2626 1051 2846 1108 Grauna
2876 1053 3139 1130 [Granna]
3183 1056 3339 1130 (221)

1744 1155 1993 1211 vocatur,
2031 1162 2155 1202 cum
2183 1145 2373 1202 cortile
2398 1142 2453 1200 et
2484 1161 2678 1202 manso
2714 1147 3134 1215 indominicato,
3155 1159 3213 1205 et
3246 1165 3340 1205 ca-

1745 1237 1885 1307 pella
1905 1253 2025 1308 quae
2048 1246 2133 1294 est
2159 1239 2213 1294 in
2243 1240 2452 1294 honore
2474 1249 2677 1294 sanctze
2702 1239 2793 1295 Dei
2826 1239 3106 1312 genitricis
3128 1240 3337 1307 Mariae,

1745 1338 1802 1385 et
1848 1331 2021 1387 sancti
2070 1329 2216 1385 Petri
2273 1331 2638 1401 apostolorum
2677 1332 2829 1405 (222)
2878 1335 3169 1405 principis,
3221 1351 3345 1391 cum

1747 1432 2000 1487 omnibus
2029 1431 2193 1487 rebus
2220 1431 2287 1486 ad
2312 1431 2483 1502 ipsam
2512 1432 2691 1488 villam
2723 1434 3126 1503 pertinentibus
3154 1453 3167 1489 :
3199 1435 3344 1491 villis

1751 1531 2049 1602 siquidem,
2102 1531 2353 1602 capellis.
2427 1533 2713 1604 mancipiis
2785 1535 3068 1605 utriusque
3142 1550 3342 1602 sexus,

1751 1631 1946 1698 vineis,
1990 1633 2236 1702 campis,
2284 1631 2476 1703 pratis,
2533 1634 2712 1699 silvis,
2750 1636 2928 1704 aquis,
2974 1650 3346 1709 aquarumque

1757 1732 2099 1801 decursibus,
2153 1732 2457 1798 farinariis,
2485 1735 2720 1792 exitibus
2752 1745 2809 1793 et
2836 1739 3204 1809 regressibus;
3232 1740 3347 1796 cul-

1761 1845 1874 1890 tum
1900 1842 1956 1891 et
1994 1835 2264 1891 incultum
2303 1851 2427 1891 cum
2467 1836 2616 1891 omni
2658 1836 2985 1909 integritate.
3019 1837 3149 1906 Quae
3176 1839 3343 1895 etiam

1763 1954 1852 1993 res
1871 1943 1998 1992 sunt
2017 1936 2135 1991 sitae
2160 1937 2212 1990 in
2233 1935 2490 1991 comitatu
2519 1935 2900 1991 Matisconensi
2924 1938 3006 1993 vel
3033 1939 3201 2002 circa,
3231 1940 3346 1995 suis

1757 2051 2081 2106 unaquaque
2104 2036 2350 2091 terminis
2367 2036 2635 2092 conclusa:
2656 2036 2825 2110 (225).
2849 2038 3002 2094 Dono
3024 2048 3205 2095 autem
3228 2042 3346 2096 hmo

1754 2136 1936 2190 omnia
1971 2133 2086 2203 jam
2131 2135 2290 2191 dictis
2338 2135 2599 2205 apostolis
2637 2151 2737 2207 ego
2778 2136 3085 2195 Willelmus
3114 2149 3170 2195 et
3208 2154 3348 2195 uxor

1756 2254 1875 2294 mea
1931 2236 2259 2309 lngelberga,
2311 2238 2543 2307 primum
2588 2252 2687 2308 pro
2735 2252 2921 2294 amore
2968 2239 3096 2305 Dei,
3152 2242 3348 2297 deinde

1755 2352 1854 2407 pro
1907 2337 2087 2392 anima
2137 2336 2369 2392 senioris
2425 2336 2533 2392 mei
2588 2336 2793 2393 Odonis
2834 2338 2977 2409 regis
3027 2339 3204 2412 (224),
3242 2355 3343 2411 pro

1754 2506 1941 2546 verum
1974 2498 2033 2544 ut
2063 2489 2267 2546 habent
2299 2491 2413 2561 ipsa
2446 2489 2701 2545 Willelmi
2726 2492 2879 2548 ducis
2903 2495 3065 2549 verba
3103 2514 3122 2546 σ
3160 2496 3213 2550 in
3242 2498 3346 2552 bo-

1762 2578 1895 2617 nore
1917 2572 2119 2617 sanctae
2157 2561 2248 2616 Dei
2303 2561 2591 2632 genitricis
2633 2561 2834 2627 Mariae,
2863 2572 2918 2618 et
2972 2566 3147 2620 sancti
3196 2565 3347 2624 Petri

1762 2632 2129 2704 apostolorum
2162 2631 2443 2704 principis.
2482 2650 2501 2682 ι
2523 2631 2659 2704 _Nec
2709 2632 2896 2688 dubito
2923 2634 3053 2704 quin
3081 2637 3206 2692 inde
3232 2655 3348 2693 ma-

1761 2701 1971 2758 naverit
1988 2701 2404 2765 errorillorum,
2444 2701 2539 2773 qui
2587 2701 2972 2758 monasterium
3008 2705 3178 2773 ipsum
3210 2706 3343 2762 Clu-

1759 2774 2014 2828 niacense
2034 2780 2402 2827 constructum
2431 2787 2459 2825 a
2474 2771 2697 2826 Warino
2723 2775 2823 2827 rati
2850 2784 2993 2828 sunt.
3010 2771 3139 2830 Erat
3162 2787 3345 2833 autem

1759 2853 1815 2898 et
1840 2843 1943 2896 alia
1972 2841 2085 2910 jam
2118 2853 2359 2909 tempore
2396 2842 2566 2911 ipsius
2609 2842 2813 2897 Warini
2859 2846 3076 2900 comitis
3112 2847 3342 2904 ecclesia

1757 2914 1974 2968 condita
2007 2912 2275 2983 Cluniaﬁci,
2320 2913 2461 2967 sicut
2505 2924 2773 2983 memorat
2797 2914 3030 2983 diploma
3083 2916 3343 2974 Ludovici

1757 2984 1838 3037 Pii
1866 2993 2165 3056 sanctoque
2194 2982 2441 3056 Romam)
2466 2982 2643 3056 dicata
2676 3000 2706 3036 a
2751 2982 3045 3056 lf‘lodomeo
3086 2988 3341 3056 quodam,

1756 3069 1917 3123 quem
1948 3045 2279 3125 Sigismuudi
2307 3062 2361 3125 et
2387 3045 2701 3125 Gothoruart
2750 3054 2980 3125 ﬁliorum
3008 3045 3344 3113 Gundebaldi

1755 3122 2193 3200 Burgundionum
2226 3124 2370 3194 regis
2392 3122 2614 3200 tutelam
2636 3124 2705 3179 ab
2743 3124 2897 3178 initio
2917 3126 3151 3196 gessisse
3171 3126 3343 3200 Bega-

1754 3193 1947 3249 tius'in
1978 3195 2091 3249 suis
2115 3193 2539 3249 Commentariis
2559 3203 2750 3248 auctor
2781 3203 2884 3249 est.
2927 3193 2957 3240 ⁷.

1825 3265 1976 3337 (225)
2009 3264 2134 3319 Suis
2168 3280 2481 3337 unoquoque
2522 3264 2759 3337 terminis
2799 3265 3078 3320 conclusae.
3127 3267 3204 3322 De
3233 3275 3343 3323 ter-

1750 3332 1916 3407 minis
1943 3332 2083 3407 Sacri
2112 3332 2677 3407 bauni'Cluniaeensis
2694 3337 2924 3407 cmuobii
2956 3347 3121 3407 agunt
3150 3338 3337 3393 Petrus

1749 3404 2077 3460 Albanensis
2140 3402 2737 3475 episcopus__Urbanus
2784 3405 2829 3460 ll
2882 3402 3051 3475 papi,
3098 3407 3344 3463 Calixtus

1753 3477 1881 3547 item
1907 3475 1952 3530 ll
1983 3490 2141 3547 papa,
2185 3482 2251 3547 et
2278 3474 2369 3529 alii
2431 3473 2660 3528 Romani
2709 3473 2997 3544 pontiﬁces
3032 3478 3232 3547 passim
3287 3481 3341 3534 in

1754 3545 2142 3615 diplomatibus
2169 3544 2304 3599 suis.

1825 3615 1974 3685 (225)
2026 3614 2133 3685 Pro,
2183 3616 2361 3685 quinta
2394 3613 2617 3685 seniori:
2652 3614 2753 3666 mei
2792 3612 2999 3685 _Odouis
3044 3616 3195 3685 regis.
3241 3617 3339 3672 llic

1754 3682 1869 3755 ouo
1895 3682 2036 3739 ﬁlius
2064 3684 2165 3755 fuit
2192 3682 2409 3755 Roberti
2431 3683 2835 3753 Andegavensis
2864 3682 3144 3755 comitis}
3178 3702 3339 3755 quem

1753 3754 1946 3811 Franci
1963 3752 2669 3878 qsicuthabetlragmentum
2700 3763 2853 3807 vetus
2870 3753 3070 3809 Histor.
3089 3752 3333 3827 Franc.),

1754 3826 1884 3878 licet
1912 3840 1970 3878 re
1994 3834 2290 3878 uolantem.
2332 3833 2564 3878 tutorem
2591 3824 2763 3878 pueri.
2790 3823 2968 3877 Caroli
2994 3825 3201 3878 scilicet
3226 3829 3332 3878 Lu-

1754 3826 1884 3880 licet
1912 3823 2290 3887 reluctantem,
2332 3833 2564 3878 tutorem
2591 3824 2763 3892 pueri.
2790 3823 2968 3877 Caroli
2994 3825 3201 3880 scilicet
3226 3823 3332 3881 Lu-

1754 3896 1932 3952 dovici
1982 3894 2130 3950 Balbi
2165 3894 2278 3959 lilii,
2333 3894 2594 3965 regnique
2625 3894 2834 3965 elegere
2868 3895 3283 3963 gubernatorem
3316 3916 3330 3952 :

1753 3966 1846 4036 qui
1895 3974 2074 4021 mente
2121 3964 2415 4036 benignus,
2457 3974 2511 4017 et
2573 3964 2878 4036 reipublicae
2926 3965 3108 4020 hostes
3151 3967 3331 4036 oppri-

1754 4034 1950 4091 mendo
1971 4046 2189 4091 strenue
2218 4034 2452 4104 praefuit,
2479 4043 2531 4088 ct
2554 4035 2836 4101 parvulum
2865 4036 3069 4103 optime
3090 4034 3333 4101 nutrivit,

1755 4117 1916 4176 atque
1953 4103 2285 4162 adolescenti
2327 4113 2384 4159 et
2409 4121 2504 4159 sua
2561 4103 2823 4176 repetenti
2868 4106 3138 4176 patienter
3166 4122 3333 4175 regna

1760 4174 1977 4231 refudit.
2020 4197 2037 4228 ι
2088 4176 2218 4229 Erat
2263 4183 2392 4228 tunc
2408 4189 2601 4245 comes
2633 4174 3334 4245 Parisiensis,Aquitania:-

1755 4263 1861 4317 que
1888 4248 2017 4311 dux,
2040 4247 2178 4300 sicut
2206 4245 2359 4317 Abbo
2405 4242 2765 4317 Floriacensis
2804 4243 2897 4298 lib.
2930 4242 3330 4317 t_0bsid.Pari-

1757 4313 1917 4372 s'iacre
1957 4316 2127 4379 urbis,
2166 4323 2221 4370 et
2267 4314 2568 4369 Ademarus
2618 4313 2991 4369 Chabaueusis
3027 4315 3080 4369 in
3125 4316 3330 4372 Histor.

1756 4388 2060 4457 Aquitania:
2104 4393 2388 4457 testantur.
2429 4384 2621 4437 Verum
2655 4393 2876 4457 postea,
2908 4382 3105 4457 Franci
3141 4387 3328 4455 conju-

1755 4452 1929 4511 raiues
1958 4464 2138 4510 contra
2188 4452 2438 4509 Carolum
2462 4470 2579 4507 eum
2630 4452 2695 4508 de
2724 4470 2880 4524 regno
2925 4452 3253 4524 expulerunt,
3283 4469 3333 4509 et

1753 4526 1992 4582 Odonem
2016 4527 2153 4579 ltum:
2180 4540 2358 4596 proco
2384 4539 2600 4596 regnare
2626 4534 3007 4596 constituerunt
3023 4542 3042 4589 ;
3071 4535 3131 4596 ut
3157 4526 3334 4596 inquit

1750 4605 1939 4653 auctor
1986 4596 2139 4650 libris
2169 4592 2205 4647 u
2261 4592 2397 4649 Vita:
2425 4592 2600 4648 sancti
2648 4594 2884 4660 Geuulﬁ,
2938 4610 2989 4650 c.
3037 4595 3123 4649 l7.
3178 4592 3331 4661 Quod

1748 4667 1964 4737 quidem
2004 4679 2323 4735 magnarum
2352 4665 2649 4737 intereum
2682 4677 2737 4718 et
2760 4664 3332 4737 Carol_u_m_discord_ia-

1752 4733 1870 4793 rum
1897 4733 2413 4791 initium'ctcausam
2442 4733 2610 4788 fuisse
2639 4744 2787 4802 patet
2810 4751 2877 4791 ex
2906 4734 3207 4788 FlodOardo
3233 4734 3328 4788 lib.

1748 4824 1803 4863 tv
1832 4807 2033 4864 llistor.
2066 4805 2212 4860 Eccl.
2248 4806 2397 4861 item.
2439 4819 2593 4873 capp.
2619 4805 2675 4868 2,
2705 4806 2739 4859 5
2763 4814 2820 4860 et
2857 4820 2987 4873 seqq
3018 4841 3033 4866 ,
3064 4804 3184 4856 licet
3212 4802 3329 4858 Odo

1751 4880 1864 4949 ipse
1895 4893 1994 4949 nec
2046 4877 2269 4949 integris
2302 4877 2488 4949 etiam
2524 4878 2577 4926 in
2631 4890 2796 4945 regno
2848 4876 3059 4949 duobus
3096 4875 3339 4926 substitit

1749 4942 1927 5005 antiis.
1952 4947 2103 5020 Hunc
2119 4942 2281 5020 igitur
2294 4943 2640 5020 Cuillelmus,
2665 4942 2920 5015 tanquam
2938 4942 3335 5020 Arvernorum.

1748 5033 1934 5075 comes
1958 5017 2262 5086 Aquitaniae
2286 5013 2501 5075 ducem,
2526 5028 2635 5087 non
2654 5013 2909 5084 tanquam
2935 5013 3333 5087 Aquitanormu

1748 5098 1856 5146 dux
1890 5077 2224 5144 Francorum
2258 5099 2462 5147 regem,
2510 5077 2784 5138 seniorem
2812 5096 3018 5147 suum,‘
3051 5077 3105 5147 id
3133 5085 3218 5147 est
3246 5081 3339 5130 do-

1751 5144 1956 5215 minum
1990 5154 2243 5224 appellat.
2293 5144 2406 5224 Nec
2429 5144 2598 5224 cnim
2636 5153 2961 5224 Cuillelmus
2992 5144 3099 5224 luit
3121 5144 3345 5224 Aquita-

1748 5233 1854 5287 niae
1899 5217 2038 5298 duis,
2060 5217 2165 5279 nisi
2199 5234 2332 5298 post
2358 5221 2566 5280 Odouis
2613 5223 2842 5287 obitum,
2870 5223 3025 5298 sicut
3059 5227 3159 5298 nos

1746 5283 2032 5356 Xbbolib.
2071 5310 2131 5348 ll.
2193 5283 2478 5352 Seniorem
2519 5304 2654 5345 vero
2697 5307 2796 5356 pro
2829 5283 3079 5348 domino
3117 5283 3348 5356 solitum
