3964 5356
568 329 668 386 85!

1743 319 2086 376 Al’l’ENDlX
2110 316 2202 371 AD
2238 315 2294 371 S.
2337 310 2637 371 ODONEM.

3707 309 3802 364 852

578 442 834 499 Volumus
882 442 1045 497 etiam
1087 448 1146 496 ut
1170 444 1374 496 nostris
1417 452 1900 508 successorumque
1933 447 2146 493 nostro-
2171 436 2222 497 Α
2248 440 2298 487 et
2332 432 2472 502 quod
2511 446 2606 500 per
2651 428 2747 484 Dei
2794 425 3219 484 misericordiam
3247 432 3299 480 et
3351 420 3800 495 patrocinia;an

574 548 691 588 rum
716 532 1045 601 temporibus
1066 539 1225 601 prout
1244 529 1617 600 opportunitas
1639 539 1799 599 atque
1820 526 2147 598 possibilitas

575 606 818 695 ejusdem
842 622 945 676 loci
973 636 1029 676 se
1052 622 1281 688 dederit,
1309 620 1550 691 quotidie
1574 634 1737 693 opera
1765 615 2147 673 misericordia:

572 714 897 784 pauperibus
920 753 936 780 ,
965 713 1353 784 indigentibus,
1380 712 1624 778 advenis,
1660 709 2146 783 peregrinantibus,

578 819 791 859 summa
829 805 1125 860 intentione
1153 804 1527 859 exhibeantur.

643 892 854 948 Placuit
875 894 1038 949 etiam
1061 894 1186 949 huic
1208 903 1530 950 testamento
1556 892 1742 955 inseri,
1766 899 1825 946 ut
1846 891 1913 946 ab
1935 890 2037 945 hac
2059 888 2146 944 die

570 999 672 1040 nec
692 993 877 1042 nostro
889 1002 989 1042 nec
1000 995 1277 1057 parentum
1297 995 1614 1048 nostrorum,
1624 999 1723 1040 nec
1738 982 1971 1038 fascibus
1988 984 2146 1052 regia:

574 1074 985 1145 magnitudinis,
1017 1090 1116 1130 nec
1146 1075 1429 1146 cujuslibet
1458 1084 1684 1130 terrenae
1709 1074 1993 1145 potestatis
2015 1070 2144 1142 jugo

572 1163 927 1231 subjiciuntur
952 1165 1115 1219 iidem
1150 1165 1398 1220 monachi
1443 1165 1638 1220 ibidem
1665 1164 1997 1234 congregati.
2039 1162 2143 1216 Ne-

574 1270 679 1325 que
708 1255 902 1326 aliquis
933 1258 1234 1328 principum
1266 1257 1602 1313 saecularium
1635 1257 1806 1329 (2'52),
1834 1273 1939 1313 non
1961 1272 2143 1313 comes

570 1348 883 1418 quisquam,
917 1364 1018 1404 nec
1046 1351 1329 1420 episcopus
1366 1351 1607 1420 quilibet,
1635 1366 1741 1405 non
1774 1349 2014 1420 pontifex
2053 1365 2144 1403 su-

570 1439 829 1507 pradictae
859 1441 1001 1496 sedis
1029 1441 1306 1507 Romamn,
1333 1456 1430 1511 per
1459 1444 1656 1509 Deum;
1685 1451 1739 1498 et
1768 1443 1820 1496 in
1841 1443 2008 1496 Deum
2027 1456 2144 1495 om-

568 1543 775 1600 nesque
817 1539 1034 1586 sanctos
1062 1530 1200 1601 ejus.
1231 1542 1286 1588 et
1327 1532 1587 1588 tremendi
1625 1530 1814 1600 judicii
1847 1531 1986 1586 diem
2014 1547 2145 1586 cou-

568 1627 760 1686 testor,
794 1620 1076 1692 deprecor,
1111 1639 1177 1679 ne
1204 1623 1424 1678 invadat
1463 1636 1551 1677 res
1573 1621 1811 1692 ipsorum
1842 1621 1934 1677 Dei
1962 1637 2143 1676 servo-

567 1724 710 1763 rum.
741 1707 857 1765 Non
907 1710 1188 1775 distrahat,
1240 1728 1346 1765 non
1391 1710 1633 1796 minuat,
1671 1726 1775 1769 non
1820 1711 2139 1781 proeamiet,

2247 524 2508 580 stolorum
2559 521 2779 578 evenire
2832 535 2937 575 non
2984 520 3215 583 :estimo,
3263 515 3346 571 vel
3391 530 3463 570 ex
3511 511 3803 583 propinquis

2246 614 2333 669 vel
2382 612 2675 679 extraneis,
2714 610 2798 667 vel
2847 625 2916 666 ex
2946 608 3183 680 qualibet
3216 605 3561 667 conditione,
3594 602 3701 656 sive
3722 615 3801 671 po-

2248 711 2478 769 testate,
2530 704 2891 775 qualicunque
2940 700 3236 757 calliditate
3275 704 3471 752 contra
3518 694 3627 749 hoc
3668 700 3805 746 testa;

2247 803 2488 850 mentum
2524 794 2694 863 (254),
2726 793 2867 863 quod
2913 805 3011 861 pro
3060 804 3242 865 amore
3293 787 3390 841 Dei
3441 781 3806 862 omnipotentis

2247 900 2309 940 ac
2337 884 2683 940 veneratione
2712 883 3010 953 principum
3035 876 3399 950 apostolorum
3423 873 3577 928 Petri
3605 879 3660 924 et
3681 869 3805 923 Pauli

2247 975 2363 1031 fieri
2385 974 2613 1040 saneivi,
2637 973 2869 1043 aliquam
2900 970 3306 1027 concussionem
3339 964 3549 1019 inferre
3593 970 3805 1015 tentare-

2245 1068 2334 1133 rit,
2365 1067 2596 1138 primum
2623 1066 2837 1135 quidem
2870 1064 3003 1117 iram
3027 1056 3413 1129 omnipotentis
3444 1053 3541 1108 Dei
3573 1053 3811 1111 incurrat,

2245 1157 2558 1227 auferatque
2606 1157 2744 1211 Deus
2793 1162 3003 1225 partem
3044 1150 3187 1205 illius
3243 1149 3308 1202 de
3362 1156 3509 1200 terra
3562 1140 3809 1197 viz-entiam

2245 1250 2429 1321 (Apoc.
2464 1265 2576 1304 χχιι
2601 1289 2615 1313 ,
2648 1247 2734 1317 19)
2757 1289 2771 1313 ,
2801 1258 2855 1303 et
2882 1246 3059 1300 deleat
3086 1256 3282 1297 nomen
3309 1240 3431 1309 ejus
3460 1236 3528 1289 de
3557 1234 3692 1287 libro
3717 1232 3811 1284 rite

2245 1342 2429 1414 (Apoc.
2475 1357 2558 1407 Ill,
2587 1341 2664 1413 5),
2701 1339 2900 1409 fiatque
2934 1352 3059 1409 pars
3102 1333 3244 1390 illius
3271 1346 3395 1387 cum
3435 1328 3523 1383 his
3553 1325 3650 1395 qui
3681 1322 3817 1414 dixe-

2243 1440 2368 1486 runt
2396 1431 2622 1485 Domino
2652 1431 2761 1484 Deo
2795 1448 2807 1483 :
2854 1427 3052 1482 Recede
3078 1443 3110 1480 a
3156 1423 3302 1478 nobis
3330 1418 3458 1492 (Job
3485 1432 3609 1479 xxi,
3638 1413 3737 1482 M),
3770 1420 3815 1464 et

2244 1543 2367 1582 cum
2397 1526 2605 1582 Dathan
2635 1535 2691 1580 et
2713 1525 2934 1588 Abiron,
2967 1535 3101 1591 quos
3132 1529 3274 1574 terra
3298 1522 3492 1584 aperto
3521 1524 3625 1566 ore
3657 1505 3821 1576 deglu—

2245 1620 2386 1684 tivil,
2414 1630 2470 1674 et
2496 1618 2649 1672 vivos
2694 1614 2937 1671 infernus
2985 1609 3264 1667 absorbuit
3311 1603 3507 1678 (Nunt.
3571 1615 3682 1664 xvr,
3718 1596 3818 1663 5i),

2244 1721 2532 1778 perennem
2589 1700 3305 1761 incurrat-damnationem.
3369 1691 3571 1747 Socius
3628 1698 3821 1778 quoque

566 1811 674 1851 non
699 1797 988 1854 beneficiet
1014 1799 1164 1871 (253)
1207 1800 1440 1869 aliquam
1488 1782 1774 1870 personam
1805 1776 1985 1872 [alicui
2023 1776 2146 1870 per-
2180 1785 2221 1843 Β
2248 1776 2400 1852 ludte
2423 1795 2633 1852 Domini
2665 1792 2954 1865 proditoris
2992 1791 3215 1847 effectus
3257 1783 3483 1841 aeternis
3509 1776 3826 1872 cruciatibus

560 1886 763 1962 some],
787 1904 894 1944 non
928 1889 1158 1961 aliquem
1205 1890 1486 1961 praalatum
1512 1905 1673 1961 super
1702 1905 1796 1944 eos
1837 1899 2025 1945 contra
2052 1906 2143 1945 eo-

568 1995 688 2033 rum
716 1980 1051 2035 voluntatem
1074 1981 1385 2036 constituat.
1415 1980 1483 2034 Et
1503 1990 1561 2035 ut
1587 1984 1687 2035 hoc
1713 1980 1864 2036 nefas
1892 1982 2144 2036 omnibus

575 2074 881 2128 temerariis
930 2088 995 2129 ac
1049 2074 1307 2144 improbis
1348 2075 1548 2129 arctius
1594 2075 1918 2140 inhibeatur,
1968 2075 2145 2131 adhuc

567 2169 711 2224 idem
756 2169 1032 2224 inculcatis
1073 2169 1355 2241 subiungo.
1394 2171 1458 2225 Et
1488 2170 1715 2226 obsecro
1748 2187 1868 2237 vos,
1897 2185 1931 2225 ο
1970 2171 2141 2226 sancti

568 2260 794 2330 apostoli
828 2260 902 2332 [et
926 2259 1139 2330 gloriosi
1166 2251 1434 2331 principes
1457 2260 1659 2333 teme],
1688 2260 1846 2318 Petre
1873 2271 1929 2317 et
1952 2261 2139 2325 Paule,

566 2360 622 2406 et
672 2359 724 2406 te
772 2351 1016 2421 pontifex
1064 2353 1377 2423 pontificum
1409 2354 1717 2423 apostolica
1759 2354 1928 2419 sedis,
1960 2362 2018 2408 ut
2045 2369 2145 2423 per

567 2442 949 2498 auctoritatem
976 2444 1294 2498 canonicam
1321 2454 1374 2497 et
1401 2444 1748 2513 apostolicam
1780 2461 1942 2516 quam
1971 2461 2000 2499 a
2033 2446 2141 2501 Deo

566 2533 847 2603 accepisti,
880 2532 1084 2588 alienes
1111 2550 1137 2587 a
1163 2535 1438 2589 consortio
1464 2544 1666 2590 sancte
1689 2536 1782 2590 Dei
1813 2536 2069 2590 Ecclesiae
2088 2544 2142 2592 et

564 2623 912 2692 sempiternae
938 2624 1059 2677 vita:
1081 2624 1360 2693 praedones
1382 2635 1436 2679 et
1456 2626 1734 2679 invasores
1759 2633 1921 2694 atque
1945 2626 2141 2680 distra-

563 2722 745 2767 etores
812 2713 1001 2766 harum
1050 2727 1270 2779 rerum,
1321 2730 1455 2784 quas
1511 2715 1663 2770 νοιιίε
1730 2716 1887 2770 hilari
1961 2725 2143 2773 mente

566 2811 920 2871 promptaque
951 2801 1225 2858 voluntate
1255 2805 1416 2859 dono.
1459 2804 1699 2875 Sitisque
1727 2816 1931 2862 tutores
1963 2823 2028 2863 ac
2057 2810 2144 2863 de-

560 2890 809 2947 fensores
832 2891 946 2961 jam
974 2892 1104 2947 dicti
1128 2892 1228 2948 loci
1252 2893 1493 2949 Cluniaci
1524 2894 1936 2969 [Cluniacensis]
1954 2906 2010 2952 et
2028 2913 2143 2953 ser-

564 2999 755 3040 vorum
787 2984 881 3041 Dei
931 2980 1496 3042 ibi‘commorantium
1545 3002 1610 3044 ac
1641 2991 2096 3045 commanentium
2124 3008 2139 3056 ;

570 3077 765 3132 harum
815 3092 1035 3147 quoque
1074 3080 1315 3134 omnium
1368 3078 1684 3135 facultatum
1731 3090 1951 3151 propter
1998 3083 2140 3140 elee-

569 3182 850 3238 mosynam
898 3178 954 3223 et
995 3169 1366 3235 clementiam,
1415 3178 1470 3224 et
1521 3170 1948 3227 misericordiam
2007 3172 2142 3242 piis-

2250 1898 2495 1942 retrusus
2528 1894 2795 1950 teneatur,
2818 1893 2871 1940 et
2902 1898 2968 1938 ne
3001 1883 3051 1938 ei
3102 1882 3154 1936 iu
3202 1874 3459 1950 praesenti
3508 1868 3708 1927 saeculo
3733 1867 3823 1920 hu-

2250 1978 2426 2032 manis
2455 1975 2623 2031 oculis
2652 1975 2869 2045 impune
2918 1972 3147 2027 transire
3194 1968 3465 2028 videatur,
3517 1962 3576 2017 in
3616 1970 3829 2026 corpore

2249 2068 2468 2140 quidem
2506 2068 2725 2139 proprio
2754 2065 2951 2120 futurze
2987 2059 3349 2119 damnationis
3379 2063 3656 2110 tormenta
3679 2064 3828 2119 expe-

2251 2163 2444 2226 riatur,
2471 2160 2697 2216 sortitus
2722 2157 2988 2227 duplicem
3018 2155 3370 2224 direptionem
3397 2163 3523 2205 cum
3550 2143 3831 2201 Heliodoro

2248 2262 2303 2310 et
2334 2252 2620 2318 Antiocho,
2648 2267 2874 2321 quorum
2902 2248 3038 2303 alter
3066 2246 3209 2303 aeris
3231 2242 3551 2299 verberibus
3568 2235 3832 2293 coercitus

2247 2345 2337 2401 vix
2384 2344 2676 2400 semivivus
2716 2342 2888 2399 evasit
2917 2339 2999 2411 (ΙΙ
3049 2337 3228 2393 Much.
3277 2351 3365 2399 ιι,
3394 2333 3491 2403 9);
3523 2330 3664 2384 alter
3709 2340 3834 2379 vero

2250 2446 2382 2492 nutu
2408 2450 2641 2506 superno
2672 2446 2982 2505 percussus,
3013 2426 3448 2501 putrescentihus
3479 2417 3758 2479 membris,
3780 2423 3830 2469 et

2249 2527 2577 2584 scatentibus
2605 2527 2877 2582 vermibus
2919 2522 3221 2579 miserrime
3253 2517 3491 2580 interiit;
3520 2513 3833 2581 ueterisque

2249 2619 2529 2688 sacrilegis
2549 2618 2642 2688 qui
2669 2618 2925 2673 mrarium
2947 2617 3140 2671 domus
3164 2612 3380 2668 Domini
3410 2619 3683 2664 temerare
3704 2617 3831 2674 pra)-

2248 2719 2613 2779 sumpserunt,
2643 2709 2916 2780 particeps
2942 2707 3171 2770 existat,
3198 2703 3537 2771 habeatque,
3570 2698 3674 2751 nisi
3709 2695 3832 2748 resi-

2245 2801 2445 2871 puerit,
2483 2799 2849 2856 archiclavum
2877 2797 3040 2852 totius
3079 2792 3410 2850 monarchize
3448 2787 3829 2845 Ecclesiarnm,

2242 2892 2433 2960 juncto
2457 2892 2557 2948 sibi
2599 2891 2766 2947 Paulo
2791 2890 3127 2953 obstitorem,
3153 2892 3209 2942 et
3235 2882 3437 2938 amoeni
3464 2878 3699 2950 paradisi
3727 2875 3831 2928 adi-

2251 2999 2336 3045 tus
2375 2989 2863 3053 contradictorem,
2895 3002 3032 3058 quos
3070 2986 3116 3042 si
3158 2983 3355 3047 vellet,
3384 2980 3589 3035 habere
3631 2982 3829 3047 poterat

2247 3097 2344 3150 pro
2370 3082 2721 3151 se‘piissimos
2745 3083 3147 3136 intercessores.
3172 3075 3485 3132 Secundum
3517 3067 3829 3126 mundialem

2250 3191 2378 3233 vero
2414 3177 2581 3246 legem
2607 3217 2621 3241 ,
2666 3176 2751 3231 his
2775 3175 2971 3245 quibus
3001 3170 3241 3227 intulerit
3269 3167 3601 3223 calumniam
3628 3170 3829 3216 centum

566 3258 688 3313 simi
734 3257 1111 3330 Redemptoris
1151 3262 1343 3317 nostri.
1392 3260 1449 3316 Si
1472 3260 1593 3331 quis
1616 3260 1772 3326 forte,
1807 3266 1949 3334 quod
1978 3264 2137 3331 absit,
2168 3276 2215 3342 ρ
2246 3270 2366 3326 auri
2388 3270 2552 3324 libras
2576 3264 3285 3340 (€255),cogentejudiciaria
3311 3266 3585 3332 potestate
3608 3249 3829 3323 compul-

564 3403 711 3463 licet,
741 3410 940 3470 prteter
968 3400 1267 3455 Romanum
1298 3400 1630 3470 pontificem,
1657 3402 1861 3457 nullum
1885 3402 1996 3468 jus,
2028 3405 2152 3459 nul-

569 3474 677 3526 lum
725 3470 1020 3525 dominium
1072 3472 1374 3540 cuicunque
1427 3473 1756 3535 mortalium,
1808 3474 1891 3528 vel
1926 3475 2149 3529 cuilibet

570 3556 792 3608 prorsus
823 3541 1076 3596 Ecclesia:
1107 3541 1412 3611 dereliquit.
1445 3562 1462 3593 ι
1499 3541 1698 3597 Notitia
1731 3544 1998 3599 libertatis
2045 3545 2148 3600 loci

568 3613 939 3667 Cluniacensis
995 3613 1214 3666 sancitze
1260 3628 1291 3666 a
1322 3612 1521 3667 domno
1549 3628 1682 3682 papa
1732 3615 1948 3670 Urbano
1995 3615 2038 3669 ll
2092 3616 2147 3669 in

522 3732 525 3737 .
568 3686 686 3752 ipso
713 3682 963 3753 emnobio
986 3698 999 3734 :
1028 3702 1044 3732 ‹
1069 3683 1202 3736 Nam
1226 3683 1346 3753 pius
1372 3683 1464 3753 ille
1510 3682 1814 3739 Willelmus
1838 3685 1993 3739 istius
2017 3686 2146 3740 olim

570 3750 909 3826 monasterii
936 3750 1238 3826 instittttor,
1272 3752 1398 3826 nulli
1431 3753 1536 3826 alii
1583 3756 1862 3826 advocato,
1892 3756 2020 3810 nulli
2054 3772 2149 3826 pa-

571 3821 748 3888 trono,
783 3821 909 3875 nulli
938 3823 1073 3889 regi,
1102 3823 1187 3876 vel
1213 3823 1442 3892 principi
1474 3839 1661 3877 curam
1692 3821 2141 3892 ipsinstutelain-

573 3910 678 3963 que
703 3892 1123 3965 commendavit,
1152 3894 1252 3965 nisi
1284 3892 1393 3945 Deo
1430 3903 1483 3947 et
1512 3895 1668 3965 beato
1710 3895 1897 3961 Petro,
1927 3895 2148 3965 ejusque

570 3961 808 4026 vicariis,
840 3961 1093 4015 Romanis
1135 3962 1341 4016 scilicet
1388 3963 1793 4030 pontificibus.»
1839 3961 1972 4020 Item
2021 3961 2148 4020 Pas-

573 4034 743 4088 chalis
772 4032 834 4093 ll,
864 4032 929 4084 ad
954 4034 1392 4103 archiepiscopos
1441 4041 1497 4087 et
1540 4034 1821 4103 episcopos
1850 4036 2145 4091 Galliarum

573 4105 817 4176 scribens
850 4119 868 4176 :_
904 4119 922 4152 ι
944 4101 1320 4176 (Iluniat-ense,
1356 4103 1552 4176 inquit,
1585 4101 1892 4176 emnoluunt
1923 4108 1991 4160 ab
2033 4108 2149 4176 ipso

571 4172 904 4297 ftlnltdtationis
931 4174 1156 4229 exordio
1196 4183 1396 4228 sancta:
1436 4172 1704 4229 Romanae
1756 4173 2009 4231 Ecclesiae
2054 4172 2149 4231 est

571 4260 637 4297 ο»
664 4261 686 4295 a
718 4260 824 4296 um.
859 4264 877 4295 ι

569 4246 824 4299 oblatum.
859 4264 877 4295 ι

643 4313 791 4384 (252)
824 4312 1243 4387 Νεᾳαελᾳιίᾳηὶεν
1277 4314 1592 4387 principum,
1619 4314 1971 4387 safcularium.
2010 4317 2151 4387 Aga-

569 4384 897 4456 pituspapa
929 4384 1495 4456 scribensAymardo
1536 4384 1875 4440 Cluniacensi
1919 4384 2099 4441 abbati
2134 4406 2145 4441 :

579 4452 767 4523 (Quia
793 4453 1026 4522 petistis,
1058 4452 1314 4522 inquit,'a
1337 4455 1525 4519 nobis,
1559 4464 1824 4523 quatenus
1874 4467 2149 4513 monaste-

573 4519 715 4578 riunt
746 4519 1103 4578 Cluniacense
1134 4519 1194 4577 in
1225 4525 1316 4579 illo
1345 4519 1635 4593 statu,qno
1658 4541 1687 4578 a
1713 4524 1998 4583 Guillelmo
2015 4528 2151 4582 duce

568 4603 1081 4668 pertestamentum
1106 4610 1321 4668 manere
1346 4597 1620 4649 decretum
1666 4604 1767 4659 est,
1801 4607 1983 4651 nostra
2022 4614 2150 4668 apo-

2249 3407 2430 3461 faeere
2452 3405 2951 3478 frequentissimum
2992 3404 3053 3478 in_
3078 3399 3320 3478 antiquis
3340 3397 3554 3478 chartis
3601 3402 3829 3447 attesta-

2249 3479 2464 3532 mentis.
2499 3475 2625 3532 Inde
2649 3478 2896 3534 ramium.
2921 3475 3205 3535 cambium,
3227 3475 3585 3550 concarniunt,
3607 3478 3833 3550 concern-

2249 3548 2410 3609 bium,
2434 3556 2489 3602 et
2509 3548 2853 3605 excumbium,
2888 3561 2986 3614 pro
3020 3548 3455 3615 commutatione
3480 3552 3597 3590 srve
3614 3548 3830 3615 permu-

2252 3605 2487 3687 tatione:
2510 3633 2672 3687 quam
2693 3626 2748 3687 et
2770 3605 2945 3669 adhuc
2969 3614 3127 3669 hodie
3148 3608 3573 3687 vulgodicimus
3597 3605 3833 3687 ἐεζιαμςς.

2248 3675 2674 3742 Οοηευειεῖνριη
2722 3686 2820 3739 fuit
2867 3686 2982 3740 lucc
3033 3675 3497 3737 monasteriorum
3545 3675 3836 3729 fundatori-

2249 3758 2349 3813 bus
2378 3758 2671 3827 prohibitio
2694 3796 2712 3832 ,
2762 3770 2831 3832 ne
2868 3756 3074 3810 scilicet
3122 3753 3196 3806 illi
3231 3765 3371 3832 quos
3402 3745 3837 3832 .defensoresjc

2247 3823 2507 3898 patronos
2540 3825 2985 3902 constituebant,
3028 3823 3360 3902 monasteria
3402 3823 3522 3902 ipsa
3577 3823 3837 3902 perluitur-

2250 3884 2371 3953 rent
2406 3914 2668 3967 unquam,
2699 3884 3022 3967 alienarent,
3050 3902 3144 3967 aut
3178 3895 3234 3946 in
3287 3884 3620 3944 beneﬁcium
3667 3884 3835 3967 trade-

2253 3978 2398 4023 rent.
2439 3963 2530 4023 Sic
2558 3968 2829 4022 llenricus
2860 3965 2900 4029 l,
2927 3981 3019 4019 rex
3053 3963 3391 4017 Francorum
3442 3964 3726 4029 prmcepto
3750 3968 3840 4006 suo

2250 4040 2498 4093 muniens
2574 4026 3048 4108 congregationem
3069 4104 3093 4108 _
3120 4035 3418 4108 beatorum.
3442 4026 3453 4028 ⁷
3475 4026 3838 4108 apostulormn

2251 4109 2395 4181 Petri
2438 4096 3014 4181 ct‘Paulivet'sanctze
3055 4100 3347 4159 Genoveﬁc.
3369 4100 3611 4181 virgiuis
3632 4096 3799 4150 Paris.
3824 4109 3838 4181 ξ

2257 4197 2276 4230 ι
2313 4178 2443 4249 Qua;
2469 4178 2625 4241 olim,
2664 4195 2694 4231 a
2719 4177 2952 4247 quodam
2985 4185 3332 4249 antecessore
3362 4185 3467 4249 suo
3510 4169 3841 4249 FF‘tﬂCOl'tllf

2252 4238 2378 4319 rege
2411 4238 2697 4309 Clodovteo,
2728 4238 2946 4319 hortatu
2976 4254 3031 4319 et
3044 4244 3415 4319 persuasione
3436 4239 3588 4319 beati
3622 4238 3847 4319 Remigii

2254 4308 2585 4390 llliemorum
2615 4308 3007 4390 archiepiscopi
3038 4308 3214 4369 fuerat
3237 4312 3485 4390 fundata.
3522 4308 3845 4390 S.tatuimus,

2252 4388 2449 4457 inquit,
2481 4399 2538 4443 et
2562 4388 2728 4457 regali
2760 4383 3085 4441 auctoritate
3111 4383 3462 4454 pnecipimtts
3488 4383 3773 4457 ,__insuper
3796 4383 3845 4427 et

2251 4451 2410 4533 sig-illi
2436 4451 3312 4533 'nostri'impressioncfirmamus
3335 4460 3398 4533 ut
3438 4451 3629 4505 nullus
3670 4459 3847 4533 safer?

2254 4517 2497 4601 dEntium
2534 4517 2832 4601 regum'_vel
2855 4527 3158 4597 principum
3190 4522 3636 4601 Parisiacenscm
3670 4517 3849 4601 nrbes!

2253 4583 2552 4654 tenentium
2583 4583 2892 4668 p’rmtlictam
2921 4583 3396 4666 congregationem
3419 4605 3671 4668 unquam
3693 4583 3845 4641 alicui

570 4663 759 4750 stolica
783 4665 1104 4750 auctoritate
1130 4664 1571 4750 decernet-emus,
1591 4673 1728 4747 etc.,
1755 4668 1991 4750 inclinati
2017 4663 2143 4750 βίης·
2179 4691 2227 4750 ο
2245 4668 2370 4740 jure
2393 4663 2864 4750 beneficiitradat,
2878 4668 2962 4722 vel
2982 4663 3640 4750 aliquocomnttttationis
3659 4669 3849 4750 sepeli?

566 4737 724 4807 cibus
748 4736 854 4788 lttis
877 4736 968 4789 tibi
998 4735 1061 4807 ad
1090 4736 1377 4803 regendum
1407 4734 1818 4807 committimus.
1849 4734 2032 4807 Itaque
2077 4740 2147 4794 sit

570 4806 702 4860 illud
755 4806 1139 4879 monasterium
1190 4822 1309 4879 cum
1340 4806 1613 4879 omnibus
1641 4805 1843 4879 rebus,
1878 4805 1968 4879 vel
2011 4825 2146 4879 quas

575 4892 720 4930 nunc
756 4877 936 4939 habet,
980 4876 1061 4927 vel
1111 4890 1229 4943 quae
1268 4877 1521 4944 deinceps
1560 4876 1655 4928 tibi
1707 4877 1918 4931 traditae
1947 4876 2148 4934 fuerint

570 4948 799 5000 liberum
837 4961 865 5019 a
892 4947 1164 5019 dominatu
1194 4946 1562 5019 cujuscunque
1584 4946 1857 5019 regis,_aut
1886 4950 2144 5019 episcopi,

574 5017 975 5087 sivegcomitis,
1027 5024 1119 5087 aut
1169 5017 1451 5087 cujuslibet
1491 5032 1557 5070 ex
1605 5017 1922 5087 propinquis
1981 5017 2146 5086 ipsius

573 5085 861 5140 Cnillelmt.
901 5106 917 5137 ι
961 5088 1025 5140 Et
1070 5085 1372 5142 Lttdovicus
1414 5086 1590 5141 Caroli
1633 5085 1906 5154 Simplicis
1964 5085 2151 5146 filius:

578 5175 598 5204 ι
637 5156 719 5208 Sit
749 5171 876 5208 vero
904 5158 1016 5224 ipse
1047 5156 1213 5221 locus,
1240 5158 1391 5224 juxta
1421 5158 1563 5226 quod
1587 5159 1699 5226 ipse
1716 5158 2026 5215 Willermus
2054 5161 2155 5215 sub

529 5244 536 5300 ς
576 5225 879 5300 ξρντίὺίΙὶ-βι
906 5242 1098 5295 magna
1134 5225 1472 5300 adjuratione
1505 5225 1829 5296 constituit,
1863 5239 1918 5285 et
1943 5240 2156 5300 aposto-

532 5298 536 5302 '
576 5293 694 5346 lica!
721 5295 833 5348 sedi
856 5312 951 5356 per
988 5293 1365 5351 testamentum
1397 5298 1460 5349 ad
1492 5301 1744 5351 tuendum
1796 5293 1899 5353 non
1942 5293 2008 5356 ad
2058 5304 2154 5356 do-

2252 4726 2281 4795 a
2323 4757 2421 4796 suo
2451 4742 2760 4811 patrocinio
2781 4726 2869 4811 vel
2913 4726 3297 4811 procuratione
3348 4733 3595 4811 alienet,
3652 4726 3747 4782 sed

2251 4811 2417 4881 regali
2447 4805 2760 4866 defensione
2783 4805 2978 4864 habeat
2999 4822 3121 4881 cum
3143 4805 3785 4881 tttilitate‘honestatam,
3796 4805 3849 4881 ct

2252 4876 2598 4952 devprincipis
2624 4882 2965 4952 possessione
2986 4919 3001 4940 ,
3058 4877 3102 4932 si
3133 4877 3356 4952 quando
3386 4876 3494 4952 hoc
3516 4876 3809 4952 contigerit
3832 4905 3845 4952 ε

2252 4937 2572 5021 praesentem
2603 4937 2659 5006 et
2687 4937 3084 5006 indelicientem
3117 4937 3410 5001 tuitionem
3460 4937 3847 5001 habeatfsimnl

2254 5031 2306 5076 et
2338 5023 2597 5075 solamen.
2640 5042 2658 5074 ι
2832 5076 2835 5079 ,

2327 5092 2476 5163 (254)
2509 5092 2703 5151 Contra
2728 5092 2824 5145 hoc
2868 5099 3259 5163 testamentum.
3296 5087 3721 5163 Testamentum
3757 5092 3845 5158 pro

2256 5159 2547 5245 preceris
2585 5165 2799 5245 etiam
2821 5161 3142 5245 ,εὶίνιοιξεξιιεν
3177 5159 3844 5245 νὲἓ.ἓ¹¹δ¹¹’¹¹¹“ἷ¹¹¹2.¹ἷῖ¹ι¹ἷέ

2257 5219 2411 5302 cipis.
2437 5219 2567 5288 'oab
2600 5233 2756 5286 Clun.
2786 5219 2954 5287 abbas
3002 5231 3095 5284 tu».
3127 5219 3181 5304 ςιι
3218 5229 3359 5304 γλίιεε
3404 5226 3584 5304 sancti
3616 5219 3844 5304 emta

2257 5299 2474 5356 comitis
2511 5304 2934 5356 Attreliaoensis.
2966 5318 3087 5356 can.
3112 5300 3146 5354 4
3182 5315 3196 5352 :
3225 5299 3297 5353 Ut
3335 5316 3441 5352 sua
3473 5299 3706 5352 Domino
3734 5306 3845 5342 rea-
