  <div class='ocr_page' id='page_1' title='image "/cluster/home/n/w/nwhite01/storage/ocr_20150623/133/hvd.32044010035673/432.png"; bbox 0 0 3964 5356; ppageno 0'>
   <div class='ocr_carea' id='block_1_1' title="bbox 230 231 1625 308">
    <p class='ocr_par' dir='ltr' id='par_1_1' title="bbox 230 231 1625 308">
     <span class='ocr_line' id='line_1_1' title="bbox 230 231 1625 308; baseline 0.002 -3"><span class='ocrx_word' id='word_1_1' title='bbox 230 231 336 305; x_wconf 65' lang='grc' dir='ltr'><strong>ε’ἑῖ</strong></span> <span class='ocrx_word' id='word_1_2' title='bbox 739 249 1003 306; x_wconf 84' lang='lat' dir='ltr'><strong>CAPPIDI</strong></span> <span class='ocrx_word' id='word_1_3' title='bbox 1043 253 1241 308; x_wconf 79' lang='lat' dir='ltr'><strong>nus&quot;</strong></span> <span class='ocrx_word' id='word_1_4' title='bbox 1280 251 1506 308; x_wconf 80' lang='lat' dir='ltr'><strong>SACER</strong></span> <span class='ocrx_word' id='word_1_5' title='bbox 1574 271 1581 278; x_wconf 89' lang='lat'><strong>-</strong></span> <span class='ocrx_word' id='word_1_6' title='bbox 1615 267 1625 280; x_wconf 77' lang='grc' dir='ltr'><strong><em>ο</em></strong></span> 
     </span>
    </p>
   </div>
   <div class='ocr_carea' id='block_1_2' title="bbox 1751 250 2965 310">
    <p class='ocr_par' dir='ltr' id='par_1_2' title="bbox 1751 250 2965 310">
     <span class='ocr_line' id='line_1_2' title="bbox 1751 250 2965 310; baseline -0.002 -2"><span class='ocrx_word' id='word_1_7' title='bbox 1751 253 1840 309; x_wconf 82' lang='lat' dir='ltr'><strong>DE</strong></span> <span class='ocrx_word' id='word_1_8' title='bbox 1878 253 2036 308; x_wconf 75' lang='lat' dir='ltr'><strong>VITA</strong></span> <span class='ocrx_word' id='word_1_9' title='bbox 2077 253 2135 308; x_wconf 88' lang='lat' dir='ltr'><strong>S.</strong></span> <span class='ocrx_word' id='word_1_10' title='bbox 2174 250 2474 310; x_wconf 83' lang='lat' dir='ltr'><strong>ODULPHI</strong></span> <span class='ocrx_word' id='word_1_11' title='bbox 2512 251 2965 308; x_wconf 72' lang='lat' dir='ltr'><strong>PRESBYTERL</strong></span> 
     </span>
    </p>
   </div>
   <div class='ocr_carea' id='block_1_3' title="bbox 229 363 3478 438">
    <p class='ocr_par' dir='ltr' id='par_1_3' title="bbox 229 363 3478 438">
     <span class='ocr_line' id='line_1_3' title="bbox 229 363 3478 438; baseline 0 -20"><span class='ocrx_word' id='word_1_12' title='bbox 229 363 454 418; x_wconf 84' lang='lat' dir='ltr'><strong>nomine</strong></span> <span class='ocrx_word' id='word_1_13' title='bbox 501 371 790 432; x_wconf 84' lang='lat' dir='ltr'><strong>utrumque</strong></span> <span class='ocrx_word' id='word_1_14' title='bbox 856 365 1034 420; x_wconf 91' lang='lat' dir='ltr'><strong>locum</strong></span> <span class='ocrx_word' id='word_1_15' title='bbox 1080 369 1482 423; x_wconf 81' lang='lat' dir='ltr'><strong>construximus</strong></span> <span class='ocrx_word' id='word_1_16' title='bbox 1502 403 1516 430; x_wconf 81' lang='grc'><strong><em>,</em></strong></span> <span class='ocrx_word' id='word_1_17' title='bbox 1555 369 1806 428; x_wconf 88' lang='lat' dir='ltr'><strong>servituri</strong></span> <span class='ocrx_word' id='word_1_18' title='bbox 1834 372 1882 428; x_wconf 77' lang='grc' dir='ltr'>Α</span> <span class='ocrx_word' id='word_1_19' title='bbox 1911 367 2041 422; x_wconf 93' lang='lat' dir='ltr'><strong>dicit</strong></span> <span class='ocrx_word' id='word_1_20' title='bbox 2071 381 2086 420; x_wconf 89' lang='lat'><strong>:</strong></span> <span class='ocrx_word' id='word_1_21' title='bbox 2119 365 2430 421; x_wconf 72' lang='lat' dir='ltr'><strong>Maledicta:</strong></span> <span class='ocrx_word' id='word_1_22' title='bbox 2449 368 2538 438; x_wconf 84' lang='lat' dir='ltr'><strong>qui</strong></span> <span class='ocrx_word' id='word_1_23' title='bbox 2567 367 2818 436; x_wconf 81' lang='lat' dir='ltr'><strong>transfert</strong></span> <span class='ocrx_word' id='word_1_24' title='bbox 2848 365 3095 420; x_wconf 86' lang='lat' dir='ltr'><strong>terminos</strong></span> <span class='ocrx_word' id='word_1_25' title='bbox 3121 366 3345 436; x_wconf 75' lang='lat' dir='ltr'><strong>proximi</strong></span> <span class='ocrx_word' id='word_1_26' title='bbox 3374 367 3478 430; x_wconf 86' lang='lat' dir='ltr'><strong>sui,</strong></span> 
     </span>
    </p>
   </div>
   <div class='ocr_carea' id='block_1_4' title="bbox 228 453 1799 526">
    <p class='ocr_par' dir='ltr' id='par_1_4' title="bbox 228 453 1799 526">
     <span class='ocr_line' id='line_1_4' title="bbox 228 453 1799 526; baseline 0.001 -16"><span class='ocrx_word' id='word_1_27' title='bbox 228 463 376 510; x_wconf 90' lang='lat' dir='ltr'><strong>sunt.</strong></span> <span class='ocrx_word' id='word_1_28' title='bbox 402 453 479 509; x_wconf 91' lang='lat' dir='ltr'><strong>De</strong></span> <span class='ocrx_word' id='word_1_29' title='bbox 500 464 696 508; x_wconf 65' lang='lat' dir='ltr'><strong>cretero</strong></span> <span class='ocrx_word' id='word_1_30' title='bbox 718 463 825 508; x_wconf 88' lang='lat' dir='ltr'><strong>tam</strong></span> <span class='ocrx_word' id='word_1_31' title='bbox 852 456 1100 525; x_wconf 70' lang='lat' dir='ltr'><strong>przelatos</strong></span> <span class='ocrx_word' id='word_1_32' title='bbox 1121 473 1284 526; x_wconf 87' lang='lat' dir='ltr'><strong>quam</strong></span> <span class='ocrx_word' id='word_1_33' title='bbox 1305 467 1360 514; x_wconf 90' lang='lat' dir='ltr'><strong>et</strong></span> <span class='ocrx_word' id='word_1_34' title='bbox 1379 474 1570 514; x_wconf 88' lang='lat' dir='ltr'><strong>omnes</strong></span> <span class='ocrx_word' id='word_1_35' title='bbox 1585 461 1799 523; x_wconf 87' lang='lat' dir='ltr'><strong>l‘ratres,</strong></span> 
     </span>
    </p>
   </div>
   <div class='ocr_carea' id='block_1_5' title="bbox 225 543 1800 618">
    <p class='ocr_par' dir='ltr' id='par_1_5' title="bbox 225 543 1800 618">
     <span class='ocr_line' id='line_1_5' title="bbox 225 543 1800 618; baseline 0.003 -21"><span class='ocrx_word' id='word_1_36' title='bbox 225 551 525 612; x_wconf 62' lang='lat' dir='ltr'><strong>praesentes</strong></span> <span class='ocrx_word' id='word_1_37' title='bbox 567 543 840 607; x_wconf 90' lang='lat' dir='ltr'><strong>videlicet,</strong></span> <span class='ocrx_word' id='word_1_38' title='bbox 891 553 946 598; x_wconf 88' lang='lat' dir='ltr'><strong>et</strong></span> <span class='ocrx_word' id='word_1_39' title='bbox 985 545 1350 618; x_wconf 81' lang='lat' dir='ltr'><strong>futuros,per</strong></span> <span class='ocrx_word' id='word_1_40' title='bbox 1377 549 1800 604; x_wconf 83' lang='lat' dir='ltr'><strong>misericordiam</strong></span> 
     </span>
    </p>
   </div>
   <div class='ocr_carea' id='block_1_6' title="bbox 226 633 1802 706">
    <p class='ocr_par' dir='ltr' id='par_1_6' title="bbox 226 633 1802 706">
     <span class='ocr_line' id='line_1_6' title="bbox 226 633 1802 706; baseline 0.001 -18"><span class='ocrx_word' id='word_1_41' title='bbox 226 633 344 698; x_wconf 87' lang='lat' dir='ltr'><strong>Dei,</strong></span> <span class='ocrx_word' id='word_1_42' title='bbox 377 633 471 702; x_wconf 87' lang='lat' dir='ltr'><strong>qui</strong></span> <span class='ocrx_word' id='word_1_43' title='bbox 491 649 735 701; x_wconf 66' lang='lat' dir='ltr'><strong>praesens</strong></span> <span class='ocrx_word' id='word_1_44' title='bbox 755 635 996 703; x_wconf 75' lang='lat' dir='ltr'><strong>respicit,</strong></span> <span class='ocrx_word' id='word_1_45' title='bbox 1021 636 1272 706; x_wconf 85' lang='lat' dir='ltr'><strong>deposco,</strong></span> <span class='ocrx_word' id='word_1_46' title='bbox 1299 649 1360 693; x_wconf 91' lang='lat' dir='ltr'><strong>ut</strong></span> <span class='ocrx_word' id='word_1_47' title='bbox 1385 640 1530 694; x_wconf 88' lang='lat' dir='ltr'><strong>inter</strong></span> <span class='ocrx_word' id='word_1_48' title='bbox 1550 653 1644 691; x_wconf 81' lang='lat' dir='ltr'><strong>vos</strong></span> <span class='ocrx_word' id='word_1_49' title='bbox 1672 653 1802 691; x_wconf 90' lang='lat' dir='ltr'><strong>una-</strong></span> 
     </span>
    </p>
   </div>
   <div class='ocr_carea' id='block_1_7' title="bbox 225 729 1800 800">
    <p class='ocr_par' dir='ltr' id='par_1_7' title="bbox 225 729 1800 800">
     <span class='ocr_line' id='line_1_7' title="bbox 225 729 1800 800; baseline 0.001 -18"><span class='ocrx_word' id='word_1_50' title='bbox 225 729 447 783; x_wconf 85' lang='lat' dir='ltr'><strong>nimitas</strong></span> <span class='ocrx_word' id='word_1_51' title='bbox 478 729 551 782; x_wconf 89' lang='lat' dir='ltr'><strong>ita</strong></span> <span class='ocrx_word' id='word_1_52' title='bbox 582 739 916 798; x_wconf 79' lang='lat' dir='ltr'><strong>perseveret,</strong></span> <span class='ocrx_word' id='word_1_53' title='bbox 943 739 1233 800; x_wconf 83' lang='lat' dir='ltr'><strong>quatenus,</strong></span> <span class='ocrx_word' id='word_1_54' title='bbox 1260 733 1478 786; x_wconf 87' lang='lat' dir='ltr'><strong>modum</strong></span> <span class='ocrx_word' id='word_1_55' title='bbox 1507 745 1800 784; x_wconf 88' lang='lat' dir='ltr'><strong>conversa-</strong></span> 
     </span>
    </p>
   </div>
   <div class='ocr_carea' id='block_1_8' title="bbox 225 818 1799 890">
    <p class='ocr_par' dir='ltr' id='par_1_8' title="bbox 225 818 1799 890">
     <span class='ocr_line' id='line_1_8' title="bbox 225 818 1799 890; baseline 0.002 -19"><span class='ocrx_word' id='word_1_56' title='bbox 225 819 389 873; x_wconf 82' lang='lat' dir='ltr'><strong>tionis</strong></span> <span class='ocrx_word' id='word_1_57' title='bbox 416 818 522 872; x_wconf 87' lang='lat' dir='ltr'><strong>huc</strong></span> <span class='ocrx_word' id='word_1_58' title='bbox 548 832 719 886; x_wconf 90' lang='lat' dir='ltr'><strong>usque</strong></span> <span class='ocrx_word' id='word_1_59' title='bbox 748 828 1040 884; x_wconf 88' lang='lat' dir='ltr'><strong>retentum,</strong></span> <span class='ocrx_word' id='word_1_60' title='bbox 1072 830 1180 874; x_wconf 88' lang='lat' dir='ltr'><strong>tam</strong></span> <span class='ocrx_word' id='word_1_61' title='bbox 1206 821 1259 874; x_wconf 93' lang='lat' dir='ltr'><strong>in</strong></span> <span class='ocrx_word' id='word_1_62' title='bbox 1289 819 1612 890; x_wconf 85' lang='lat' dir='ltr'><strong>psalmodia,</strong></span> <span class='ocrx_word' id='word_1_63' title='bbox 1636 835 1799 890; x_wconf 88' lang='lat' dir='ltr'><strong>quam</strong></span> 
     </span>
    </p>
   </div>
   <div class='ocr_carea' id='block_1_9' title="bbox 222 908 1801 981">
    <p class='ocr_par' dir='ltr' id='par_1_9' title="bbox 222 908 1801 981">
     <span class='ocr_line' id='line_1_9' title="bbox 222 908 1801 981; baseline 0.003 -19"><span class='ocrx_word' id='word_1_64' title='bbox 222 910 276 962; x_wconf 90' lang='lat' dir='ltr'><strong>in</strong></span> <span class='ocrx_word' id='word_1_65' title='bbox 304 908 688 964; x_wconf 75' lang='lat' dir='ltr'><strong>observatione</strong></span> <span class='ocrx_word' id='word_1_66' title='bbox 716 911 942 975; x_wconf 88' lang='lat' dir='ltr'><strong>silentii,</strong></span> <span class='ocrx_word' id='word_1_67' title='bbox 976 913 1068 967; x_wconf 89' lang='lat' dir='ltr'><strong>sed</strong></span> <span class='ocrx_word' id='word_1_68' title='bbox 1095 922 1150 966; x_wconf 92' lang='lat' dir='ltr'><strong>et</strong></span> <span class='ocrx_word' id='word_1_69' title='bbox 1177 913 1230 966; x_wconf 90' lang='lat' dir='ltr'><strong>in</strong></span> <span class='ocrx_word' id='word_1_70' title='bbox 1259 913 1520 981; x_wconf 83' lang='lat' dir='ltr'><strong>qualitate</strong></span> <span class='ocrx_word' id='word_1_71' title='bbox 1549 913 1726 967; x_wconf 88' lang='lat' dir='ltr'><strong>victus</strong></span> <span class='ocrx_word' id='word_1_72' title='bbox 1745 920 1801 966; x_wconf 90' lang='lat' dir='ltr'><strong>et</strong></span> 
     </span>
    </p>
   </div>
   <div class='ocr_carea' id='block_1_10' title="bbox 218 1001 1796 1076">
    <p class='ocr_par' dir='ltr' id='par_1_10' title="bbox 218 1001 1796 1076">
     <span class='ocr_line' id='line_1_10' title="bbox 218 1001 1796 1076; baseline 0.003 -23"><span class='ocrx_word' id='word_1_73' title='bbox 218 1001 470 1064; x_wconf 80' lang='lat' dir='ltr'><strong>vestitus,</strong></span> <span class='ocrx_word' id='word_1_74' title='bbox 496 1009 550 1054; x_wconf 90' lang='lat' dir='ltr'><strong>et</strong></span> <span class='ocrx_word' id='word_1_75' title='bbox 572 1001 862 1070; x_wconf 73' lang='lat' dir='ltr'><strong>insuperjn</strong></span> <span class='ocrx_word' id='word_1_76' title='bbox 890 1013 1198 1074; x_wconf 89' lang='lat' dir='ltr'><strong>contemptu</strong></span> <span class='ocrx_word' id='word_1_77' title='bbox 1222 1019 1402 1058; x_wconf 91' lang='lat' dir='ltr'><strong>rerum</strong></span> <span class='ocrx_word' id='word_1_78' title='bbox 1431 1006 1796 1076; x_wconf 85' lang='lat' dir='ltr'><strong>propriarum,</strong></span> 
     </span>
    </p>
   </div>
   <div class='ocr_carea' id='block_1_11' title="bbox 219 1091 1797 1164">
    <p class='ocr_par' dir='ltr' id='par_1_11' title="bbox 219 1091 1797 1164">
     <span class='ocr_line' id='line_1_11' title="bbox 219 1091 1797 1164; baseline 0.003 -19"><span class='ocrx_word' id='word_1_79' title='bbox 219 1091 400 1146; x_wconf 84' lang='lat' dir='ltr'><strong>sinon</strong></span> <span class='ocrx_word' id='word_1_80' title='bbox 428 1091 641 1155; x_wconf 87' lang='lat' dir='ltr'><strong>melius,</strong></span> <span class='ocrx_word' id='word_1_81' title='bbox 687 1094 879 1148; x_wconf 82' lang='lat' dir='ltr'><strong>saltem</strong></span> <span class='ocrx_word' id='word_1_82' title='bbox 932 1095 1072 1148; x_wconf 91' lang='lat' dir='ltr'><strong>sicut</strong></span> <span class='ocrx_word' id='word_1_83' title='bbox 1117 1095 1222 1149; x_wconf 90' lang='lat' dir='ltr'><strong>huc</strong></span> <span class='ocrx_word' id='word_1_84' title='bbox 1254 1109 1426 1164; x_wconf 85' lang='lat' dir='ltr'><strong>usque</strong></span> <span class='ocrx_word' id='word_1_85' title='bbox 1451 1093 1681 1158; x_wconf 79' lang='lat' dir='ltr'><strong>fecistis,</strong></span> <span class='ocrx_word' id='word_1_86' title='bbox 1717 1095 1797 1149; x_wconf 88' lang='lat' dir='ltr'><strong>sic</strong></span> 
     </span>
    </p>
   </div>
   <div class='ocr_carea' id='block_1_12' title="bbox 217 1176 1794 1256">
    <p class='ocr_par' dir='ltr' id='par_1_12' title="bbox 217 1176 1794 1256">
     <span class='ocr_line' id='line_1_12' title="bbox 217 1176 1794 1256; baseline 0.004 -22"><span class='ocrx_word' id='word_1_87' title='bbox 217 1180 473 1252; x_wconf 86' lang='lat' dir='ltr'><strong>deinceps</strong></span> <span class='ocrx_word' id='word_1_88' title='bbox 498 1176 837 1237; x_wconf 87' lang='lat' dir='ltr'><strong>custodiatis.</strong></span> <span class='ocrx_word' id='word_1_89' title='bbox 863 1184 920 1238; x_wconf 92' lang='lat' dir='ltr'><strong>Si</strong></span> <span class='ocrx_word' id='word_1_90' title='bbox 943 1195 1144 1250; x_wconf 86' lang='lat' dir='ltr'><strong>autem,</strong></span> <span class='ocrx_word' id='word_1_91' title='bbox 1168 1185 1307 1254; x_wconf 92' lang='lat' dir='ltr'><strong>quod</strong></span> <span class='ocrx_word' id='word_1_92' title='bbox 1330 1185 1490 1249; x_wconf 86' lang='lat' dir='ltr'><strong>absit,</strong></span> <span class='ocrx_word' id='word_1_93' title='bbox 1515 1186 1584 1240; x_wconf 90' lang='lat' dir='ltr'><strong>ab</strong></span> <span class='ocrx_word' id='word_1_94' title='bbox 1611 1186 1794 1256; x_wconf 84' lang='lat' dir='ltr'><strong>aliquo</strong></span> 
     </span>
    </p>
   </div>
   <div class='ocr_carea' id='block_1_13' title="bbox 215 1270 1795 1344">
    <p class='ocr_par' dir='ltr' id='par_1_13' title="bbox 215 1270 1795 1344">
     <span class='ocr_line' id='line_1_13' title="bbox 215 1270 1795 1344; baseline 0.002 -18"><span class='ocrx_word' id='word_1_95' title='bbox 215 1287 404 1326; x_wconf 86' lang='lat' dir='ltr'><strong>eorum</strong></span> <span class='ocrx_word' id='word_1_96' title='bbox 431 1270 594 1327; x_wconf 82' lang='lat' dir='ltr'><strong>fuerit</strong></span> <span class='ocrx_word' id='word_1_97' title='bbox 637 1274 990 1342; x_wconf 80' lang='lat' dir='ltr'><strong>pertinaciter</strong></span> <span class='ocrx_word' id='word_1_98' title='bbox 1020 1285 1279 1338; x_wconf 88' lang='lat' dir='ltr'><strong>erratum,</strong></span> <span class='ocrx_word' id='word_1_99' title='bbox 1311 1275 1673 1344; x_wconf 62' lang='lat' dir='ltr'><strong>praecipimus,</strong></span> <span class='ocrx_word' id='word_1_100' title='bbox 1699 1291 1795 1344; x_wconf 91' lang='lat' dir='ltr'><strong>per</strong></span> 
     </span>
    </p>
   </div>
   <div class='ocr_carea' id='block_1_14' title="bbox 214 1347 1794 1436">
    <p class='ocr_par' dir='ltr' id='par_1_14' title="bbox 214 1347 1794 1436">
     <span class='ocr_line' id='line_1_14' title="bbox 214 1347 1794 1436; baseline 0.004 -20"><span class='ocrx_word' id='word_1_101' title='bbox 214 1371 417 1416; x_wconf 69' lang='lat' dir='ltr'><strong>sancta:</strong></span> <span class='ocrx_word' id='word_1_102' title='bbox 439 1362 636 1434; x_wconf 65' lang='lat' dir='ltr'><strong>regula:</strong></span> <span class='ocrx_word' id='word_1_103' title='bbox 658 1365 1056 1429; x_wconf 80' lang='lat' dir='ltr'><strong>auctoritatem,</strong></span> <span class='ocrx_word' id='word_1_104' title='bbox 1083 1375 1142 1418; x_wconf 92' lang='lat' dir='ltr'><strong>ut</strong></span> <span class='ocrx_word' id='word_1_105' title='bbox 1161 1367 1440 1434; x_wconf 87' lang='lat' dir='ltr'><strong>utriusque</strong></span> <span class='ocrx_word' id='word_1_106' title='bbox 1459 1347 1794 1436; x_wconf 45' lang='lat' dir='ltr'><strong>loci&#39;ﬁioTe-s</strong></span> 
     </span>
    </p>
   </div>
   <div class='ocr_carea' id='block_1_15' title="bbox 211 1448 1790 1525">
    <p class='ocr_par' dir='ltr' id='par_1_15' title="bbox 211 1448 1790 1525">
     <span class='ocr_line' id='line_1_15' title="bbox 211 1448 1790 1525; baseline 0.006 -23"><span class='ocrx_word' id='word_1_107' title='bbox 211 1448 278 1502; x_wconf 87' lang='lat' dir='ltr'><strong>ad</strong></span> <span class='ocrx_word' id='word_1_108' title='bbox 309 1450 689 1520; x_wconf 74' lang='lat' dir='ltr'><strong>corrigendum</strong></span> <span class='ocrx_word' id='word_1_109' title='bbox 710 1467 950 1506; x_wconf 89' lang='lat' dir='ltr'><strong>errorem</strong></span> <span class='ocrx_word' id='word_1_110' title='bbox 976 1454 1078 1508; x_wconf 84' lang='lat' dir='ltr'><strong>sibi</strong></span> <span class='ocrx_word' id='word_1_111' title='bbox 1111 1465 1294 1508; x_wconf 87' lang='lat' dir='ltr'><strong>mutuo</strong></span> <span class='ocrx_word' id='word_1_112' title='bbox 1323 1453 1697 1525; x_wconf 84' lang='lat' dir='ltr'><strong>suﬂ&#39;ragentur.</strong></span> <span class='ocrx_word' id='word_1_113' title='bbox 1733 1455 1790 1510; x_wconf 88' lang='lat' dir='ltr'><strong>Si</strong></span> 
     </span>
    </p>
   </div>
   <div class='ocr_carea' id='block_1_16' title="bbox 210 1539 1790 1610">
    <p class='ocr_par' dir='ltr' id='par_1_16' title="bbox 210 1539 1790 1610">
     <span class='ocr_line' id='line_1_16' title="bbox 210 1539 1790 1610; baseline 0.006 -19"><span class='ocrx_word' id='word_1_114' title='bbox 210 1539 332 1607; x_wconf 89' lang='lat' dir='ltr'><strong>quis</strong></span> <span class='ocrx_word' id='word_1_115' title='bbox 364 1548 568 1605; x_wconf 88' lang='lat' dir='ltr'><strong>autem,</strong></span> <span class='ocrx_word' id='word_1_116' title='bbox 601 1542 744 1610; x_wconf 90' lang='lat' dir='ltr'><strong>quod</strong></span> <span class='ocrx_word' id='word_1_117' title='bbox 767 1543 931 1608; x_wconf 83' lang='lat' dir='ltr'><strong>absit,</strong></span> <span class='ocrx_word' id='word_1_118' title='bbox 963 1544 1102 1599; x_wconf 84' lang='lat' dir='ltr'><strong>hanc</strong></span> <span class='ocrx_word' id='word_1_119' title='bbox 1132 1555 1373 1600; x_wconf 88' lang='lat' dir='ltr'><strong>nostram</strong></span> <span class='ocrx_word' id='word_1_120' title='bbox 1399 1545 1790 1600; x_wconf 89' lang='lat' dir='ltr'><strong>institutionem</strong></span> 
     </span>
    </p>
   </div>
   <div class='ocr_carea' id='block_1_17' title="bbox 209 1629 1787 1706">
    <p class='ocr_par' dir='ltr' id='par_1_17' title="bbox 209 1629 1787 1706">
     <span class='ocr_line' id='line_1_17' title="bbox 209 1629 1787 1706; baseline 0.005 -22"><span class='ocrx_word' id='word_1_121' title='bbox 209 1630 262 1684; x_wconf 89' lang='lat' dir='ltr'><strong>in</strong></span> <span class='ocrx_word' id='word_1_122' title='bbox 308 1629 493 1699; x_wconf 91' lang='lat' dir='ltr'><strong>aliquo</strong></span> <span class='ocrx_word' id='word_1_123' title='bbox 515 1629 772 1702; x_wconf 75' lang='lat' dir='ltr'><strong>fregerit,</strong></span> <span class='ocrx_word' id='word_1_124' title='bbox 826 1634 1097 1689; x_wconf 89' lang='lat' dir='ltr'><strong>deterreat</strong></span> <span class='ocrx_word' id='word_1_125' title='bbox 1127 1651 1250 1691; x_wconf 92' lang='lat' dir='ltr'><strong>eum</strong></span> <span class='ocrx_word' id='word_1_126' title='bbox 1302 1651 1405 1689; x_wconf 79' lang='lat' dir='ltr'><strong>vox</strong></span> <span class='ocrx_word' id='word_1_127' title='bbox 1456 1636 1635 1692; x_wconf 89' lang='lat' dir='ltr'><strong>divina</strong></span> <span class='ocrx_word' id='word_1_128' title='bbox 1666 1651 1787 1706; x_wconf 75' lang='lat' dir='ltr'><strong>qua:</strong></span> 
     </span>
    </p>
   </div>
   <div class='ocr_carea' id='block_1_18' title="bbox 1909 457 3481 527">
    <p class='ocr_par' dir='ltr' id='par_1_18' title="bbox 1909 457 3481 527">
     <span class='ocr_line' id='line_1_18' title="bbox 1909 457 3481 527; baseline -0.001 -16"><span class='ocrx_word' id='word_1_129' title='bbox 1909 457 1964 512; x_wconf 89' lang='lat' dir='ltr'><strong>id</strong></span> <span class='ocrx_word' id='word_1_130' title='bbox 1995 467 2078 512; x_wconf 89' lang='lat' dir='ltr'><strong>est</strong></span> <span class='ocrx_word' id='word_1_131' title='bbox 2104 457 2492 513; x_wconf 83' lang='lat' dir='ltr'><strong>institutionem</strong></span> <span class='ocrx_word' id='word_1_132' title='bbox 2513 467 2902 527; x_wconf 54' lang='lat' dir='ltr'><strong>praceptorum</strong></span> <span class='ocrx_word' id='word_1_133' title='bbox 2925 472 3142 511; x_wconf 84' lang='lat' dir='ltr'><strong>suorum</strong></span> <span class='ocrx_word' id='word_1_134' title='bbox 3169 467 3224 511; x_wconf 91' lang='lat' dir='ltr'><strong>et</strong></span> <span class='ocrx_word' id='word_1_135' title='bbox 3256 466 3481 510; x_wconf 77' lang='lat' dir='ltr'><strong>conatus</strong></span> 
     </span>
    </p>
   </div>
   <div class='ocr_carea' id='block_1_19' title="bbox 1905 549 3475 619">
    <p class='ocr_par' dir='ltr' id='par_1_19' title="bbox 1905 549 3475 619">
     <span class='ocr_line' id='line_1_19' title="bbox 1905 549 3475 619; baseline -0.003 -15"><span class='ocrx_word' id='word_1_136' title='bbox 1905 549 2021 618; x_wconf 83' lang='lat' dir='ltr'><strong>ejus</strong></span> <span class='ocrx_word' id='word_1_137' title='bbox 2049 551 2262 619; x_wconf 89' lang='lat' dir='ltr'><strong>penitus</strong></span> <span class='ocrx_word' id='word_1_138' title='bbox 2292 549 2598 605; x_wconf 82' lang='lat' dir='ltr'><strong>frustretur.</strong></span> <span class='ocrx_word' id='word_1_139' title='bbox 2625 549 2912 618; x_wconf 87' lang='lat' dir='ltr'><strong>Dispositio</strong></span> <span class='ocrx_word' id='word_1_140' title='bbox 2930 564 3058 602; x_wconf 87' lang='lat' dir='ltr'><strong>vero</strong></span> <span class='ocrx_word' id='word_1_141' title='bbox 3089 558 3306 610; x_wconf 66' lang='lat' dir='ltr'><strong>nostrze,</strong></span> <span class='ocrx_word' id='word_1_142' title='bbox 3335 563 3475 616; x_wconf 69' lang='lat' dir='ltr'><strong>qute,</strong></span> 
     </span>
    </p>
   </div>
   <div class='ocr_carea' id='block_1_20' title="bbox 1905 637 3477 708">
    <p class='ocr_par' dir='ltr' id='par_1_20' title="bbox 1905 637 3477 708">
     <span class='ocr_line' id='line_1_20' title="bbox 1905 637 3477 708; baseline -0.002 -15"><span class='ocrx_word' id='word_1_143' title='bbox 1905 648 1965 693; x_wconf 90' lang='lat' dir='ltr'><strong>ut</strong></span> <span class='ocrx_word' id='word_1_144' title='bbox 1994 641 2157 694; x_wconf 84' lang='lat' dir='ltr'><strong>credo</strong></span> <span class='ocrx_word' id='word_1_145' title='bbox 2178 679 2193 704; x_wconf 91' lang='lat'><strong>,</strong></span> <span class='ocrx_word' id='word_1_146' title='bbox 2224 655 2322 708; x_wconf 86' lang='lat' dir='ltr'><strong>per</strong></span> <span class='ocrx_word' id='word_1_147' title='bbox 2359 639 2677 694; x_wconf 89' lang='lat' dir='ltr'><strong>charilatcm</strong></span> <span class='ocrx_word' id='word_1_148' title='bbox 2720 639 3000 707; x_wconf 89' lang='lat' dir='ltr'><strong>utriusque</strong></span> <span class='ocrx_word' id='word_1_149' title='bbox 3030 637 3161 690; x_wconf 90' lang='lat' dir='ltr'><strong>locis</strong></span> <span class='ocrx_word' id='word_1_150' title='bbox 3185 637 3334 706; x_wconf 88' lang='lat' dir='ltr'><strong>cupit</strong></span> <span class='ocrx_word' id='word_1_151' title='bbox 3357 652 3477 690; x_wconf 89' lang='lat' dir='ltr'><strong>esse</strong></span> 
     </span>
    </p>
   </div>
   <div class='ocr_carea' id='block_1_21' title="bbox 1903 727 3478 800">
    <p class='ocr_par' dir='ltr' id='par_1_21' title="bbox 1903 727 3478 800">
     <span class='ocr_line' id='line_1_21' title="bbox 1903 727 3478 800; baseline -0.003 -16"><span class='ocrx_word' id='word_1_152' title='bbox 1903 731 2228 794; x_wconf 88' lang='lat' dir='ltr'><strong>consultum,</strong></span> <span class='ocrx_word' id='word_1_153' title='bbox 2258 733 2366 785; x_wconf 92' lang='lat' dir='ltr'><strong>Deo</strong></span> <span class='ocrx_word' id='word_1_154' title='bbox 2404 731 2746 800; x_wconf 81' lang='lat' dir='ltr'><strong>disponente,</strong></span> <span class='ocrx_word' id='word_1_155' title='bbox 2774 739 2830 784; x_wconf 91' lang='lat' dir='ltr'><strong>et</strong></span> <span class='ocrx_word' id='word_1_156' title='bbox 2868 728 3026 783; x_wconf 88' lang='lat' dir='ltr'><strong>beato</strong></span> <span class='ocrx_word' id='word_1_157' title='bbox 3055 728 3213 783; x_wconf 85' lang='lat' dir='ltr'><strong>Petro</strong></span> <span class='ocrx_word' id='word_1_158' title='bbox 3242 727 3478 797; x_wconf 89' lang='lat' dir='ltr'><strong>patroci-</strong></span> 
     </span>
    </p>
   </div>
   <div class='ocr_carea' id='block_1_22' title="bbox 1901 822 2768 891">
    <p class='ocr_par' dir='ltr' id='par_1_22' title="bbox 1901 822 2768 891">
     <span class='ocr_line' id='line_1_22' title="bbox 1901 822 2768 891; baseline -0.001 -17"><span class='ocrx_word' id='word_1_159' title='bbox 1901 830 2064 876; x_wconf 86' lang='lat' dir='ltr'><strong>nante</strong></span> <span class='ocrx_word' id='word_1_160' title='bbox 2096 822 2403 877; x_wconf 87' lang='lat' dir='ltr'><strong>inconvulsa</strong></span> <span class='ocrx_word' id='word_1_161' title='bbox 2435 829 2768 891; x_wconf 87' lang='lat' dir='ltr'><strong>permaneat.</strong></span> 
     </span>
    </p>
   </div>
   <div class='ocr_carea' id='block_1_23' title="bbox 1971 906 3471 981">
    <p class='ocr_par' dir='ltr' id='par_1_23' title="bbox 1971 906 3471 981">
     <span class='ocr_line' id='line_1_23' title="bbox 1971 906 3471 981; baseline -0.004 -15"><span class='ocrx_word' id='word_1_162' title='bbox 1971 910 2195 981; x_wconf 87' lang='lat' dir='ltr'><strong>Signum</strong></span> <span class='ocrx_word' id='word_1_163' title='bbox 2230 912 2491 967; x_wconf 85' lang='lat' dir='ltr'><strong>Bcrnonis</strong></span> <span class='ocrx_word' id='word_1_164' title='bbox 2517 910 2747 975; x_wconf 80' lang='lat' dir='ltr'><strong>abbatis,</strong></span> <span class='ocrx_word' id='word_1_165' title='bbox 2781 909 2872 978; x_wconf 90' lang='lat' dir='ltr'><strong>qui</strong></span> <span class='ocrx_word' id='word_1_166' title='bbox 2895 909 3036 963; x_wconf 87' lang='lat' dir='ltr'><strong>banc</strong></span> <span class='ocrx_word' id='word_1_167' title='bbox 3062 909 3302 962; x_wconf 84' lang='lat' dir='ltr'><strong>chartam</strong></span> <span class='ocrx_word' id='word_1_168' title='bbox 3334 906 3471 971; x_wconf 80' lang='lat' dir='ltr'><strong>ﬁeri,</strong></span> 
     </span>
    </p>
   </div>
   <div class='ocr_carea' id='block_1_24' title="bbox 1899 1001 2452 1070">
    <p class='ocr_par' dir='ltr' id='par_1_24' title="bbox 1899 1001 2452 1070">
     <span class='ocr_line' id='line_1_24' title="bbox 1899 1001 2452 1070; baseline -0.007 -13"><span class='ocrx_word' id='word_1_169' title='bbox 1899 1011 1956 1057; x_wconf 87' lang='lat' dir='ltr'><strong>et</strong></span> <span class='ocrx_word' id='word_1_170' title='bbox 1986 1001 2192 1055; x_wconf 82' lang='lat' dir='ltr'><strong>ﬁrmari</strong></span> <span class='ocrx_word' id='word_1_171' title='bbox 2222 1003 2452 1070; x_wconf 79' lang='lat' dir='ltr'><strong>rogavit.</strong></span> 
     </span>
    </p>
   </div>
   <div class='ocr_carea' id='block_1_25' title="bbox 1972 1086 3474 1165">
    <p class='ocr_par' dir='ltr' id='par_1_25' title="bbox 1972 1086 3474 1165">
     <span class='ocr_line' id='line_1_25' title="bbox 1972 1086 3474 1165; baseline -0.006 -18"><span class='ocrx_word' id='word_1_172' title='bbox 1972 1093 2197 1165; x_wconf 89' lang='lat' dir='ltr'><strong>Signum</strong></span> <span class='ocrx_word' id='word_1_173' title='bbox 2225 1092 2477 1147; x_wconf 86' lang='lat' dir='ltr'><strong>Widonis</strong></span> <span class='ocrx_word' id='word_1_174' title='bbox 2509 1090 2756 1146; x_wconf 89' lang='lat' dir='ltr'><strong>moderni</strong></span> <span class='ocrx_word' id='word_1_175' title='bbox 2788 1088 3036 1154; x_wconf 84' lang='lat' dir='ltr'><strong>abbatis,</strong></span> <span class='ocrx_word' id='word_1_176' title='bbox 3067 1087 3173 1165; x_wconf 82' lang='lat' dir='ltr'><strong>qui</strong></span> <span class='ocrx_word' id='word_1_177' title='bbox 3203 1086 3306 1142; x_wconf 86' lang='lat' dir='ltr'><strong>hoc</strong></span> <span class='ocrx_word' id='word_1_178' title='bbox 3345 1098 3474 1140; x_wconf 87' lang='lat' dir='ltr'><strong>con-</strong></span> 
     </span>
    </p>
   </div>
   <div class='ocr_carea' id='block_1_26' title="bbox 1898 1163 3176 1242">
    <p class='ocr_par' dir='ltr' id='par_1_26' title="bbox 1898 1163 3176 1242">
     <span class='ocr_line' id='line_1_26' title="bbox 1898 1163 3176 1242; baseline 0.001 0"><span class='ocrx_word' id='word_1_179' title='bbox 1898 1187 2095 1242; x_wconf 88' lang='lat' dir='ltr'><strong>sensit.</strong></span> <span class='ocrx_word' id='word_1_180' title='bbox 3164 1163 3176 1179; x_wconf 51' lang='lat'><em>.</em></span> 
     </span>
    </p>
   </div>
   <div class='ocr_carea' id='block_1_27' title="bbox 1969 1275 2686 1348">
    <p class='ocr_par' dir='ltr' id='par_1_27' title="bbox 1969 1275 2686 1348">
     <span class='ocr_line' id='line_1_27' title="bbox 1969 1275 2686 1348; baseline -0.003 -16"><span class='ocrx_word' id='word_1_181' title='bbox 1969 1281 2194 1348; x_wconf 85' lang='lat' dir='ltr'><strong>Signum</strong></span> <span class='ocrx_word' id='word_1_182' title='bbox 2221 1275 2426 1332; x_wconf 90' lang='lat' dir='ltr'><strong>Odonis</strong></span> <span class='ocrx_word' id='word_1_183' title='bbox 2451 1276 2686 1332; x_wconf 86' lang='lat' dir='ltr'><strong>abbatis.</strong></span> 
     </span>
    </p>
   </div>
   <div class='ocr_carea' id='block_1_28' title="bbox 1968 1367 2505 1440">
    <p class='ocr_par' dir='ltr' id='par_1_28' title="bbox 1968 1367 2505 1440">
     <span class='ocr_line' id='line_1_28' title="bbox 1968 1367 2505 1440; baseline 0 -16"><span class='ocrx_word' id='word_1_184' title='bbox 1968 1369 2189 1440; x_wconf 88' lang='lat' dir='ltr'><strong>Signum</strong></span> <span class='ocrx_word' id='word_1_185' title='bbox 2216 1367 2505 1424; x_wconf 79' lang='lat' dir='ltr'><strong>Geoﬂredi.</strong></span> 
     </span>
    </p>
   </div>
   <div class='ocr_carea' id='block_1_29' title="bbox 1967 1459 2628 1529">
    <p class='ocr_par' dir='ltr' id='par_1_29' title="bbox 1967 1459 2628 1529">
     <span class='ocr_line' id='line_1_29' title="bbox 1967 1459 2628 1529; baseline 0 -16"><span class='ocrx_word' id='word_1_186' title='bbox 1967 1460 2189 1529; x_wconf 81' lang='lat' dir='ltr'><strong>Signum</strong></span> <span class='ocrx_word' id='word_1_187' title='bbox 2218 1459 2628 1514; x_wconf 87' lang='lat' dir='ltr'><strong>Wandanberti.</strong></span> 
     </span>
    </p>
   </div>
   <div class='ocr_carea' id='block_1_30' title="bbox 1963 1549 3118 1620">
    <p class='ocr_par' dir='ltr' id='par_1_30' title="bbox 1963 1549 3118 1620">
     <span class='ocr_line' id='line_1_30' title="bbox 1963 1549 3118 1620; baseline -0.003 -15"><span class='ocrx_word' id='word_1_188' title='bbox 1963 1551 2119 1606; x_wconf 87' lang='lat' dir='ltr'><strong>Anno</strong></span> <span class='ocrx_word' id='word_1_189' title='bbox 2147 1560 2362 1620; x_wconf 86' lang='lat' dir='ltr'><strong>quarto,</strong></span> <span class='ocrx_word' id='word_1_190' title='bbox 2388 1563 2644 1616; x_wconf 72' lang='lat' dir='ltr'><strong>regnante</strong></span> <span class='ocrx_word' id='word_1_191' title='bbox 2669 1549 2949 1620; x_wconf 84' lang='lat' dir='ltr'><strong>Radulpho</strong></span> <span class='ocrx_word' id='word_1_192' title='bbox 2975 1562 3118 1619; x_wconf 89' lang='lat' dir='ltr'><strong>rege.</strong></span> 
     </span>
    </p>
   </div>
   <div class='ocr_carea' id='block_1_31' title="bbox 212 1801 3464 1863">
    <p class='ocr_par' dir='ltr' id='par_1_31' title="bbox 212 1801 3452 1852">
     <span class='ocr_line' id='line_1_31' title="bbox 212 1801 3452 1852; baseline 0.002 -40"><span class='ocrx_word' id='word_1_193' title='bbox 212 1801 3452 1852; x_wconf 62' lang='lat' dir='ltr'><strong>E_________________________________</strong></span> 
     </span>
    </p>
   </div>
   <div class='ocr_carea' id='block_1_32' title="bbox 1422 1979 2290 2025">
    <p class='ocr_par' dir='ltr' id='par_1_32' title="bbox 1422 1979 2290 2025">
     <span class='ocr_line' id='line_1_32' title="bbox 1422 1979 2290 2025; baseline 0.005 -3"><span class='ocrx_word' id='word_1_194' title='bbox 1422 1979 1588 2024; x_wconf 76' lang='lat' dir='ltr'><strong>ANNO</strong></span> <span class='ocrx_word' id='word_1_195' title='bbox 1637 1979 1868 2024; x_wconf 75' lang='lat' dir='ltr'><strong>DOMINI</strong></span> <span class='ocrx_word' id='word_1_196' title='bbox 1910 1979 2290 2025; x_wconf 76' lang='lat' dir='ltr'><strong>DCCCCXLIII.</strong></span> 
     </span>
    </p>
   </div>
   <div class='ocr_carea' id='block_1_33' title="bbox 673 2149 2960 2314">
    <p class='ocr_par' dir='ltr' id='par_1_33' title="bbox 673 2149 2960 2314">
     <span class='ocr_line' id='line_1_33' title="bbox 673 2149 2960 2314; baseline -0.001 -2"><span class='ocrx_word' id='word_1_197' title='bbox 673 2149 1594 2312; x_wconf 84' lang='lat' dir='ltr'><strong>CAPPIDUS</strong></span> <span class='ocrx_word' id='word_1_198' title='bbox 1709 2151 2960 2314; x_wconf 79' lang='lat' dir='ltr'><strong>STAVRIENSIS</strong></span> 
     </span>
    </p>
   </div>
   <div class='ocr_carea' id='block_1_34' title="bbox 1441 2421 2138 2480">
    <p class='ocr_par' dir='ltr' id='par_1_34' title="bbox 1441 2421 2138 2480">
     <span class='ocr_line' id='line_1_34' title="bbox 1441 2421 2138 2480; baseline 0.001 -3"><span class='ocrx_word' id='word_1_199' title='bbox 1441 2421 1716 2478; x_wconf 70' lang='lat' dir='ltr'><strong>FiilSlUS</strong></span> <span class='ocrx_word' id='word_1_200' title='bbox 1756 2421 2138 2480; x_wconf 79' lang='lat' dir='ltr'><strong>SACERDOS.</strong></span> 
     </span>
    </p>
   </div>
   <div class='ocr_carea' id='block_1_35' title="bbox 897 2618 2726 2700">
    <p class='ocr_par' dir='ltr' id='par_1_35' title="bbox 897 2618 2726 2700">
     <span class='ocr_line' id='line_1_35' title="bbox 897 2618 2726 2700; baseline -0.002 -1"><span class='ocrx_word' id='word_1_201' title='bbox 897 2618 1334 2699; x_wconf 79' lang='lat' dir='ltr'><strong>NOTITIA</strong></span> <span class='ocrx_word' id='word_1_202' title='bbox 1393 2618 1944 2699; x_wconf 81' lang='lat' dir='ltr'><strong>HISTORICA</strong></span> <span class='ocrx_word' id='word_1_203' title='bbox 2008 2621 2118 2700; x_wconf 87' lang='grc' dir='ltr'>ΙΝ</span> <span class='ocrx_word' id='word_1_204' title='bbox 2167 2619 2726 2699; x_wconf 84' lang='lat' dir='ltr'><strong>CAPPIDUM.</strong></span> 
     </span>
    </p>
   </div>
   <div class='ocr_carea' id='block_1_36' title="bbox 1292 2797 2346 2862">
    <p class='ocr_par' dir='ltr' id='par_1_36' title="bbox 1292 2797 2346 2862">
     <span class='ocr_line' id='line_1_36' title="bbox 1292 2797 2346 2862; baseline -0.002 -14"><span class='ocrx_word' id='word_1_205' title='bbox 1292 2799 1454 2862; x_wconf 83' lang='lat' dir='ltr'><strong>(Apud</strong></span> <span class='ocrx_word' id='word_1_206' title='bbox 1479 2797 1695 2856; x_wconf 84' lang='lat' dir='ltr'><strong>Fabric.,</strong></span> <span class='ocrx_word' id='word_1_207' title='bbox 1720 2797 1846 2858; x_wconf 89' lang='lat' dir='ltr'><strong>Bibl,</strong></span> <span class='ocrx_word' id='word_1_208' title='bbox 1873 2799 2003 2850; x_wconf 90' lang='lat' dir='ltr'><strong>med.</strong></span> <span class='ocrx_word' id='word_1_209' title='bbox 2031 2807 2082 2849; x_wconf 87' lang='lat' dir='ltr'><strong>et</strong></span> <span class='ocrx_word' id='word_1_210' title='bbox 2105 2798 2188 2848; x_wconf 78' lang='lat' dir='ltr'><strong>int.</strong></span> <span class='ocrx_word' id='word_1_211' title='bbox 2218 2799 2346 2859; x_wconf 87' lang='lat' dir='ltr'><strong>Lat.)</strong></span> 
     </span>
    </p>
   </div>
   <div class='ocr_carea' id='block_1_37' title="bbox 1667 2965 2031 2980">
    <p class='ocr_par' dir='ltr' id='par_1_37' title="bbox 1667 2965 2031 2980">
     <span class='ocr_line' id='line_1_37' title="bbox 1667 2965 2031 2980; baseline 0.005 -2"><span class='ocrx_word' id='word_1_212' title='bbox 1667 2965 2031 2980; x_wconf 49' lang='grc' dir='ltr'><em>α*</em></span> 
     </span>
    </p>
   </div>
   <div class='ocr_carea' id='block_1_38' title="bbox 253 3065 3448 3190">
    <p class='ocr_par' dir='ltr' id='par_1_38' title="bbox 253 3065 3448 3190">
     <span class='ocr_line' id='line_1_38' title="bbox 253 3065 3448 3190; baseline -0.001 -68"><span class='ocrx_word' id='word_1_213' title='bbox 253 3066 525 3137; x_wconf 87' lang='lat' dir='ltr'><strong>Cappidus</strong></span> <span class='ocrx_word' id='word_1_214' title='bbox 553 3065 909 3131; x_wconf 88' lang='lat' dir='ltr'><strong>Stavriensis,</strong></span> <span class='ocrx_word' id='word_1_215' title='bbox 942 3066 1152 3122; x_wconf 83' lang='lat' dir='ltr'><strong>Frisios</strong></span> <span class='ocrx_word' id='word_1_216' title='bbox 1179 3067 1454 3148; x_wconf 66' lang='lat' dir='ltr'><strong>sacerdos,</strong></span> <span class='ocrx_word' id='word_1_217' title='bbox 1486 3077 1676 3124; x_wconf 87' lang='lat' dir='ltr'><strong>auctor</strong></span> <span class='ocrx_word' id='word_1_218' title='bbox 1702 3071 1946 3125; x_wconf 87' lang='lat' dir='ltr'><strong>creditur</strong></span> <span class='ocrx_word' id='word_1_219' title='bbox 1985 3067 2116 3124; x_wconf 77' lang='lat' dir='ltr'><strong>Vita:</strong></span> <span class='ocrx_word' id='word_1_220' title='bbox 2144 3069 2310 3122; x_wconf 80' lang='lat' dir='ltr'><strong>sancti</strong></span> <span class='ocrx_word' id='word_1_221' title='bbox 2341 3065 2574 3137; x_wconf 81' lang='lat' dir='ltr'><strong>Odulphi</strong></span> <span class='ocrx_word' id='word_1_222' title='bbox 2594 3067 2904 3190; x_wconf 58' lang='lat' dir='ltr'><strong>Eesbyteri.</strong></span> <span class='ocrx_word' id='word_1_223' title='bbox 2938 3065 3036 3148; x_wconf 72' lang='lat' dir='ltr'><strong>qui</strong></span> <span class='ocrx_word' id='word_1_224' title='bbox 3072 3065 3214 3120; x_wconf 86' lang='lat' dir='ltr'><strong>circa</strong></span> <span class='ocrx_word' id='word_1_225' title='bbox 3248 3079 3448 3148; x_wconf 81' lang='lat' dir='ltr'><strong>annum</strong></span> 
     </span>
     <span class='ocr_line' id='line_1_39' title="bbox 253 3134 3445 3190; baseline 0 0"><span class='ocrx_word' id='word_1_226' title='bbox 253 3141 284 3190; x_wconf 86' lang='grc' dir='ltr'>υ</span> <span class='ocrx_word' id='word_1_227' title='bbox 313 3139 464 3190; x_wconf 81' lang='lat' dir='ltr'><strong>vixit.</strong></span> <span class='ocrx_word' id='word_1_228' title='bbox 493 3138 718 3190; x_wconf 67' lang='lat' dir='ltr'><strong>vulgata:</strong></span> <span class='ocrx_word' id='word_1_229' title='bbox 748 3154 777 3190; x_wconf 90' lang='lat' dir='ltr'><strong>a</strong></span> <span class='ocrx_word' id='word_1_230' title='bbox 809 3138 969 3190; x_wconf 87' lang='lat' dir='ltr'><strong>Surio</strong></span> <span class='ocrx_word' id='word_1_231' title='bbox 995 3140 1057 3190; x_wconf 72' lang='lat'><strong>12</strong></span> <span class='ocrx_word' id='word_1_232' title='bbox 1087 3137 1249 3190; x_wconf 87' lang='lat' dir='ltr'><strong>Junii.</strong></span> <span class='ocrx_word' id='word_1_233' title='bbox 1281 3138 1534 3190; x_wconf 79' lang='lat' dir='ltr'><strong>Traditur</strong></span> <span class='ocrx_word' id='word_1_234' title='bbox 1568 3139 1727 3190; x_wconf 84' lang='lat' dir='ltr'><strong>etiam</strong></span> <span class='ocrx_word' id='word_1_235' title='bbox 1771 3140 2052 3190; x_wconf 75' lang='lat' dir='ltr'><strong>scripsisse</strong></span> <span class='ocrx_word' id='word_1_236' title='bbox 2093 3138 2236 3190; x_wconf 84' lang='lat' dir='ltr'><strong>Vitas</strong></span> <span class='ocrx_word' id='word_1_237' title='bbox 2261 3149 2563 3190; x_wconf 80' lang='lat' dir='ltr'><strong>sanctorum</strong></span> <span class='ocrx_word' id='word_1_238' title='bbox 2663 3137 2827 3190; x_wconf 81' lang='lat' dir='ltr'><strong>buint.</strong></span> <span class='ocrx_word' id='word_1_239' title='bbox 2857 3137 3034 3190; x_wconf 78' lang='lat' dir='ltr'><strong>Otaert</strong></span> <span class='ocrx_word' id='word_1_240' title='bbox 3059 3147 3107 3190; x_wconf 85' lang='lat' dir='ltr'><strong>et</strong></span> <span class='ocrx_word' id='word_1_241' title='bbox 3139 3134 3445 3190; x_wconf 77' lang='lat' dir='ltr'><strong>Plechelmt.</strong></span> 
     </span>
    </p>
   </div>
   <div class='ocr_carea' id='block_1_39' title="bbox 170 3136 2563 3208">
    <p class='ocr_par' dir='ltr' id='par_1_39' title="bbox 170 3136 2563 3208">
     <span class='ocr_line' id='line_1_40' title="bbox 170 3136 2563 3208; baseline -0.001 -15"><span class='ocrx_word' id='word_1_242' title='bbox 170 3136 284 3208; x_wconf 70' lang='grc'><strong>860</strong></span> <span class='ocrx_word' id='word_1_243' title='bbox 313 3136 718 3208; x_wconf 33' lang='grc' dir='ltr'><strong>νίΧίιζνυΙειξιω</strong></span> <span class='ocrx_word' id='word_1_244' title='bbox 748 3154 777 3192; x_wconf 88' lang='lat' dir='ltr'><strong>a</strong></span> <span class='ocrx_word' id='word_1_245' title='bbox 809 3138 969 3192; x_wconf 86' lang='lat' dir='ltr'><strong>Surio</strong></span> <span class='ocrx_word' id='word_1_246' title='bbox 995 3140 1057 3190; x_wconf 72' lang='lat'><strong>12</strong></span> <span class='ocrx_word' id='word_1_247' title='bbox 1087 3137 1249 3193; x_wconf 87' lang='lat' dir='ltr'><strong>Junii.</strong></span> <span class='ocrx_word' id='word_1_248' title='bbox 1281 3138 1534 3192; x_wconf 85' lang='lat' dir='ltr'><strong>Traditur</strong></span> <span class='ocrx_word' id='word_1_249' title='bbox 1568 3139 1727 3193; x_wconf 87' lang='lat' dir='ltr'><strong>etiam</strong></span> <span class='ocrx_word' id='word_1_250' title='bbox 1771 3140 2052 3208; x_wconf 84' lang='lat' dir='ltr'><strong>scripsisse</strong></span> <span class='ocrx_word' id='word_1_251' title='bbox 2093 3138 2236 3192; x_wconf 84' lang='lat' dir='ltr'><strong>Vitas</strong></span> <span class='ocrx_word' id='word_1_252' title='bbox 2261 3136 2563 3192; x_wconf 78' lang='lat' dir='ltr'><strong>sanctorum</strong></span> 
     </span>
    </p>
   </div>
   <div class='ocr_carea' id='block_1_40' title="bbox 2663 3134 3445 3204">
    <p class='ocr_par' dir='ltr' id='par_1_40' title="bbox 2663 3134 3445 3204">
     <span class='ocr_line' id='line_1_41' title="bbox 2663 3134 3445 3204; baseline 0 -14"><span class='ocrx_word' id='word_1_253' title='bbox 2663 3134 2827 3199; x_wconf 80' lang='lat' dir='ltr'><strong>buini,</strong></span> <span class='ocrx_word' id='word_1_254' title='bbox 2857 3134 3036 3204; x_wconf 66' lang='lat' dir='ltr'><strong>Otgeri</strong></span> <span class='ocrx_word' id='word_1_255' title='bbox 3059 3147 3107 3190; x_wconf 84' lang='lat' dir='ltr'><strong>et</strong></span> <span class='ocrx_word' id='word_1_256' title='bbox 3139 3134 3445 3191; x_wconf 76' lang='lat' dir='ltr'><strong>Plechelmi.</strong></span> 
     </span>
    </p>
   </div>
   <div class='ocr_carea' id='block_1_41' title="bbox 174 3194 3448 3277">
    <p class='ocr_par' dir='ltr' id='par_1_41' title="bbox 174 3194 3448 3277">
     <span class='ocr_line' id='line_1_42' title="bbox 174 3194 3448 3277; baseline 0 -17"><span class='ocrx_word' id='word_1_257' title='bbox 174 3206 315 3261; x_wconf 75' lang='lat' dir='ltr'><strong>Nam</strong></span> <span class='ocrx_word' id='word_1_258' title='bbox 348 3209 414 3262; x_wconf 88' lang='lat' dir='ltr'><strong>de</strong></span> <span class='ocrx_word' id='word_1_259' title='bbox 444 3194 761 3276; x_wconf 64' lang='lat' dir='ltr'><strong>Cettealogia</strong></span> <span class='ocrx_word' id='word_1_260' title='bbox 787 3209 1100 3277; x_wconf 85' lang='lat' dir='ltr'><strong>principum,</strong></span> <span class='ocrx_word' id='word_1_261' title='bbox 1145 3210 1334 3262; x_wconf 80' lang='lat' dir='ltr'><strong>durum</strong></span> <span class='ocrx_word' id='word_1_262' title='bbox 1367 3224 1428 3260; x_wconf 87' lang='lat' dir='ltr'><strong>ac</strong></span> <span class='ocrx_word' id='word_1_263' title='bbox 1457 3224 1631 3277; x_wconf 85' lang='lat' dir='ltr'><strong>regum</strong></span> <span class='ocrx_word' id='word_1_264' title='bbox 1669 3194 1894 3271; x_wconf 56' lang='lat' dir='ltr'><strong>Frisia&#39;:</strong></span> <span class='ocrx_word' id='word_1_265' title='bbox 1923 3221 1977 3263; x_wconf 90' lang='lat' dir='ltr'><strong>et</strong></span> <span class='ocrx_word' id='word_1_266' title='bbox 2009 3194 2257 3277; x_wconf 10' lang='lat' dir='ltr'><strong>illistoria</strong></span> <span class='ocrx_word' id='word_1_267' title='bbox 2285 3207 2657 3262; x_wconf 78' lang='lat' dir='ltr'><strong>.Ecrlesiastica</strong></span> <span class='ocrx_word' id='word_1_268' title='bbox 2685 3194 2852 3276; x_wconf 82' lang='lat' dir='ltr'><strong>gentis</strong></span> <span class='ocrx_word' id='word_1_269' title='bbox 2888 3194 3198 3268; x_wconf 63' lang='lat' dir='ltr'><strong>Frisonirte,</strong></span> <span class='ocrx_word' id='word_1_270' title='bbox 3234 3221 3369 3275; x_wconf 87' lang='lat' dir='ltr'><strong>quas</strong></span> <span class='ocrx_word' id='word_1_271' title='bbox 3396 3207 3448 3260; x_wconf 87' lang='lat' dir='ltr'><strong>ei</strong></span> 
     </span>
    </p>
   </div>
   <div class='ocr_carea' id='block_1_42' title="bbox 169 3275 3448 3349">
    <p class='ocr_par' dir='ltr' id='par_1_42' title="bbox 169 3275 3448 3349">
     <span class='ocr_line' id='line_1_43' title="bbox 169 3275 3448 3349; baseline 0.001 -21"><span class='ocrx_word' id='word_1_272' title='bbox 169 3278 370 3349; x_wconf 87' lang='lat' dir='ltr'><strong>tribuit</strong></span> <span class='ocrx_word' id='word_1_273' title='bbox 415 3275 1126 3349; x_wconf 73' lang='lat' dir='ltr'><strong>incendioqueabsumptas</strong></span> <span class='ocrx_word' id='word_1_274' title='bbox 1172 3279 1314 3332; x_wconf 84' lang='lat' dir='ltr'><strong>dolet</strong></span> <span class='ocrx_word' id='word_1_275' title='bbox 1350 3275 1614 3332; x_wconf 71' lang='lat' dir='ltr'><strong>Suli‘ridus</strong></span> <span class='ocrx_word' id='word_1_276' title='bbox 1641 3279 1785 3333; x_wconf 85' lang='lat' dir='ltr'><strong>Petri</strong></span> <span class='ocrx_word' id='word_1_277' title='bbox 1825 3280 1924 3349; x_wconf 84' lang='lat' dir='ltr'><strong>(De</strong></span> <span class='ocrx_word' id='word_1_278' title='bbox 1949 3281 2128 3346; x_wconf 87' lang='lat' dir='ltr'><strong>script.</strong></span> <span class='ocrx_word' id='word_1_279' title='bbox 2164 3275 2378 3338; x_wconf 73' lang='lat' dir='ltr'><strong>Frisiat.</strong></span> <span class='ocrx_word' id='word_1_280' title='bbox 2410 3293 2531 3348; x_wconf 88' lang='lat' dir='ltr'><strong>pag.</strong></span> <span class='ocrx_word' id='word_1_281' title='bbox 2563 3275 2863 3347; x_wconf 21' lang='lat' dir='ltr'><strong>57),7video</strong></span> <span class='ocrx_word' id='word_1_282' title='bbox 2913 3277 3061 3333; x_wconf 82' lang='lat' dir='ltr'><strong>viros</strong></span> <span class='ocrx_word' id='word_1_283' title='bbox 3107 3277 3298 3332; x_wconf 85' lang='lat' dir='ltr'><strong>doctos</strong></span> <span class='ocrx_word' id='word_1_284' title='bbox 3338 3290 3448 3332; x_wconf 86' lang='lat' dir='ltr'><strong>non</strong></span> 
     </span>
    </p>
   </div>
   <div class='ocr_carea' id='block_1_43' title="bbox 179 3348 2760 3420">
    <p class='ocr_par' dir='ltr' id='par_1_43' title="bbox 179 3348 2760 3420">
     <span class='ocr_line' id='line_1_44' title="bbox 179 3348 2760 3420; baseline -0 -19"><span class='ocrx_word' id='word_1_285' title='bbox 179 3348 366 3401; x_wconf 83' lang='lat' dir='ltr'><strong>minus</strong></span> <span class='ocrx_word' id='word_1_286' title='bbox 393 3363 554 3417; x_wconf 89' lang='lat' dir='ltr'><strong>quam</strong></span> <span class='ocrx_word' id='word_1_287' title='bbox 585 3349 651 3404; x_wconf 88' lang='lat' dir='ltr'><strong>de</strong></span> <span class='ocrx_word' id='word_1_288' title='bbox 682 3348 864 3403; x_wconf 80' lang='lat' dir='ltr'><strong>multis</strong></span> <span class='ocrx_word' id='word_1_289' title='bbox 895 3348 1015 3403; x_wconf 86' lang='lat' dir='ltr'><strong>aliis</strong></span> <span class='ocrx_word' id='word_1_290' title='bbox 1045 3349 1114 3402; x_wconf 86' lang='lat' dir='ltr'><strong>ab</strong></span> <span class='ocrx_word' id='word_1_291' title='bbox 1141 3366 1206 3404; x_wconf 93' lang='lat' dir='ltr'><strong>eo</strong></span> <span class='ocrx_word' id='word_1_292' title='bbox 1235 3365 1302 3403; x_wconf 82' lang='lat' dir='ltr'><strong>ex</strong></span> <span class='ocrx_word' id='word_1_293' title='bbox 1335 3349 1656 3418; x_wconf 86' lang='lat' dir='ltr'><strong>antiquitate</strong></span> <span class='ocrx_word' id='word_1_294' title='bbox 1693 3351 1879 3404; x_wconf 80' lang='lat' dir='ltr'><strong>ultima</strong></span> <span class='ocrx_word' id='word_1_295' title='bbox 1915 3349 2212 3404; x_wconf 86' lang='lat' dir='ltr'><strong>Frisiorum</strong></span> <span class='ocrx_word' id='word_1_296' title='bbox 2246 3349 2465 3420; x_wconf 89' lang='lat' dir='ltr'><strong>jactatis</strong></span> <span class='ocrx_word' id='word_1_297' title='bbox 2497 3349 2760 3404; x_wconf 87' lang='lat' dir='ltr'><strong>dubitare.</strong></span> 
     </span>
    </p>
   </div>
   <div class='ocr_carea' id='block_1_44' title="bbox 765 3617 2846 3735">
    <p class='ocr_par' dir='ltr' id='par_1_44' title="bbox 765 3617 2846 3735">
     <span class='ocr_line' id='line_1_45' title="bbox 765 3617 2846 3735; baseline -0.001 0"><span class='ocrx_word' id='word_1_298' title='bbox 765 3620 1540 3735; x_wconf 74' lang='lat' dir='ltr'><strong>CAPPIDI</strong></span> <span class='ocrx_word' id='word_1_299' title='bbox 1624 3617 2846 3733; x_wconf 72' lang='lat' dir='ltr'><strong>STAVRIENSIS</strong></span> 
     </span>
    </p>
   </div>
   <div class='ocr_carea' id='block_1_45' title="bbox 1466 3830 2144 3890">
    <p class='ocr_par' dir='ltr' id='par_1_45' title="bbox 1466 3830 2144 3890">
     <span class='ocr_line' id='line_1_46' title="bbox 1466 3830 2144 3890; baseline -0.001 -1"><span class='ocrx_word' id='word_1_300' title='bbox 1466 3832 1673 3890; x_wconf 80' lang='lat' dir='ltr'><strong>FRISII</strong></span> <span class='ocrx_word' id='word_1_301' title='bbox 1712 3830 2144 3890; x_wconf 84' lang='lat' dir='ltr'><strong>SACERDOTIS</strong></span> 
     </span>
    </p>
   </div>
   <div class='ocr_carea' id='block_1_46' title="bbox 567 4007 3031 4106">
    <p class='ocr_par' dir='ltr' id='par_1_46' title="bbox 567 4007 3031 4106">
     <span class='ocr_line' id='line_1_47' title="bbox 567 4007 3031 4106; baseline -0.001 -8"><span class='ocrx_word' id='word_1_302' title='bbox 567 4009 714 4098; x_wconf 89' lang='lat' dir='ltr'><strong>DE</strong></span> <span class='ocrx_word' id='word_1_303' title='bbox 785 4007 1070 4106; x_wconf 80' lang='lat' dir='ltr'><strong>VITA</strong></span> <span class='ocrx_word' id='word_1_304' title='bbox 1140 4007 1551 4102; x_wconf 85' lang='lat' dir='ltr'><strong>SANCTI</strong></span> <span class='ocrx_word' id='word_1_305' title='bbox 1625 4007 2170 4102; x_wconf 90' lang='lat' dir='ltr'><strong>ODULPHI</strong></span> <span class='ocrx_word' id='word_1_306' title='bbox 2248 4007 3031 4100; x_wconf 80' lang='lat' dir='ltr'><strong>PRESBYTEBI.</strong></span> 
     </span>
    </p>
   </div>
   <div class='ocr_carea' id='block_1_47' title="bbox 1338 4202 2300 4269">
    <p class='ocr_par' dir='ltr' id='par_1_47' title="bbox 1338 4202 2300 4269">
     <span class='ocr_line' id='line_1_48' title="bbox 1338 4202 2300 4269; baseline 0.003 -16"><span class='ocrx_word' id='word_1_307' title='bbox 1338 4202 1503 4267; x_wconf 77' lang='lat' dir='ltr'><strong>(Apud</strong></span> <span class='ocrx_word' id='word_1_308' title='bbox 1529 4205 1744 4268; x_wconf 87' lang='lat' dir='ltr'><strong>Suriutn,</strong></span> <span class='ocrx_word' id='word_1_309' title='bbox 1773 4207 1889 4256; x_wconf 75' lang='lat' dir='ltr'><strong>Acta</strong></span> <span class='ocrx_word' id='word_1_310' title='bbox 1925 4205 2017 4258; x_wconf 86' lang='lat' dir='ltr'><strong>SS.</strong></span> <span class='ocrx_word' id='word_1_311' title='bbox 2045 4203 2102 4254; x_wconf 76' lang='grc'><strong>12</strong></span> <span class='ocrx_word' id='word_1_312' title='bbox 2127 4205 2300 4269; x_wconf 83' lang='lat' dir='ltr'><strong>Junii.)</strong></span> 
     </span>
    </p>
   </div>
   <div class='ocr_carea' id='block_1_48' title="bbox 225 4462 3431 4536">
    <p class='ocr_par' dir='ltr' id='par_1_48' title="bbox 225 4462 3431 4536">
     <span class='ocr_line' id='line_1_49' title="bbox 225 4462 3431 4536; baseline 0.001 -16"><span class='ocrx_word' id='word_1_313' title='bbox 225 4465 269 4520; x_wconf 93' lang='grc'><strong>1.</strong></span> <span class='ocrx_word' id='word_1_314' title='bbox 312 4465 671 4536; x_wconf 82' lang='lat' dir='ltr'><strong>Temporibus</strong></span> <span class='ocrx_word' id='word_1_315' title='bbox 696 4465 977 4532; x_wconf 89' lang='lat' dir='ltr'><strong>Ludovici,</strong></span> <span class='ocrx_word' id='word_1_316' title='bbox 1006 4465 1235 4536; x_wconf 91' lang='lat' dir='ltr'><strong>piissimi</strong></span> <span class='ocrx_word' id='word_1_317' title='bbox 1267 4465 1630 4536; x_wconf 89' lang='lat' dir='ltr'><strong>imperatoris,</strong></span> <span class='ocrx_word' id='word_1_318' title='bbox 1659 4465 1741 4518; x_wconf 87' lang='lat' dir='ltr'><strong>vir</strong></span> <span class='ocrx_word' id='word_1_319' title='bbox 1770 4467 1816 4526; x_wconf 84' lang='grc' dir='ltr'><strong>Β</strong></span> <span class='ocrx_word' id='word_1_320' title='bbox 1846 4474 2018 4519; x_wconf 90' lang='lat' dir='ltr'><strong>naret.</strong></span> <span class='ocrx_word' id='word_1_321' title='bbox 2051 4463 2220 4516; x_wconf 84' lang='lat' dir='ltr'><strong>Porro</strong></span> <span class='ocrx_word' id='word_1_322' title='bbox 2251 4478 2373 4517; x_wconf 91' lang='lat' dir='ltr'><strong>cum</strong></span> <span class='ocrx_word' id='word_1_323' title='bbox 2405 4469 2564 4516; x_wconf 69' lang='lat' dir='ltr'><strong>aetate</strong></span> <span class='ocrx_word' id='word_1_324' title='bbox 2591 4462 2917 4518; x_wconf 52' lang='lat' dir='ltr'><strong>accrevit‘ei</strong></span> <span class='ocrx_word' id='word_1_325' title='bbox 2961 4463 3122 4519; x_wconf 90' lang='lat' dir='ltr'><strong>etiam</strong></span> <span class='ocrx_word' id='word_1_326' title='bbox 3171 4468 3431 4536; x_wconf 87' lang='lat' dir='ltr'><strong>sapientia</strong></span> 
     </span>
    </p>
   </div>
   <div class='ocr_carea' id='block_1_49' title="bbox 151 4551 3433 4628">
    <p class='ocr_par' dir='ltr' id='par_1_49' title="bbox 151 4551 3433 4628">
     <span class='ocr_line' id='line_1_50' title="bbox 151 4551 3433 4628; baseline 0.002 -21"><span class='ocrx_word' id='word_1_327' title='bbox 151 4557 378 4625; x_wconf 86' lang='lat' dir='ltr'><strong>quidam</strong></span> <span class='ocrx_word' id='word_1_328' title='bbox 405 4556 729 4612; x_wconf 88' lang='lat' dir='ltr'><strong>venerabilis</strong></span> <span class='ocrx_word' id='word_1_329' title='bbox 754 4556 855 4610; x_wconf 83' lang='lat' dir='ltr'><strong>fuit</strong></span> <span class='ocrx_word' id='word_1_330' title='bbox 881 4572 911 4612; x_wconf 91' lang='lat' dir='ltr'><strong>e</strong></span> <span class='ocrx_word' id='word_1_331' title='bbox 936 4557 1270 4612; x_wconf 88' lang='lat' dir='ltr'><strong>Francorum</strong></span> <span class='ocrx_word' id='word_1_332' title='bbox 1299 4556 1464 4610; x_wconf 91' lang='lat' dir='ltr'><strong>nobili</strong></span> <span class='ocrx_word' id='word_1_333' title='bbox 1492 4555 1741 4624; x_wconf 86' lang='lat' dir='ltr'><strong>prosapia</strong></span> <span class='ocrx_word' id='word_1_334' title='bbox 1845 4564 1900 4609; x_wconf 87' lang='lat' dir='ltr'><strong>et</strong></span> <span class='ocrx_word' id='word_1_335' title='bbox 1945 4554 2222 4616; x_wconf 87' lang='lat' dir='ltr'><strong>sanctitas,</strong></span> <span class='ocrx_word' id='word_1_336' title='bbox 2255 4552 2416 4622; x_wconf 89' lang='lat' dir='ltr'><strong>idque</strong></span> <span class='ocrx_word' id='word_1_337' title='bbox 2446 4551 2605 4617; x_wconf 89' lang='lat' dir='ltr'><strong>adeo,</strong></span> <span class='ocrx_word' id='word_1_338' title='bbox 2632 4562 2692 4608; x_wconf 90' lang='lat' dir='ltr'><strong>ut</strong></span> <span class='ocrx_word' id='word_1_339' title='bbox 2739 4554 2825 4619; x_wconf 89' lang='lat' dir='ltr'><strong>iis,</strong></span> <span class='ocrx_word' id='word_1_340' title='bbox 2874 4556 2965 4625; x_wconf 91' lang='lat' dir='ltr'><strong>qui</strong></span> <span class='ocrx_word' id='word_1_341' title='bbox 2993 4571 3088 4626; x_wconf 91' lang='lat' dir='ltr'><strong>per</strong></span> <span class='ocrx_word' id='word_1_342' title='bbox 3123 4557 3173 4610; x_wconf 92' lang='lat' dir='ltr'><strong>id</strong></span> <span class='ocrx_word' id='word_1_343' title='bbox 3223 4567 3433 4628; x_wconf 86' lang='lat' dir='ltr'><strong>tempus</strong></span> 
     </span>
    </p>
   </div>
   <div class='ocr_carea' id='block_1_50' title="bbox 149 4649 1745 4718">
    <p class='ocr_par' dir='ltr' id='par_1_50' title="bbox 149 4649 1745 4718">
     <span class='ocr_line' id='line_1_51' title="bbox 149 4649 1745 4718; baseline -0.001 -16"><span class='ocrx_word' id='word_1_344' title='bbox 149 4659 329 4703; x_wconf 90' lang='lat' dir='ltr'><strong>ortus.</strong></span> <span class='ocrx_word' id='word_1_345' title='bbox 385 4649 674 4704; x_wconf 72' lang='lat' dir='ltr'><strong>Dicebatur</strong></span> <span class='ocrx_word' id='word_1_346' title='bbox 702 4649 746 4702; x_wconf 90' lang='lat' dir='ltr'><strong>is</strong></span> <span class='ocrx_word' id='word_1_347' title='bbox 777 4649 992 4718; x_wconf 87' lang='lat' dir='ltr'><strong>Bodgis,</strong></span> <span class='ocrx_word' id='word_1_348' title='bbox 1031 4658 1086 4704; x_wconf 88' lang='lat' dir='ltr'><strong>et</strong></span> <span class='ocrx_word' id='word_1_349' title='bbox 1129 4664 1192 4703; x_wconf 79' lang='lat' dir='ltr'><strong>ex</strong></span> <span class='ocrx_word' id='word_1_350' title='bbox 1223 4663 1288 4704; x_wconf 90' lang='lat' dir='ltr'><strong>eo</strong></span> <span class='ocrx_word' id='word_1_351' title='bbox 1314 4656 1636 4717; x_wconf 89' lang='lat' dir='ltr'><strong>procreatus</strong></span> <span class='ocrx_word' id='word_1_352' title='bbox 1662 4655 1745 4701; x_wconf 90' lang='lat' dir='ltr'><strong>est</strong></span> 
     </span>
    </p>
   </div>
   <div class='ocr_carea' id='block_1_51' title="bbox 149 4736 1744 4808">
    <p class='ocr_par' dir='ltr' id='par_1_51' title="bbox 149 4736 1744 4808">
     <span class='ocr_line' id='line_1_52' title="bbox 149 4736 1744 4808; baseline 0.001 -17"><span class='ocrx_word' id='word_1_353' title='bbox 149 4738 456 4808; x_wconf 91' lang='lat' dir='ltr'><strong>Odulphus.</strong></span> <span class='ocrx_word' id='word_1_354' title='bbox 512 4739 656 4806; x_wconf 83' lang='lat' dir='ltr'><strong>Qui,</strong></span> <span class='ocrx_word' id='word_1_355' title='bbox 695 4739 855 4793; x_wconf 91' lang='lat' dir='ltr'><strong>simul</strong></span> <span class='ocrx_word' id='word_1_356' title='bbox 899 4749 1062 4808; x_wconf 88' lang='lat' dir='ltr'><strong>atque</strong></span> <span class='ocrx_word' id='word_1_357' title='bbox 1091 4755 1121 4793; x_wconf 90' lang='lat' dir='ltr'><strong>e</strong></span> <span class='ocrx_word' id='word_1_358' title='bbox 1154 4737 1521 4793; x_wconf 88' lang='lat' dir='ltr'><strong>sacratissima</strong></span> <span class='ocrx_word' id='word_1_359' title='bbox 1571 4736 1744 4806; x_wconf 88' lang='lat' dir='ltr'><strong>bapti-</strong></span> 
     </span>
    </p>
   </div>
   <div class='ocr_carea' id='block_1_52' title="bbox 148 4828 1743 4898">
    <p class='ocr_par' dir='ltr' id='par_1_52' title="bbox 148 4828 1743 4898">
     <span class='ocr_line' id='line_1_53' title="bbox 148 4828 1743 4898; baseline 0.001 -18"><span class='ocrx_word' id='word_1_360' title='bbox 148 4828 347 4881; x_wconf 88' lang='lat' dir='ltr'><strong>smatis</strong></span> <span class='ocrx_word' id='word_1_361' title='bbox 377 4830 516 4882; x_wconf 87' lang='lat' dir='ltr'><strong>unda</strong></span> <span class='ocrx_word' id='word_1_362' title='bbox 567 4839 785 4896; x_wconf 74' lang='lat' dir='ltr'><strong>renatus</strong></span> <span class='ocrx_word' id='word_1_363' title='bbox 835 4839 939 4891; x_wconf 89' lang='lat' dir='ltr'><strong>est,</strong></span> <span class='ocrx_word' id='word_1_364' title='bbox 979 4829 1186 4884; x_wconf 60' lang='lat' dir='ltr'><strong>caelesti</strong></span> <span class='ocrx_word' id='word_1_365' title='bbox 1215 4844 1428 4898; x_wconf 89' lang='lat' dir='ltr'><strong>quoque</strong></span> <span class='ocrx_word' id='word_1_366' title='bbox 1457 4843 1579 4884; x_wconf 88' lang='lat' dir='ltr'><strong>rore</strong></span> <span class='ocrx_word' id='word_1_367' title='bbox 1608 4829 1743 4882; x_wconf 88' lang='lat' dir='ltr'><strong>divi-</strong></span> 
     </span>
    </p>
   </div>
   <div class='ocr_carea' id='block_1_53' title="bbox 147 4917 1740 4986">
    <p class='ocr_par' dir='ltr' id='par_1_53' title="bbox 147 4917 1740 4986">
     <span class='ocr_line' id='line_1_54' title="bbox 147 4917 1740 4986; baseline 0.004 -18"><span class='ocrx_word' id='word_1_368' title='bbox 147 4917 303 4970; x_wconf 81' lang='lat' dir='ltr'><strong>nitus</strong></span> <span class='ocrx_word' id='word_1_369' title='bbox 351 4926 433 4970; x_wconf 89' lang='lat' dir='ltr'><strong>est</strong></span> <span class='ocrx_word' id='word_1_370' title='bbox 481 4917 756 4986; x_wconf 84' lang='lat' dir='ltr'><strong>irrigatus.</strong></span> <span class='ocrx_word' id='word_1_371' title='bbox 814 4917 984 4972; x_wconf 84' lang='lat' dir='ltr'><strong>Porro</strong></span> <span class='ocrx_word' id='word_1_372' title='bbox 1031 4920 1119 4973; x_wconf 92' lang='lat' dir='ltr'><strong>ubi</strong></span> <span class='ocrx_word' id='word_1_373' title='bbox 1165 4919 1326 4974; x_wconf 87' lang='lat' dir='ltr'><strong>desiit</strong></span> <span class='ocrx_word' id='word_1_374' title='bbox 1371 4920 1441 4974; x_wconf 87' lang='lat' dir='ltr'><strong>ad</strong></span> <span class='ocrx_word' id='word_1_375' title='bbox 1495 4929 1740 4974; x_wconf 84' lang='lat' dir='ltr'><strong>materna</strong></span> 
     </span>
    </p>
   </div>
   <div class='ocr_carea' id='block_1_54' title="bbox 146 5009 1739 5078">
    <p class='ocr_par' dir='ltr' id='par_1_54' title="bbox 146 5009 1739 5078">
     <span class='ocr_line' id='line_1_55' title="bbox 146 5009 1739 5078; baseline 0.001 -14"><span class='ocrx_word' id='word_1_376' title='bbox 146 5009 391 5078; x_wconf 85' lang='lat' dir='ltr'><strong>pendere</strong></span> <span class='ocrx_word' id='word_1_377' title='bbox 417 5013 606 5072; x_wconf 82' lang='lat' dir='ltr'><strong>ubera,</strong></span> <span class='ocrx_word' id='word_1_378' title='bbox 633 5010 932 5064; x_wconf 86' lang='lat' dir='ltr'><strong>litterarum</strong></span> <span class='ocrx_word' id='word_1_379' title='bbox 959 5011 1149 5066; x_wconf 90' lang='lat' dir='ltr'><strong>studiis</strong></span> <span class='ocrx_word' id='word_1_380' title='bbox 1177 5011 1428 5078; x_wconf 88' lang='lat' dir='ltr'><strong>traditus,</strong></span> <span class='ocrx_word' id='word_1_381' title='bbox 1457 5019 1514 5066; x_wconf 88' lang='lat' dir='ltr'><strong>et</strong></span> <span class='ocrx_word' id='word_1_382' title='bbox 1536 5011 1739 5066; x_wconf 85' lang='lat' dir='ltr'><strong>sanctis</strong></span> 
     </span>
    </p>
   </div>
   <div class='ocr_carea' id='block_1_55' title="bbox 161 5103 1702 5126">
    <p class='ocr_par' dir='ltr' id='par_1_55' title="bbox 161 5103 1702 5126">
     <span class='ocr_line' id='line_1_56' title="bbox 161 5103 1702 5126; baseline 0.004 -6"><span class='ocrx_word' id='word_1_383' title='bbox 161 5118 166 5119; x_wconf 51' lang='grc' dir='ltr'><strong>μ</strong></span> <span class='ocrx_word' id='word_1_384' title='bbox 193 5117 208 5120; x_wconf 81' lang='lat'><strong>-</strong></span> <span class='ocrx_word' id='word_1_385' title='bbox 253 5103 350 5120; x_wconf 55' lang='lat' dir='ltr'><strong>n,-</strong></span> <span class='ocrx_word' id='word_1_386' title='bbox 405 5104 441 5122; x_wconf 59' lang='lat' dir='ltr'><strong>l,</strong></span> <span class='ocrx_word' id='word_1_387' title='bbox 525 5105 589 5122; x_wconf 69' lang='grc' dir='ltr'>ι⁸μμ</span> <span class='ocrx_word' id='word_1_388' title='bbox 623 5103 920 5122; x_wconf 60' lang='grc' dir='ltr'><strong>Ιμ-...-9μ.Ξι-.-μ</strong></span> <span class='ocrx_word' id='word_1_389' title='bbox 980 5115 1033 5124; x_wconf 82' lang='grc' dir='ltr'>μμ.</span> <span class='ocrx_word' id='word_1_390' title='bbox 1072 5105 1126 5124; x_wconf 42' lang='lat' dir='ltr'><strong>-l.</strong></span> <span class='ocrx_word' id='word_1_391' title='bbox 1180 5105 1278 5124; x_wconf 71' lang='lat' dir='ltr'><strong>SII&#39;-</strong></span> <span class='ocrx_word' id='word_1_392' title='bbox 1315 5103 1558 5126; x_wconf 46' lang='grc' dir='ltr'><strong>,Αμμ-.-.2ΑΑ</strong></span> <span class='ocrx_word' id='word_1_393' title='bbox 1609 5103 1702 5126; x_wconf 63' lang='grc' dir='ltr'><strong>...ΑΙΞ</strong></span> 
     </span>
    </p>
   </div>
   <div class='ocr_carea' id='block_1_56' title="bbox 193 5101 1662 5126">
    <p class='ocr_par' dir='ltr' id='par_1_56' title="bbox 193 5101 1662 5126">
     <span class='ocr_line' id='line_1_57' title="bbox 193 5101 1662 5126; baseline 0.004 -6"><span class='ocrx_word' id='word_1_394' title='bbox 193 5117 208 5120; x_wconf 81' lang='lat'><strong>-</strong></span> <span class='ocrx_word' id='word_1_395' title='bbox 253 5101 350 5120; x_wconf 50' lang='lat' dir='ltr'><strong>n,-</strong></span> <span class='ocrx_word' id='word_1_396' title='bbox 405 5104 441 5122; x_wconf 59' lang='lat' dir='ltr'><strong>l,</strong></span> <span class='ocrx_word' id='word_1_397' title='bbox 525 5105 589 5122; x_wconf 68' lang='grc' dir='ltr'>ι⁸μμ</span> <span class='ocrx_word' id='word_1_398' title='bbox 623 5103 920 5122; x_wconf 70' lang='grc' dir='ltr'><strong>Ιμ-...-9μ.Ξι-..μ</strong></span> <span class='ocrx_word' id='word_1_399' title='bbox 980 5115 1033 5124; x_wconf 82' lang='grc' dir='ltr'>μμ.</span> <span class='ocrx_word' id='word_1_400' title='bbox 1072 5105 1126 5124; x_wconf 52' lang='lat' dir='ltr'><strong>-l.</strong></span> <span class='ocrx_word' id='word_1_401' title='bbox 1180 5105 1278 5124; x_wconf 70' lang='lat' dir='ltr'><strong>SII&#39;-</strong></span> <span class='ocrx_word' id='word_1_402' title='bbox 1315 5103 1558 5126; x_wconf 46' lang='grc' dir='ltr'><strong>,Αμμ-.-.2ΑΑ</strong></span> <span class='ocrx_word' id='word_1_403' title='bbox 1609 5119 1662 5126; x_wconf 64' lang='grc' dir='ltr'><strong>...Α</strong></span> 
     </span>
    </p>
   </div>
   <div class='ocr_carea' id='block_1_57' title="bbox 1848 4644 3434 4716">
    <p class='ocr_par' dir='ltr' id='par_1_57' title="bbox 1848 4644 3434 4716">
     <span class='ocr_line' id='line_1_58' title="bbox 1848 4644 3434 4716; baseline 0.003 -15"><span class='ocrx_word' id='word_1_404' title='bbox 1848 4647 1958 4701; x_wconf 77' lang='lat' dir='ltr'><strong>Deo</strong></span> <span class='ocrx_word' id='word_1_405' title='bbox 1985 4645 2235 4714; x_wconf 89' lang='lat' dir='ltr'><strong>religiose</strong></span> <span class='ocrx_word' id='word_1_406' title='bbox 2264 4645 2471 4700; x_wconf 87' lang='lat' dir='ltr'><strong>servire</strong></span> <span class='ocrx_word' id='word_1_407' title='bbox 2497 4644 2852 4712; x_wconf 88' lang='lat' dir='ltr'><strong>conabantur,</strong></span> <span class='ocrx_word' id='word_1_408' title='bbox 2889 4663 3060 4703; x_wconf 74' lang='lat' dir='ltr'><strong>novus</strong></span> <span class='ocrx_word' id='word_1_409' title='bbox 3086 4649 3302 4716; x_wconf 87' lang='lat' dir='ltr'><strong>quidem</strong></span> <span class='ocrx_word' id='word_1_410' title='bbox 3334 4653 3434 4706; x_wconf 84' lang='lat' dir='ltr'><strong>Sa-</strong></span> 
     </span>
    </p>
   </div>
   <div class='ocr_carea' id='block_1_58' title="bbox 1846 4733 3432 4806">
    <p class='ocr_par' dir='ltr' id='par_1_58' title="bbox 1846 4733 3432 4806">
     <span class='ocr_line' id='line_1_59' title="bbox 1846 4733 3432 4806; baseline 0.004 -17"><span class='ocrx_word' id='word_1_411' title='bbox 1846 4735 1989 4790; x_wconf 88' lang='lat' dir='ltr'><strong>muel</strong></span> <span class='ocrx_word' id='word_1_412' title='bbox 2033 4743 2186 4790; x_wconf 85' lang='lat' dir='ltr'><strong>ortus</strong></span> <span class='ocrx_word' id='word_1_413' title='bbox 2234 4733 2529 4789; x_wconf 88' lang='lat' dir='ltr'><strong>videretur.</strong></span> <span class='ocrx_word' id='word_1_414' title='bbox 2583 4733 2788 4800; x_wconf 88' lang='lat' dir='ltr'><strong>Quibus</strong></span> <span class='ocrx_word' id='word_1_415' title='bbox 2817 4751 2948 4792; x_wconf 86' lang='lat' dir='ltr'><strong>sane</strong></span> <span class='ocrx_word' id='word_1_416' title='bbox 2974 4737 3106 4791; x_wconf 88' lang='lat' dir='ltr'><strong>adeo</strong></span> <span class='ocrx_word' id='word_1_417' title='bbox 3135 4741 3432 4806; x_wconf 82' lang='lat' dir='ltr'><strong>gratiosum</strong></span> 
     </span>
    </p>
   </div>
   <div class='ocr_carea' id='block_1_59' title="bbox 1846 4822 3436 4895">
    <p class='ocr_par' dir='ltr' id='par_1_59' title="bbox 1846 4822 3436 4895">
     <span class='ocr_line' id='line_1_60' title="bbox 1846 4822 3436 4895; baseline 0.003 -15"><span class='ocrx_word' id='word_1_418' title='bbox 1846 4826 1994 4880; x_wconf 92' lang='lat' dir='ltr'><strong>illum</strong></span> <span class='ocrx_word' id='word_1_419' title='bbox 2024 4826 2201 4880; x_wconf 88' lang='lat' dir='ltr'><strong>divina</strong></span> <span class='ocrx_word' id='word_1_420' title='bbox 2238 4827 2412 4895; x_wconf 87' lang='lat' dir='ltr'><strong>gratia</strong></span> <span class='ocrx_word' id='word_1_421' title='bbox 2461 4822 2681 4888; x_wconf 83' lang='lat' dir='ltr'><strong>eﬂ&#39;ecit,</strong></span> <span class='ocrx_word' id='word_1_422' title='bbox 2735 4837 2795 4880; x_wconf 91' lang='lat' dir='ltr'><strong>ut</strong></span> <span class='ocrx_word' id='word_1_423' title='bbox 2846 4825 3173 4881; x_wconf 85' lang='lat' dir='ltr'><strong>unanimiter</strong></span> <span class='ocrx_word' id='word_1_424' title='bbox 3217 4828 3286 4882; x_wconf 90' lang='lat' dir='ltr'><strong>ab</strong></span> <span class='ocrx_word' id='word_1_425' title='bbox 3331 4831 3436 4884; x_wconf 88' lang='lat' dir='ltr'><strong>illis</strong></span> 
     </span>
    </p>
   </div>
   <div class='ocr_carea' id='block_1_60' title="bbox 1845 4916 3438 4988">
    <p class='ocr_par' dir='ltr' id='par_1_60' title="bbox 1845 4916 3438 4988">
     <span class='ocr_line' id='line_1_61' title="bbox 1845 4916 3438 4988; baseline 0.004 -17"><span class='ocrx_word' id='word_1_426' title='bbox 1845 4917 2098 4972; x_wconf 88' lang='lat' dir='ltr'><strong>omnibus</strong></span> <span class='ocrx_word' id='word_1_427' title='bbox 2135 4929 2417 4972; x_wconf 89' lang='lat' dir='ltr'><strong>amaretur</strong></span> <span class='ocrx_word' id='word_1_428' title='bbox 2441 4926 2496 4970; x_wconf 88' lang='lat' dir='ltr'><strong>et</strong></span> <span class='ocrx_word' id='word_1_429' title='bbox 2521 4916 2591 4970; x_wconf 93' lang='lat' dir='ltr'><strong>ob</strong></span> <span class='ocrx_word' id='word_1_430' title='bbox 2634 4916 2800 4971; x_wconf 90' lang='lat' dir='ltr'><strong>vitam</strong></span> <span class='ocrx_word' id='word_1_431' title='bbox 2850 4917 3178 4988; x_wconf 90' lang='lat' dir='ltr'><strong>probabilem</strong></span> <span class='ocrx_word' id='word_1_432' title='bbox 3209 4933 3438 4977; x_wconf 74' lang='lat' dir='ltr'><strong>summa:</strong></span> 
     </span>
    </p>
   </div>
   <div class='ocr_carea' id='block_1_61' title="bbox 1844 5005 3440 5082">
    <p class='ocr_par' dir='ltr' id='par_1_61' title="bbox 1844 5005 3440 5082">
     <span class='ocr_line' id='line_1_62' title="bbox 1844 5005 3440 5082; baseline -0.002 -18"><span class='ocrx_word' id='word_1_433' title='bbox 1844 5007 2181 5067; x_wconf 89' lang='lat' dir='ltr'><strong>venerationi</strong></span> <span class='ocrx_word' id='word_1_434' title='bbox 2211 5007 2526 5065; x_wconf 83' lang='lat' dir='ltr'><strong>haberetur.</strong></span> <span class='ocrx_word' id='word_1_435' title='bbox 2563 5005 2740 5076; x_wconf 79' lang='lat' dir='ltr'><strong>Atque</strong></span> <span class='ocrx_word' id='word_1_436' title='bbox 2768 5009 2857 5064; x_wconf 91' lang='lat' dir='ltr'><strong>ille</strong></span> <span class='ocrx_word' id='word_1_437' title='bbox 2885 5026 2915 5064; x_wconf 90' lang='lat' dir='ltr'><strong>e</strong></span> <span class='ocrx_word' id='word_1_438' title='bbox 2943 5011 3158 5064; x_wconf 84' lang='lat' dir='ltr'><strong>diverso</strong></span> <span class='ocrx_word' id='word_1_439' title='bbox 3189 5024 3294 5076; x_wconf 87' lang='lat' dir='ltr'><strong>par</strong></span> <span class='ocrx_word' id='word_1_440' title='bbox 3326 5016 3440 5082; x_wconf 77' lang='lat' dir='ltr'><strong>pari</strong></span> 
     </span>
    </p>
   </div>
   <div class='ocr_carea' id='block_1_62' title="bbox 1845 5095 3418 5128">
    <p class='ocr_par' dir='ltr' id='par_1_62' title="bbox 1845 5095 3418 5128">
     <span class='ocr_line' id='line_1_63' title="bbox 1845 5095 3418 5128; baseline 0.001 -2"><span class='ocrx_word' id='word_1_441' title='bbox 1845 5102 2084 5128; x_wconf 49' lang='lat' dir='ltr'><strong>_-“.--.nnsn</strong></span> <span class='ocrx_word' id='word_1_442' title='bbox 2143 5099 2357 5128; x_wconf 60' lang='lat' dir='ltr'><strong>a:nnA-~A</strong></span> <span class='ocrx_word' id='word_1_443' title='bbox 2386 5095 2550 5128; x_wconf 67' lang='lat' dir='ltr'><strong>l\n:uh:</strong></span> <span class='ocrx_word' id='word_1_444' title='bbox 2581 5096 2771 5128; x_wconf 55' lang='lat' dir='ltr'><strong>annali.</strong></span> <span class='ocrx_word' id='word_1_445' title='bbox 2797 5115 2886 5128; x_wconf 66' lang='grc' dir='ltr'><strong>Λιιη</strong></span> <span class='ocrx_word' id='word_1_446' title='bbox 2919 5112 3130 5128; x_wconf 66' lang='grc' dir='ltr'><strong>ιιι-ΔιΙΙΙΙΔ</strong></span> <span class='ocrx_word' id='word_1_447' title='bbox 3157 5099 3418 5128; x_wconf 59' lang='grc' dir='ltr'><strong>Διῖ¹ἶηιιίιηι</strong></span> 
     </span>
    </p>
   </div>
   <div class='ocr_carea' id='block_1_63' title="bbox 3379 252 3570 308">
    <p class='ocr_par' dir='ltr' id='par_1_63' title="bbox 3379 252 3570 308">
     <span class='ocr_line' id='line_1_64' title="bbox 3379 252 3570 308; baseline 0 0"><span class='ocrx_word' id='word_1_448' title='bbox 3379 252 3570 308; x_wconf 80' lang='lat'><strong>858&#39;</strong></span> 
     </span>
    </p>
   </div>
  </div>
