3964 5356
446 239 469 265 ⁵
549 246 651 302 859

1674 259 1939 317 CAPPIDI
1977 263 2178 321 FRISll
2219 267 2639 327 SACEllDOTlS

3675 291 3766 346 863

551 360 701 415 tollat
732 379 936 418 crucem
979 380 1127 418 suam
1156 369 1416 437 quotidie,
1462 381 1509 426 et
1545 385 1794 443 sequatur
1825 394 1906 431 me
1949 377 2117 450 (Luc.
2148 388 2195 443 Α
2226 385 2399 439 omnia
2430 386 2600 454 factus
2621 397 2739 444 eral
2779 403 2903 447 cum
2946 392 3240 462 Apostolo,
3290 406 3347 451 ut
3374 414 3551 454 omnes
3580 402 3770 460 Christo

549 450 650 520 ιχ).
691 452 928 518 Quorum
964 453 1053 508 ille
1080 458 1257 513 adhuc
1288 476 1421 529 puer
1464 464 1656 519 crebro
1683 481 1911 533 memor,
1942 478 1999 524 et
2031 470 2117 525 die

550 556 617 595 ac
646 550 802 597 nocte
829 558 969 612 saepe
994 544 1080 599 illa
1110 547 1303 605 tacitus
1332 566 1511 605 secum
1544 555 1840 622 revolvens,
1872 560 1974 627 piis
2004 575 2119 616 mo-

549 633 700 688 ribus
733 642 788 689 et
826 637 1031 691 sanctis
1067 638 1322 707 operibus
1349 641 1507 710 plane
1541 644 1678 713 apud
1710 662 1768 700 se
1797 650 1984 704 statuit
2010 649 2119 705 Deo

548 733 808 793 perpetuo
838 728 1065 793 servire,
1088 729 1423 801 spiritalique
1451 737 1607 789 matri
1639 752 1839 795 sanetae
1864 740 2118 800 Ecclesiae

545 812 980 884 inseparabiliter
1013 821 1313 877 adhterere.

618 901 682 955 ll.
723 902 910 973 Itaque
952 916 1172 964 sanctus
1216 910 1550 979 adolescens,
1585 915 1715 971 viris
1743 919 1957 986 quidem
1989 938 2116 992 pro-

484 1046 493 1058 ,
546 992 688 1048 balis
714 993 977 1064 imprimis
1006 997 1238 1066 charos,
1268 1004 1359 1056 sed
1403 1011 1579 1059 tamen
1628 1006 1729 1061 soli
1776 1008 1886 1065 Deo
1914 1014 2118 1068 servire

544 1083 842 1153 sollicitus,
887 1099 985 1155 per
1029 1088 1288 1145 virtutum
1336 1094 1536 1161 gradus
1577 1111 1790 1167 semper
1837 1102 1905 1155 ad
1951 1103 2119 1159 subli-

545 1173 717 1227 miora
750 1176 991 1242 tetendit,
1021 1178 1191 1234 donec
1223 1179 1276 1234 in
1306 1181 1483 1236 virum
1512 1182 1810 1253 perfectum
1840 1190 2114 1248 evaderet.

544 1260 778 1317 Mentem
814 1276 975 1335 atque
997 1267 1257 1334 animum,
1279 1272 1725 1341 quemadmodum
1753 1277 1925 1334 solent
1943 1283 2117 1339 sancti

545 1352 810 1437 homines,
840 1358 905 1412 ad
935 1359 1172 1416 coelestia
1199 1363 1537 1421 continenter
1571 1367 1779 1437 erigere
1804 1410 1819 1436 ,
1864 1381 1920 1428 et
1961 1390 2117 1430 mun-

546 1429 699 1501 danae
729 1448 979 1504 vanitatis
1004 1467 1067 1505 ac
1096 1466 1302 1523 pompae
1328 1454 1503 1511 inanis
1533 1457 1816 1517 illecebras
1844 1463 2115 1524 declinare

543 1536 774 1602 statuit,
823 1547 884 1591 ut
934 1539 989 1593 in
1046 1538 1191 1594 illum
1238 1557 1452 1614 quoque
1497 1557 1847 1617 competeret,
1883 1554 2025 1623 quod
2058 1555 2112 1610 in

540 1626 746 1696 psalmo
793 1628 985 1700 legitur
1017 1649 1030 1685 :
1071 1632 1224 1688 Ibant
1255 1635 1319 1690 de
1347 1639 1531 1693 virtute
1566 1641 1619 1694 in
1648 1642 1887 1699 virtutem
1908 1638 1915 1645 ’
1938 1644 2110 1718 (Psal.

2217 472 2541 544 lucrifaceret
2562 476 2616 534 l1
2647 478 2769 533 Cor.
2792 482 2892 546 tr).

2289 567 2373 620 ιν.
2405 568 2478 621 Ea
2509 579 2826 640 tempestate
2850 573 3101 631 Frisones
3125 618 3141 643 ,
3170 578 3417 634 homines
3446 581 3681 644 remees,
3722 583 3772 639 in

2220 666 2329 713 tam
2362 658 2533 715 ftedos
2552 670 2709 717 erant
2731 664 2965 736 prolapsi
2996 683 3212 724 errores
3237 710 3254 734 ,
3286 678 3348 724 ut
3390 670 3439 724 is
3464 686 3624 739 quem
3645 672 3773 727 disi-
3809 669 3817 674 ”

2217 764 2338 804 mus
2370 750 2674 820 episcopus,
2702 770 2878 825 neque
2916 772 3011 827 per
3035 759 3288 828 seipsum,
3319 776 3498 830 neque
3526 776 3622 831 per
3661 778 3777 818 suos

2216 841 2626 898 archidiaconos
2648 858 2745 900 eos
2770 858 2955 916 posset
2975 849 3028 902 in
3058 850 3198 903 viam
3228 851 3479 905 veritatis
3501 867 3775 907 revocare.

2214 926 2399 999 Itaque
2427 931 2637 988 litteras
2650 950 2745 1004 per
2766 936 3034 993 hominem
3065 938 3275 995 ﬁdelem
3305 942 3458 996 misit
3483 940 3775 1011 Traiectum

2215 1018 2282 1073 ad
2314 1021 2484 1075 virum
2508 1021 2602 1078 Dei
2627 1023 2964 1096 Odulphnm,
2997 1045 3194 1101 rogans
3218 1047 3364 1096 eum,
3393 1042 3455 1087 ut
3477 1048 3587 1103 qua
3617 1044 3780 1104 posset

2215 1110 2524 1178 celeritate,
2574 1114 2797 1185 trajectu
2828 1120 2993 1174 maris
3046 1122 3188 1184 sinu,
3217 1123 3286 1177 ad
3330 1122 3514 1190 ipsum
3561 1125 3777 1179 veniret.

2213 1201 2437 1259 Litteris
2462 1204 2567 1261 illis
2593 1210 2847 1278 acceptis,
2872 1209 3069 1266 Christi
3108 1227 3297 1267 servus
3327 1212 3564 1268 miriﬁce
3588 1214 3783 1270 exhila-

2213 1300 2384 1358 ratur,
2418 1295 2640 1363 perinde
2667 1312 2729 1352 ac
2761 1299 2806 1353 si
2834 1299 2903 1355 ad
2927 1300 3173 1358 caelestes
3191 1303 3377 1372 epulas
3421 1305 3779 1372 invitaretur,

2213 1384 2436 1453 cupiens
2458 1401 2579 1440 cum
2610 1403 2709 1442 suo
2732 1399 2964 1459 pastore,
2990 1393 3035 1447 si
3053 1394 3126 1447 ita
3151 1409 3239 1450 res
3258 1397 3543 1464 poscat,in
3572 1408 3680 1452 tam
3705 1400 3785 1468 pio

2213 1487 2384 1543 agone
2408 1488 2505 1543 pro
2535 1475 2750 1533 Christo
2797 1480 3111 1551 sanguinem
3161 1497 3317 1537 suum
3358 1483 3613 1541 fundere.
3658 1485 3783 1542 Cum

2212 1572 2392 1616 autem
2418 1564 2486 1618 ad
2514 1566 2821 1637 episcopum
2849 1571 3220 1643 pervenisset,
3252 1573 3343 1628 ille
3388 1574 3513 1629 viso
3542 1592 3611 1630 eo
3632 1616 3650 1641 ,
3684 1577 3783 1631 im-

2218 1667 2406 1707 menso
2436 1655 2683 1724 perfusus
2710 1658 2904 1728 gaudio
2927 1699 2942 1726 ,
2966 1676 3087 1716 cum
3117 1663 3266 1733 pacis
3311 1663 3505 1719 oscu‘o
3541 1680 3665 1719 eum
3696 1666 3785 1721 bu-

542 1719 792 1790 uxiun).
845 1720 935 1777 Sic
965 1737 1092 1794 ergo
1122 1724 1175 1779 in
1223 1729 1433 1784 cunctis
1462 1729 1750 1788 virtutibus
1797 1735 2105 1804 proﬁciens,
2142 1734 2181 1792 Β
2213 1743 2444 1798 inaniter
2470 1747 2702 1816 excepit.
2733 1748 2934 1805 Deinde
2961 1761 3146 1804 mutuo
3170 1766 3290 1807 sese
3315 1753 3667 1808 consolantes
3692 1795 3708 1819 ,
3736 1764 3787 1809 et

541 1809 701 1863 etiam
729 1810 1219 1869 ecclesiasticornm
1249 1819 1498 1874 ordinum
1535 1823 1733 1891 gradus
1764 1827 2027 1891 ascendit,
2056 1838 2111 1884 et

538 1899 855 1969 presbyterii
900 1913 980 1957 cst
1011 1906 1436 1964 benedictionem
1468 1911 1725 1982 adeptus,
1774 1913 1915 1990 regis
1963 1918 2113 1974 altis-

540 1992 660 2045 simi
691 1994 946 2052 sacerdos
974 1996 1217 2054 eﬂ‘ectus.
1267 2000 1402 2056 Tum
1440 2019 1568 2060 vero
1592 2023 1715 2063 mox
1758 2012 1899 2080 apud
1934 2028 1992 2068 se
2020 2014 2113 2069 de-

538 2086 710 2140 crevit
738 2089 912 2144 studio
942 2092 1042 2160 pia:
1084 2098 1508 2153 conversationis
1538 2100 1604 2153 ad
1632 2101 1896 2169 quoddam
1942 2120 2111 2160 sacrae

542 2177 817 2248 religionis
870 2185 1257 2241 monasterium
1306 2202 1366 2245 se
1417 2189 1684 2246 conferre.
1740 2196 1812 2248 At
1858 2205 2112 2265 parentes

539 2281 662 2321 eum
712 2268 1139 2331 dehortabantur
1178 2293 1247 2333 ne
1291 2278 1344 2333 id
1391 2279 1631 2348 faceret,
1682 2286 1775 2340 sed
1823 2287 2001 2356 potius
2043 2289 2113 2344 ad

538 2356 774 2426 ipsorum
816 2376 875 2416 se
923 2364 1250 2424 voluntatem
1301 2375 1758 2441 accommodans,
1811 2376 2109 2436 Ecclesium

537 2449 990 2510 Oroschattanam
1041 2459 1523 2528 administrandam
1590 2468 1930 2537 susciperet,
2002 2472 2111 2528 illic

537 2545 679 2599 enim
711 2556 765 2601 et
799 2557 958 2605 natus
994 2560 1051 2607 et
1076 2554 1333 2611 educatus
1357 2567 1495 2611 erat.
1534 2557 1719 2615 Victus
1745 2562 1958 2617 tandem
1991 2580 2112 2637 pre-

536 2637 686 2693 cibus
720 2653 906 2695 eorum
930 2682 946 2709 ,
994 2659 1197 2699 morem
1228 2647 1308 2702 eis
1345 2649 1515 2719 gessit
1551 2666 1612 2705 ea
1648 2650 1700 2705 in
1748 2667 1827 2719 re,
1864 2657 2110 2725 quamvis

534 2727 755 2786 invitus.
783 2728 889 2787 Sed
917 2748 1024 2790 non
1057 2735 1145 2791 diu
1178 2750 1291 2807 post
1325 2740 1497 2796 visum
1525 2743 1607 2798 est
1633 2744 1682 2798 ei
1714 2745 1864 2801 adire
1887 2763 2110 2803 summa:

537 2826 851 2880 reverentite
880 2826 1055 2883 locum
1082 2830 1413 2900 Trajectum,
1438 2837 1730 2907 antiquitus
1770 2839 2109 2914 Wittenburg

538 2913 762 2979 dictum,
796 2916 956 2987 idque
980 2933 1044 2974 ea
1076 2932 1258 2977 mente
1286 2934 1341 2978 et
1362 2926 1602 2991 consilio,
1636 2937 1695 2982 ut
1721 2928 1827 2984 illic
1858 2946 1979 2985 cum
2008 2913 2110 2987 cae-

536 3002 667 3058 teris
714 3004 811 3059 Dei
879 3005 1136 3074 famulis,
1187 3011 1405 3069 Christo
1460 3016 1657 3072 ibidem
1729 3020 2103 3089 militantibus,

2214 1841 2274 1887 ut
2301 1835 2494 1888 summi
2529 1837 2671 1906 regis
2700 1852 2974 1907 przecones
3012 1854 3304 1909 generosos
3330 1842 3594 1909 decebat,
3616 1845 3785 1914 gladio

2211 1923 2431 1992 spiritus
2464 1927 2676 1997 egregie
2701 1928 2969 1993 accincti,
3003 1946 3099 2000 per
3125 1931 3396 1987 Ecclesias
3429 1934 3638 2003 pariter
3669 1950 3791 2003 pro-

2212 2015 2379 2070 licisci
2404 2057 2419 2082 ,
2469 2016 2664 2072 iterum
2705 2028 2865 2090 atque
2907 2021 3097 2077 iterum
3141 2036 3235 2078 eas
3264 2023 3541 2087 invisere,
3591 2025 3790 2080 habere

2210 2108 2498 2183 conciones
2538 2111 2604 2165 ad
2638 2112 2889 2182 populum
2925 2114 3231 2183 evangelica
3259 2116 3571 2171 eruditione
3593 2117 3660 2170 ad
3702 2132 3791 2172 ve-

2209 2182 2436 2254 ritatem.
2456 2199 2714 2256 reducere
2738 2213 3037 2271 coeperunt.
3070 2182 3344 2274 Denique,
3374 2205 3569 2261 crebro
3599 2207 3790 2261 admo-

2210 2290 2384 2345 nendo
2409 2330 2423 2357 ,
2458 2293 2735 2362 arguendo
2755 2334 2769 2359 ,
2802 2294 3128 2366 increpando
3155 2295 3436 2363 homines,
3486 2298 3580 2370 qui
3631 2307 3791 2353 antea

2210 2379 2381 2435 instar
2415 2380 2662 2452 luporum
2715 2385 2840 2439 saevi
2891 2394 2947 2441 et
2996 2402 3217 2457 rapaces
3256 2387 3475 2443 luerunt
3505 2428 3520 2453 ,
3566 2389 3793 2445 salutari

2208 2473 2451 2529 doctrina
2503 2474 2557 2529 in
2599 2490 2728 2531 oves
2775 2486 3084 2533 mansuetas
3108 2489 3511 2534 converterunt.
3578 2480 3674 2535 llis
3720 2481 3792 2533 ita

2208 2563 2374 2634 gestis
2397 2604 2411 2629 ,
2437 2565 2663 2620 antistes
2692 2565 2800 2632 ille,
2826 2568 3222 2622 communicato
3256 2584 3377 2623 cum
3414 2570 3661 2633 clericis,
3691 2584 3790 2623 nec

2208 2654 2393 2722 paucis
2440 2653 2556 2722 ejus
2608 2655 2883 2727 religionis
2925 2657 3076 2713 laicis
3121 2658 3254 2713 viris
3292 2659 3517 2713 consilio
3547 2699 3564 2723 ,
3611 2660 3790 2713 virum

2209 2741 2302 2796 Dei
2329 2741 2523 2798 obnixe
2558 2754 2732 2815 rogat,
2763 2756 2822 2799 ut
2852 2745 2993 2799 intra
3036 2745 3177 2800 illius
3206 2755 3364 2801 teme
3402 2746 3608 2801 limites
3656 2747 3786 2801 velit

2207 2848 2547 2902 permanere,
2575 2846 2631 2890 et
2656 2836 2906 2905 populum
2939 2852 3108 2906 nuper
3135 2836 3203 2891 ad
3230 2836 3520 2891 sanitatem
3551 2851 3777 2891 revoca-

2210 2936 2321 2980 tum
2363 2926 2474 2982 suis
2518 2927 2905 2981 eruditionibus
2952 2927 3272 2982 conﬁrmare
3321 2938 3379 2980 et
3444 2928 3514 2981 ab
3566 2927 3777 2996 antiqui

2209 3015 2379 3069 hostis
2408 3014 2703 3070 mortiferis
2733 3014 2977 3070 faucibus
3010 3016 3242 3084 eripere.
3274 3017 3345 3068 At
3372 3016 3459 3070 vir
3504 3017 3602 3071 Dei
3632 3016 3787 3086 plane

534 3093 710 3161 quoad
748 3096 993 3164 viveret,
1039 3107 1358 3171 praepotenti
1408 3106 1516 3162 Deo
1573 3108 1803 3166 ﬁdeliter
1856 3085 2102 3171 serviret.

2210 3114 2444 3170 recusat,
2475 3106 2669 3161 asserit
2696 3121 2756 3162 se
2776 3115 2932 3162 tctate
2965 3121 3204 3176 gravem,
3234 3105 3304 3161 ad
3337 3105 3393 3160 id
3422 3105 3786 3161 ministerium

536 3183 791 3242 Memoria
820 3203 950 3260 ergo
979 3192 1236 3260 retinens,
1266 3198 1407 3265 quod
1446 3198 1499 3253 in
1531 3199 1822 3271 Evangelio
1860 3203 2108 3261 Salvator

532 3273 610 3330 ait
641 3292 653 3329 :
691 3274 798 3342 Qui
841 3294 943 3332 non
977 3282 1235 3337 renuntiat
1264 3287 1499 3340 omnibus
1525 3303 1643 3356 qua:
1681 3292 1949 3359 possidet,
2003 3311 2103 3348 non

531 3375 694 3434 potest
740 3384 884 3422 meus
930 3385 1039 3425 esse
1084 3371 1372 3444 discipulus
1418 3374 1576 3447 (Luc.
1621 3378 1732 3449 ιχ).
1790 3378 2103 3438 Posthabito

531 3458 705 3522 patre,
744 3457 999 3528 neglectis
1027 3463 1361 3532 propinquis,
1392 3469 1714 3538 contemptis
1752 3471 1915 3539 agnis,
1948 3470 2105 3527 fami-

530 3546 625 3609 lia,
657 3548 819 3604 rebus
860 3560 916 3604 et
962 3551 1308 3622 facultatibus
1340 3558 1607 3626 omnibus,
1639 3561 1707 3615 ad
1745 3561 1920 3617 locum
1952 3564 2100 3620 illum

531 3636 745 3693 Christo
769 3639 904 3696 duce
924 3640 1195 3711 profectus
1222 3648 1510 3713 est._rebus
1531 3650 1744 3719 quidem
1773 3665 1994 3722 pauper,
2010 3655 2104 3711 sed

529 3731 736 3787 meritis
765 3732 935 3797 dives.
975 3734 1116 3790 Nihil
1149 3734 1262 3805 iam
1291 3739 1344 3793 in
1376 3739 1478 3795 hoc
1506 3742 1702 3795 mundo
1732 3742 1931 3798 habere
1960 3745 2103 3801 vole-

526 3819 642 3886 bat,
669 3830 785 3876 uta
813 3822 1038 3880 Domino
1078 3825 1235 3895 juxta
1280 3828 1425 3884 illius
1469 3830 1876 3900 promissionem
1913 3845 2099 3890 ocatu-

527 3912 672 3983 plum
718 3915 1005 3985 acciperet,
1044 3927 1100 3973 et
1142 3920 1265 3974 vitae
1291 3930 1533 3991 :eternaet
1555 3923 1726 3980 haeres
1756 3939 1877 3981 esse
1921 3942 2097 3982 mere-

527 4012 695 4059 retur.
1236 4004 1248 4015 ’

596 4098 682 4153 ιιι.
714 4098 842 4154 Erat
865 4114 964 4170 per
994 4100 1047 4156 id
1077 4109 1284 4173 tempus
1313 4102 1551 4176 Traiecti
1581 4106 1865 4178 episcopus
1896 4109 2094 4166 eximia

525 4190 826 4254 sanctitate,
858 4190 1179 4250 Fredericus
1201 4196 1415 4250 nomine
1438 4236 1452 4260 ,
1483 4196 1574 4267 qui
1605 4197 1780 4253 virum
1836 4198 1931 4255 Dei
1971 4216 2093 4256 cum

524 4280 692 4335 multo
715 4282 908 4352 gaudio
919 4286 1188 4342 ethonore
1209 4289 1439 4358 excepit.
1462 4289 1729 4347 Fecerunt
1744 4293 1884 4348 idem
1907 4308 2096 4350 omnes

523 4370 669 4425 servi
702 4373 793 4427 Dei
819 4375 910 4443 qui
939 4375 1046 4431 illic
1072 4388 1227 4433 erant
1255 4380 1499 4449 adunati,
1532 4396 1598 4437 ex
1640 4385 1820 4441 animo
1841 4386 1943 4441 sibi
1967 4403 2089 4459 gra-

2206 3212 2364 3267 pares
2391 3198 2533 3253 vires
2555 3196 2749 3254 all'erre
2778 3215 2881 3254 non
2910 3214 3087 3270 posse.
3116 3198 3317 3254 Contra
3345 3199 3645 3268 episcopus
3676 3198 3785 3253 suis

2204 3303 2328 3342 cum
2355 3289 2605 3359 precibus
2630 3290 2844 3346 ﬂectere
2864 3298 3107 3346 conatur.
3136 3289 3291 3345 Cedit
3317 3290 3542 3345 tandem
3569 3301 3785 3344 sanctus

2203 3380 2305 3446 vir,
2342 3389 2397 3435 et
2427 3383 2658 3451 pastoris
2702 3383 2782 3439 sui
2804 3382 2953 3452 jussa
3004 3382 3276 3452 capessit,
3303 3382 3607 3453 populique
3649 3382 3785 3436 votis

2202 3470 2550 3539 obseeundat,
2580 3488 2643 3529 ea
2661 3484 2836 3529 tamen
2868 3472 3200 3539 conditione,
3226 3484 3288 3527 ut
3308 3473 3477 3529 liceat
3506 3475 3559 3529 ei
3581 3474 3782 3542 aliquot

2202 3561 2408 3616 exactis
2438 3575 2700 3617 annorum
2727 3562 3010 3618 curriculis
3041 3560 3327 3631 trajectum
3357 3564 3606 3617 revisere
3636 3603 3652 3627 ,
3692 3560 3779 3613 ubi

2200 3663 2259 3704 se
2284 3650 2334 3704 in
2362 3649 2563 3706 Christi
2592 3650 2848 3707 famulatu
2875 3653 3039 3707 vitam
3067 3650 3343 3706 ﬁniturum
3384 3651 3737 3721 promiserat.

2275 3740 2333 3795 V.
2373 3740 2571 3798 Volens
2599 3744 2758 3814 igitur
2786 3759 2884 3799 suo
2920 3743 3130 3798 muneri
3163 3758 3269 3799 non
3306 3744 3501 3799 deesse
3529 3744 3616 3797 vir
3667 3742 3778 3811 ple-

2197 3849 2301 3890 nus
2332 3833 2537 3905 Spiritu
2569 3846 2770 3903 sancto,
2817 3853 2920 3892 non
2952 3838 3198 3891 cessabat
3241 3837 3450 3891 semina
3503 3836 3654 3891 verbi
3686 3834 3774 3889 Dei

2195 3941 2450 3997 spargere
2481 3928 2533 3982 in
2560 3929 2829 3999 popuIUm,
2860 3930 3118 3985 ctelorum
3133 3945 3358 4001 regnum
3388 3930 3556 3984 multa
3582 3931 3775 3983 instan-

2197 4017 2269 4072 tia
2290 4019 2603 4089 przedicare,
2630 4023 2875 4076 omnibus
2897 4035 2991 4076 seu
3017 4021 3251 4091 ptudens
3279 4031 3336 4076 et
3365 4020 3543 4076 ﬁdelis
3563 4022 3775 4090 dispen-

2195 4116 2363 4174 sator,
2394 4108 2558 4164 diviui
2590 4111 2854 4166 sermonis
2874 4112 3115 4181 praebere
3145 4112 3466 4167 alimoniam
3487 4154 3503 4178 ,
3536 4111 3769 4166 fortiori-

2192 4197 2294 4254 bus
2313 4196 2540 4255 solidum
2568 4199 2772 4265 cibum,
2795 4199 3052 4266 inﬁrmis,
3077 4215 3143 4256 ex
3174 4200 3420 4271 Apostoli
3454 4201 3719 4256 sententia
3751 4238 3773 4263 ,

2190 4287 2275 4344 lac
2303 4289 2501 4346 oﬁ‘crre
2527 4290 2579 4362 (I
2610 4288 2734 4346 Cor.
2761 4290 2867 4362 Ill).
2897 4292 2975 4347 Ita
3020 4291 3223 4347 factum
3260 4301 3348 4349 est
3397 4303 3459 4347 ut
3486 4309 3678 4348 omnes
3706 4307 3770 4346 ex

2192 4381 2309 4451 ejus
2355 4383 2644 4439 sanctitate
2687 4385 2883 4453 gaudio
2924 4384 3285 4454 replerentur.
3303 4384 3440 4440 Cum
3485 4394 3668 4442 autem
3707 4399 3773 4439 eo

523 4458 758 4515 tutantes
789 4469 895 4516 tam
945 4474 1211 4532 sanctum,
1254 4476 1471 4540 tamque
1501 4472 1808 4544 religiosum
1851 4478 1917 4531 ad
1946 4455 2090 4547 ipsos
2119 4455 2168 4516 ι)
2197 4471 2492 4528 ministerio
2521 4473 2835 4542 perfunctus
2859 4484 3023 4543 esset,
3049 4491 3107 4532 se
3135 4477 3344 4546 recepit
3370 4478 3440 4533 ad
3467 4485 3601 4533 Suos
3634 4477 3765 4531 Tra-

520 4547 618 4603 Dei
660 4549 916 4607 famulum
945 4558 1253 4614 accessisse.
1282 4559 1391 4616 Nec
1419 4563 1594 4631 potuit
1629 4565 1719 4620 diu
1771 4566 1892 4623 illos
1917 4569 2094 4625 celare

522 4642 662 4711 quod
711 4644 867 4701 oculo
888 4645 1084 4705 divinae
1111 4651 1404 4722 majestatis
1452 4670 1558 4710 non
1609 4656 1786 4714 latuit.
1817 4659 1922 4715 Sed
1968 4676 2090 4718 cum

521 4732 910 4804 aliquantisper
945 4739 1083 4808 apud
1109 4740 1227 4796 illos
1269 4752 1509 4799 moratus
1532 4755 1697 4811 esset,
1724 4750 1975 4806 omnibus
2003 4767 2092 4806 ar-

520 4823 652 4880 dens
679 4825 882 4881 coelesti
912 4827 1111 4886 lumine
1136 4832 1351 4888 lucerna
1396 4836 1742 4905 resplenduit.
1776 4840 1907 4895 Erat
1932 4844 2075 4898 enim

521 4914 574 4968 in
601 4916 796 4987 vigiliis
828 4929 1101 4987 strenuus,
1152 4923 1205 4977 in
1242 4923 1460 4993 jejuniis
1505 4937 1713 4997 potens,
1756 4930 1809 4985 in
1840 4933 2085 4989 oratione

520 5006 737 5065 sedulus
758 5048 772 5073 ,
802 5009 854 5064 in
879 5026 1033 5067 sacra
1057 5013 1286 5071 lectione
1316 5019 1610 5084 studiosus,
1645 5021 1699 5075 in
1723 5023 2081 5096 eleemosynis

523 5092 721 5165 largus,
744 5098 797 5151 in
823 5101 1075 5157 curandis
1098 5106 1420 5173 pauperibus
1462 5109 1720 5176 celebris,
1759 5113 1810 5167 in
1848 5092 2085 5184 hospita—

519 5184 670 5240 litate
705 5188 922 5245 fervens
947 5232 962 5257 ,
992 5194 1044 5246 in
1075 5195 1235 5250 rebus
1279 5198 1658 5257 ecclesiasticis
1697 5204 2084 5263 distribuendis

520 5274 774 5344 prudens.
811 5280 1049 5351 Denique
1078 5287 1275 5352 quibus
1314 5298 1433 5356 post
1455 5292 1748 5346 antistitem
1795 5295 2082 5356 pricl'ectus

2189 4564 2482 4635 jeetenses,
2514 4564 2681 4621 Deum
2722 4566 2945 4623 laudans
2974 4569 3114 4639 quod
3153 4569 3271 4640 ejus
3317 4568 3499 4628 fretus
3540 4587 3644 4641 ope
3694 4579 3771 4623 tot

2195 4655 2404 4711 animas
2464 4655 2704 4713 lucratus
2772 4667 2934 4714 esset.
2999 4660 3113 4715 Etsi
3181 4670 3365 4717 autem
3428 4662 3545 4731 jam
3614 4662 3767 4730 long)

2193 4744 2397 4801 fractus
2423 4755 2568 4802 esset
2591 4749 2764 4815 senio,
2794 4757 3030 4805 attamen
3052 4751 3234 4805 animo
3264 4743 3497 4808 vincens
3521 4760 3727 4806 arietem
3748 4787 3767 4810 ,

2192 4837 2326 4891 nihil
2355 4837 2421 4893 de
2456 4836 2551 4893 Dei
2577 4839 2798 4895 servitio
2844 4849 2900 4897 et
2926 4841 3099 4896 solitis
3137 4842 3360 4927 pietatis
3386 4844 3664 4898 exercitiis
3688 4854 3767 4893 re-

2194 4929 2359 4984 misit.
2395 4928 2768 4987 Perseveravit
2790 4933 2934 4987 enim
2960 4932 3011 4987 in
3030 4931 3253 5002 ieiuniis
3279 4934 3521 4989 assiduis
3543 4975 3558 4997 ,
3599 4933 3654 4987 in
3696 4930 3767 4983 vi-

2189 5017 2332 5087 giliis
2356 5018 2465 5074 Deo
2491 5020 2678 5090 gratis,
2705 5020 2758 5074 in
2784 5010 2985 5076 sanctis
3027 5022 3281 5092 precibus
3300 5063 3316 5089 ,
3360 5023 3415 5077 iu
3448 5020 3767 5093 largissimis

2189 5110 2571 5183 eleemosynis,
2613 5112 2711 5167 sibi
2745 5128 2969 5183 parcus,
3007 5114 3125 5170 aliis
3151 5113 3408 5168 omnibus
3439 5128 3541 5182 pro
3570 5107 3762 5166 Christi

2188 5204 2409 5258 nomine
2454 5203 2679 5275 largus:
2722 5204 2857 5260 nihil
2906 5213 3179 5259 terrenum
3223 5204 3328 5259 sibi
3360 5206 3649 5274 acquirere
3676 5216 3765 5254 cu-

2188 5294 2364 5356 piens,
2393 5302 2453 5348 ut
2478 5304 2656 5356 posset
2678 5295 2835 5350 bonis
2859 5296 3077 5350 :eternis
3109 5294 3236 5349 frui.
