3964 5356
202 221 301 280 86!

1219 234 1307 291 ne
1348 236 1502 293 ma
1545 238 1603 295 s.
1647 206 1945 301 ODULPlll
1986 246 2439 308 PRESBYTERI.

3373 259 3481 319 863

202 349 494 407 Staverem
532 353 730 410 dicitur
753 356 1066 426 priusquam
1097 370 1156 411 se
1182 354 1337 412 daret
1364 356 1569 423 itineri,
1611 359 1801 430 ingens
1826 363 1877 421 A
1904 372 1959 421 et
1984 365 2323 421 Bonifaciutn
2349 374 2569 424 sanctos
2595 368 2878 438 episcopos
2896 408 2911 434 ,
2943 367 2999 423 in
3027 368 3115 424 illa
3143 370 3271 426 sede
3302 371 3480 428 nullus

201 445 271 500 ad
299 461 424 501 eum
453 446 703 500 convenit
728 445 1015 501 Frisonum
1048 444 1367 514 multitudo,
1402 447 1519 517 ejus
1548 449 1790 503 saluber-

201 537 343 592 rima
371 538 748 594 adhortatione
777 536 979 592 muniri
1004 538 1356 608 cupientium.
1400 539 1493 595 Ille
1532 557 1659 595 vero
1688 542 1791 595 Do-

199 629 352 684 mino
378 644 473 685 cos
502 631 911 696 commendans,
934 631 1071 686 bene
1100 640 1351 701 precatus
1364 641 1446 687 est
1475 634 1583 709 eis,
1610 649 1789 687 aman-

201 729 397 790 terque
416 721 760 789 admonebat,
787 737 854 778 ne
874 738 904 777 a
921 723 1007 776 via
1029 724 1272 779 veritatis
1295 741 1527 794 unquam
1549 725 1792 780 deﬂecte-

204 819 350 877 rent,
384 813 519 867 certi
550 828 656 867 non
683 813 800 869 sine
836 815 987 885 gravi
1018 814 1491 871 animadversione
1526 815 1579 870 id
1615 832 1674 870 se
1714 814 1792 868 fa-

203 909 415 957 cturos.
446 902 513 957 Et
537 917 637 973 ego
668 904 906 973 quidem,
937 905 1133 975 inquit,
1159 914 1243 961 sat
1268 906 1382 961 scio
1413 922 1518 962 non
1546 922 1643 961 vos
1671 921 1794 976 per-

204 1009 496 1052 mansuros
528 997 582 1050 in
607 1011 738 1051 sana
774 998 1021 1052 doctrina
1056 1015 1069 1052 :
1113 999 1207 1053 sed
1249 1013 1315 1052 ea
1354 1014 1515 1054 causa
1565 1000 1793 1070 gentiles

202 1090 429 1146 barbari
458 1090 511 1145 in
540 1105 637 1144 vos
670 1090 992 1155 incurrent,
1020 1091 1163 1160 quod
1188 1091 1317 1145 mihi
1344 1091 1457 1160 jam
1487 1091 1640 1146 vobis
1666 1099 1795 1147 ante

202 1184 520 1256 praedicenti
544 1184 924 1239 incunctanter
949 1184 1174 1239 credere
1225 1184 1473 1253 potestis,
1520 1184 1666 1254 iique
1705 1198 1796 1237 ve-

203 1285 379 1331 stram
407 1276 684 1347 regionem
710 1274 1131 1345 populabuntur,
1157 1290 1367 1345 .vosque
1390 1284 1445 1330 et
1473 1291 1563 1332 res
1586 1288 1797 1332 vestras

204 1386 393 1428 secum
439 1370 493 1424 in
536 1369 910 1439 captivitatem
940 1368 1228 1423 adducent.
1276 1367 1467 1424 Evenit
1507 1378 1798 1440 utrumque

203 1472 423 1533 postea,
456 1463 600 1519 sicut
625 1470 744 1518 erat
771 1478 802 1517 a
839 1470 1030 1518 sancto
1059 1461 1178 1516 viro
1209 1462 1650 1530 praenuntiatum.

274 1553 387 1609 Vl].
426 1553 620 1626 Ingens
642 1569 832 1609 saxum
861 1553 928 1608 ad
955 1553 1146 1607 domus
1175 1551 1292 1620 ejus
1331 1553 1531 1607 ostium
1554 1551 1793 1620 jacebat.

197 1648 335 1704 Illud
358 1664 488 1721 ergo
517 1648 685 1720 digito
699 1648 1079 1704 demonstrans
1105 1647 1292 1701 iisdem
1313 1664 1326 1699 :
1346 1645 1572 1711 Scitote,
1601 1646 1796 1717 inquit,

1893 469 2140 530 repertus
2165 460 2265 525 sit,
2297 459 2389 529 qui
2423 474 2596 529 usque
2621 459 2688 513 ad
2724 475 3035 530 supremum
3064 462 3191 516 vita:
3217 462 3358 517 diem
3380 478 3481 519 ex-

1892 550 2136 605 colendis
2163 551 2456 606 virtutibus
2489 565 2589 620 par
2612 551 2687 605 illi
2724 550 2904 606 fuerit.
2935 552 3173 622 Apparet
3197 554 3321 608 inde
3370 571 3477 614 non

1895 649 2097 697 temere
2122 658 2245 697 eum
2287 658 2315 697 a
2335 651 2522 697 sancto
2544 641 2792 713 Odulpho
2833 643 2953 698 aliis
2980 644 3255 713 praelatum
3289 646 3478 701 fuisse.

1962 734 2055 790 1X.
2083 733 2202 790 Jam
2235 743 2487 790 senectus
2526 734 2807 803 premebat
2837 747 3084 791 sanctum
3116 738 3293 790 virum
3317 736 3485 791 Odul-

1895 827 2059 898 phum
2089 868 2105 892 ,
2160 838 2218 883 et
2262 827 2329 882 ad
2368 827 2656 883 ecclesiam
2701 829 2904 898 absque
2943 829 3183 898 scipione
3231 831 3483 900 progredi

1894 933 1999 974 non
2022 928 2249 989 poterat.
2278 920 2333 974 In
2368 920 2532 989 ipsius
2557 929 2736 974 autem
2770 920 3026 990 scipionis
3054 935 3303 990 suprema
3332 928 3485 988 parte

1895 1029 2108 1069 ceream
2142 1012 2390 1067 aﬂixerat
2439 1011 2690 1067 tabellam
2716 1052 2732 1078 ,
2758 1012 2811 1067 in
2854 1026 2959 1081 qua
3005 1012 3254 1078 solebat,
3303 1012 3484 1067 oblata

1893 1108 2182 1162 occasione
2206 1148 2221 1172 ,
2253 1106 2475 1160 nomina
2522 1104 2761 1159 fidelium
2795 1104 3057 1159 adnotare
3082 1145 3098 1170 ,
3131 1105 3301 1160 donec
3335 1118 3399 1159 ea
3428 1104 3484 1158 in

1894 1199 2035 1253 libro
2057 1200 2180 1253 vita!
2210 1197 2563 1253 describeret.
2585 1197 2829 1264 Quodam
2855 1207 3035 1252 autem
3057 1197 3163 1262 die,
3187 1212 3299 1268 prae
3318 1194 3485 1251 animi

1897 1290 2081 1360 vigore
2120 1298 2175 1342 et
2202 1287 2479 1342 alacritate
2504 1287 2705 1343 oblitus
2736 1286 3123 1341 imbecillitatis
3167 1301 3279 1341 sua:
3305 1326 3320 1351 ,
3360 1300 3485 1340 eum

1897 1381 1962 1436 ad
1990 1380 2084 1435 Dei
2117 1380 2320 1435 cultum
2365 1388 2705 1450 properaret,
2753 1379 2807 1433 in
2847 1377 3119 1434 domicilio
3148 1392 3247 1433 suo
3271 1377 3490 1448 reliquit

1900 1470 2199 1539 scipionem
2234 1469 2406 1523 illum.
2437 1468 2605 1523 Paulo
2636 1476 2758 1536 post
2784 1483 2949 1538 opera
2985 1467 3203 1538 maligni
3227 1467 3491 1521 daemonis

1898 1560 2292 1617 inﬂammatum
2316 1572 2397 1617 est
2422 1561 2753 1617 domicilium
2780 1561 2930 1626 illud,
2961 1570 3016 1617 et
3040 1576 3162 1619 cum
3191 1560 3338 1617 omni
3361 1574 3490 1630 sup-

1898 1650 2151 1724 pellectili
2182 1650 2551 1722 conﬂagravit.
2581 1651 2716 1706 Erat
2742 1659 2926 1707 autem
2957 1652 3040 1705 vir
3070 1651 3161 1706 Dei
3192 1658 3488 1719 occupatus

201 1742 451 1797 futurum
478 1755 621 1807 esse,
648 1749 708 1795 ut
740 1742 943 1810 absque
963 1740 1124 1794 ullius
1149 1738 1384 1794 hominis
1408 1753 1573 1809 opera
1603 1753 1795 1793 saxum
1825 1735 1872 1795 Β
1900 1742 2151 1798 laudibus
2184 1741 2399 1805 divinis,
2425 1742 2522 1798 sed
2568 1757 2691 1797 cum
2721 1737 2969 1798 cerneret
2995 1741 3172 1798 valido
3214 1742 3337 1812 igne
3373 1741 3490 1811 jam

200 1833 349 1889 istud
378 1831 432 1887 in
457 1831 657 1886 ﬂumen
686 1830 1005 1886 devolvatur
1039 1848 1050 1884 :
1085 1829 1176 1885 ubi
1224 1830 1389 1884 etiam
1432 1828 1667 1885 latitabit
1697 1828 1800 1885 sub

198 1925 386 1991 undis,
410 1927 580 1980 donec
606 1938 701 1978 vos
722 1922 916 1977 divinae
952 1922 1105 1991 pacis
1144 1922 1300 1977 eritis
1343 1918 1607 1976 beneﬂcio
1630 1918 1798 1974 desti-

205 2017 335 2074 tuti.
385 2018 519 2072 Cum
551 2026 735 2070 autem
770 2013 1016 2070 videritis
1066 2013 1264 2069 iterum
1311 2012 1514 2082 absque
1560 2012 1798 2067 humano

198 2123 370 2178 opere
405 2108 474 2163 ad
505 2106 655 2161 littus
698 2118 1000 2175 emergere,
1060 2118 1167 2159 non
1213 2102 1473 2158 dubitetis
1520 2117 1630 2168 me,
1673 2101 1799 2157 licet

193 2200 314 2271 jam
337 2199 685 2264 exstinctum,
714 2211 813 2253 vos
840 2196 1099 2259 revisere,
1128 2194 1390 2264 vobisque
1413 2209 1601 2264 pacem
1623 2209 1651 2247 a
1685 2193 1798 2248 Deo

198 2292 549 2362 impetratam
583 2298 898 2360 asportare,
927 2300 1242 2343 mansuram
1288 2287 1427 2356 apud
1473 2301 1572 2342 vos
1624 2286 1799 2342 donec

200 2384 487 2455 superbia,
517 2380 793 2454 periuriis,
819 2381 1149 2447 homicidiis,
1181 2380 1462 2437 adulteriis
1497 2389 1662 2451 atque
1687 2396 1800 2436 om-

200 2475 434 2532 nivariis
463 2474 683 2547 ﬂagitiis
701 2489 822 2529 eam
850 2488 1042 2530 rursus
1068 2488 1100 2528 a
1128 2474 1285 2529 vobis
1311 2473 1635 2539 excludatis,
1661 2473 1800 2528 irato

202 2564 318 2620 Deo
337 2573 558 2635 propter
589 2564 857 2620 maleﬂcia
914 2572 1115 2619 vestra.
1145 2562 1317 2634 Hujus
1359 2564 1575 2633 quidem
1601 2562 1796 2618 vatici-

201 2657 281 2712 nii
322 2665 377 2712 et
408 2656 548 2729 signi
574 2656 875 2711 admirandi
903 2655 1160 2726 permulti
1200 2663 1364 2710 testes
1393 2654 1660 2725 hodieque
1705 2669 1796 2709 su-

201 2758 448 2820 persunt,
487 2738 595 2821 qui.
634 2760 693 2806 se
747 2750 801 2804 id
828 2749 941 2804 suis
982 2748 1154 2804 oculis
1195 2749 1546 2819 conspexisse
1586 2762 1800 2803 asseve-

204 2850 365 2910 rant;
408 2857 706 2912 saxumque
748 2842 879 2899 illud
926 2841 1125 2897 ibidem
1171 2840 1227 2895 in
1262 2840 1489 2897 ecclesia
1526 2838 1800 2896 immobile

206 2936 493 3008 perdurat,
523 2944 585 2992 ut
613 2935 953 2994 credentium
978 2934 1331 2991 conﬂrmetur
1361 2934 1513 3004 fides,
1541 2944 1598 2991 et
1623 2934 1801 2991 incre-

205 3028 317 3085 duli
337 3027 629 3099 pudeﬂant.

279 3095 413 3177 Vlli.
452 3120 695 3177 Ecclesia
746 3118 1131 3190 Trajectensis,
1185 3134 1218 3176 e
1265 3118 1381 3173 vita
1421 3116 1639 3173 sublato
1677 3114 1799 3186 epi-
1827 3095 1872 3159 C

207 3228 398 3285 scopo,
427 3210 647 3284 pastore
671 3215 860 3269 orbata
886 3212 1011 3267 fuit.
1044 3211 1164 3267 Mox
1204 3210 1417 3267 collecti
1444 3208 1627 3265 clerici
1674 3223 1800 3264 cum

206 3307 371 3363 beato
410 3306 531 3361 viro
570 3306 879 3361 tractabant
919 3305 986 3361 de
1042 3304 1289 3376 eligendo
1331 3315 1664 3358 successore.
1697 3298 1801 3353 Diu

211 3404 396 3453 autem
425 3396 532 3451 illis
579 3396 721 3451 inter
748 3411 806 3451 se
829 3395 1313 3458 contendentibus,
1358 3392 1580 3447 tandem
1625 3390 1802 3460 elege-

209 3496 341 3543 runt
382 3486 637 3542 Ecclesiae
684 3485 1034 3557 praepositum
1070 3482 1342 3539 Crastum.
1390 3483 1463 3537 At
1508 3481 1597 3536 ille
1639 3481 1802 3536 rebus

210 3577 368 3634 valde
395 3577 662 3649 locuples,
691 3584 1010 3648 arroganter
1037 3590 1102 3631 ac
1132 3575 1337 3630 tumide
1371 3572 1508 3628 dixit
1530 3572 1597 3627 ad
1634 3570 1756 3626 illos
1783 3589 1797 3624 :

212 3670 398 3727 Habeo
421 3670 633 3724 abunde
656 3667 826 3723 multa
856 3685 870 3721 :
903 3682 1001 3723 cur
1029 3665 1083 3719 in
1123 3680 1273 3721 meos
1296 3665 1551 3719 humeros
1593 3670 1802 3717 tantum

211 3777 351 3819 onus
378 3760 646 3830 conjicitis
672 3759 696 3813 ?
723 3758 793 3814 lis
841 3757 1024 3812 verbis
1071 3764 1375 3810 commotus
1422 3754 1614 3808 beatus
1639 3750 1807 3807 Odul-

212 3853 373 3926 phus,
412 3850 541 3922 quid
564 3891 578 3915 ,
615 3850 824 3920 inquit,
857 3847 939 3902 ais
962 3888 977 3914 ,
999 3845 1342 3901 miserrime?
1374 3843 1596 3915 Spernis
1622 3841 1800 3912 plane,

215 3946 311 4001 sed
343 3943 488 4015 quod
513 3942 774 4012 consequi
814 3956 922 3997 non
949 3939 1201 3996 mereris.
1228 3937 1383 4006 Quod
1415 3937 1460 3994 si
1485 3935 1708 3991 nolebas
1747 3934 1803 3988 in

215 4043 270 4091 te
297 4035 563 4105 recipere,
589 4034 802 4087 diceres
840 4031 1036 4086 saltem
1068 4037 1120 4085 te
1146 4029 1285 4084 tanti
1315 4028 1540 4084 honoris
1568 4025 1805 4083 culmine

216 4124 516 4194 indignum.
562 4122 635 4178 At
676 4137 821 4177 nunc
846 4130 1069 4193 propter
1097 4135 1227 4190 opes
1256 4120 1554 4175 immensas
1584 4124 1803 4190 aposto—

216 4214 307 4275 lici
329 4215 541 4270 ordinis
567 4228 833 4284 spernens
850 4212 1193 4284 dignitatem,
1225 4225 1396 4281 pr0pe
1432 4210 1574 4263 diem
1606 4224 1671 4262 ex
1701 4207 1804 4262 hac

215 4309 336 4366 luce
362 4305 719 4364 subtraheris.
753 4302 900 4359 Dixit
944 4302 1026 4357 vir
1066 4300 1161 4356 Dei
1186 4343 1203 4369 ,
1231 4309 1285 4355 et
1311 4299 1579 4355 sermonis
1606 4298 1804 4354 verita-

217 4412 329 4459 tem
362 4379 617 4457 vhominis
651 4412 800 4453 mors
826 4392 1143 4450 declaravit.
1178 4390 1400 4446 Interim
1443 4390 1531 4460 qui
1561 4404 1628 4443 ex
1659 4387 1804 4443 clero

215 4500 602 4557 convenerant,
652 4504 775 4545 cum
825 4485 1022 4541 animis
1059 4482 1437 4547 vaecillarent,
1483 4479 1679 4551 singuli
1707 4479 1800 4548 qui
1831 4455 1880 4514 θ

216 4586 350 4659 ipsis
400 4600 524 4641 cum
576 4582 768 4652 primis
817 4576 1025 4634 idoneis
1078 4575 1416 4641 viderentur,
1459 4572 1690 4644 elegere.
1729 4569 1801 4623 At

216 4679 418 4734 Christi
448 4676 707 4733 sacerdos
737 4690 844 4729 non
868 4671 933 4726 ad
964 4684 1250 4741 personam
1273 4707 1289 4735 ,
1328 4667 1424 4723 sed
1449 4667 1514 4721 ad
1544 4664 1798 4720 meritum

217 4774 537 4844 respiciens,
563 4770 780 4826 dicebat
810 4782 969 4838 posse
1005 4767 1150 4820 inter
1185 4765 1330 4834 ipsos
1360 4759 1590 4817 inveniri
1627 4756 1801 4828 magis

217 4868 498 4932 idoneum,
533 4879 636 4919 nec
663 4870 841 4918 tamen
890 4857 1233 4930 vituperabat
1283 4857 1350 4912 ab
1396 4854 1529 4926 ipsis
1575 4852 1796 4909 electos.

214 4962 397 5031 Itaque
432 4955 674 5016 ostendit
703 4954 782 5010 eis
821 4951 1197 5023 presbyterum
1240 4949 1550 5020 quemdam,
1587 4943 1802 5013 llunge-

217 5070 335 5109 rum
365 5053 608 5115 nomine,
634 5048 751 5117 qui,
781 5044 1069 5099 licetvultu
1093 5041 1347 5099 deformis
1368 5050 1531 5105 esset,
1557 5045 1795 5091 attamen
1900 5038 2033 5111 jecti
2065 5036 2176 5110 (ubi
2202 5033 2322 5103 ejus
2354 5032 2447 5090 reli

1522 5126 1627 5148 ﬂ..-
1686 5139 1769 5148 ...κα

1900 1842 2212 1902 correptum
2235 1830 2588 1897 domicilium,
2613 1832 2681 1887 ad
2705 1831 2864 1887 solita
2885 1832 3133 1902 praesidia
3154 1846 3214 1887 se
3239 1831 3490 1896 contulit,

1899 1922 2074 1978 Deum
2121 1937 2289 1979 orans
2339 1936 2409 1979 ne
2442 1922 2562 1978 loca
2593 1929 2782 1979 sancta
2817 1922 2956 1992 ignis
3006 1921 3285 1976 invaderet
3326 1936 3342 1974 :
3380 1934 3491 1974 non

1898 2015 2187 2070 admodum
2219 2029 2420 2069 curans
2463 2014 2733 2069 excidium
2782 2013 2988 2069 cellulae
3038 2027 3168 2068 suae.
3201 2012 3494 2067 Exaudivit

1898 2124 2027 2164 vero
2046 2108 2188 2163 Deus
2210 2100 2399 2178 preces
2426 2107 2566 2177 ejus,
2586 2122 2822 2176 moxque
2851 2107 3157 2163 incendium
3180 2119 3491 2176 repressum

1898 2208 2000 2265 est,
2034 2215 2136 2255 nec
2169 2199 2465 2270 quidquam
2490 2207 2691 2268 praeter
2712 2198 2814 2252 viri
2846 2197 2941 2253 Dei
2970 2198 3303 2254 domicilium
3328 2211 3493 2254 exus-

1898 2293 1990 2348 sit.
2038 2292 2097 2347 ln
2150 2291 2341 2347 mediis
2388 2304 2568 2346 autem
2617 2289 2849 2346 ﬂammis
2897 2291 3032 2348 adeo
3072 2292 3243 2362 scipio
3288 2290 3494 2347 mansit

1900 2383 2133 2449 illtesus,
2169 2390 2226 2436 ut
2255 2381 2323 2437 ab
2348 2381 2456 2453 igni
2486 2397 2613 2437 cera
2644 2382 2895 2437 indurata
2926 2383 3218 2449 videretur,
3256 2398 3357 2438 nec
3391 2382 3496 2437 mi-

1900 2477 2188 2531 nutissimo
2217 2474 2435 2544 quidem
2476 2474 2628 2546 apice
2657 2490 2724 2529 ex
2766 2473 2858 2529 illo
2885 2474 3106 2530 abolito.
3140 2473 3258 2542 Quo
3295 2473 3492 2546 insigni

1900 2569 2162 2625 miraculo
2200 2569 2344 2625 Deus
2378 2567 2664 2625 ostendere
2693 2568 2901 2632 voluit,
2929 2568 3118 2638 quanti
3148 2566 3288 2638 apud
3315 2566 3493 2635 ipsum

1900 2662 2081 2717 meriti
2135 2670 2281 2718 esset
2329 2669 2551 2717 sanctus
2596 2659 2897 2729 Odulphus.
2950 2657 3257 2729 Scipionem
3307 2664 3491 2712 autem

1901 2755 2049 2812 illum
2091 2754 2142 2808 in
2193 2752 2308 2823 ejus
2337 2752 2577 2808 defuncti
2627 2751 2940 2821 sepulcrum
2985 2749 3225 2806 deﬁxere
3268 2747 3490 2811 fratres,

1903 2847 1995 2919 qui
2022 2846 2134 2903 illic
2177 2847 2251 2901 ita
2285 2847 2484 2901 mansit
2528 2843 2668 2901 ﬂxus
2702 2857 2872 2914 usque
2902 2842 2971 2900 ad
3003 2843 3175 2899 beata:
3215 2839 3495 2896 memoriae

1903 2938 2135 2996 Ratbodi
2163 2939 2398 3009 episcopi
2429 2942 2615 3007 opera.

1973 3028 2043 3085 X.
2071 3028 2410 3085 Adventante
2438 3026 2652 3083 tandem
2678 3034 2941 3097 tempore,
2966 3038 3074 3095 quo
3105 3022 3191 3078 vir
3210 3029 3401 3078 beatus
3424 3019 3494 3076 ad

1902 3129 2142 3193 optatam
2178 3119 2422 3177 caelestis
2462 3118 2651 3190 patria:
2694 3116 2921 3189 gloriam
2971 3124 3092 3172 erat
3121 3113 3491 3176 transiturus,

1903 3214 2115 3270 modica
2146 3211 2296 3269 febre
2321 3218 2621 3279 correptus,
2659 3207 2827 3264 sensit
2853 3207 3043 3263 adesse
3068 3202 3334 3275 migrandi
3358 3209 3497 3257 tem-

1901 3323 2021 3379 pus.
2043 3305 2249 3362 Accitis
2269 3305 2434 3376 igitur
2458 3301 2737 3367 fratribus,
2758 3299 3020 3355 indicavit
3047 3297 3128 3354 eis
3148 3297 3290 3353 diem
3315 3294 3497 3351 obitus

1903 3400 2006 3455 sui.
2034 3397 2146 3453 Sub
2195 3398 2369 3467 ipsam
2402 3405 2580 3449 autem
2620 3393 2811 3449 mortis
2852 3392 3045 3447 horam
3076 3404 3267 3445 rursus
3296 3386 3495 3442 fratres

1904 3487 2005 3543 sibi
2034 3487 2225 3541 adesse
2253 3484 2446 3551 voluit,
2474 3491 2526 3539 et
2559 3498 2680 3538 cum
2722 3482 2837 3552 ipso
2882 3487 3104 3536 cantare
3129 3478 3366 3549 psalmos
3393 3490 3495 3545 pro

1903 3577 2309 3649 exspectatione
2358 3577 2613 3631 decessus
2670 3572 2774 3628 sui.
2827 3571 3090 3627 Omnibus
3137 3568 3370 3637 denique
3424 3581 3496 3620 ex

1904 3668 2074 3739 ipsius
2110 3666 2423 3739 praescripto
2456 3663 2559 3720 rite
2595 3661 2830 3734 peractis
2853 3701 2867 3725 ,
2895 3658 3146 3715 valefecit
3188 3656 3448 3713 fratribus
3474 3695 3493 3720 ,

1906 3775 2102 3829 rogans
2129 3774 2223 3815 eos
2265 3765 2326 3813 ut
2363 3770 2464 3827 pro
2513 3756 2633 3826 ipso
2668 3752 2955 3807 Dominum
3001 3757 3379 3821 precarentur,
3433 3761 3499 3802 se

1904 3867 2119 3926 quoque
2142 3851 2399 3923 pollicens
2423 3862 2523 3919 pro
2565 3846 2693 3916 ipsis
2721 3853 2778 3899 et
2803 3842 2923 3898 loco
2962 3840 3053 3896 illo
3075 3841 3299 3913 ejusque
3332 3836 3492 3894 habi-

1905 3945 2173 4002 tatoribus
2200 3950 2465 4015 perpetuo
2498 3937 2729 3994 Domino
2770 3948 2961 4006 preces
3001 3933 3331 3989 oblaturum.
3361 3928 3496 3984 Inde

1903 4053 2030 4094 mox
2056 4036 2124 4091 ad
2150 4033 2437 4089 Dominum
2469 4045 2529 4086 se
2568 4034 2910 4089 convertens,
2943 4022 3184 4092 nihilque
3217 4019 3496 4090 trepidans

1904 4132 1969 4187 ad
2000 4136 2228 4185 mortem
2264 4125 2485 4198 (quippe
2521 4121 2614 4192 qui
2661 4126 2891 4175 mortem
2922 4117 3091 4187 ipsam
3137 4114 3190 4169 in
3218 4112 3370 4167 lucro
3399 4125 3494 4181 po-

1905 4221 2103 4291 neret),
2136 4217 2297 4273 hilari
2327 4224 2508 4272 mente
2536 4213 2670 4269 dixit
2694 4229 2710 4266 :
2739 4209 2805 4264 In
2833 4224 3021 4263 manus
3053 4216 3193 4272 tuas,
3223 4205 3444 4260 Domine
3472 4244 3489 4270 ,

1904 4296 2206 4367 commendo
2237 4307 2481 4378 spiritum
2524 4319 2696 4359 meum
2743 4299 2918 4372 (Psal.
2948 4298 3081 4369 xxx)
3111 4315 3125 4353 :
3156 4297 3258 4354 sub
3292 4296 3492 4367 quibus

1905 4403 2087 4459 verbis
2131 4396 2473 4455 sanctissima
2505 4394 2592 4449 illa
2623 4393 2802 4447 anima
2846 4403 3073 4460 corpore
3116 4400 3332 4459 egressa
3362 4392 3445 4440 est
3476 4403 3489 4435 :

1907 4490 2175 4561 simulque
2211 4484 2518 4544 suavissimi
2566 4481 2751 4538 odoris
2798 4477 3103 4550 fragrantia
3152 4475 3262 4531 illic
3299 4471 3494 4528 diﬂ‘usa

1906 4590 2009 4646 est,
2040 4580 2114 4635 ita
2140 4588 2199 4634 ut
2218 4592 2407 4633 omnes
2437 4571 2803 4630 inaestimabili
2832 4570 3099 4647 suavitate
3122 4564 3490 4634 replerentur,

1908 4670 2298 4744 perspicueque
2335 4669 2460 4723 inde
2502 4666 2692 4721 liceret
2726 4650 3122 4720 animadverti,
3148 4652 3493 4708 beatissimos

1909 4743 2181 4834 angelicos
2206 4760 2432 4830 spiritus
2457 4756 2693 4813 animam
2716 4752 2865 4808 illam
2895 4767 2926 4808 e
2946 4759 3173 4816 corpore
3202 4743 3493 4834 abeuntem

1909 4829 2392 4924 suscepisse.iEjus
2430 4848 2599 4904 festus
2647 4845 2763 4900 dies
2817 4843 3121 4901 celebratur
3169 4832 3345 4924 pridie
3364 4829 3497 4924 ldus

1906 4916 2083 5004 Junii.-
2116 4944 2279 5001 Fiunt
2303 4916 2491 4998 autem
2525 4952 2621 5007 per
2651 4938 2769 5004 ejus
2801 4933 2990 4990 merita
3025 4938 3131 4980 non
3155 4919 3331 4975 solum
3363 4916 3501 5007 Tra-

2454 5004 2593 5100 quiae
2618 5027 2899 5083 habentur
2934 5015 3082 5093 apud,
3111 5020 3363 5067 sanetum
3385 5004 3508 5100 Sal—

2156 5125 2172 5148 \
2229 5096 2282 5148 ξ-
2308 5127 2322 5148 1
2362 5096 2516 5148 -.εῼςς
2554 5119 2605 5148 ε..
2632 5118 2900 5148 unum---
2934 5116 3212 5148 :nnnmnm
3246 5096 3510 5148 miracula
