3964 5356
1861 367 2103 423 MAlllNl
2140 369 2343 426 ΡΑΡίΕ
2384 370 2429 426 ll

3651 381 3746 436 εει

544 475 1289 487 m*—-_——_
1323 474 1848 486 “w—

507 471 3740 540 mm

1704 578 1876 622 ANNO
1920 578 2151 623 DOMINI
2196 580 2569 626 MCCCCXLVI.

1021 762 1472 899 MAR
1505 763 1726 899 IN
1745 758 1991 900 US

2192 764 2775 905 PAPA
2882 687 2887 692 ’
3011 696 3321 912 II.

1591 1138 2028 1218 NOTITIA
2087 1142 2635 1223 HISTOBICA

1116 1270 1283 1337 (Apud
1314 1272 1655 1335 Coequelloes,
1678 1275 1883 1333 Bullar.,
1908 1277 2133 1338 privileg.
2158 1276 2478 1330 Romanorum
2504 1279 2672 1344 pontlf.
2700 1279 2841 1344 amp].
2868 1281 3098 1349 Collect.)

572 1457 1127 1547 marinusosecundus,
1144 1474 1250 1547 seu
1268 1459 1533 1547 Martinus
1551 1466 1738 1547 tertius
1762 1467 1953 1547 dnictus,
1974 1470 2191 1547 natione
2219 1472 2789 1547 Romanus,_in_locnm
2808 1475 3064 1547 Stephani
3081 1492 3229 1547 papa:
3256 1481 3382 1535 sine
3408 1497 3563 1536 mora
3578 1486 3754 1541 subro-

497 1540 656 1620 gatus
678 1527 960 1620 εἰμι-βρεμι
972 1529 1744 1620 inponti'licathtemporibus
1773 1527 2123 1620 Constantini
2139 1527 2654 1620 Pgrphyroggiitiin
2683 1527 3751 1620 Oritani;oiiiaﬁig'nigiii{66.35;};

497 1598 867 1690 {IlI-IPP:Aa-ll.lzl‘?§
884 1598 948 1690 ᾗ
971 1602 1271 1690 ξιξςξιεξξρῖ
1285 1601 1486 1690 adduint
1512 1598 1895 1690 tiltatltl‘plttl‘ilttli‘
1912 1608 2033 1690 dies
2061 1610 2144 1690 l5.
2175 1598 2302 1690 Sed,
2320 1598 2447 1690 deum
2464 1612 2658 1690 Pagius
2681 1629 2747 1690 ea
2777 1598 3161 1690 ipsis'Agapeti

498 1668 951 1761 pontiﬁcem
973 1668 1087 1761 jam
1108 1668 1276 1761 fuisse
1297 1668 1839 1761 '15qdieitmii,"anno
1865 1668 2497 1761 94%ostendat,'tei-ti_tts
2513 1668 3263 1761 \ligttoliincatralogEsSes

496 1736 727 1801 videtur,
753 1737 804 1790 in
829 1752 935 1807 quo
956 1739 1171 1792 nonnisi
1185 1741 1335 1805 anni,
1355 1741 1389 1796 5
1415 1758 1486 1796 nt.
1507 1745 1538 1797 6
1562 1745 1929 1815 assignantur.
1943 1736 2084 1803 Obiit
2110 1736 2292 1820 itaque
2308 1736 2542 1807 Marinus
2556 1736 2699 1808 circa
2720 1736 3050 1809 dictnS'v’el‘ti
3063 1736 3746 1826 iﬁeh's'iéthii'i'ifﬁﬂé

495 1840 3739 1889 ______________________________________

1308 1942 2010 2054 MARINI
2102 1946 2644 2057 PAPE
2753 1948 2951 2059 II.

1194 2124 1851 2205 EPISTOLIE
1964 2124 2113 2204 ET
2230 2126 3021 2207 PBIVILEGIA.

631 2453 975 2497 PRWILEGIUI
1003 2453 1189 2493 EARINI
1221 2452 1364 2493 ΓΑΡΛΕ
1392 2454 1427 2492 ll
1457 2451 1557 2493 Νιο
1586 2452 1922 2494 ῊΟΧΔΘἸἙῘΠΟ

1073 2522 1459 2563 VIZEIJACENSI.

1109 2600 1285 2670 (Anno
1307 2598 1458 2666 95:5.)

703 2690 879 2763 [Apud
911 2690 1111 2745 Acher.
1145 2687 1410 2758 Spicilegii
1443 2695 1573 2743 tom.
1603 2685 1667 2753 ll,
1697 2685 1845 2759 50L]

554 2800 797 2856 Mammas
823 2800 1126 2869 episcopus,
1151 2813 1340 2853 servus
1369 2812 1651 2852 servorum
1680 2796 1794 2861 Dei,
1825 2796 2055 2852 Gumom

481 2892 736 2963 religioso
799 2890 980 2946 abbati
1037 2889 1424 2945 Vizeliucensis
1478 2889 1752 2953 caanobii,
1802 2888 2056 2959 omnique

481 2982 884 3054 congregationi
913 2979 1155 3051 ejusdem
1185 2981 1496 3037 monasterii
1527 2980 1579 3035 in
1611 2991 1948 3050 perpetuum.

551 3073 778 3141 Quoties
806 3073 895 3128 illa
927 3074 1086 3128 tribui
1126 3089 1157 3127 a
1199 3072 1349 3127 nobis
1392 3081 1669 3142 optantur,
1700 3087 1819 3141 qua
1857 3071 2053 3126 rationi

479 3164 860 3219 incunctanter
899 3165 1257 3229 conveniunt,
1288 3164 1469 3218 animo
1515 3178 1613 3218 nos
1660 3164 1818 3217 debet
1866 3162 2052 3218 libenti

476 3255 801 3320 concedere,
824 3264 879 3309 et
900 3254 1196 3324 petentium
1220 3253 1499 3317 desideriis
1530 3269 1826 3324 congruum
1858 3254 2052 3324 imper-

481 3341 569 3398 tiri
597 3341 933 3415 sul'l'ragium.
969 3342 1143 3412 Atque
1170 3342 1289 3396 ideo
1313 3342 1437 3412 quia
1478 3342 1761 3412 postulasti
1815 3356 1845 3395 a
1895 3341 2051 3395 nobis

476 3443 746 3505 quatenus
792 3434 1129 3508 privilegium
1174 3434 1317 3489 sedis
1361 3435 1670 3505 apostolica:
1725 3434 2051 3489 monasterio

476 3523 909 3590 Vizeliaco,‘cui
962 3541 1196 3595 praeesse
1242 3526 1596 3597 dignosceris,
1648 3525 1792 3596 quod
1836 3534 2049 3582 constat

472 3615 601 3670 olim
630 3630 661 3669 a
692 3614 932 3670 Gerardo
957 3615 1291 3671 nobilissimo
1319 3625 1372 3670 et
1400 3615 1860 3672 Christianissimo
1906 3616 2044 3680 viro,

2085 2353 2133 2410 Α
2165 2346 2374 2403 Domini
2405 2345 2532 2402 Jesu
2566 2346 2767 2402 Christi
2798 2356 2852 2401 et
2886 2347 2953 2402 ab
2982 2348 3228 2418 ingressu
3256 2350 3510 2408 ecclesia:
3544 2354 3751 2424 disjun-

2164 2446 2309 2492 (-tum
2341 2452 2484 2493 esse.
2513 2437 2628 2493 Hoc
2659 2452 2874 2507 quoque
2901 2439 3141 2509 capitulo
3166 2443 3425 2509 przesenti
3468 2445 3751 2516 suhjmgi-

2162 2540 2302 2590 mus,
2354 2536 2413 2582 ut
2468 2527 2642 2582 locum
2695 2529 2941 2584 avaritize
2984 2531 3372 2596 secludamus,
3428 2535 3642 2588 nullum
3689 2538 3752 2590 de

2161 2619 2395 2688 regibus,
2426 2618 2630 2674 nullum
2658 2622 2724 2674 de
2749 2621 3017 2692 episcopis
3047 2623 3131 2677 vel
3150 2626 3551 2688 sacerdotibus.
3578 2629 3666 2681 vel
3688 2630 3755 2683 de

2161 2709 2572 2780 quibuscunque
2600 2709 2865 2776 ﬁdelibus,
2892 2728 2989 2782 per
3031 2728 3112 2779 se,
3170 2716 3585 2785 suppositamve
3634 2734 3751 2788 per-

2158 2814 2368 2867 sonam,
2401 2802 2468 2857 de
2493 2801 2830 2859 ordinatione
2851 2801 3089 2872 ejusdem
3121 2805 3356 2871 abbatis,
3387 2807 3474 2861 vel
3517 2808 3752 2863 clerico-

2159 2904 2300 2955 rum,
2327 2898 2421 2945 aut
2444 2891 2903 2962 presbyterorum,
2925 2892 3021 2966 .ve!
3056 2894 3122 2949 de
3154 2893 3443 2966 largitione
3475 2900 3747 2959 chrisma-

2158 2981 2244 3046 tis,
2274 2989 2366 3034 aut
2393 2982 2804 3037 consecratione
2830 2983 3084 3050 basilicae,
3106 2985 3193 3040 vel
3214 2986 3300 3047 de
3329 2988 3750 3059 quibuscunque

2154 3070 2333 3124 eausis
2357 3070 2423 3124 ad
2447 3070 2586 3125 idem
2614 3073 2997 3128 monasterium
3022 3075 3440 3144 pertinentibus,
3466 3082 3677 3134 audere
3699 3082 3747 3134 in

2153 3157 2391 3229 qualibet
2417 3159 2595 3229 specie
2616 3161 2793 3215 exenii
2819 3161 2936 3217 loco
2962 3163 3253 3233 quidquam
3276 3167 3548 3236 accipere,
3575 3184 3751 3238 neque

2152 3247 2399 3302 eumdem
2430 3250 2682 3305 abbatem
2711 3266 2810 3321 pro
2834 3252 3176 3308 ordinatione
3203 3270 3301 3310 sua
3347 3256 3557 3325 aliquid
3616 3261 3746 3313 dare

2152 3354 2499 3409 praesumere,
2524 3357 2592 3396 ne
2621 3342 2723 3398 hac
2749 3344 3035 3400 occasione
3079 3361 3141 3400 ea
3172 3362 3293 3416 qua:
3321 3364 3350 3401 a
3382 3348 3642 3405 ﬁdelibus
3660 3353 3746 3420 pio

2153 3427 2273 3483 loco
2298 3428 2599 3485 on‘eruntur
2625 3444 3032 3489 consumantur.
3072 3434 3256 3506 Neque
3290 3440 3590 3508 episcopus
3614 3443 3744 3494 civi-

2152 3520 2274 3575 tatis
2300 3521 2464 3590 ipsius
2491 3525 2757 3593 parochiae
2784 3526 2889 3580 nisi
2915 3525 2983 3580 ab
3010 3526 3202 3583 abbate
3224 3530 3394 3599 ipsius
3421 3533 3743 3586 monasterii

2150 3610 2422 3677 invitatus,
2453 3612 2646 3667 ibidem
2675 3616 2914 3684 publicas
2941 3618 3133 3673 missas
3156 3629 3305 3691 agat,
3346 3637 3526 3691 neque
3554 3626 3744 3678 statiu-

472 3721 680 3760 ncenon
740 3715 793 3761 et
837 3705 995 3762 Berta
1048 3722 1215 3763 uxore
1268 3705 1406 3774 ejus,
1439 3707 1493 3763 in
1522 3708 1727 3765 honore
1749 3707 1957 3763 Domini
1990 3715 2046 3761 et
2078 3705 2115 3764 ll
2148 3718 2242 3759 nes
2268 3703 2320 3759 in
2358 3705 2546 3762 eodem
2599 3708 2850 3762 ctenobie
2895 3709 3132 3776 indicat,
3187 3727 3257 3766 ne
3307 3728 3597 3768 servorum
3653 3714 3743 3769 Dei

474 3794 772 3850 Salvatoris
810 3795 981 3850 nostri
1006 3794 1130 3850 Jesu
1154 3795 1352 3850 Christi
1377 3804 1431 3851 et
1459 3797 1809 3853 veneratione
1848 3796 2047 3850 beatis-

473 3887 625 3941 sima:
683 3902 898 3958 semper
951 3888 1172 3958 virginis
1243 3887 1426 3943 Mariae
1470 3889 1748 3959 genitricis
1803 3887 2043 3958 ejusdem

474 3976 685 4032 Domini
725 3977 893 4034 nostri
929 3976 1056 4033 Jesu
1091 3976 1287 4033 Christi
1318 3986 1722 4044 constructum;
1774 3978 1828 4033 in
1881 3994 2046 4050 regno

470 4070 676 4126 scilicet
700 4070 1042 4142 Burgundiua,
1090 4070 1142 4123 in
1190 4083 1328 4140 pago
1385 4069 1656 4134 Avalensi,
1709 4070 1961 4141 quodque
2012 4088 2042 4125 a

472 4163 709 4234 pra-fatis
736 4163 1111 4219 fundatoribus
1137 4164 1295 4219 beato
1328 4162 1489 4220 Petro
1513 4164 1879 4234 apostolorum
1904 4165 2044 4235 prin-

470 4252 574 4321 cipi
599 4252 687 4320 pia
711 4252 997 4308 devotione
1022 4260 1078 4308 et
1103 4253 1408 4308 testamenti
1432 4255 1625 4325 pagina
1657 4254 1907 4310 collatum
1936 4264 2039 4322 est,

471 4341 650 4396 facere
688 4343 1004 4398 deberemus
1036 4363 1047 4397 :
1082 4345 1324 4399 inclinati
1356 4347 1605 4416 precibus
1658 4347 1761 4402 tuis
1813 4346 2042 4402 libenter

469 4431 584 4487 fieri
616 4433 971 4490 decrevimus.
1005 4434 1156 4490 Unde
1177 4446 1231 4492 et
1257 4437 1635 4492 constituimus
1662 4446 1715 4492 et
1746 4437 2037 4507 apostolica

467 4522 796 4578 auctoritate
817 4537 1119 4588 censemus,
1158 4535 1319 4595 atque
1344 4541 1440 4596 per
1466 4527 1567 4582 hoc
1608 4535 1851 4582 nostrum
1904 4542 2037 4595 apo-

466 4612 713 4667 stolicum
742 4613 1078 4685 privilegium
1108 4614 1593 4685 conﬁrmamus,ul
1615 4616 1792 4672 nullus
1820 4631 1915 4671 rex
1946 4625 2038 4670 aut

465 4703 730 4773 pontifex,
763 4705 847 4761 vel
903 4705 1071 4762 abbas
1121 4715 1214 4761 aut
1265 4721 1483 4772 comes,
1521 4707 1605 4763 vel
1648 4708 2036 4776 qualiscunque

467 4810 659 4866 magna
688 4796 771 4851 vel
800 4812 964 4866 parva
1001 4813 1251 4868 persona,
1278 4798 1518 4853 avaritia:
1574 4799 1865 4869 cupiditate
1911 4813 2035 4853 cor-

464 4894 656 4955 ruptus
682 4895 776 4942 aut
799 4887 1061 4942 diabolica
1113 4889 1459 4959 suggestione
1506 4889 1790 4957 deceptus,
1841 4888 2035 4942 audeat

461 4975 545 5029 vel
574 4984 863 5045 praesumat
888 4986 1073 5033 contra
1114 4984 1262 5032 tuum
1313 4977 1606 5041 honorem,
1636 4991 1669 5030 ο
1705 4976 2030 5031 venerabilis

2148 3798 2301 3866 quies
2354 3798 2736 3869 quoquomodo
2792 3801 3037 3871 populari
3103 3814 3373 3858 conventu
3427 3806 3740 3875 perturbari

2146 3886 2357 3952 valeat,
2388 3904 2561 3959 neque
2613 3898 2852 3959 paratas,
2905 3901 2998 3946 aut
3055 3893 3484 3949 mansionaticos
3541 3896 3740 3950 exinde

2144 3988 2432 4048 praesumat
2460 3981 2693 4050 exigere.
2723 3981 3134 4052 Susceptionem
3176 3994 3360 4039 autem
3398 3986 3642 4040 tidelium
3682 3996 3739 4040 et

2145 4067 2519 4139 religiosorum
2578 4070 2815 4123 virorum
2867 4081 3030 4141 atque
3071 4072 3515 4140 beneficentiam,
3568 4092 3732 4144 quam

2135 4157 2286 4228 jubet
2307 4159 2594 4228 Apostolus
2622 4161 2835 4216 cunctis
2862 4163 3220 4218 exhibendam
3250 4180 3350 4234 pro
3376 4166 3737 4233 possibilitate

2140 4248 2242 4304 loci
2290 4255 2345 4303 et
2375 4247 2689 4302 facultatum
2752 4263 2857 4304 non
2912 4251 3073 4305 modo
3114 4250 3319 4307 ibidem
3391 4254 3515 4310 ﬁeri
3576 4255 3733 4326 [non]

2140 4341 2491 4411 denegamus,
2518 4355 2707 4395 verum
2737 4340 2891 4395 etiam
2934 4342 3225 4398 suademus
3259 4363 3271 4398 :
3302 4345 3399 4399 sed
3440 4353 3497 4400 et
3542 4347 3733 4400 modus

2140 4432 2191 4486 in
2220 4447 2447 4487 numero
2475 4433 2906 4503 congregationis
2932 4433 3067 4487 adeo
3111 4447 3500 4500 conservetur,
3524 4448 3583 4490 ut
3632 4452 3731 4490 nec

2136 4522 2417 4593 pluralitas
2439 4524 2742 4594 penuriam,
2772 4539 2873 4579 nec
2899 4525 3145 4594 paucitas
3170 4527 3598 4584 inhabitantium
3631 4532 3727 4584 de-

2136 4612 2471 4668 stitutionem
2497 4612 2598 4667 loci
2622 4612 2875 4668 inducere
2906 4613 3101 4669 valeat.
3130 4614 3481 4689 Privilegium
3513 4634 3731 4688 quoque

2135 4720 2165 4759 a
2197 4705 2597 4782 praedecessore
2626 4713 2815 4758 nostro
2862 4705 2965 4774 pia:
3003 4707 3279 4761 memoria:
3325 4725 3463 4778 papa
3505 4709 3727 4763 Nicolao

2134 4797 2307 4852 eidem
2348 4796 2675 4851 monasterio
2698 4795 2950 4851 collatum
2979 4807 3166 4854 nostra
3201 4803 3502 4857 auctoritas
3527 4803 3725 4857 conﬁr-

2136 4903 2368 4953 mamus,
2400 4897 2624 4958 excepto
2665 4887 2932 4943 duntaxat
2978 4891 3120 4959 quod
3178 4891 3294 4959 ipse
3356 4895 3461 4948 sub
3506 4894 3725 4949 nomine

2133 4977 2450 5032 ancillarum
2479 4977 2570 5032 Dei
2596 4970 2722 5047 qua:
2746 4977 2943 5031 ibidem
2973 4992 3068 5047 pro
3107 4981 3319 5036 crebris
3354 4982 3724 5039 infestationi-

460 5062 624 5122 Wido
658 5068 843 5134 abbas,
879 5068 1242 5139 qualicunque
1288 5067 1448 5123 modo
1489 5069 1769 5137 insurgere
1827 5068 1880 5122 in
1943 5077 2028 5122 tua
2055 5059 2101 5121 C
2132 5068 2233 5123 bus
2261 5066 2442 5122 surculi
2471 5083 2613 5122 nunc
2633 5067 3007 5122 ordinabiliter
3029 5084 3249 5124 manere
3263 5084 3560 5140 nequeunt,
3589 5074 3721 5126 illud

463 5156 571 5196 νῖιέι
603 5167 690 5196 an!
720 5158 787 5196 da
819 5169 911 5196 Iun
934 5159 1137 5196 lannnrn
1165 5159 1256 5196 1ηιί
1290 5157 1565 5196 mnloaliuc
1608 5157 1810 5196 inform
1856 5158 1938 5196 vol
1967 5160 2033 5196 Αο

2138 5156 2395 5196 ΑρΙρσεινίΙ
2430 5171 2445 5187 ο
2479 5171 2575 5196 nnc
2603 5170 2731 5196 vam
2759 5158 2980 5196 anlinric
3009 5158 3256 5196 ntilitntic
3284 5162 3461 5196 ηνηιῖη
3502 5161 3598 5196 cal.
3624 5163 3719 5196 In-
