3964 5356
165 222 277 278 865

1283 215 1643 275 ΕΡΙΞΤΟΙηΕ
1685 214 1769 270 ET
1812 213 2221 269 PRlVlLEGlA.

3336 221 3441 277 8136

166 357 230 397 se
255 356 441 397 coram
477 338 659 396 divino
674 337 879 407 judicio
907 346 1220 410 cognoscat,
1251 348 1309 393 et
1338 336 1440 392 nisi
1471 351 1533 392 ea
1565 350 1686 405 quae
1724 350 1752 387 a
1787 339 1830 395 Α
1865 329 2068 387 indulta
2104 333 2490 403 perpetualiter
2516 334 2770 390 inviolata
2826 345 3146 403 permaneat
3196 343 3441 397 auctori-

166 446 229 487 se
260 432 401 486 male
431 441 547 485 acta
576 440 702 485 sunt
730 430 1008 493 deleverit,
1052 446 1080 483 a
1126 428 1495 483 sacratissimo
1528 441 1756 494 corpore

167 522 386 577 Domini
447 521 616 576 nostri
684 519 808 575 Iesu
860 519 1059 574 Christi
1131 518 1337 573 ahenus
1411 516 1541 579 ﬁat,
1595 525 1758 585 atque

168 624 377 669 :eterno
406 612 641 667 examini
673 612 930 666 districta:
956 609 1175 665 ultionis
1201 608 1495 677 subjaceat.
1537 607 1759 663 Cunctis

168 716 352 762 autem
382 707 557 762 eidem
585 705 703 761 loco
726 703 874 773 justa
905 703 1252 758 servantibus
1280 702 1352 756 sit
1392 717 1499 772 pax
1545 697 1756 755 Domini

169 801 344 857 nostri
374 800 499 855 Jesu
536 799 760 863 Christi,
798 805 1065 868 quatenus
1091 804 1147 851 et
1192 795 1281 850 hic
1325 793 1559 848 fructum
1607 793 1760 847 bona:

172 891 407 947 actionis
438 889 701 960 recipiant
740 898 797 944 et
833 889 974 959 apud
1011 887 1312 943 districtum
1356 884 1593 954 judicem
1621 899 1760 956 pra:-

171 984 281 1039 mia
307 993 527 1038 aeterna:
555 981 705 1052 pacis
732 981 1026 1035 inveniant.

245 1074 521 1142 Scriptum
570 1087 668 1142 per
719 1085 936 1124 manum
985 1069 1185 1123 Azonis
1238 1066 1506 1123 scriniarii
1556 1072 1760 1121 sancta:

172 1166 436 1223 Romana:
452 1164 708 1220 Ecclesiae
734 1164 788 1217 in
818 1176 1004 1218 mense
1032 1162 1356 1222 Fabruario,
1382 1160 1678 1214 indictione
1700 1160 1753 1213 1.

244 1261 379 1315 Data
427 1274 466 1313 tt
518 1256 698 1311 Nonas
752 1255 1015 1310 Februar.
1068 1269 1167 1325 per
1216 1268 1433 1307 manum
1479 1250 1761 1306 Benedicti

172 1349 414 1421 episcopi
441 1357 495 1405 et
532 1346 930 1404 bibliothecarii
973 1355 1174 1400 sancta:
1215 1344 1360 1399 sedis
1409 1342 1755 1412 apostolicae,

172 1456 340 1505 anno,
374 1441 483 1495 Deo
528 1437 797 1509 propitio,
825 1436 1173 1507 pontificatus
1201 1434 1404 1489 domini
1445 1433 1615 1489 nostri
1648 1432 1760 1487 Ma-

172 1532 280 1587 rini
318 1530 514 1584 summi
540 1527 812 1598 pontiﬁcis
841 1534 895 1581 et
925 1523 1244 1579 universalis
1271 1537 1448 1594 νίψω,
1471 1522 1525 1576 in
1574 1536 1759 1577 sacra-

173 1626 385 1680 tissima
410 1621 538 1678 sede
568 1620 708 1677 beati
736 1617 882 1674 Petri
907 1616 1134 1689 apostoli
1161 1630 1305 1670 anno
1352 1615 1420 1680 1,
1468 1614 1524 1668 in
1574 1628 1760 1669 mense

171 1714 463 1782 Februan,
491 1713 676 1768 indict.
707 1713 756 1766 1.

294 1931 639 1975 Ραινιιιςιωι
677 1930 903 1970 ΙΛΒΤΙΝΙ
928 1928 1074 1968 ΡΛΡιΕ
1111 1928 1148 1967 ll
1180 1926 1282 1967 ΡΙιο
1302 1923 1640 1967 κοκλετειηο

611 2004 658 2042 8.
701 2001 962 2040 ΒΟΝΙΡΔΕΙΙ
1005 1998 1280 2037 FULDENSI.

781 2075 957 2145 (Anno
977 2074 1127 2144 945.)

351 2172 608 2246 [Dronlte,
642 2169 774 2225 Cod.
809 2168 1026 2238 diplom.
1056 2165 1245 2230 Fuld.,
1275 2180 1401 2235 pag.
1425 2161 1575 2237 518.]

247 2264 492 2319 MARINUS
522 2263 829 2333 episcoyus,
859 2272 1051 2312 servus
1082 2271 1365 2311 servorum
1405 2254 1520 2315 Dei,
1578 2250 1759 2307 Ham-

174 2371 323 2410 ωηο
356 2352 610 2423 religioso
634 2348 814 2403 abbati
840 2344 1167 2402 venerabilis
1213 2341 1530 2398 monasterii
1584 2340 1758 2397 sancti

173 2444 379 2501 Christi
410 2440 665 2511 martyris
688 2437 948 2493 Bonifacii
980 2445 1035 2492 et
1058 2451 1155 2506 per
1179 2450 1301 2489 eum
1327 2435 1378 2488 in
1430 2433 1619 2488 eodeni
1662 2447 1756 2486 vc-

172 2534 408 2593 nerabili
445 2532 776 2599 monasterio
830 2529 1040 2599 tuisque
1085 2525 1489 2583 successoribus
1542 2523 1595 2577 in
1635 2537 1759 2593 per-

92 2624 95 2627 ’
171 2637 419 2700 petuum.

246 2718 514 2787 Quoniam
542 2729 758 2785 semper
781 2720 907 2769 sunt
933 2712 1276 2767 concedenda
1347 2723 1469 2780 qum
1514 2708 1754 2762 rationa-

170 2809 375 2865 bilibus
414 2813 719 2878 congruunt
762 2802 1066 2868 desideriis,
1114 2811 1328 2873 oportet
1379 2808 1438 2855 ut
1484 2798 1754 2855 devotioni

172 2899 471 2956 conditoris
497 2898 600 2968 pice
628 2894 1050 2951 constructionis
1065 2892 1364 2948 auctoritas
1385 2893 1437 2945 in
1461 2890 1757 2961 privilegiis

172 2990 505 3062 pnestandis
537 2987 759 3043 minime
787 2987 1099 3056 denegetur.
1125 2985 1293 3055 Igitur
1318 2984 1441 3053 quia
1472 2982 1756 3052 postulasti

174 3101 208 3137 a
241 3082 418 3145 nobis,
441 3088 709 3150 quatenus
733 3076 1122 3132 monasterium
1153 3073 1453 3129 Salvatoris
1482 3088 1512 3126 a
1563 3080 1754 3127 sancto
1782 3096 1828 3158 ρ

171 3176 458 3232 Bonifacio
482 3172 733 3244 primitus
757 3180 1130 3228 constructum
1157 3179 1212 3226 et
1241 3186 1269 3225 a
1302 3178 1354 3224 te
1385 3168 1597 3223 noviter
1628 3168 1758 3224 tedi-

174 3270 399 3325 ﬁcatum
430 3268 483 3322 in
508 3267 626 3322 loco
653 3266 883 3320 Boeonia
914 3278 1043 3335 erga
1070 3264 1241 3333 ripam
1290 3261 1532 3317 ﬂuminis
1588 3259 1757 3315 Fulda

173 3359 443 3433 privilegii
477 3358 621 3413 sedis
647 3355 955 3425 apostolicre
981 3355 1165 3409 infulis
1215 3355 1504 3409 decoretur
1548 3361 1605 3407 et
1660 3353 1760 3407 sub

168 3449 555 3518 jurisdictione
582 3458 779 3500 nostra:
837 3445 924 3498 cui
973 3442 1083 3497 Deo
1140 3452 1363 3497 auctore
1416 3441 1762 3497 deseruimus

177 3540 439 3596 Ecclesiae
466 3538 818 3594 constitutum
843 3535 1002 3590 nullis
1028 3534 1250 3589 alterius
1291 3534 1548 3589 Ecclesite
1594 3532 1764 3603 juris-

178 3630 513 3688 dictionibus
539 3627 891 3683 submittatur
918 3642 932 3691 ;
963 3625 1166 3679 idcirco
1190 3625 1294 3694 piis
1343 3624 1629 3679 desideriis
1678 3623 1763 3677 la-

180 3731 372 3777 ventes
401 3722 503 3776 hac
537 3727 722 3774 nostra
754 3717 1079 3772 auctoritate
1148 3715 1201 3770 id
1255 3717 1399 3785 quod
1450 3715 1764 3785 exposcitnr

176 3811 395 3869 eﬁ'eetui
444 3810 833 3879 mancipamus.
884 3807 952 3861 Et
1002 3805 1123 3861 ideo
1193 3821 1408 3860 omnem
1479 3804 1766 3876 cujuslibet

177 3903 440 3960 Ecclesia:
467 3902 808 3957 sacerdotem
837 3898 922 3952 vel
951 3898 1264 3967 episcopmn
1297 3898 1351 3951 in
1397 3896 1623 3967 prtefato
1651 3912 1765 3949 mo-

178 3994 426 4050 nasterio
451 3992 710 4047 ditionem
739 3988 1033 4059 quamlibet
1053 3989 1255 4044 habere
1276 3996 1369 4042 aut
1383 3988 1763 4042 auctoritatem

179 4094 381 4157 prteter
410 4085 591 4139 sedem
621 4080 972 4152 apostolicam
990 4079 1362 4149 prohibemus,
1394 4080 1465 4134 ita
1495 4089 1551 4134 ut
1573 4079 1672 4134 nisi
1696 4082 1765 4134 ab

181 4180 382 4234 abbate
417 4175 733 4231 monasterii
760 4172 926 4229 fuerit
974 4173 1252 4237 invitatus,
1308 4187 1411 4227 nec
1475 4173 1763 4228 missarum

182 4270 384 4325 ibidem
420 4265 821 4322 solemnitatem
872 4262 1139 4333 quispiam
1198 4270 1491 4331 przesumat
1546 4263 1766 4318 omnino

181 4356 486 4418 celebrare,
532 4367 591 4409 ut
634 4353 883 4423 profecto
929 4349 1087 4420 juxta
1140 4351 1192 4406 id
1249 4351 1395 4421 quod
1457 4351 1762 4421 subjectum

1784 1734 1833 1795 B

1862 431 1972 477 tate
1998 425 2248 479 subnixa.

1929 515 2205 586 Scriptum
2232 530 2331 585 per
2356 533 2575 572 manmn
2604 519 2872 576 Theodori
2913 523 3110 579 notarii
3141 526 3437 598 regionarii

1858 614 2019 676 atque
2048 606 2317 661 scriniarii
2351 616 2550 663 sanctte
2582 609 2840 667 Romana:
2864 612 3118 670 Ecclesite
3147 615 3202 671 in
3254 633 3443 675 mense

1859 695 2055 750 Martio
2082 705 2136 751 et
2169 698 2463 752 indictione
2489 701 2682 769 prima.

1932 788 2123 841 Datmn
2154 804 2204 841 vi
2234 787 2353 843 Kal.
2380 788 2552 859 April.
2598 807 2695 861 per
2730 808 2949 849 manum
2995 794 3200 853 Nicolii
3253 801 3445 870 primi-

1859 877 1988 930 cerii
2021 892 2245 932 summae
2306 881 2616 949 apostolica:
2667 883 2830 947 sedis,
2856 900 2999 941 anno
3049 889 3161 944 Deo
3206 893 3440 961 propitio

1857 967 2208 1036 pontiﬁcatus
2230 968 2431 1024 domini
2462 973 2630 1027 nostri
2658 973 2846 1029 Marini
2871 980 3066 1033 summi
3090 982 3361 1051 pontiﬁcis
3385 994 3443 1039 et
3480 993 3485 999 '

1859 1056 2184 1111 universalis
2204 1057 2437 1127 junioris
2467 1076 2619 1132 papa:
2661 1063 2712 1117 in
2742 1068 3111 1123 sacratissima
3141 1071 3268 1127 sede
3298 1073 3443 1130 beati

1859 1146 2004 1205 Petri
2035 1150 2262 1220 apostoli
2301 1152 2477 1221 primo
2519 1155 2571 1208 in
2606 1171 2810 1222 mense,
2838 1167 2893 1214 et
2920 1154 3212 1218 indictione
3244 1165 3441 1237 prima.

2606 1268 2692 1324 Ill.

1997 1370 2182 1411 HARINI
2232 1374 2377 1413 ΡΑΡᾸΞ
2429 1375 2466 1414 ll
2520 1376 2867 1419 PRIVILEGIUM
2913 1380 3015 1423 PRO
3058 1383 3312 1426 Εεϐιεειιι

2446 1445 2849 1488 ΒΕΧΕἚἘΝΤΛΝΑ.

2458 1519 2648 1591 (Anno
2674 1522 2846 1596 945.)

1933 1602 2109 1699 [apud
2142 1604 2372 1678 Ugbelli,
2398 1608 2560 1664 Italia
2588 1608 2774 1677 Sacra,
2806 1623 2936 1670 tom.
2957 1615 3089 1683 Vill,
3114 1635 3236 1694 pag.
3258 1622 3376 1699 50.]

1933 1697 2177 1754 MARINUS
2209 1700 2494 1770 episcopus
2521 1717 2711 1758 servus
2740 1721 3019 1764 servorum
3052 1712 3178 1778 Dei,
3208 1697 3445 1773 dilectis—

1860 1786 2001 1842 simo
2033 1797 2195 1857 atque
2233 1789 2429 1846 merito
2469 1791 2773 1849 honorabili
2812 1795 3003 1854 JoANNt
3040 1812 3242 1859 sanrtze
3273 1805 3448 1862 Bene.

1857 1890 2106 1935 ventante
2138 1880 2391 1937 Ecclesia-
2417 1882 2692 1955 episcopo,
2722 1887 2935 1959 tuisque
2961 1895 3366 1953 successoribus
3394 1899 3449 1953 in

1858 1977 2202 2039 perpetuum.

1930 2059 2063 2114 Cum
2106 2076 2331 2117 summa:
2375 2069 2430 2116 et
2475 2067 2787 2135 apostolicae
2828 2070 3106 2143 dignitatis
3145 2075 3345 2133 Christi
3395 2080 3449 2136 in

1859 2149 1964 2204 hac
2015 2149 2197 2205 divina
2253 2152 2577 2222 prtefectura
2637 2159 2781 2213 nitor
2830 2161 3185 2232 dignoscatur
3227 2168 3448 2237 praeful-

1859 2253 2007 2311 gerc,
2048 2250 2104 2295 et
2148 2241 2200 2295 in
2242 2245 2563 2300 exercendis
2603 2245 2696 2302 Dei
2737 2248 2988 2308 laudibus
3030 2254 3112 2309 sui
3152 2256 3449 2326 impensius

1858 2330 2073 2385 studeat
2115 2331 2318 2389 laboris
2359 2335 2618 2394 exhibere
2661 2349 2961 2408 certamen,
3006 2344 3076 2399 ob
3117 2346 3222 2403 hoc
3264 2326 3449 2406 debita

1858 2438 1960 2480 nos
2004 2422 2247 2494 ejusdem
2296 2429 2607 2498 apostolicae
2662 2433 2955 2501 pastoralis
2995 2438 3257 2508 compulit
3299 2442 3449 2497 solli-

1857 2515 2114 2571 citudinis
2158 2532 2307 2581 cura,
2348 2534 2575 2590 quaeque
2618 2522 2686 2576 ad
2733 2524 3084 2582 stabilitatem
3125 2530 3338 2601 piorum
3368 2532 3448 2590 lo-

1857 2620 2045 2661 corum
2091 2608 2442 2681 promulgari,
2488 2619 2543 2666 et
2587 2615 2901 2682 apostolicae
2935 2620 3291 2679 institutionis
3316 2640 3448 2683 cen-

1858 2714 1985 2756 sura
2035 2701 2372 2758 conﬁrmari.
2437 2703 2608 2776 Igitur
2654 2708 2780 2777 quia
2828 2713 3115 2781 postulasti
3164 2731 3194 2770 a
3245 2720 3444 2789 nobis,

1859 2798 2127 2858 quatenus
2162 2793 2307 2849 sedis
2349 2796 2727 2865 apostolicae...
2772 2799 3063 2858 decoratur
3099 2813 3155 2860 et
3192 2809 3448 2881 antiquos

1860 2882 2125 2939 terminos
2147 2884 2323 2941 eidem
2363 2902 2651 2944 coneessos
2690 2890 2758 2946 ab
2781 2897 3218 2954 antecessoribus
3242 2903 3447 2959 nostris

1858 2974 2204 3044 pontiﬁcibus
2243 2979 2719 3050 conﬁrmaremus,
2760 2985 2864 3055 piis
2905 2988 3012 3045 tuis
3046 2990 3332 3051 desideriis
3369 2998 3448 3054 fas

1857 3076 2070 3157 ventes,
2097 3069 2202 3125 hac
2225 3079 2411 3127 nostra
2435 3076 2760 3131 auctoritate
2804 3078 2878 3144 id,
2924 3080 3068 3150 quod
3107 3087 3446 3157 exposeitur,

1860 3153 2109 3211 effectum
2162 3161 2577 3232 mancipatnus;
2636 3168 2999 3226 concedentes
3047 3171 3140 3228 tibi
3166 3153 3190 3240 ,τ
3237 3153 3450 3250 tuaeque

1860 3258 2064 3305 sancta:
2086 3249 2484 3310 Beneventante
2516 3256 2793 3323 Ecclesiae,
2817 3274 3154 3335 quacunque
3181 3249 3448 3341 legaliter,

1861 3348 1916 3392 et
1959 3342 2357 3398 rationabiliter
2402 3348 2627 3418 antiquo
2673 3350 2797 3420 jure
2852 3364 3097 3425 tempore
3141 3365 3446 3429 prtedeces-

1862 3445 2044 3524 serum
2089 3442 2301 3524 tuorum
2341 3436 2454 3492 visa
2496 3446 2577 3492 est
2617 3442 2916 3510 possidere,
2960 3446 3012 3501 id
3052 3457 3137 3503 est
3171 3449 3448 3524 Bivinum,

1860 3522 2141 3588 Asculum,
2181 3523 2462 3591 Larinum,
2491 3527 2811 3599 Sipontum,
2857 3542 2913 3588 et
2956 3537 3243 3595 ecclesiam
3270 3522 3449 3603 sancti

1864 3611 2143 3670 Michaelis
2183 3617 2495 3686 archangeli
2542 3620 2597 3674 in
2635 3632 2820 3679 monte
2842 3624 3095 3697 Gargano
3121 3645 3243 3688 cum
3272 3639 3449 3694 omni-

1863 3703 1962 3758 bus
2000 3721 2185 3759 earum
2229 3709 2593 3777 pertinentiis,
2639 3722 2695 3767 et
2733 3716 2913 3771 omnia
2955 3722 3156 3788 prtedia
3194 3740 3318 3781 cum
3344 3728 3452 3786 Ec-

1863 3794 2066 3890 clesiis,
2094 3795 2314 3854 latniliis
2339 3799 2622 3872 utriusque
2659 3818 2840 3867 sexus,
2884 3818 2941 3863 et
2981 3812 3197 3880 massis,
3231 3823 3450 3890 totaque

1865 3885 2004 3941 infra
2049 3896 2196 3942 tuam
2248 3891 2559 3960 parochiam
2606 3893 2766 3960 loca,
2823 3898 3027 3956 ditione
3074 3906 3294 3978 antiqua
3345 3885 3450 3968 tute

1869 3980 2140 4052 religioni,
2181 3984 2698 4056 successoribusque
2741 3990 2849 4045 tuis
2886 3995 3237 4054 concedimus
3276 4000 3451 4059 domi-

1865 4071 2062 4136 nanda,
2105 4082 2160 4127 et
2201 4072 2468 4144 legaliter,
2495 4084 2657 4146 atque
2680 4081 2941 4138 canonice
2966 4084 3296 4157 disponenda
3325 4109 3450 4152 cum

1865 4167 2118 4221 omnibus
2156 4167 2270 4221 suis
2307 4168 2678 4236 pertinentiis,
2724 4173 2839 4228 sive
2878 4175 2990 4232 sint
3025 4179 3304 4251 civitates,
3355 4202 3451 4245 seu

1866 4274 2202 4329 qutecunque
2223 4271 2403 4315 castra
2431 4277 2679 4331 possessa
2703 4266 2903 4325 dudum
2927 4273 2995 4329 ab
3015 4281 3452 4339 antecessoribus

1869 4350 1976 4405 tuis
1998 4351 2289 4421 episcopis,
2313 4354 2604 4410 constituta
2641 4357 2907 4428 siquidem
2947 4363 3171 4438 insuper
3196 4386 3451 4436 censura,

174 4448 494 4520 apostolicre
519 4447 632 4502 sedi
674 4445 929 4500 ﬁrmitate
959 4443 1229 4514 privilegii
1285 4444 1535 4500 consistit
1579 4444 1761 4500 incon-
1794 4436 1842 4497 D
1868 4442 2036 4534 divini
2082 4443 2182 4534 sub
2219 4441 2407 4511 judicii
2452 4446 2855 4517 obtestatione,
2904 4465 2961 4511 et
3003 4436 3238 4527 validis,
3290 4474 3456 4534 atque

180 4554 343 4596 cusse
366 4537 609 4593 dotatum
635 4546 951 4607 permaneat
974 4534 1107 4591 locis
1133 4544 1189 4589 et
1217 4534 1377 4589 rebus
1408 4543 1514 4589 tam
1536 4534 1615 4590 eis
1634 4550 1768 4605 quas

179 4632 448 4688 moderno
476 4639 716 4701 tempore
743 4638 891 4685 tenet
914 4629 998 4684 vel
1025 4629 1285 4700 possidet,
1328 4645 1491 4700 quam
1511 4645 1647 4699 quas
1683 4629 1768 4685 fu-

186 4725 325 4779 turis
352 4723 683 4794 temporibus
720 4722 774 4777 in
797 4721 917 4791 jura
947 4722 1116 4790 ipsius
1141 4721 1468 4778 venerabilis
1489 4732 1765 4779 monaste—

185 4816 256 4871 rii
293 4815 471 4870 divina
502 4816 677 4885 pietas
706 4829 904 4883 augere
935 4815 1167 4869 voluerit
1191 4829 1256 4869 ex
1289 4815 1447 4871 donis
1496 4823 1556 4870 et
1615 4815 1762 4871 obla-

184 4908 424 4963 tionibus
448 4906 782 4974 decimisque
814 4905 1049 4961 ﬁdelium
1075 4907 1279 4977 absque
1312 4908 1471 4965 ullius
1516 4924 1765 4978 persona:

183 5000 614 5056 contradictione
642 4996 897 5051 ﬁrmitate
928 5006 1184 5067 perpetua
1242 5000 1571 5069 perfruatur.
1624 5004 1766 5058 Con-

184 5089 456 5146 stituimus
484 5101 703 5158 quoque
725 5102 822 5157 per
849 5086 1007 5155 hujus
1059 5088 1259 5144 decreti
1290 5094 1459 5149 nostri
1508 5094 1764 5164 paginam

182 5192 246 5237 ut
272 5182 581 5254 quicunque
601 5175 888 5244 cujuslibet
916 5178 1168 5234 Ecclesite
1194 5185 1386 5250 praesul
1414 5182 1498 5239 vel
1522 5197 1734 5251 quacun
1759 5213 1766 5219 -

182 5291 288 5345 que
317 5273 581 5343 dignitate
608 5281 842 5337 persona
876 5268 1015 5325 hanc
1037 5272 1203 5325 nostri
1224 5274 1488 5347 privilegii
1518 5274 1763 5332 chartam

1871 4532 2233 4588 atrocioribus
2265 4536 2629 4594 anathematis
2666 4542 3159 4615 interdictionibus,
3190 4561 3250 4607 ut
3275 4532 3455 4611 nullus

1869 4641 2107 4695 unquam
2135 4625 2361 4683 alterius
2400 4629 2678 4698 dignitatis
2710 4647 2980 4705 potestate
3006 4643 3266 4709 prteditus
3295 4646 3460 4701 homo

1869 4725 2182 4787 praesumat,
2224 4717 2341 4774 sive
2377 4721 2450 4775 sit
2489 4720 2580 4777 illa
2621 4739 2839 4796 magna,
2864 4730 2978 4787 sive
3005 4745 3171 4800 parva
3199 4748 3456 4802 persona,

1870 4815 1966 4862 aut
2004 4807 2225 4865 Graecus
2274 4811 2330 4868 in
2387 4822 2480 4869 tua
2530 4824 2718 4868 sancta
2772 4816 3154 4875 Beueventana
3211 4823 3464 4880 Ecclesia

1874 4899 2108 4969 aliquam
2147 4900 2256 4955 vim
2298 4903 2514 4969 facere,
2558 4904 2645 4960 vel
2689 4906 2757 4961 de
2803 4910 2888 4978 iis,
2933 4924 3053 4980 quae
3092 4911 3142 4964 ei
3186 4917 3470 4981 pertinuere

1875 4985 2389 5066 videntur'quoquo
2432 4996 2593 5053 modo
2635 4998 2882 5071 auferre,
2927 5010 3023 5059 aut
3069 4986 3342 5073 alienare,
3386 5004 3476 5057 vel

1874 5089 1955 5144 eis
1996 5084 2238 5141 minuere
2281 5090 2573 5155 terminos,
2615 5099 2671 5144 et
2709 5108 2817 5150 nec
2850 5092 3145 5168 quamlibet
3178 5100 3476 5160 malitiam,

1875 5186 1972 5235 aut
2014 5174 2311 5234 fracturam
2338 5226 2353 5250 ,
2399 5180 2703 5236 molestiam
2748 5182 2807 5239 in
2852 5186 3043 5243 eadem
3091 5182 3296 5245 inferre
3340 5200 3483 5257 quo-

1874 5282 2090 5339 cunque
2131 5276 2375 5338 tempore
2401 5313 2417 5338 ,
2462 5285 2561 5326 nec
2602 5270 2826 5331 licentia
2869 5279 2979 5341 sit,
3038 5280 3098 5327 ut
3138 5275 3347 5336 dictum
3394 5286 3487 5333 est
3551 5334 3556 5339 .
