3964 5356
516 322 619 379 86Ἱ

1869 317 1960 376 ΜΛ
1974 318 2107 376 ιιικι
2146 317 2349 376 ΡᾹΡίΕ
2385 317 2426 375 ll

3694 329 3785 387 εδδ

513 437 771 500 tionibus,
801 441 963 506 atque
986 431 1291 504 privilegiis
1312 410 1629 489 consistens
1654 442 1875 497 ornata,
1926 433 2112 488 incon-
2141 439 2191 498 Α
2218 432 2363 503 quod
2412 445 2554 488 nunc
2601 430 2741 487 infra
2790 433 3064 489 civitatem
3117 430 3433 504 Capuanam
3455 434 3788 509 aediﬁcatum

522 542 675 586 :ussa
713 525 898 581 dotata
937 530 1280 595 permaneat.
1330 521 1391 578 Si
1429 523 1554 594 quis
1596 531 1803 589 autem,
1830 523 1977 594 quod
2006 539 2113 577 non

509 628 791 689 optamus,
838 614 1052 671 nefario
1096 630 1235 670 ausu
1277 614 1688 685 praesumpserit
1732 614 1868 680 haec,
1914 630 2033 684 quae
2082 630 2113 669 a

516 710 674 765 nobis
713 707 781 762 ad
817 707 1031 762 laudem
1071 707 1168 762 Dei
1215 722 1313 776 pro
1340 706 1638 762 stabilitate
1673 705 1791 774 jam
1832 706 1990 761 dicta:
2019 706 2115 762 Ee-

518 800 696 855 clesite
736 797 1130 852 Beneventante
1169 805 1376 851 statuta
1421 804 1567 862 sunt,
1611 794 1908 866 refragare,
1937 804 2032 850 aut
2060 795 2112 849 in

520 905 791 963 quoquam
822 890 1151 961 transgredi,
1179 891 1295 945 sive
1316 888 1537 945 Graecus
1559 889 1650 956 sit,
1678 904 1775 944 seu
1805 889 2113 959 quicunque

520 984 659 1038 alter
700 987 882 1047 homo,
924 981 1019 1051 qui
1062 981 1488 1036 dominationem
1523 989 1618 1035 aut
1654 981 1951 1050 primatum
2008 980 2105 1035 ha-

520 1075 653 1132 bere
692 1074 928 1131 voluerit
969 1089 1069 1144 per
1108 1088 1206 1140 se,
1253 1081 1349 1128 aut
1398 1087 1498 1145 per
1542 1073 1774 1129 alterum
1817 1072 2113 1144 quemlibet

525 1166 802 1222 hominem
852 1164 907 1218 in
961 1165 1201 1234 praelatis
1244 1163 1536 1230 Ecclesiis,
1579 1164 1695 1219 sine
1734 1163 2011 1218 voluntate
2059 1174 2111 1219 et

517 1255 761 1326 jussione
800 1254 1163 1310 Beneventani
1208 1254 1468 1323 episcopi,
1512 1262 1569 1308 et
1610 1253 1708 1319 illi,
1754 1254 1844 1325 qui
1881 1270 1975 1310 eos
2004 1253 2111 1309 for-

412 1380 428 1392 -
522 1357 667 1403 tasse
711 1346 952 1415 recipere
990 1348 1469 1416 przesumpserint,
1515 1361 1707 1403 omnes
1752 1349 1961 1418 pariter
2009 1348 2109 1403 sub

521 1425 713 1495 eodem
756 1449 945 1495 nostro
988 1438 1322 1509 apostolico,
1382 1446 1439 1493 et
1495 1437 1773 1508 descripto
1811 1438 2108 1494 inviolabili

522 1532 867 1586 anathemate
909 1538 1304 1600 permaneant,
1360 1538 1417 1584 et
1462 1529 1518 1585 in
1568 1529 1771 1584 nullam
1821 1528 2107 1584 ecclesiam

522 1622 730 1677 intrare
767 1629 1116 1693 praesumant,
1166 1629 1261 1675 aut
1301 1620 1525 1692 aliquod
1568 1619 1804 1676 ofﬁcium
1851 1620 2109 1675 ecclesia-

519 1712 717 1771 sticum
753 1711 978 1779 faciant,
1020 1720 1079 1767 at
1112 1728 1220 1767 non
1258 1711 1351 1782 qui
1392 1711 1484 1781 pio
1521 1711 1721 1765 intuitu
1765 1711 2102 1776 observator,

2218 533 2330 587 est;
2361 524 2468 578 imo
2494 533 2550 578 et
2579 527 2970 581 monasterium
2996 534 3197 582 sancta:
3228 526 3445 596 Sophia:
3485 530 3631 598 quod
3663 531 3789 586 infra

2216 618 2494 672 civitatem
2526 617 2959 673 Beneventanam
2988 619 3309 673 aediﬁcatum
3340 630 3467 685 est;
3501 631 3664 690 atque
3690 638 3793 678 mo-

2215 709 2515 764 nasterium
2541 719 2749 765 sanetae
2787 710 2968 764 Maria:
3014 711 3175 764 situm
3209 711 3260 764 in
3294 710 3497 765 ﬁnibus
3526 712 3788 767 Beneveno

2219 802 2358 856 lanis
2390 802 2441 855 in
2470 801 2590 856 loco
2619 802 2709 871 qui
2741 802 2940 857 dicitur
2961 801 3225 867 Canncto,
3246 800 3403 871 juxta
3424 802 3655 857 ﬂuvium
3685 804 3793 859 Tri-

2216 892 2387 958 nium,
2438 906 2646 946 necnon
2675 900 2729 947 et
2755 892 3145 947 monasterium
3187 902 3389 947 sancta:
3434 893 3629 946 Maria:
3666 893 3790 948 intra

2214 981 2488 1036 civitatem
2534 980 2812 1037 Cosenciaa
2857 982 3175 1036 ancillarum
3219 984 3313 1038 Dei
3363 998 3492 1038 eum
3524 984 3789 1049 omnibus,

2217 1081 2277 1126 ut
2302 1072 2561 1139 diximus,
2587 1075 2748 1130 rebus
2769 1083 2824 1130 et
2844 1075 3163 1145 adjacentiis
3189 1090 3286 1145 per
3308 1076 3525 1131 diversa
3559 1075 3674 1131 loca
3698 1086 3792 1130 tam

2216 1161 2272 1215 in
2314 1162 2512 1217 ﬁnibus
2552 1162 2951 1218 Beneventanis
2989 1180 3147 1233 quam
3174 1173 3231 1218 et
3259 1164 3312 1219 in
3336 1164 3603 1235 Apulum,
3633 1175 3686 1219 et
3707 1166 3792 1220 Ca-

2210 1251 2515 1319 labritanis,
2563 1270 2723 1324 quam
2755 1254 2919 1308 etiam
2961 1254 3014 1308 in
3053 1253 3252 1310 ﬁnibus
3280 1254 3562 1319 Marchiar,
3599 1271 3791 1310 necnon

2212 1351 2265 1397 et
2294 1344 2345 1398 in
2375 1344 2571 1400 finibus
2621 1345 2945 1414 Marsorum,
2989 1346 3104 1402 sive
3145 1348 3235 1403 ubi
3277 1348 3437 1419 longe
3464 1349 3793 1418 latequeper

2211 1432 2441 1490 diversis
2490 1436 2623 1492 locis
2678 1454 2783 1492 una
2823 1453 2945 1492 cum
2997 1439 3222 1504 colonis,
3274 1448 3330 1494 et
3368 1440 3678 1495 eolonabus
3710 1456 3791 1494 seu

2210 1524 2382 1578 servis
2410 1533 2464 1579 et
2493 1527 2704 1581 ancillis
2732 1528 3018 1597 utriusque
3064 1543 3226 1583 sexus
3275 1528 3343 1583 ad
3391 1529 3646 1598 ejusdem
3691 1544 3793 1582 mo-

2211 1616 2436 1670 nasterii
2482 1614 2607 1685 jura
2655 1617 3080 1688 pertinentibus,
3115 1619 3188 1673 ita
3228 1627 3290 1673 ut
3322 1619 3635 1691 privilegiis
3662 1619 3791 1674 sedis

2209 1709 2518 1779 apostolica:
2567 1710 2750 1766 infulis
2809 1712 3116 1778 decoretur,
3160 1720 3220 1767 ut
3269 1713 3371 1768 sub
3414 1711 3793 1781 iurisdictione

517 1814 574 1860 et
610 1805 665 1859 in
701 1804 954 1860 omnibus
992 1804 1177 1861 existit
1214 1804 1528 1860 custodiens
1566 1804 1728 1875 hujus
1764 1803 1937 1859 nostri
1976 1819 2108 1875 apo-
2135 1798 2182 1860 Β
2210 1812 2433 1885 sanctae-
2462 1811 2685 1869 nostrae,
2729 1805 2816 1859 cui
2846 1803 2957 1859 Deo
2984 1813 3207 1860 auctore
3233 1804 3584 1860 deservimus
3613 1803 3791 1858 Bede

517 1896 698 1953 stolici
738 1898 1019 1952 constituti
1061 1898 1129 1952 ad
1175 1898 1381 1953 cultum
1425 1896 1523 1952 Dei
1571 1896 1890 1968 respiciens,
1940 1897 2105 1953 bene-

520 1988 775 2044 dictionis
827 1989 1058 2057 gratiam
1103 2004 1133 2043 a
1186 1988 1697 2044 misericordissima
1752 1988 1864 2044 Deo
1916 1996 2104 2043 nostro

520 2081 893 2152 multipliciter
931 2090 1355 2151 consequantur,
1410 2089 1466 2138 et
1504 2081 1629 2135 vitae
1667 2090 1886 2137 aeternae
1929 2080 2103 2151 parti-

519 2174 668 2243 cipes
710 2182 1047 2228 mereantur.
1113 2172 1390 2244 Scriptum
1443 2188 1543 2243 per
1595 2187 1787 2227 manus
1841 2169 2101 2242 Stephani

516 2263 790 2320 scriniarii
828 2263 884 2320 S.
920 2264 983 2319 It.
1011 2264 1071 2319 Ε.
1098 2265 1151 2320 in
1177 2277 1363 2320 mense
1395 2262 1610 2331 Oetob.,
1638 2263 1829 2320 indict.
1854 2263 1912 2319 2.
1959 2263 2105 2320 Bene

502 2353 712 2410 .valete.

587 2444 785 2500 Datum
832 2459 893 2500 ιιι
937 2442 1064 2501 ldus
1112 2443 1436 2501 Novembris
1478 2459 1578 2515 per
1621 2459 1844 2501 manum
1892 2442 2103 2500 Nieolai

512 2538 811 2609 primicerii
858 2548 1060 2593 sancta:
1109 2538 1422 2609 apostolica:
1462 2538 1625 2593 sedis.
1691 2537 1849 2592 Anno
1890 2536 2103 2592 Domini

512 2629 746 2699 propitio
793 2629 1137 2699 pontifiatus
1174 2630 1379 2685 domini
1436 2630 1608 2685 nostri
1660 2628 1854 2684 Marini
1903 2628 2102 2684 summi

498 2720 786 2799 pontiﬁcis
819 2729 874 2775 et
917 2721 1240 2777 universalis
1284 2736 1435 2793 papa:
1478 2722 1530 2776 in
1564 2720 1934 2776 sacratissima
1973 2718 2103 2775 sede

506 2812 656 2868 beati
694 2811 839 2868 Petri
880 2812 1111 2884 apostoli
1149 2812 1208 2881 2,
1232 2814 1285 2867 in
1327 2828 1537 2880 mense,
1577 2819 1634 2867 et
1676 2811 1867 2867 indict.
1909 2826 2102 2881 supra-

508 2903 713 2975 scripta
738 2903 793 2959 2.

1264 2995 1352 3051 ιγ.

634 3120 975 3160 Ριιινιιεοιωι
1017 3121 1198 3160 ΗΑΒΙΝΙ
1241 3119 1385 3160 ΡΑΡΑΕ
1426 3122 1464 3160 ιι
1503 3122 1603 3163 ιιιιο
1642 3123 1980 3165 ιοκλετειιιο

1124 3192 1441 3231 CASSINENSI.

1104 3291 1296 3364 '(Anno
1329 3291 1480 3363 944.)

776 3382 779 3385 Ι
844 3403 1107 3477 [Gattula,
1136 3403 1277 3460 Hist.
1304 3405 1534 3472 Cassin.,
1560 3422 1615 3478 p.
1636 3406 1751 3480 94.]

580 3537 826 3593 MLBlNUS
853 3538 1162 3609 episcopus,
1208 3553 1396 3594 servus
1437 3554 1717 3594 servorum
1741 3541 1861 3608 Dei,
1891 3543 2088 3599 dilecto

500 3616 614 3686 ﬁlio
634 3631 930 3695 BALDUINO,
962 3629 1257 3685 venerabili
1301 3631 1487 3685 abbati
1536 3634 1852 3687 monasterii
1881 3633 2083 3690 Christi

498 3719 830 3776 confessoris
878 3719 1180 3784 Benedicti,
1229 3719 1318 3774 siti
1366 3720 1419 3774 in
1465 3730 1649 3777 monte
1692 3723 1782 3791 qui
1832 3723 2083 3779 Castrum

496 3811 784 3865 Cassinum
838 3812 1092 3880 vocatur,
1134 3819 1443 3880 sanctasque
1493 3820 1597 3866 tuae
1641 3816 2083 3886 congregationis

496 3899 1013 3970 suecessoribusque
1043 3900 1148 3953 tuis
1176 3900 1228 3953 in
1258 3910 1601 3970 perpetuum.

566 3995 835 4052 Convenit
896 3995 1197 4065 apostolico
1268 3997 1629 4051 moderamini
1672 3998 1763 4068 pia
1822 3998 2081 4070 religione

495 4089 826 4160 pollentibus
882 4089 1144 4145 benevola
1196 4089 1968 4160 compassione'succurrere,
2025 4102 2081 4149 et
2124 4148 2127 4153 ,

496 4183 837 4253 poscentium
866 4183 1076 4238 animos
1101 4182 1270 4237 alacri
1295 4182 1582 4239 devotione
1617 4182 1843 4253 implere
1880 4182 2074 4239 suifra-

497 4260 631 4342 giis;
660 4288 726 4330 ex
755 4274 857 4328 hoc
881 4273 1026 4328 enim
1053 4274 1187 4328 lucri
1213 4274 1555 4345 potissimum
1582 4277 1861 4344 praemium
1889 4291 1921 4332 a
1947 4292 2077 4333 con-

495 4363 670 4419 ditore
730 4364 1008 4431 onmium,
1055 4366 1165 4421 Deo
1192 4405 1207 4430 ,
1258 4365 1445 4436 procul
1486 4365 1650 4421 dubio
1689 4382 2068 4436 promerentur

490 4455 711 4524 quando
749 4456 1078 4512 venerabilia
1107 4456 1223 4511 loca
1253 4465 1554 4526 opportune
1582 4458 1831 4513 ordinata
1860 4460 1927 4514 ad
1953 4475 2069 4514 me-

489 4547 677 4621 liorem
724 4546 929 4602 fuerint
973 4548 1091 4603 sine
1133 4549 1296 4605 dubio
1341 4560 1538 4605 statum
1582 4551 1862 4620 perducta.
1904 4552 2074 4625 Igitur

488 4635 616 4706 quia
646 4636 961 4706 postulastis
989 4654 1019 4692 a
1045 4638 1201 4693 nobis
1223 4647 1493 4709 quatenus
1519 4640 1995 4708 conﬁrmaremus,
2020 4651 2075 4697 et

488 4727 911 4782 concederemus
952 4729 1107 4784 vobis
1141 4731 1534 4785 monasterium
1564 4730 1767 4789 Christi
1797 4734 2073 4791 confesso-

488 4816 562 4871 ris
597 4816 741 4872 beati
786 4816 1085 4885 Benedicti,
1114 4820 1276 4874 situm
1300 4820 1353 4874 in
1384 4828 1566 4876 monte
1602 4821 1795 4878 Castra
1824 4823 2069 4888 Cassino,

488 4905 580 4960 ubi
618 4908 1043 4963 sacratissimum
1073 4924 1271 4979 corpus
1307 4909 1424 4979 ejus
1459 4911 1742 4966 humatum
1765 4928 1886 4968 esse
1914 4904 2091 4971 vide?

488 5003 599 5060 tur,
631 5011 754 5050 eum
801 4999 1052 5054 omnibus
1087 5000 1252 5054 rebus
1297 5000 1617 5069 adjacentiis
1646 5001 1761 5071 sive
1791 5003 2069 5071 pertinen-

489 5085 580 5139 tiis
607 5092 715 5138 tam
747 5086 803 5140 in
830 5089 1173 5145 monasteriis
1202 5091 1446 5145 virorum
1477 5108 1641 5162 quam
1668 5099 1723 5148 et
1746 5093 2063 5165 ancillarum

488 5171 610 5237 Dei,
637 5188 844 5230 necnon
865 5186 920 5230 et
942 5179 1093 5233 cellis
1114 5219 1129 5244 ,
1155 5193 1219 5234 ac
1245 5179 1462 5249 pratdiis
1490 5181 1796 5251 ubicunque
1818 5181 1899 5237 vel
1927 5198 2063 5252 qua-

498 5259 835 5356 litercunque
886 5267 950 5320 ad
986 5267 1112 5336 jura
1154 5269 1395 5337 ejusdem
1444 5272 1753 5325 monasterii
1794 5262 2066 5341 pertinere

2207 1892 2322 1958 sise,
2372 1894 2730 1948 constitutum
2785 1894 2989 1949 nullius
3024 1894 3249 1949 alterius
3287 1894 3559 1949 Ecclesiae
3582 1893 3795 1965 jurisdi-

2205 1981 2476 2039 ctionibus
2520 1983 2891 2039 submittatur.
2938 1984 3042 2040 Pro
3081 2000 3186 2055 qua
3227 2000 3307 2046 re,
3354 1985 3464 2055 piis
3511 1983 3795 2040 desideriis

2204 2070 2473 2137 faventes,
2501 2071 2603 2128 hac
2629 2078 2814 2128 uestra
2860 2074 3183 2128 auctoritate
3210 2073 3263 2127 id
3300 2073 3450 2143 quod
3484 2073 3797 2144 expostitur

2205 2164 2421 2220 elfeetui
2475 2165 2889 2238 mancipamus,
2948 2175 3005 2222 et
3053 2166 3174 2221 ideo
3225 2181 3451 2222 omnem
3509 2164 3796 2235 cujuslibet

2205 2254 2458 2311 Ecclesia:
2506 2258 2850 2313 sacerdotem
2881 2258 2934 2313 in
2965 2257 3206 2329 pnrfatis
3238 2256 3602 2312 monasteriis
3631 2257 3792 2311 ditio-

2204 2362 2329 2402 nem
2380 2347 2679 2418 quamlibet
2704 2348 2926 2409 ,habere
2956 2350 3039 2405 vel
3067 2349 3454 2405 auctoritatem
3478 2357 3684 2419 praeter
3710 2364 3793 2403 se-

2203 2436 2325 2492 dem
2356 2437 2706 2508 apostolicam
2734 2440 3107 2511 prohibemus,
3155 2441 3229 2494 ita
3268 2436 3335 2494 'ut
3360 2440 3468 2494 nisi
3497 2441 3569 2494 ab
3600 2439 3793 2494 abbate

2203 2531 2520 2587 monasterii
2571 2531 2735 2588 fuerit
2777 2533 3060 2598 invitatus,
3110 2547 3209 2587 nec
3256 2533 3557 2588 missarum
3588 2531 3787 2586 ibidem

2202 2623 2599 2679 solemnitatem
2627 2636 2920 2696 praesumat
2947 2626 3222 2681 celebrare
3253 2624 3597 2689 omnimodo,
3637 2621 3732 2678 sed
3762 2638 3790 2675 a

2203 2717 2456 2787 praesenti
2502 2720 2739 2774 secunda
2786 2719 3081 2775 indictione
3123 2718 3563 2774 irrevocabiliter
3586 2716 3641 2771 in
3671 2732 3791 2787 per-

2202 2815 2421 2874 pctuum
2467 2808 2774 2864 stabilimus
2807 2807 3175 2874 detinendum,
3212 2816 3269 2863 et
3305 2823 3433 2862 cum
3468 2806 3565 2861 Dei
3600 2806 3789 2859 timore

2203 2899 2499 2967 regendum
2529 2908 2583 2954 et
2609 2901 3021 2971 disponendum,
3058 2909 3363 2956 statuentes
3396 2902 3623 2970 insuper
3656 2913 3787 2967 ενοι

2201 2987 2391 3041 stolica
2423 3004 2653 3044 censura
2697 2990 2797 3045 sub
2841 2990 3009 3045 divini
3039 2989 3230 3059 judicii
3258 2990 3627 3045 obtestatione
3657 3029 3672 3050 ,
3697 2987 3785 3041 sed

2201 3087 2256 3133 et
2279 3078 2468 3135 validis
2490 3090 2652 3150 atque
2676 3081 3032 3137 atrocioribus
3056 3081 3425 3136 anathematis
3448 3079 3786 3135 interdictio-

2122 3154 2167 3216 C
2200 3174 2379 3237 nibus,
2408 3182 2467 3228 ut
2497 3190 2669 3244 neque
2711 3174 2851 3228 ullus
2896 3190 3133 3244 unquam
3178 3183 3479 3244 praesumat
3517 3172 3780 3243 quispia

2198 3264 2337 3320 alius
2366 3263 2736 3336 cujuscunque
2765 3265 2837 3319 sit
2858 3266 3136 3336 dignitatis
3165 3265 3428 3333 prmditus
3458 3272 3513 3319 et
3543 3272 3779 3334 potesta-

2198 3356 2288 3418 tis,
2342 3356 2427 3410 vel
2474 3356 2638 3411 etiam
2686 3373 3024 3428 quzecunque
3083 3372 3277 3428 magna
3331 3371 3614 3427 parvaque
3662 3368 3781 3425 per-

2194 3463 2325 3502 sona
2377 3448 2431 3525 in
2480 3450 2669 3505 eodem
2721 3450 3075 3514 monasterio,
3109 3448 3190 3502 vel
3219 3448 3339 3517 ejus
3362 3448 3552 3503 causis
3578 3448 3778 3500 incum-

2191 3541 2340 3609 bere,
2396 3552 2491 3597 aut
2535 3546 2601 3598 de
2646 3545 2829 3610 rebus,
2870 3553 2926 3599 et
2956 3542 3395 3613 possessionibus
3421 3541 3510 3596 vel
3538 3539 3775 3596 ecclesiis

2194 3632 2298 3687 sibi
2353 3630 2650 3701 subjectis,
2702 3632 2788 3687 vel
2817 3631 3080 3702 quidquid
3129 3630 3370 3700 denique
3411 3630 3465 3685 ei
3510 3629 3773 3700 pertinere

2188 3724 2405 3778 videtur
2451 3722 2833 3793 quoquomodo
2862 3719 3057 3775 oﬁ’erre
3096 3728 3192 3775 aut
3236 3719 3509 3785 alienare,
3556 3718 3653 3774 sed
3678 3731 3772 3771 nec

2186 3814 2486 3884 quamlibet
2531 3814 2754 3868 malitiae
2806 3822 2900 3866 aut
2938 3812 3166 3882 jactura:
3217 3811 3531 3867 molestiam
3582 3810 3770 3866 ibidem

2185 3905 2298 3959 sive
2314 3905 2484 3974 pacis,
2500 3905 2612 3960 sive
2626 3904 2894 3959 barbarici
2915 3904 3172 3973 temporis
3194 3904 3351 3958 firma
3370 3906 3671 3961 stabilitate
3683 3901 3770 3954 de-

2184 3997 2454 4052 cernimus
2467 3995 2951 4065 subjurisdictione
2965 4005 3164 4050 sanctae
3178 3997 3650 4053 nosine'Ecclesize
3660 4015 3768 4070 per

2182 4088 2531 4141 manendum.
2558 4086 2971 4159 Promulgamus
3000 4101 3215 4157 nempe,
3241 4095 3299 4140 et
3322 4089 3426 4141 hac
3448 4080 3763 4144 auctoritate

2181 4180 2327 4234 beati
2343 4178 2490 4234 Petri
2511 4178 2875 4249 apostolorum
2899 4176 3162 4246 principis
3184 4192 3379 4232 coram
3402 4178 3517 4233 Deo
3536 4190 3592 4234 et
3613 4180 3761 4234 terri-

2178 4271 2272 4325 bili
2287 4270 2401 4341 ejus
2422 4270 2603 4325 futuro
2617 4269 2889 4334 examine,
2909 4276 2963 4323 et
2992 4267 3153 4336 hujus
3168 4268 3339 4322 nostri
3358 4271 3645 4338 apostolici
3663 4271 3761 4342 pri-

2177 4362 2356 4433 vilegii
2385 4372 2548 4432 atque
2571 4360 2848 4421 constituti
2878 4359 3172 4423 sancimus,
3202 4368 3263 4413 ut
3295 4360 3415 4415 loca
3442 4376 3567 4430 qua:
3593 4362 3659 4415 ab
3674 4361 3761 4414 ab-

2178 4454 2300 4508 bate
2315 4451 2601 4521 cujuslibet
2614 4453 2705 4522 qui
2722 4450 2879 4507 nobis
2902 4450 2955 4504 in
2968 4450 3162 4504 eodem
3186 4449 3420 4520 ιιι-κτειῑο
3442 4452 3759 4507 monasterio

2178 4545 2355 4599 sancti
2388 4542 2668 4599 Benedicti
2698 4549 3031 4599 commutata
3057 4540 3139 4595 vel
3167 4556 3437 4597 concessa
3467 4554 3615 4607 sunt,
3645 4557 3759 4597 nec-

2176 4651 2284 4690 non
2315 4643 2370 4689 et
2398 4634 2533 4690 alias
2558 4635 2793 4690 locorum
2822 4632 3194 4705 possessiones
3220 4649 3342 4703 quae
3379 4650 3412 4688 a
3457 4638 3671 4708 regibus
3694 4649 3756 4686 ac

2176 4726 2401 4781 ducibus
2426 4725 2509 4781 vel
2538 4724 2828 4797 gastaldeis
2846 4766 2861 4788 ,
2890 4733 2946 4779 et
2973 4725 3187 4779 caeteris
3218 4723 3551 4781 Christianis
3586 4728 3637 4781 in
3662 4741 3751 4779 eo.

2175 4819 2295 4873 dem
2327 4827 2515 4874 sancto
2544 4818 2660 4873 loco
2685 4817 2874 4888 largita
2922 4826 3084 4884 atque
3131 4814 3312 4871 oblata
3362 4826 3532 4883 sunt,
3581 4826 3667 4870 aut
3698 4816 3751 4868 in

2175 4910 2514 4979 postmodum
2545 4906 2619 4961 illi
2665 4921 2921 4961 concessa
2963 4906 3168 4960 fuerint
3213 4905 3394 4972 firma,
3431 4907 3662 4968 stabilia,
3688 4921 3754 4958 ac

2173 5001 2226 5054 in
2248 5000 2373 5071 jure
2402 4999 2570 5069 ipsius
2618 4998 2861 5069 przedieti
2910 4998 3229 5052 monasterii
3260 4999 3571 5063 existenda,
3598 5006 3754 5066 athie

2173 5094 2225 5149 in
2256 5103 2570 5164 perpetuum
2600 5091 2961 5162 permanenda
3011 5089 3304 5146 statuimus
3328 5131 3342 5155 ,
3397 5105 3504 5146 nec
3542 5089 3746 5145 licentia

2171 5184 2262 5250 sit,
2288 5192 2346 5238 ut
2374 5183 2575 5237 dictum
2605 5191 2702 5247 est,
2738 5199 2804 5238 ex
2828 5182 2945 5252 ejus
2973 5182 3055 5237 vel
3083 5182 3337 5238 omnibus
3362 5184 3540 5238 eidem
3572 5196 3748 5236 amna-

2171 5275 2338 5330 sterio
2365 5274 2759 5344 pertinentibus
2791 5284 3043 5342 tanquam
3073 5289 3269 5345 magna
3307 5290 3587 5345 parvaque
3626 5288 3745 5342 per-
