3964 5356
121 324 217 380 869

1274 304 1632 363 EPISTOLAS
1672 301 1761 357 ET
1801 299 2224 356 PBIVILECIA.

3269 315 3372 371 870

120 439 185 493 sit
212 448 308 506 pro
338 430 676 488 confectione
714 427 966 483 chrisma;
1005 424 1088 479 vel
1135 422 1425 485 oblatione,
1459 428 1514 474 et
1541 416 1689 472 ordi-
1719 418 1763 477 Α
1795 413 1952 469 rabili
1985 414 2316 470 monasterio
2353 416 2670 487 regulariter
2688 423 3069 489 promovendis
3099 424 3153 480 in
3182 441 3368 497 perpc.

121 529 327 586 natione
354 526 799 595 presbyterorum
827 534 921 575 seu
962 517 1335 577 diacdnorum,
1367 521 1424 566 et
1464 510 1688 566 subdia-

122 632 370 677 conorum
398 656 413 681 ,
458 625 513 670 et
562 613 757 668 altaria
812 609 1243 668 consecrandum
1274 605 1488 676 qualem
1537 602 1692 658 vobis

119 708 377 782 placuerit
400 706 719 776 episcopum
746 700 1104 757 invitandum.
1140 698 1412 768 llymnum
1437 708 1566 749 vero
1592 708 1692 747 an-

121 802 339 874 gelicum
370 814 467 869 per
496 798 612 852 dies
659 794 968 850 Dominicos
1013 800 1068 845 et
1113 790 1342 845 restibus
1384 785 1530 842 omni
1559 794 1696 839 tem-

118 896 243 964 pore
284 891 350 944 ad
390 890 676 943 missarum
705 884 983 941 solemniis
1009 880 1293 938 dicendum
1326 869 1693 935 concedimus,

120 994 173 1040 et
194 982 351 1037 liceat
377 980 531 1034 vobis
568 978 780 1048 signum
806 974 1021 1045 pulsare
1050 981 1157 1026 tam
1188 971 1243 1024 in
1273 966 1504 1032 diurnis,
1531 975 1695 1033 quam

119 1075 169 1129 in
197 1072 475 1127 nocturnis
503 1069 654 1124 horis
692 1065 908 1137 quando
935 1062 1090 1117 vobis
1127 1058 1435 1131 placuerit,
1481 1064 1591 1110 tam
1641 1052 1696 1106 in

119 1161 220 1233 jam
248 1161 392 1216 dicto
422 1158 772 1220 monasterio,
798 1170 960 1225 quam
985 1161 1041 1208 et
1070 1152 1125 1205 in
1154 1149 1304 1204 cellis
1332 1148 1469 1218 ejus,
1498 1153 1553 1199 et
1580 1141 1697 1198 nul-

118 1254 199 1308 lus
221 1252 505 1323 episcopus
532 1250 817 1321 prohibeat
836 1245 1095 1317 populum
1126 1242 1221 1296 Dei
1253 1239 1481 1311 ingredi,
1507 1244 1613 1292 tam
1640 1235 1697 1289 in

82 1339 445 1397 ‘monasterio
474 1381 489 1405 ,
523 1353 685 1409 quam
733 1347 789 1393 et
819 1338 872 1391 in
916 1334 1068 1391 cellis
1105 1332 1218 1388 suis
1262 1331 1330 1385 ad
1369 1325 1698 1384 audiendum

116 1432 337 1486 verbum
367 1430 484 1486 Dei.
517 1429 738 1500 Insuper
771 1427 934 1481 ctiam
977 1423 1229 1478 volumus
1270 1428 1331 1473 ut
1378 1416 1554 1472 nullus
1580 1414 1697 1484 epi-

116 1535 308 1591 scopus
350 1527 641 1591 praesumat
690 1519 743 1572 in
790 1515 1054 1587 jamdicto
1090 1508 1422 1568 monasterio
1450 1547 1466 1572 ,
1511 1504 1597 1559 vel
1646 1503 1699 1558 in

114 1610 373 1682 ‘subjectis
420 1611 535 1666 suis
580 1608 826 1664 ecclesiis
871 1603 1184 1660 sacerdotes
1209 1596 1701 1660 exeommnnicare,

116 1703 196 1760 vel
228 1704 296 1760 ad
328 1702 591 1775 synodum
627 1712 947 1771 provocare,
988 1703 1080 1750 aut
1108 1693 1381 1757 abbatem,
1412 1698 1467 1745 et
1510 1700 1697 1741 mona-

1794 518 1968 560 tuum.

1864 595 2131 664 Quoniam
2156 597 2242 667 pia
2286 598 2647 655 sollicitudine
2676 604 2926 659 convenit
2970 620 3068 661 nos
3111 621 3211 679 pro
3251 609 3374 662 uni-

1793 686 1969 741 versis
1999 686 2092 741 Dei
2122 686 2378 741 Ecclesiis
2419 703 2635 758 semper
2663 690 2958 761 invigilare,
2992 704 3046 749 et
3075 705 3186 750 tota
3225 712 3377 751 men-

1794 778 1864 834 tis
1893 777 2188 832 intentione
2212 778 2599 832 venerabilium
2628 779 2863 835 locorum
2891 784 3227 855 integritates
3248 803 3375 856 pro-

1795 884 2009 936 curare,
2041 871 2163 926 ideo
2194 872 2415 927 utilitati
2449 872 2682 939 illorum,
2712 883 2767 930 et
2808 880 3042 933 maxime
3070 895 3169 951 pro
3197 882 3378 952 quiete

1795 964 2206 1028 monachorum,
2243 973 2494 1033 optamus
2532 964 2768 1021 subsidia
2797 968 3066 1036 conferre,
3096 981 3157 1029 ut
3183 974 3376 1030 divinae

1796 1055 2187 1112 misericordia:
2235 1057 2730 1113 remunerationem
2778 1060 2830 1115 in
2880 1062 3106 1120 sidereis
3163 1067 3379 1124 arcibus

1797 1162 2211 1219 consequamur.
2248 1148 2419 1220 Igitur
2444 1149 2571 1220 quia
2601 1153 2812 1221 petistis
2839 1168 2870 1208 a
2895 1157 3071 1222 nobis,
3100 1167 3158 1212 ut
3192 1174 3380 1213 mona-

1796 1240 2018 1295 sterium
2052 1240 2194 1296 beati
2229 1239 2498 1297 Vincentii
2533 1243 2804 1314 martyris,
2831 1261 2937 1302 una
2972 1262 3094 1302 cum
3132 1250 3381 1305 omnibus

1798 1331 1898 1386 sibi
1923 1331 2343 1402 pertinentibus,
2375 1334 2739 1397 monasteriis,
2789 1335 2962 1403 cellis,
3003 1339 3245 1408 capellis,
3275 1348 3386 1394 ter-

1798 1423 1897 1489 ris,
1952 1432 2008 1479 et
2052 1424 2312 1491 castellis,
2372 1426 2565 1494 servis,
2597 1435 2653 1482 et
2687 1427 2913 1493 ancillis,
2945 1445 3066 1486 cum
3115 1430 3385 1487 universis

1800 1513 2193 1571 redditionibus
2225 1516 2336 1572 suis
2367 1518 2466 1573 sub
2490 1517 2867 1587 iurisdictione
2894 1530 3095 1577 sanctae
3126 1522 3386 1580 Romana:

1801 1602 2079 1671 Ecclesiae,
2107 1605 2192 1661 cui
2223 1607 2331 1661 Deo
2352 1617 2573 1664 auctore
2600 1612 2886 1678 servimus,
2913 1614 3084 1669 nostri
3117 1614 3384 1686 privilegii

1805 1695 2128 1751 auctoritate
2154 1698 2508 1765 muniremns,
2532 1700 2755 1768 idcirco,
2784 1702 2901 1769 tibi,
2929 1705 3139 1775 tuisque
3165 1720 3383 1762 succes-
3418 1750 3425 1761 .

115 1796 245 1850 chos
275 1772 373 1864 qui
397 1793 595 1849 ibidem
625 1791 681 1845 in
714 1798 956 1860 tempore
978 1785 1161 1850 fuerit,
1187 1782 1347 1837 liceat
1368 1779 1533 1835 etiam
1555 1775 1707 1831 vobis
1736 1772 1781 1833 B
1810 1789 2023 1845 scribus
2074 1788 2328 1861 legitimis
2378 1789 2663 1847 abbatibus
2723 1793 2849 1849 illud
2892 1772 3238 1853 conce'dimus
3293 1798 3389 1854 αθ.

118 1886 401 1951 clericum,
431 1899 524 1940 seu
544 1874 1329 1944 sacerdOtem,veldiaconum,
1361 1883 1453 1924 seu
1481 1865 1702 1921 subdia-

106 1984 315 2034 'ronum
363 1978 431 2033 de
477 1974 840 2046 qualicunque
888 1970 1199 2039 cpiscOpatu
1230 1961 1396 2018 fuerit
1423 1958 1701 2028 suscipere

117 2076 182 2126 ad
217 2070 572 2127 habitandum
595 2108 610 2133 ,
638 2065 721 2122 vel
755 2061 1129 2120 monachicum
1166 2055 1407 2114 habitum
1439 2051 1704 2121 recipien-

117 2166 241 2218 dum
271 2179 399 2219 cum
448 2162 609 2217 rebus
655 2160 768 2214 suis
815 2156 1020 2223 absque
1065 2148 1430 2222 prohibitione
1462 2143 1701 2200 omnium

115 2255 494 2325 episcoporum
523 2290 539 2316 ,
576 2261 633 2305 et
678 2248 839 2302 liceat
864 2244 1040 2307 vobis,
1074 2251 1398 2308 tuorumque
1426 2231 1705 2291 monachis

118 2345 209 2401 tibi
241 2344 505 2414 subjectis
524 2340 770 2410 judicare
800 2346 908 2391 tam
939 2332 1326 2389 monasterium
1357 2329 1617 2387 virorum,
1652 2332 1707 2377 et

116 2434 429 2488 coenobium
470 2430 769 2502 puellarum
801 2428 1004 2495 absque
1041 2420 1290 2477 saaculari
1335 2421 1622 2489 potestate,
1653 2418 1709 2466 et

115 2527 479 2598 prohibitione
504 2521 789 2592 cujuslibet
814 2518 1085 2589 episcopi;
1111 2514 1156 2569 si
1181 2512 1303 2583 quis
1330 2514 1535 2573 autem,
1564 2503 1707 2575 quod

117 2634 223 2673 non
252 2627 545 2689 optamus,
588 2612 796 2668 nefario
825 2624 959 2664 ausu
987 2602 1416 2678 praesumpserit,
1441 2607 1496 2654 et
1528 2611 1649 2667 qua:
1677 2608 1708 2648 a

114 2710 278 2765 nobis
320 2709 387 2763 ad
415 2707 629 2762 laudem
660 2703 753 2758 Dei
782 2715 884 2771 pro
912 2697 1209 2755 stabilitate
1249 2690 1496 2765 jamdicti
1525 2701 1710 2742 mona-

116 2801 271 2856 sterii
307 2806 511 2854 statuta
539 2802 663 2851 sunt
697 2791 974 2862 refragare
1014 2795 1107 2843 aut
1146 2787 1199 2840 in
1231 2794 1505 2855 quoquam
1536 2786 1711 2832 trans-

117 2890 294 2958 gredi,
336 2887 475 2942 sciat
503 2901 583 2949 se,
624 2883 727 2938 nisi
761 2879 1068 2951 rcsipuerit,
1102 2872 1468 2931 anathematis
1497 2866 1711 2923 vinculo

118 2956 442 3033 innodatum
465 3016 479 3039 ,
530 2983 584 3029 et
612 2989 642 3028 a
677 2985 840 3042 regno
873 2970 965 3024 Dei
993 2967 1307 3031 alienatum,
1347 2970 1404 3017 et
1446 2974 1570 3015 cum
1599 2956 1709 3012 dia-

114 3070 244 3126 bolo
270 3110 286 3137 ,
340 3077 395 3124 et
439 3068 556 3138 ejus
607 3061 965 3120 atrocissimis
1009 3059 1261 3130 pompis,
1311 3065 1366 3110 et
1410 3050 1546 3107 Juda
1585 3047 1710 3104 Jesu

1804 1878 2109 1943 linendum,
2169 1888 2226 1933 ut
2275 1870 2475 1934 nullius
2529 1879 2752 1936 alterius
2778 1882 3034 1939 Ecclesiae
3082 1885 3377 1942 ditionibus

1805 1958 2304 2034 submittatur,‘sed
2325 1984 2446 2024 cum
2478 1971 2730 2026 omnibus
2767 1971 2871 2027 sibi
2911 1973 3167 2043 subjectis
3197 1992 3389 2033 mona-

1804 2057 2008 2123 steriis,
2036 2065 2091 2113 et
2112 2057 2284 2125 cellis,
2327 2059 2576 2114 videlicet
2613 2063 3002 2118 monasterium
3052 2064 3220 2120 beatri
3244 2066 3390 2123 Petri

1805 2148 2034 2219 apostoli
2087 2149 2325 2218 positum
2368 2148 2518 2219 juxta
2561 2149 2782 2206 ﬂuvium
2836 2152 3061 2210 Sabbati
3113 2157 3391 2212 territorio

1799 2236 1912 2308 jam
1975 2236 2119 2292 dicto
2174 2236 2577 2304 Beneventano,
2620 2244 3008 2298 monasterium
3057 2254 3257 2301 sancta:
3297 2248 3393 2303 Dei

1806 2324 2085 2396 genitricis
2105 2323 2288 2379 Mariae
2324 2325 2519 2382 inloco
2561 2327 2726 2392 Sano,
2759 2331 3149 2387 monasterium
3180 2333 3394 2390 Domini

1807 2413 2129 2480 Salvatoris,
2154 2414 2298 2485 quod
2325 2415 2556 2485 positum
2585 2424 2667 2471 est
2708 2416 2761 2471 in
2806 2417 2968 2486 Alil'e,
3003 2423 3391 2477 monasterium

1808 2524 2011 2571 sancta:
2030 2513 2211 2569 Mariae
2227 2514 2277 2567 in
2305 2513 2423 2568 loco
2447 2513 2751 2583 Apinianici
2776 2515 3050 2572 territorio
3065 2515 3391 2582 Marsicano,

1807 2606 2200 2660 monasterium
2239 2615 2443 2660 sancta:
2470 2604 2653 2660 Mariae
2708 2606 2760 2660 in
2809 2607 2941 2661 duas
2973 2608 3243 2675 basilicas,
3282 2626 3399 2664 mo--

1810 2697 2109 2752 nasterium
2135 2706 2339 2751 sanctae
2363 2695 2543 2751 Mariae
2566 2696 2619 2751 in
2645 2695 2981 2763 Castanicto,
3006 2699 3395 2755 monasterium

1810 2795 2010 2842 sanctae
2033 2785 2214 2840 Maria:
2253 2787 2306 2840 in
2334 2785 2541 2851 Palere,
2570 2787 2848 2842 territorio
2903 2787 3091 2854 Domo,
3124 2799 3396 2845 monaste-

1813 2879 1951 2932 rium
1994 2887 2196 2933 sanctaa
2226 2877 2408 2933 Mariae
2439 2877 2492 2932 in
2532 2877 2757 2945 Planisi,
2804 2882 3189 2935 monasterium
3228 2883 3400 2937 sancti

1811 2968 1957 3025 Petri
1984 2969 2037 3023 in
2064 2966 2260 3037 Vipera
2282 2983 2404 3023 cum
2424 2968 2543 3037 ipso
2567 2968 2747 3023 casale
2763 2968 2981 3034 Leonis,
3013 2973 3399 3026 monasterium

1815 3061 1989 3118 sancti
2020 3059 2170 3115 Petri
2222 3060 2275 3113 in
2329 3058 2573 3121 Tontole,
2628 3059 3016 3115 monasterium
3047 3061 3220 3116 sancti
3257 3060 3403 3116 Petri

114 3163 329 3218 Christi
374 3158 590 3215 Domini
644 3155 818 3211 nostri
869 3151 1175 3215 traditore,
1241 3146 1429 3203 :eterni
1480 3132 1786 3196 incendiiC
1822 3153 1875 3208 in
1905 3152 2074 3218 Τιοίιο,
2119 3148 2509 3206 monasterium
2561 3160 2761 3206 sancta,
2811 3149 2995 3207 Marim
3046 3151 3099 3206 in
3155 3150 3401 3219 Musam,

116 3252 393 3326 supplicio
432 3248 860 3306 concremandus
884 3246 954 3299 sit
994 3244 1299 3313 deputatus.
1354 3238 1424 3293 At
1458 3248 1586 3289 vero
1625 3228 1717 3301 qui

113 3324 465 3417 piobintuitu
514 3343 834 3397 observator
901 3347 959 3393 et
1009 3337 1064 3391 in
1131 3333 1385 3390 omnibus
1448 3324 1719 3385 exstiterit

66 3482 79 3497 ι
115 3416 444 3494 custodiens
473 3435 632 3504 hujus
660 3432 826 3487 nostri
876 3429 1153 3500 apostolici
1201 3422 1518 3487 constituti,
1565 3430 1619 3474 et
1649 3416 1716 3471 ad

117 3530 336 3583 cultum
370 3526 461 3581 Dei
504 3522 938 3594 respicientibus,
972 3515 1363 3573 benedictionis
1411 3509 1640 3582 gratiam
1688 3522 1719 3562 a

116 3616 646 3674 n'iisericordissimo
694 3614 802 3667 Deo
854 3622 1041 3665 nostro
1108 3624 1205 3680 per
1275 3604 1718 3660 intercessionem

118 3713 277 3768 beati
331 3708 607 3764 Benedicti
660 3703 1029 3773 multipliciter
1072 3705 1461 3767 consequatur,
1489 3706 1545 3748 et
1594 3693 1720 3748 vitae

114 3814 353 3860 teternae
377 3800 670 3871 particeps,
697 3794 832 3851 eﬂlci
863 3800 1149 3849 mereatur.
1182 3788 1453 3857 Scriptum
1480 3800 1576 3855 per
1600 3797 1718 3836 ma-

110 3910 261 3955 .num
311 3891 510 3947 Leonis
556 3888 791 3952 notarii,
827 3893 883 3940 et
924 3881 1236 3954 regionarii,
1267 3888 1428 3948 atque
1453 3872 1720 3932 scriniarii

116 3992 340 4041 sanctae
364 3982 623 4038 Romanae
663 3977 917 4033 Ecclesiae
946 3975 999 4029 in
1030 3988 1213 4028 mense
1238 3968 1496 4025 Januario
1522 3982 1618 4038 per
1642 3965 1721 4020 in-

119 4077 429 4133 dictionem
477 4071 903 4143 suprascriptum
957 4066 1271 4122 secundam.
1329 4062 1470 4117 Bene
1526 4057 1718 4112 valete.

92 4166 273 4223 Data
306 4183 383 4223 xit
421 4164 543 4220 Kal.
574 4160 855 4220 Februarii
893 4174 992 4229 per
1035 4170 1253 4211 manum
1286 4150 1561 4207 Benedicti
1606 4148 1722 4217 epi-

119 4260 291 4330 scopi
326 4266 529 4314 sauctte
567 4254 741 4326 Sylvae
768 4250 1019 4306 Candida:
1045 4247 1323 4309 Ecclesiae,
1354 4253 1409 4298 et
1438 4241 1725 4298 bibliothe-

119 4350 273 4407 carii
307 4357 511 4405 sanctae
556 4346 700 4401 sedis
737 4340 1044 4414 apostolicae
1087 4351 1229 4392 anno
1253 4376 1268 4401 ,
1318 4335 1428 4390 Deo
1468 4331 1723 4403 propitio,

119 4440 491 4515 pontiﬁcatus
521 4436 704 4493 domui
750 4433 922 4489 nostri
953 4430 1168 4486 Martini
1198 4425 1394 4483 summi
1432 4422 1721 4495 pontiﬁcis,

112 4511 184 4589 ‘et
218 4527 552 4586 universalis
597 4524 817 4598 secundi
862 4536 1053 4593 papae,
1104 4518 1158 4573 in
1202 4514 1573 4572 sacratissima
1602 4511 1729 4569 sede

112 4618 290 4675 beati
330 4616 477 4671 Petri
508 4614 736 4686 apostoli
766 4611 1002 4669 secundo
1032 4609 1085 4664 in
1114 4620 1299 4662 mense
1327 4602 1610 4683 Janua/rio,
1642 4602 1729 4657 in-

1800 3241 2208 3298 ‘monasterium
2253 3249 2454 3295 sancta:
2489 3239 2672 3293 Maria:
2703 3240 2755 3294 in
2789 3239 2972 3305 Arole,
3011 3242 3400 3297 monasterium

1820 3332 1991 3387 sancti
2021 3330 2236 3400 Georgii
2269 3329 2321 3383 in
2355 3327 2604 3393 Salerno,
2646 3329 3033 3384 monasterium
3074 3331 3245 3385 sancti
3277 3331 3408 3386 Vin-

1821 3424 1983 3478 centii
2040 3422 2093 3475 in
2153 3420 2357 3488 Capua,
2413 3421 2806 3473 monasterium
2854 3420 3028 3475 sancti
3071 3420 3309 3488 Martini,
3351 3433 3407 3477 et

1820 3520 2023 3567 sancta:
2051 3510 2242 3565 Cruris
2272 3510 2322 3563 in
2352 3518 2534 3563 monte
2585 3509 2836 3573 Marsico,
2865 3512 3252 3565 monasterium
3284 3526 3408 3566 san-
3440 3516 3447 3523 '

1803 3614 1922 3657 ‘cta?
1952 3601 2225 3657 Columba:
2258 3600 2309 3653 in
2351 3599 2511 3665 Sora,
2561 3600 2950 3654 monasterium
3002 3601 3175 3655 sancti
3209 3600 3407 3665 Mauri,

1804 3701 1878 3747 'et
1927 3692 2100 3747 sancti
2150 3688 2421 3744 Valentini
2479 3689 2531 3742 in
2581 3688 2761 3754 Atine,
2814 3691 3202 3745 monasterium
3235 3693 3408 3747 sancti

1824 3782 2014 3838 Donati
2039 3797 2159 3837 cum
2185 3780 2379 3852 inclyta
2399 3780 2536 3833 valle
2566 3778 2792 3834 Sorana.
2831 3780 2956 3837 [hcc
2984 3783 3187 3849 omnia,
3210 3792 3406 3839 etcum

1823 3874 2077 3930 omnibus
2128 3872 2231 3928 sibi
2269 3872 2393 3943 jure
2441 3871 2836 3941 pertinentibus
2886 3872 3047 3928 rebus
3087 3874 3187 3929 sub
3241 3874 3410 3929 tutela

1825 3966 1971 4019 sedis
1998 3962 2307 4034 apostolicae
2350 3970 2551 4015 nostra:
2587 3962 2660 4015 ita
2690 3961 2998 4031 recipimus,
3030 3971 3090 4017 ut
3115 3963 3412 4032 quamlibet

1825 4058 2289 4114 Christianitatem
2360 4054 2662 4125 indigentes
2721 4054 2776 4107 in
2837 4052 3060 4123 praefato
3116 4055 3413 4111 venerabili

1827 4146 2184 4213 monasterio,
2218 4144 2397 4215 qualis
2421 4144 2707 4214 episcopus
2740 4143 2807 4196 ad
2860 4143 3194 4198 inritandam
3233 4145 3415 4201 volue-

1827 4239 1968 4304 ritis,
2014 4236 2262 4293 babeatis
2303 4233 2612 4289 omnimodo
2655 4241 3003 4302 potestatem.
3037 4233 3302 4289 Similiter
3345 4236 3413 4290 ad

1828 4327 2092 4384 ecclesias
2115 4323 2535 4388 consecrandos,
2565 4330 2621 4377 et
2653 4322 3049 4378 ordinationem
3082 4325 3148 4381 de
3165 4326 3417 4381 sacerdo-

1833 4421 1998 4482 tibus,
2029 4426 2084 4472 et
2134 4414 2454 4471 diaconibus
2498 4427 2596 4483 per
2624 4422 2865 4483 tempora
2902 4413 3228 4480 faciendam,
3261 4424 3317 4471 et
3351 4417 3418 4471 de

1756 4485 1979 4570 1)omni
2048 4508 2220 4581 gradu
2286 4506 2488 4563 ibidem
2544 4506 2971 4575 adimplendum.
3046 4507 3419 4562 Protestamus
3452 4514 3466 4553 ξ.

1827 4604 2052 4666 etenim,
2077 4608 2137 4655 ut
2168 4597 2346 4655 nullus
2374 4597 2659 4668 episcopus
2690 4597 2885 4652 debeat
2912 4596 3108 4651 exinde
3161 4595 3421 4649 sacerdo-

1829 4706 1959 4759 tem,
2002 4692 2089 4748 vel
2136 4690 2429 4775 diaconum
2461 4689 2531 4744 ad
2578 4704 2734 4744 suam
2791 4689 3054 4760 synodum
3101 4699 3419 4757 provocare,

915 4796 979 4851 ιτ.
1827 4789 1932 4844 nisi
1962 4801 2061 4842 sua
2110 4783 2275 4840 fuerit
2319 4782 2538 4860 propria
2575 4781 2842 4846 voluntas,
2888 4790 2983 4838 aut
3021 4780 3297 4844 abbatem,
3340 4779 3426 4833 vel

1827 4880 2124 4938 monachos
2171 4874 2564 4955 quoquomodo
2604 4873 2870 4944 judicare,
2923 4873 3012 4930 vel
3055 4871 3430 4926 excommuni-

1839 4987 1986 5030 care.
2012 4969 2312 5039 Volumus,
2347 4980 2407 5033 et
2429 4964 2710 5037 apostolica
2746 4966 3079 5039 injungimus
3109 4962 3437 5015 auctoritate

1838 5066 1995 5121 vobis
2022 5061 2364 5135 vestrisque
2414 5057 2726 5130 supradictis
2746 5058 3036 5117 abbatibus
3061 5051 3125 5105 de
3160 5052 3448 5117 qualicun-

1842 5172 1947 5192 ηιιο
1978 5152 2214 5192 προιρςίε.
2252 5172 2333 5192 εκ
2364 5154 2615 5192 ,ηπ-Αηιρςι-
2643 5146 2721 5192 vel
2750 5148 3001 5192 olm-inm-
3036 5140 3081 5192 si
3105 5141 3355 5192 venerint
3389 5138 3456 5192 ad

119 4707 383 4764 dictione
408 4705 667 4763 secunda.

119 4931 320 4975 BULLA
360 4928 546 4969 IARINI
594 4928 740 4969 ΡΔΡΕ
774 4928 810 4966 ιι
852 4927 951 4965 Ριιο
991 4924 1327 4966 ΜΟΝΛὸΤΕΒΙΟ
1370 4924 1416 4964 S.
1457 4919 1727 4963 VINCENTII

749 4996 1138 5038 ιὐιτυιιΝεΝδι.

781 5094 958 5165 (Δηιιο
980 5091 1132 5162 944.)
