3964 5356
522 368 619 424 8Ὴ

523 583 721 642 praeter
795 575 975 627 selem
1047 575 1396 642 apostolicam
1471 575 1850 644 prohibemus,
1917 576 1990 630 ita
2043 585 2102 630 ut

524 665 626 719 nisi
697 665 764 718 ab
823 666 1015 718 abbate
1073 665 1382 718 monasterii
1434 664 1596 719 fuerit
1657 666 1940 729 invitatus,
2001 679 2100 718 nec

525 755 808 809 missarmn
879 755 1137 808 solemnia
1198 755 1394 810 ibidem
1455 754 1730 809 celebrare
1792 761 2098 824 praesumat.

528 844 836 908 Statuentes
869 844 1158 913 apostolica
1212 845 1428 913 insuper
1475 859 1732 904 censura,
1783 845 1883 897 sub
1934 840 2101 896 divini

521 934 708 1004 judicii
735 937 1132 998 obtestatione,
1185 936 1276 990 sed
1328 945 1384 990 et
1432 937 1625 991 validis
1680 944 1841 1004 atque
1869 935 2102 989 atrocio-

527 1028 678 1081 ribus
725 1026 1084 1080 anathcmatis
1131 1025 1604 1079 ii‘tterdictionibus
1647 1023 2012 1094 prohibemus,
2045 1032 2103 1076 ut

527 1117 707 1172 nullus
753 1132 990 1186 unquam
1059 1124 1355 1185 praesumat
1406 1116 1774 1184 cujuscunque
1825 1113 2103 1183 dignitatis

527 1210 786 1278 praeditus
829 1217 1114 1278 potestate,
1151 1208 1231 1262 vel
1269 1208 1322 1261 in
1364 1208 1552 1262 eodem
1594 1207 1891 1262 venerabili
1921 1221 2105 1259 mona-

529 1301 717 1366 sterio,
746 1300 828 1353 vel
859 1299 973 1367 ejus
999 1300 1178 1354 causis
1219 1298 1554 1363 incumbere,
1594 1307 1687 1352 aut
1728 1299 1794 1352 de
1837 1298 2017 1360 rebus,
2049 1303 2104 1349 et

527 1391 988 1461 possessionibus,
1010 1389 1094 1444 vel
1132 1389 1389 1444 Ecclesiis
1420 1387 1696 1457 subjectis,
1733 1388 1817 1443 vel
1844 1387 2105 1458 quidquid

530 1484 598 1537 de
626 1483 733 1548 bis,
774 1497 893 1551 qua:
921 1480 1037 1550 ejus
1062 1495 1182 1536 esse
1231 1481 1500 1544 videntur,
1554 1481 1821 1549 quomodo
1867 1479 2106 1546 auferre,

531 1583 624 1627 aut
690 1572 951 1637 alienare,
1011 1572 1106 1626 sed
1170 1586 1269 1626 nec
1325 1571 1622 1641 quamlibet
1670 1571 1964 1634 malitiam,
2015 1579 2107 1623 aut

521 1659 752 1730 jactura:
778 1661 1075 1716 molestiam
1111 1660 1330 1724 ibidem,
1359 1661 1474 1716 sive
1495 1661 1665 1730 pacis,
1699 1661 1812 1714 sive
1840 1660 2107 1714 barbarici

532 1751 792 1820 temporis
821 1750 1003 1820 aliquo
1055 1749 1213 1804 modo
1262 1749 1484 1815 inferre,
1535 1750 1660 1804 dum
1707 1749 1988 1818 prmfatum
2019 1763 2110 1818 pe-

1840 370 2075 427 MARINI
2115 372 2315 427 PAP/E
2357 372 2398 427 ll

523 480 815 536 venerabili
856 480 1183 535 monasterio
1231 479 1527 551 quamlibet
1572 481 1828 536 ditionem
1875 483 2090 542 habere,
2124 493 2175 550 Α

3675 378 3775 435 8η

2952 482 3036 539 Vl.

2282 609 2468 647 NARINI
2510 607 2654 646 PAR—E2
2695 609 2730 647 ll
2769 609 2936 650 Βειιλ
2974 609 3076 650 PRO
3115 609 3368 650 ECCLESIA
3410 610 3706 651 sanrszssl.

2808 704 2986 773 (Anno
3021 703 3170 776 9M.)

2485 814 2828 887 [Speramlio,
2849 814 3043 868 Sabina
3072 833 3248 882 sacra,
3270 833 3326 888 p.
3351 819 3450 872 5'5]
3467 818 3509 892 .j

2275 929 2536 992 MABI‘SUS,
2567 931 3070 1000 cpiscopus,servus
3095 945 3374 985 servorum
3411 931 3532 997 Dei,
3557 932 3787 989 dilectis-

2204 1020 2341 1074 simo
2371 1020 2520 1073 lratri
2568 1020 2754 1075 JOANNI
2795 1021 3047 1090 episcopo
3087 1021 3374 1078 Sabiuensi
3404 1025 3639 1095 ejusque
3670 1041 3785 1080 su:-

2203 1109 2513 1164 ccssorihus
2544 1111 2595 1164 in
2626 1120 2966 1180 perpetuum.

2275 1199 2538 1253 Convenit
2603 1201 2896 1268 apostolico
2954 1201 3322 1256 moderamine
3375 1204 3468 1274 pia
3539 1204 3788 1275 religione

2204 1291 2527 1359 pollentibus
2554 1291 2808 1345 benevola
2843 1294 3216 1362 compassione
3246 1310 3596 1358 succurrere,
3628 1306 3684 1350 et
3708 1313 3783 1365 pe-
3809 1309 3818 1314 ‘

2205 1384 2432 1437 tentium
2459 1383 2742 1439 desideriis
2782 1399 3076 1454 congruum
3126 1387 3406 1455 impertire
3451 1386 3788 1458 suﬁragium.

2210 1475 2375 1546 igitur
2399 1491 2518 1545 quae
2546 1475 2859 1544 postulastis
2899 1492 2929 1530 a
2962 1478 3117 1531 nobis
3159 1487 3434 1548 quatenus
3476 1481 3792 1535 concedere

2206 1583 2358 1630 mus,
2409 1576 2464 1620 et
2513 1567 2927 1622 terminaremus
2972 1567 3064 1621 tibi
3114 1568 3488 1637 episcopatum
3537 1568 3793 1623 Sabineo—

2207 1673 2340 1723 sem,
2373 1658 2461 1728 qui
2490 1665 2572 1712 est
2614 1658 2680 1712 ad
2718 1658 2976 1712 honorem
3006 1669 3208 1714 sanctae
3247 1660 3456 1724 Marim,
3509 1660 3609 1715 Dei
3651 1662 3796 1731 geni-

2211 1749 2382 1813 tricis,
2411 1748 2501 1818 qui
2530 1748 2748 1818 ponitur
2793 1749 2847 1802 in
2894 1747 3179 1803 Foronovo
3205 1765 3326 1804 cum
3369 1749 3633 1804 omnibus
3668 1750 3794 1808 suis,

528 1842 792 1907 renniter,
833 1851 892 1894 ut
928 1841 1127 1895 dictum
1169 1850 1272 1904 est,
1304 1841 1687 1895 monasterium
1722 1839 1873 1894 ﬁrma
1902 1841 2108 1895 stabili-
2140 1840 2184 1899 B
2213 1855 2333 1909 qum
2355 1837 2500 1906 juste
2525 1847 2580 1892 et
2604 1838 2846 1908 legaliler
2888 1840 2940 1893 ei
2982 1849 3314 1908 competunt,
3344 1839 3594 1894 inclinati
3637 1842 3801 1909 preci-

530 1942 642 1986 tate
666 1931 1002 1986 decernimus
1049 1931 1150 1986 sub
1187 1929 1562 1998 jurisdictione
1608 1940 1806 1987 sancta:
1853 1932 2110 1987 Romanae

530 2021 788 2075 Ecclesia:
835 2023 1282 2090 permanendum.
1339 2022 1746 2093 Promulgantcs
1788 2038 2000 2093 nempe,
2056 2031 2110 2077 et

532 2111 636 2166 hac
674 2113 999 2167 auctoritate
1043 2113 1186 2168 beati
1235 2113 1383 2168 Petri
1435 2114 1801 2184 apostolorum
1849 2113 2110 2184 principis

531 2217 714 2256 coram
749 2203 876 2268 Deo,
905 2214 959 2259 et
988 2203 1104 2271 ejus
1138 2205 1363 2260 terribili
1387 2207 1656 2271 examine,
1687 2221 1784 2276 per
1817 2206 1975 2274 hujus
2000 2207 2110 2276 pri-

530 2293 710 2364 vilegii
754 2295 922 2349 nostri
973 2296 1412 2351 constitutionem
1463 2298 1734 2351 sancimus
1763 2311 1826 2350 ac
1863 2297 2109 2351 decerni-

532 2399 675 2450 mus,
712 2394 772 2439 ut
796 2384 936 2451 loca,
979 2402 1098 2456 quae
1141 2401 1172 2440 a
1201 2386 1442 2456 quolibet
1468 2389 1737 2456 episcopo,
1785 2386 1869 2441 vel
1915 2372 2111 2442 abbate

531 2483 864 2530 commutata
911 2486 1060 2542 sunt,
1110 2491 1211 2532 nec
1244 2493 1350 2532 non
1381 2485 1436 2532 et
1481 2478 1818 2532 diversorum
1870 2479 2109 2532 locorum

531 2567 920 2634 possessiones,
953 2583 1073 2638 quae
1101 2584 1130 2622 a
1174 2570 1412 2640 regibus,
1453 2571 1702 2634 ducibus,
1753 2569 2108 2640 principibus,

530 2662 840 2728 castaldeis,
874 2672 928 2717 et
964 2678 994 2716 a
1036 2663 1249 2719 czeteris
1294 2663 1640 2728 Christianis,
1678 2678 1953 2728 concessa,
2000 2662 2110 2716 lar-

530 2757 662 2825 gita,
693 2755 777 2808 vel
802 2755 984 2810 oblata
1021 2764 1147 2811 sunt
1180 2757 1233 2810 in
1265 2757 1456 2812 eodem
1489 2764 1676 2810 sancto
1717 2763 1770 2809 et
1813 2754 2109 2809 venerabili

531 2846 886 2910 monasterio,
913 2853 1006 2900 aut
1037 2847 1090 2900 in
1134 2846 1476 2916 postmodum
1503 2860 1785 2910 concessa,
1816 2844 1899 2898 vel
1933 2844 2111 2899 oblata

531 2934 755 2998 fuerint,
806 2935 975 3005 ipsius
1007 2934 1130 3003 jure
1177 2936 1494 2991 monasterii
1536 2937 1589 2990 in
1638 2944 1954 3006 perpetuum
1991 2950 2113 3004 per-

531 3025 799 3079 manenda
834 3027 1154 3092 statuimus;
1187 3042 1288 3082 nec
1327 3027 1542 3082 licentia
1573 3027 1668 3094 sit,
1696 3037 1755 3081 ut
1781 3027 1980 3082 dictum
2007 3036 2111 3093 est,

530 3115 761 3184 et'ejus,
791 3117 876 3170 vel
921 3118 1174 3173 omnibus
1219 3117 1462 3186 ejusdem
1492 3118 1810 3173 monasterii
1841 3119 2116 3188 pertinen-

2210 1930 2310 1984 bus
2337 1928 2530 1983 vestris
2574 1928 2958 1983 confirmamus
3004 1938 3057 1983 ct
3101 1931 3526 1985 corroboramus
3566 1931 3664 1985 tibi
3695 1933 3802 1998 epi-

2211 2031 2515 2092 scopatum,
2543 2035 2639 2090 per
2662 2022 2800 2075 hanc
2826 2032 3062 2076 nostram
3092 2023 3401 2090 apostolicae
3421 2021 3804 2092 praeceptionis

2211 2112 2484 2182 paginam,
2527 2110 2681 2180 cujus
2713 2118 2794 2165 est
2836 2125 2866 2164 a
2908 2109 3075 2166 latere
3110 2111 3308 2166 ﬂumen
3337 2111 3550 2182 Tybur,
3579 2126 3804 2166 currens

2211 2217 2382 2270 usque
2410 2202 2477 2255 ad
2505 2200 2835 2256 territorium
2862 2199 3232 2256 Utriculanum
3256 2202 3426 2264 rivus,
3457 2203 3554 2271 qui
3582 2211 3805 2255 vocatur

2212 2294 2465 2359 \‘otivus;
2491 2292 2686 2348 exinde
2709 2293 2954 2348 ascendit
2984 2293 3050 2348 ad
3078 2293 3236 2346 linem
3267 2291 3633 2348 Narnienscm
3666 2291 3802 2354 loco,

2211 2390 2302 2459 qui
2328 2397 2548 2442 vocatur
2575 2386 2758 2451 Prata,
2797 2396 2854 2441 et
2879 2387 2947 2442 ab
2977 2386 3093 2456 ipso
3121 2385 3276 2440 aliine
3313 2386 3571 2455 provenit
3597 2384 3650 2439 in
3681 2399 3809 2438 con-

2214 2479 2361 2543 ﬁnio,
2395 2487 2450 2532 et
2476 2477 2691 2531 devenit
2737 2476 2787 2530 in
2827 2476 3060 2546 Scapua,
3112 2490 3441 2546 procurrens
3490 2476 3545 2530 in
3572 2474 3806 2530 conﬁnio

2213 2566 2474 2631 Reatino;
2503 2574 2559 2619 et
2587 2567 2654 2618 ab
2685 2565 2799 2634 ipso
2821 2563 2976 2619 aliine
3003 2565 3149 2618 venit
3177 2564 3230 2618 in
3255 2573 3500 2619 montem
3525 2564 3622 2633 qui
3653 2577 3809 2618 voca-

2212 2672 2299 2716 tur
2335 2661 2564 2728 Tancia;
2617 2669 2672 2716 et
2717 2663 2785 2716 ab
2842 2659 2972 2729 ipsis
3015 2655 3259 2713 allinibus
3308 2658 3462 2714 venit
3503 2658 3558 2712 in
3593 2672 3807 2712 murum

2213 2752 2598 2818 Sabellianum,
2644 2752 2973 2821 veniensque
3001 2750 3054 2804 in
3090 2749 3372 2805 cacumine
3403 2750 3614 2804 montis
3639 2748 3813 2818 Nigri,

2211 2858 2548 2913 pergensque
2578 2845 2629 2896 in
2666 2842 2899 2898 easalem
2929 2843 3143 2912 longum
3184 2841 3236 2896 in
3280 2842 3460 2910 ipsum
3500 2839 3810 2905 Staﬂilum;

2211 2946 2268 2990 et
2311 2937 2380 2990 ab
2427 2936 2541 3006 ipso
2586 2934 2742 2989 aliine
2778 2935 2952 3005 pergit
2999 2934 3066 2988 ad
3113 2932 3324 2988 Lcones
3366 2934 3811 2996 montanianum,

2213 3029 2407 3084 deinde
2436 3028 2610 3098 pergit
2634 3027 2702 3081 ad
2741 3028 2917 3082 rivum
2947 3025 3037 3096 qui
3070 3026 3218 3079 vadit
3239 3026 3400 3096 juxta
3430 3036 3689 3082 sanctam
3721 3025 3811 3081 Vi-

2215 3121 2443 3176 ctoriam
2479 3120 2873 3192 Trybilensem.
2924 3119 3125 3174 Deinde
3179 3120 3426 3176 ascendit
3475 3121 3534 3175 in
3573 3132 3810 3176 montem

533 3207 679 3260 tibus
707 3207 958 3276 cuiquam
1001 3222 1206 3276 magna:
1249 3223 1537 3278 parvaeque
1582 3223 1829 3279 persona:
1875 3207 2109 3273 auferre,
2141 3201 2184 3262 C
2216 3210 2306 3278 qui
2336 3218 2558 3264 vocatur
2585 3208 2780 3272 Carbo,
2809 3219 2862 3264 et
2884 3224 2980 3279 per
2999 3209 3204 3278 Aquam
3236 3208 3483 3264 Mensam
3512 3210 3736 3264 devenit
3761 3211 3809 3263 in

533 3308 593 3351 ut
623 3314 719 3367 pro
755 3308 924 3363 recto,
955 3297 1108 3367 juxta
1138 3299 1212 3364 id,
1260 3300 1402 3368 quod
1431 3297 1732 3368 subjectum
1773 3301 1913 3354 idem
1956 3315 2114 3354 vene-

533 3390 707 3444 rabile
759 3390 1152 3444 monasterium
1201 3390 1515 3461 apostolicis
1563 3391 1895 3453 constitutis,
1951 3401 2114 3459 atque

531 3478 827 3550 privilegiis
875 3480 1144 3547 consistit,
1183 3481 1504 3537 inconcusse
1553 3490 1888 3552 permaneat.
1932 3481 1998 3534 Et
2044 3481 2111 3534 li-

533 3580 654 3625 ccat
680 3572 882 3626 eisdem
915 3574 1192 3629 monachis
1236 3575 1303 3631 de
1331 3589 1428 3628 sua
1475 3574 1900 3645 congregatione
1940 3573 2112 3627 abba-

533 3670 640 3714 tem
673 3677 886 3734 semper
911 3663 1148 3733 eligere;
1181 3674 1235 3718 et
1265 3664 1426 3720 liceat
1464 3665 1563 3734 ipsi
1605 3665 1789 3718 abbati
1820 3679 1946 3720 suos
1971 3663 2114 3731 judi-

532 3768 658 3809 care
689 3757 1001 3820 monachos,
1031 3774 1136 3812 non
1173 3759 1344 3812 solum
1379 3759 1550 3823 virile,
1603 3759 1698 3814 sed
1746 3766 1803 3813 et
1849 3759 2113 3813 muliebre

533 3847 925 3922 monasterium
973 3847 1074 3900 sibi
1107 3846 1428 3914 subjectum.
1463 3848 1518 3902 Si
1547 3848 1670 3917 quis
1719 3859 1922 3912 autem,
1966 3847 2114 3917 quod

533 3951 638 3991 non
667 3947 936 4007 optamus,
965 3939 1172 3994 nefario
1215 3954 1346 3994 ausu
1390 3941 1796 4010 prmsumpserit
1827 3941 1965 4006 haec,
1994 3956 2115 4010 qua:

531 4043 564 4081 a
597 4029 749 4082 nobis
783 4029 852 4082 ad
900 4028 1112 4083 laudem
1166 4030 1262 4084 Dei
1311 4031 1478 4084 nostri
1516 4045 1614 4100 pro
1659 4031 1959 4086 stabilitate
2000 4030 2114 4098 jam

531 4119 663 4174 dicti
692 4121 1013 4176 venerabilis
1059 4121 1379 4176 monasterii
1406 4131 1607 4176 statuta
1645 4132 1788 4188 sunt,
1815 4122 2113 4193 rel‘ragare,

533 4221 630 4265 aut
678 4213 736 4266 iu
787 4228 1060 4282 quoquam
1114 4213 1396 4269 transilire
1446 4213 1698 4278 voluerit,
1753 4214 2116 4270 anathematis

533 4303 747 4358 vinculo
783 4305 1092 4371 innodatus,
1139 4314 1194 4360 ct
1222 4322 1343 4360 cum
1375 4306 1589 4360 diabolo
1634 4316 1691 4361 et
1737 4306 1944 4376 angelis
1976 4305 2111 4374 ejus,

534 4403 698 4464 atque
747 4394 883 4451 Juda
934 4397 1195 4452 traditore
1251 4397 1462 4452 Domini
1510 4398 1684 4453 nostri
1733 4397 1860 4452 Jesu
1912 4397 2113 4452 Christi

531 4495 740 4541 aaterno
786 4487 1032 4542 incendio
1061 4487 1488 4543 concremandus
1529 4488 1834 4558 deputetur.
1885 4490 1957 4543 At
1986 4505 2114 4544 vero

531 4581 622 4650 qui
659 4580 746 4650 pio
773 4579 968 4634 intuitu
997 4581 1314 4636 observator
1343 4582 1394 4635 in
1420 4581 1672 4637 omnibus
1698 4583 1986 4647 exstiterit,
2020 4597 2114 4637 cu-

532 4673 770 4727 stodiens
808 4671 968 4741 hujus
1000 4674 1168 4727 nostri
1211 4674 1472 4744 privilegii
1519 4675 1870 4728 constitutum
1901 4675 1966 4729 ad
1994 4675 2112 4729 cul-

531 4773 644 4818 tutn
675 4764 766 4819 Dei
794 4765 1195 4834 respicientem,
1227 4765 1618 4819 benedictionis
1662 4766 1890 4835 gratiam
1929 4782 1958 4819 a
2012 4768 2103 4820 Do-

531 4853 679 4908 mino
744 4854 854 4910 Deo
912 4863 1100 4909 nostro
1165 4853 1678 4909 misericordissimo
1745 4855 2114 4924 multipliciter

532 4954 906 5012 conservatur,
936 4955 992 5001 et
1017 4946 1139 5000 vita:
1181 4955 1399 5000 aeterna:
1444 4947 1709 5016 particeps
1741 4945 1854 5001 ﬁeri
1901 4961 2111 5001 merea-

534 5047 642 5089 tur.
693 5034 837 5090 Bene
882 5036 1077 5101 valete,
1137 5036 1408 5106 Scriptum
1466 5052 1563 5106 per
1617 5052 1832 5090 manum
1889 5037 2111 5091 Adriani

534 5124 803 5179 scriniarii
835 5134 1036 5180 sanctae
1066 5124 1326 5179 Romamn
1373 5125 1625 5181 Ecclesia:
1670 5127 1720 5180 in
1756 5143 1940 5183 mense
1968 5127 2113 5182 Mar-

535 5223 611 5252 hn
659 5215 955 5252 intlintinnn
982 5217 1212 5252 canunt-In
1281 5217 1411 5252 nam
1459 5232 1556 5252 που·
1586 5234 1801 5252 mnnnm
1851 5219 2110 5252 Q.ﬂl\|\ﬂn:

2211 3298 2410 3352 ﬂumen
2449 3298 2691 3363 Torritii,
2747 3307 2802 3353 et
2855 3314 2952 3369 per
2999 3299 3168 3369 ipsam
3213 3300 3415 3356 faldata
3461 3303 3710 3356 decurrit
3759 3303 3808 3355 in

2213 3388 2453 3454 Carzoli,
2483 3397 2537 3443 et
2560 3389 2711 3444 venit
2731 3390 2783 3442 in
2807 3389 3066 3460 Campum
3095 3389 3344 3445 Sacrum.
3363 3390 3809 3462 lgiturinchoan-

2213 3487 2323 3541 tur,
2354 3479 2494 3533 sicut
2516 3478 2727 3548 przefati
2761 3494 2971 3544 sumus,
3004 3481 3105 3551 ipsi
3137 3478 3326 3536 alIines
3372 3497 3403 3535 a
3447 3481 3677 3536 ﬂumine
3707 3482 3807 3553 Ty-

2213 3569 2362 3623 beris
2389 3569 2791 3640 pergensjuxta
2815 3580 3025 3641 portam
3055 3572 3227 3625 sancti
3254 3571 3555 3637 Valentini,
3591 3583 3646 3629 et
3668 3573 3806 3628 vauit

2214 3659 2279 3711 ad
2312 3668 2521 3728 portam
2552 3658 2921 3714 Piucianicam
2941 3701 2954 3723 ,
2978 3672 3034 3715 et
3061 3661 3128 3714 ab
3163 3661 3278 3730 ipsa
3303 3662 3482 3733 pergit
3509 3663 3578 3716 ad
3603 3672 3804 3730 portam

2215 3754 2501 3817 Salariam,
2548 3755 2637 3808 ubi
2688 3764 2772 3810 est
2817 3754 3046 3810 ecclesia
3092 3755 3266 3810 sancti
3318 3755 3529 3809 Millitis
3562 3757 3804 3817 Romam,

2214 3844 2304 3914 qui
2359 3853 2442 3899 est
2477 3843 2622 3912 juris
2652 3844 2945 3914 supradicti
2989 3845 3331 3915 episcopatus
3385 3845 3728 3909 Sabinensis,
3756 3855 3806 3899 et

2214 3938 2408 3993 exinde
2433 3937 2580 3991 venit
2615 3937 2681 3991 ad
2724 3937 2943 3992 Silicem
2973 3937 3169 4008 quiest
3199 3938 3355 4007 juxta
3393 3949 3648 3994 sanctum
3673 3939 3804 3993 Lau-

2217 4028 2471 4091 rentium,
2501 4036 2555 4083 et
2591 4028 2660 4082 ab
2704 4027 2818 4096 ipso
2847 4026 3004 4081 aliine
3032 4028 3182 4082 venit
3209 4028 3276 4082 ad
3307 4027 3534 4098 Septem
3566 4029 3798 4092 Fratres,

2215 4127 2269 4172 et
2314 4135 2410 4188 per
2450 4119 2594 4189 ipsos
2626 4117 2759 4172 lines
2787 4119 2934 4173 venit
2962 4118 3013 4172 in
3039 4118 3224 4183 Silice,
3252 4120 3344 4189 qui
3374 4130 3463 4176 est
3489 4121 3653 4188 juxta
3681 4137 3800 4175 san-

2217 4219 2360 4263 ctam
2398 4209 2726 4272 Anatoliam,
2762 4225 2881 4278 qua:
2909 4218 2994 4264 est
3022 4211 3194 4279 posita
3225 4213 3415 4267 subter
3443 4224 3689 4269 montem
3716 4213 3799 4283 qui

2216 4311 2442 4355 vocatur
2467 4300 2722 4364 Rasiano,
2775 4301 2844 4355 ibi
2885 4312 2968 4356 est
2997 4302 3224 4358 ecclesia
3253 4303 3425 4366 Petri,
3455 4321 3581 4374 qua:
3627 4316 3708 4361 est
3727 4305 3802 4372 ju-

2218 4392 2294 4444 ris
2322 4391 2490 4460 ipsius
2515 4391 2772 4461 episcopi,
2805 4401 2860 4446 et
2892 4394 3085 4448 exinde
3127 4395 3276 4448 venit
3303 4394 3356 4448 in
3394 4395 3565 4452 Silice
3595 4398 3688 4468 qui
3718 4412 3800 4448 va-

2217 4480 2296 4534 dit
2314 4479 2470 4549 juxta
2502 4489 2750 4535 sanctum
2784 4481 3147 4549 Vincentium,
3186 4499 3538 4555 pergensque
3587 4487 3644 4541 in
3692 4502 3803 4540 san-

2218 4580 2363 4627 ctum
2394 4573 2724 4641 Stephanum
2773 4574 2827 4628 in
2875 4573 2979 4628 line
3026 4575 3146 4639 rivi,
3197 4585 3252 4630 et
3302 4576 3502 4631 deinde
3531 4593 3633 4648 per
3669 4579 3800 4649 ipsos

2216 4661 2408 4717 alIines
2454 4663 2697 4716 ascendit
2734 4661 2785 4716 in
2831 4664 3112 4718 cacumine
3156 4666 3355 4720 montis
3405 4665 3694 4730 Januarii,
3749 4675 3800 4720 et

2214 4752 2408 4805 exinde
2457 4752 2605 4805 venit
2655 4753 2706 4805 in
2753 4761 2992 4808 montem
3038 4754 3127 4823 qui
3179 4764 3409 4810 vocatur
3449 4756 3722 4822 Possode;
3752 4766 3802 4811 et

2213 4854 2446 4911 pergens
2507 4855 2605 4910 per
2664 4850 2836 4896 terras
2889 4843 3173 4907 montium,
3229 4843 3426 4899 deinde
3475 4849 3704 4902 veniens
3750 4848 3799 4899 in

2215 4932 2474 5001 Campum
2505 4932 2752 4997 Sacrum,
2785 4949 2907 4988 cum
2950 4936 3215 4990 universis
3251 4937 3615 5006 popularibus
3650 4950 3802 5008 atqe

2219 5023 2485 5089 ecclesiis,
2516 5033 2570 5078 et
2597 5025 2776 5078 omnia
2803 5041 2922 5096 quae
2951 5029 3049 5080 sub
3083 5027 3325 5096 ejusdem
3355 5031 3623 5101 episcopo
3660 5031 3800 5100 adja-

2221 5129 2367 5178 cere,
2397 5123 2452 5168 et
2475 5115 2749 5183 pertinere
2775 5117 3005 5172 videtur.
3038 5126 3145 5170 tam
3176 5117 3230 5171 in
3258 5119 3433 5186 vasis,
3468 5129 3696 5192 tamque
3723 5139 3803 5177 c2-

2221 5206 2367 5252 slris-
2421 5206 2583 5252 villis-
2615 5218 2668 5252 nl
2701 5207 2968 5252 naealilme
3017 5224 3108 5252 ςριι
3161 5210 3307 5252 inim-
3335 5212 3591 5252 nnmdom
3631 5213 3800 5252 ριν-ιι.
