3964 5356
126 217 234 272 873

1279 217 1633 277 εῐδιετοιτε
1669 221 1754 276 ΕΤ
1790 219 2194 279 Ρηινιιεςιλ.
2233 253 2236 256 λ

3264 234 3367 289 87ι

118 341 245 379 mus
276 322 391 388 tibi,
433 321 642 393 tuisque
673 325 1072 382 successoribus
1117 325 1169 382 in
1214 337 1528 398 perpetuum
1559 328 1692 383 deti-
1718 333 1767 392 Α
1797 329 1954 386 tritus
1977 327 2044 387 ad
2072 332 2460 397 famulandum,
2511 343 2568 389 ut
2606 337 2789 392 auditu
2842 339 3142 404 didicimus,
3173 344 3366 411 persti-

120 415 382 478 nendum,
427 414 778 478 reddendum,
807 416 1163 472 ordinandum
1213 426 1320 471 tam
1349 419 1693 482 monasteria,

120 519 287 576 quam
322 505 486 559 etiam
511 514 734 558 caeteras
772 505 1051 571 ecclesias,
1097 523 1216 577 qua:
1253 509 1304 562 in
1332 509 1461 577 ipsis
1487 507 1696 574 aliines,

121 610 248 651 cum
272 594 522 650 omnibus
556 609 675 664 qua:
711 596 956 664 superius
983 597 1230 667 leguntur
1273 607 1326 653 et
1368 599 1700 653 concludun-

123 696 233 739 tur.
284 686 526 754 Itemque
561 685 851 741 statuimus
896 689 1242 758 presbyteris,
1273 696 1327 741 et
1364 689 1697 756 diaconibus,

123 786 180 832 et
196 776 448 832 omnibus
471 776 683 844 clericis
711 777 763 830 in
792 779 1091 834 minoribus
1108 780 1386 834 ordinibus
1408 781 1696 848 persisten-

125 867 296 932 tibus,
327 882 450 920 cum
491 867 806 922 diaeonissis
829 877 881 922 et
909 869 1116 923 ancillis
1147 870 1238 924 Dei
1269 870 1376 923 sint
1407 869 1534 934 tibi,
1569 871 1700 926 tuis—

131 973 231 1027 que
274 958 680 1013 successoribus
734 957 983 1027 subjecti,
1032 969 1090 1014 ut
1130 960 1301 1015 sancti
1354 959 1544 1015 Patres
1591 969 1700 1014 sta-

127 1055 365 1112 tuerunt,
402 1062 610 1102 necnon
641 1056 701 1102 ut
725 1047 826 1116 ipsi
856 1048 1147 1118 persistant
1191 1049 1291 1104 sub
1341 1047 1457 1118 lege
1492 1057 1547 1102 et
1577 1063 1701 1103 cen-

124 1150 249 1189 sura
264 1142 464 1196 vestra,
481 1145 888 1204 vestrorumque
901 1151 1274 1191 successorum
1291 1137 1342 1190 in
1358 1146 1698 1206 perpetuum,

125 1231 180 1277 et
207 1222 438 1276 absoluti
473 1221 580 1276 sint
605 1237 636 1276 a
678 1225 886 1277 caeteris
935 1225 1308 1293 potestatibus,
1337 1226 1493 1280 itaut
1524 1226 1699 1280 nullus

127 1313 330 1380 absque
357 1326 452 1366 vos
477 1313 830 1382 constringat,
867 1323 960 1368 aut
979 1315 1208 1370 deducat
1233 1316 1284 1368 in
1308 1314 1566 1384 palatium
1596 1330 1693 1385 pro

127 1400 461 1470 quibuslibet
491 1402 866 1470 querimoniis,
901 1419 1074 1473 neque
1101 1403 1276 1458 l‘orum
1307 1405 1374 1458 ab
1397 1405 1477 1459 eis
1501 1405 1698 1475 aliquis

125 1493 326 1559 exigat,
357 1507 478 1562 qua:
511 1501 636 1548 sunt
664 1494 730 1549 de
757 1503 902 1549 sorte
931 1495 1062 1560 Dei,
1092 1495 1211 1550 ideo
1236 1510 1340 1550 non
1368 1505 1581 1564 oportet
1606 1512 1701 1552 eos

127 1581 440 1636 ministrare
479 1582 533 1635 in
578 1583 826 1638 omnibus
873 1583 1222 1638 szccularibus
1273 1585 1692 1654 quomodolibet,

126 1669 222 1723 sed
253 1669 304 1722 in
329 1677 596 1737 potestate
619 1678 832 1736 vestra,
869 1679 1277 1740 vestrorumque
1324 1687 1695 1727 successorum

126 1768 481 1829 permaneant
508 1759 560 1814 in
584 1768 902 1828 perpetuum
947 1775 1068 1815 cum
1092 1760 1316 1815 decimis
1336 1757 1391 1816 et
1411 1761 1695 1831 primitiis,

125 1850 212 1904 vel
241 1867 303 1905 ea
333 1866 451 1920 quae
495 1865 592 1922 pro
634 1852 861 1906 mortuis
887 1860 1171 1907 testantur.
1206 1850 1342 1906 Sunt
1375 1851 1551 1906 omnia
1584 1851 1699 1908 haec

128 1943 227 1998 sub
260 1943 384 2013 jure
419 1953 622 2008 vestro,
656 1951 1069 2011 vestrorumque
1092 1957 1468 1998 successorum
1502 1944 1554 1998 in
1585 1958 1700 2013 per-

126 2039 365 2102 petuum,
385 2031 456 2084 ita
484 2039 541 2084 ut
561 2031 738 2086 nullus
763 2032 891 2097 dux,
915 2031 1090 2086 nullus
1114 2046 1319 2095 comes,
1340 2032 1698 2097 vice-comes,

126 2122 377 2195 nullaque
397 2121 521 2186 alia,
553 2121 639 2176 illa
687 2135 912 2191 magna,
961 2135 1230 2192 parvaque
1265 2137 1490 2192 persona
1523 2119 1702 2190 cujus-

127 2227 341 2281 cunque
369 2211 650 2282 dignitatis
676 2211 760 2264 vel
787 2208 1155 2282 cujuscunque
1181 2211 1412 2274 ordinis,
1439 2211 1577 2265 hanc
1602 2227 1700 2266 no—

125 2309 294 2355 stram
325 2301 672 2369 apostolicam
711 2300 1049 2371 dignitatem,
1078 2300 1493 2366 auctoritatem,
1523 2308 1578 2354 et
1604 2313 1697 2354 ve-

124 2390 225 2445 stri
255 2390 600 2458 episcopatus
642 2388 1128 2452 conﬁrmationem,
1162 2387 1215 2442 in
1245 2387 1427 2458 aliquo
1479 2386 1698 2453 laedere,

125 2481 404 2545 minuere,
427 2480 511 2534 vel
540 2488 836 2534 retractare
862 2487 1182 2547 prresumat;
1213 2478 1358 2547 quod
1390 2477 1433 2530 si
1463 2477 1584 2547 quis
1617 2476 1697 2531 fe-

123 2565 281 2637 cerit,
298 2578 479 2625 nostro
490 2569 832 2623 anathemate
848 2567 1089 2630 feriatur,
1115 2566 1170 2636 (2
1183 2566 1286 2635 45⁸)
1303 2567 1422 2636 etjn
1437 2575 1696 2634 perpetuo

121 2659 484 2715 damnationis
523 2659 690 2713 chaos
719 2658 1026 2726 absorptus,
1057 2663 1112 2710 et
1143 2670 1306 2725 regno
1335 2655 1428 2710 Dei
1461 2654 1692 2720 alienus,

121 2761 178 2806 et
203 2766 324 2806 cum
358 2750 537 2819 impiis
573 2758 776 2803 aeterno
831 2745 1096 2810 incendio,
1149 2744 1233 2798 vel
1278 2743 1535 2815 supplicio
1575 2758 1695 2799 con-

119 2840 428 2898 demnaudo
457 2847 765 2906 sortemque
786 2837 966 2905 capiat
994 2849 1116 2889 cum
1144 2832 1279 2888 Juda
1309 2834 1565 2888 traditore
1592 2834 1695 2888 Do-

121 2931 256 2985 mini
289 2932 457 2985 nostri
481 2928 606 2984 Jesu
634 2927 835 2982 Christi
863 2941 894 2980 a
922 2923 1428 2980 misericordissimo
1467 2924 1692 2980 Domino

119 3019 235 3074 Deo
263 3028 447 3075 nostro
484 3016 739 3086 consequi
766 3023 1058 3069 mereatur.

194 3109 465 3179 Scriptum
508 3121 602 3177 per
632 3120 845 3160 manum
876 3103 1072 3160 Leonis
1124 3103 1322 3158 notarii
1375 3102 1691 3174 regionarii,

117 3210 180 3256 et
223 3199 493 3256 scriniarii
553 3206 754 3253 sancta:
803 3196 1058 3250 Romanae
1109 3195 1364 3250 Ecclesiae
1412 3196 1465 3249 in
1516 3211 1696 3251 mense

120 3291 263 3346 Maio
283 3305 381 3361 per
406 3289 750 3344 indictionem
786 3286 1092 3342 secundam.
1118 3286 1262 3340 Bene
1288 3285 1478 3340 valete.
1504 3285 1694 3340 Datum

119 3397 220 3453 per
264 3394 480 3434 manum
527 3375 790 3447 Gregorii,
834 3375 927 3430 Dei
970 3375 1305 3444 providentia
1341 3375 1694 3429 secundicerii

120 3481 322 3526 sancta!
347 3470 490 3524 sedis
504 3467 824 3539 apostolicze,
842 3481 1003 3532 anno,
1018 3467 1125 3520 Deo
1137 3465 1388 3535 propitio,
1414 3464 1694 3534 pontiﬁca-

123 3573 211 3616 tus
224 3561 403 3616 domui
425 3559 634 3623 Marini,
659 3556 851 3613 summi
873 3554 1504 3626 pontiiicis,’universalis
1523 3569 1694 3624 papm,

123 3656 178 3708 in
202 3652 562 3708 sacratissima
589 3650 715 3705 sede
733 3647 794 3701 Β.
818 3648 958 3703 Petri
983 3647 1226 3718 apostoli,
1254 3661 1457 3708 mense,
1482 3654 1586 3701 etc.

642 3729 650 3739 ’
852 3737 963 3792 νη.

120 3848 375 3888 παετοιλ
426 3848 608 3886 ιιΑιυΝι
646 3845 790 3884 ΡΔΡΕ
829 3843 865 3883 ll
909 3842 972 3880 AD
1009 3842 1163 3881 SICUM
1210 3838 1486 3880 CAPUANUH
1526 3836 1692 3877 EPISC.

677 3917 852 3988 (Anno
891 3914 1143 3982 942-46.)

337 4011 530 4084 [Tosti,
564 4010 741 4064 Storia
766 4008 821 4060 di
850 4006 1226 4067 Montecasino,
1263 4005 1300 4069 I,
1329 4001 1479 4072 215.]

193 4103 436 4158 Mamaus
471 4100 772 4168 episcopus,
825 4110 1013 4152 servus
1050 4110 1330 4150 servorum
1384 4094 1499 4159 Dei,
1543 4091 1688 4158 StCO,

119 4193 387 4261 Capuanre
421 4187 671 4243 Ecclesiae
699 4187 968 4256 episeopo.

191 4280 449 4348 Quamvis
480 4278 547 4332 ab
577 4277 678 4332 hac
702 4275 1063 4330 sacratissima
1103 4270 1526 4340 sedebeatorum
1564 4285 1695 4340 apo-

118 4372 383 4437 stolorum
439 4367 582 4423 Petri
609 4376 664 4422 et
709 4366 881 4432 Pauli,
931 4365 1293 4434 apostolorum
1351 4363 1686 4432 principum,

116 4471 310 4520 contra
340 4470 541 4517 statuta
567 4474 852 4524 canonum,
884 4467 1045 4527 atque
1089 4457 1432 4525 antiquorum
1466 4453 1690 4508 Patrum

116 4555 337 4609 decreta
366 4553 418 4606 in
446 4549 732 4621 episcopali
781 4549 968 4603 ordine
998 4555 1342 4601 consecratus
1373 4546 1469 4611 sis,
1499 4559 1603 4598 non
1638 4553 1691 4598 te

113 4657 309 4704 contra
360 4655 506 4700 tanto
535 4645 742 4712 erigere
791 4642 1072 4703 debueras,
1131 4655 1229 4693 nec
1277 4638 1370 4693 tibi
1400 4637 1690 4692 convenire

116 4738 369 4800 licuerat,
393 4744 593 4804 quanta
614 4742 665 4785 et
695 4730 873 4800 qualia
892 4745 922 4782 a
938 4725 1330 4798 probatissimis
1358 4725 1490 4777 viris
1519 4723 1686 4776 Deum

117 4826 435 4882 timentibus
465 4824 532 4878 de
563 4832 614 4876 te
642 4821 964 4876 referuntur.
999 4815 1131 4871 Nam
1150 4856 1165 4881 ,
1197 4816 1337 4871 sicut
1367 4813 1690 4870 Coelestinus

115 4935 256 4989 papa
292 4918 344 4971 in
369 4917 480 4971 suis
511 4914 744 4970 decretis
773 4912 1082 4974 conlirmat,
1112 4907 1242 4962 nulli
1277 4904 1543 4962 sacerdoti
1566 4903 1692 4992 licet

115 5023 356 5065 canones
384 5008 650 5077 ignorare,
687 5009 888 5072 quanto
933 5000 1102 5069 magis
1132 5009 1182 5054 te
1226 5014 1319 5055 eos
1347 5005 1690 5069 perscrutare

115 5107 464 5163 convenerat,
492 5095 583 5165 qui
613 5094 665 5147 in
688 5091 977 5165 episcopali
1001 5090 1232 5145 culmine
1256 5090 1604 5149 constitutus,
1639 5095 1691 5141 te

112 5191 294 5261 ipsum
348 5163 525 5256 prius,
557 5163 766 5238 deinde‘
803 5179 936 5234 alios
983 5177 1222 5234 imbuere
1253 5179 1536 5233 debueras.
1585 5173 1696 5230 Sed

118 5282 236 5304 _--:-
289 5277 457 5304 1..;,...ιι
492 5280 671 5304 mnnln
723 5279 771 5304 at
804 5268 986 5304 'I0l\:lll
1027 5268 1077 5304 in
1113 5266 1384 5304 nI-innin-tli
1446 5261 1562 5304 ΩΙΙῘΩ
1593 5277 1693 5304 1⁵111-

1797 422 1930 487 tisti,
1963 424 2238 478 saecularia
2263 427 2433 498 magis
2456 443 2615 497 quam
2639 427 2762 498 jura
2789 430 3115 500 episcopalia
3144 434 3368 489 medita-

1798 512 1893 577 ris,
1932 515 2208 584 magisque
2245 520 2676 575 conventiculum
2728 521 2984 576 laicorum
3011 538 3174 592 quam
3211 525 3370 581 cleri-

1796 616 1982 657 corum
2010 613 2184 660 cmtus
2207 606 2500 663 desideras.
2528 609 2836 676 Immemor,
2864 613 2972 667 imo
2997 615 3207 669 nescius
3231 615 3371 672 illius

1795 691 2248 752 Chalcedonensis
2276 699 2488 753 concilii
2513 700 2747 769 capitulo
2769 714 2979 768 octavo,
3002 703 3142 774 quod
3165 705 3371 775 episco-

1797 799 1896 854 pus
1935 785 2080 840 nullo
2108 787 2264 841 modo
2295 788 2363 842 ad
2392 788 2706 844 comitatum
2747 791 2827 844 ire
2857 793 3069 859 debeat,
3097 804 3153 848 et
3178 803 3373 850 caetera

1798 873 1851 926 in
1865 875 2051 929 eodem
2067 876 2298 945 capitulo
2319 893 2479 940 nono,
2502 889 2559 932 ut
2582 880 2725 934 nullo
2747 883 2904 936 modo
2927 882 3242 951 improbitas
3261 885 3376 954 epi-

1796 979 2079 1032 scoporum
2113 966 2314 1020 nitatur
2339 968 2404 1021 ad
2430 968 2742 1022 comitatum
2773 984 3030 1040 pergere,
3062 979 3117 1025 et
3145 971 3368 1041 reliqua.

1798 1053 1924 1110 Haec
1944 1066 1998 1108 et
2023 1054 2128 1109 alia
2151 1056 2316 1110 multa
2342 1058 2509 1125 magis
2530 1068 2711 1113 contra
2739 1060 2988 1128 teipsum,
3011 1075 3170 1130 quam
3187 1071 3373 1116 contra

1798 1161 2031 1201 canones
2054 1161 2307 1210 exerces;
2345 1149 2566 1217 insuper
2592 1150 2847 1219 ignorans
2869 1151 3044 1206 studia
3073 1152 3374 1208 litterarmn

1799 1252 1906 1293 non
1929 1253 2050 1292 cum
2072 1238 2426 1308 disciplinatis
2459 1254 2630 1309 neque
2664 1242 3023 1310 peritissimis,
3048 1242 3138 1312 qui
3171 1251 3223 1298 te
3251 1245 3372 1312 qui—

1799 1339 1989 1386 verant
2015 1331 2304 1395 instruere,
2331 1331 2422 1386 sed
2445 1346 2566 1386 cum
2592 1332 2866 1386 vilissimis
2892 1341 3053 1402 atque
3085 1333 3377 1403 indiscipli-

1799 1421 1940 1473 natis
1968 1419 2118 1474 laicis
2161 1428 2215 1474 et
2241 1420 2452 1475 clericis
2478 1421 2743 1490 imperitis
2771 1422 3009 1490 quotidie
3053 1437 3185 1492 vaga
3218 1433 3378 1491 atque

1800 1510 2077 1566 saecularia
2113 1510 2410 1566 meditaris.
2454 1511 2604 1566 Unde
2633 1526 2732 1566 nec
2771 1511 2942 1567 Deum
2980 1528 3080 1568 nec
3106 1513 3375 1568 hominem

1803 1611 2067 1667 metuens,
2111 1603 2340 1672 plurima
2376 1611 2561 1658 contra
2598 1617 2809 1658 sacram
2846 1602 3179 1674 Scripturam
3219 1619 3377 1674 agere

1800 1699 2093 1761 pertentas.
2125 1691 2252 1756 Sed,
2285 1693 2423 1760 quod
2451 1691 2666 1756 mirum,
2698 1707 2819 1746 eum
2842 1693 3003 1748 etiam
3039 1692 3179 1761 quod
3217 1693 3380 1746 bene-

1797 1791 1971 1851 factor
2014 1791 2136 1836 tuus
2178 1783 2428 1847 instituit,
2460 1783 2547 1851 qui
2579 1792 2630 1838 te
2672 1784 2738 1838 ab
2766 1784 3010 1852 Agarena
3041 1783 3169 1837 emit
3194 1791 3374 1853 gente,

1801 1881 1855 1928 tu
1879 1875 2214 1929 contumacia
2241 1886 2402 1944 atque
2434 1875 2697 1943 imperitia
2729 1877 2934 1938 ductus,
2963 1859 3060 1930 nec
3087 1876 3252 1930 Demn
3277 1889 3377 1928 nec

1801 1973 2015 2019 33110105
2045 1979 2279 2018 canones
2305 1973 2564 2027 metuens,
2601 1979 2764 2019 ausus
2785 1980 2843 2018 es
2867 1980 3133 2035 rumpere,
3166 1979 3262 2018 nec
3289 1979 3378 2019 γε·

1799 2055 1934 2110 ritus
1957 2069 2013 2110 es
2035 2055 2409 2124 transgredere
2432 2056 2572 2124 quod
2599 2071 2892 2126 praecessor
2922 2066 3043 2112 tuus
3060 2056 3384 2111 venerabilis

1798 2144 2043 2208 antistes,
2069 2145 2161 2213 qui
2199 2144 2457 2200 canonice
2491 2157 2573 2200 est
2607 2145 2904 2210 ordinatus,
2939 2147 3167 2202 instituit
3197 2154 3252 2201 et
3278 2146 3378 2201 sub

1797 2233 2160 2288 anathematis
2182 2233 2392 2289 vinculo
2415 2234 2677 2306 religavit,
2695 2244 2748 2289 et
2766 2237 3021 2290 canonica
3040 2235 3382 2290 conﬁrmavit

1798 2325 2138 2388 auctoritate,
2155 2325 2207 2379 in
2241 2333 2446 2379 tantum
2467 2327 2569 2382 hoc
2593 2341 2691 2396 pro
2716 2327 2881 2381 nihilo
2913 2326 3134 2390 duxisti,
3160 2334 3214 2380 ut
3239 2326 3383 2380 sicut

1799 2417 2076 2488 Scriptura
2108 2419 2386 2489 cujusdam
2414 2419 2648 2474 doctoris
2673 2427 2916 2483 testatur,
2946 2419 3193 2488 imperito
3216 2428 3270 2473 et
3293 2417 3410 2471 in-'

1798 2510 2136 2580 disciplinato
2159 2518 2250 2564 tuo
2281 2509 2528 2574 diacono,
2552 2509 3177 2574 ecclesiam_monasterii
3206 2509 3383 2562 sanctt'

1795 2602 1982 2671 Augcli
2016 2603 2080 2656 de
2112 2601 2308 2667 Monte,
2326 2601 2436 2670 jam
2483 2601 2663 2656 multis
2687 2601 2842 2655 annis
2869 2600 2968 2654 sub
2999 2599 3230 2670 regulari
3269 2607 3382 2653 tra-

1798 2694 1927 2747 mite
1952 2694 2338 2747 monachorum
2365 2692 2763 2758 contirmatum,
2780 2691 3014 2755 tradens,
3043 2699 3103 2744 ut
3127 2690 3221 2754 ibi,
3239 2690 3379 2744 sicut

1795 2783 2086 2854 quondam,
2110 2781 2424 2838 saltationes
2445 2790 2501 2838 et
2524 2783 2834 2837 vacationes
2853 2781 3004 2836 (iant.
3027 2780 3187 2835 Certe
3212 2780 3256 2834 si
3285 2779 3378 2833 Dei

1798 2875 2045 2930 timorem
2071 2875 2121 2927 in
2151 2875 2331 2928 animo
2352 2874 2679 2937 contineres,
2704 2888 2808 2927 non
2837 2872 2941 2928 hoc
2965 2870 3262 2942 perpetrari
3288 2869 3379 2925 sed

1796 2964 2162 3021 contradicere
2190 2963 2468 3027 debueras,
2503 2964 2733 3029 etiamsi,
2779 2963 2919 3033 quod
2953 2977 3058 3016 non
3087 2961 3378 3016 credimusv
3465 3021 3468 3024 ν

1796 3057 1936 3112 filius
1961 3064 2144 3110 uoster
2176 3065 2299 3110 tuus
2326 3055 2597 3125 princeps,
2624 3053 2713 3122 qui
2750 3062 2807 3108 ut
2837 3051 3290 3124 agnusinnocens
3329 3049 3378 3101 in

1796 3149 1992 3203 talibus
2013 3154 2344 3217 perseverat,
2372 3145 2554 3202 facere
2581 3129 2859 3210 voluisset,
2886 3142 3010 3208 etsi,
3039 3141 3180 3212 quod
3217 3139 3380 3203 absit,

1794 3239 1883 3294 ille
1909 3239 1962 3293 in
1996 3239 2190 3294 talibus
2212 3238 2496 3301 consentit,
2529 3238 2633 3293 tuis
2662 3251 2786 3292 eum
2810 3232 3379 3305 eredimusomacbina-

1796 3330 2032 3384 tionibus
2064 3330 2365 3384 seductum.
2398 3326 2550 3383 Unde
2577 3327 2866 3398 praesciens
2905 3325 3084 3380 omnia
3129 3319 3302 3393 Deus},
3329 3329 3384 3377 et

1795 3427 1986 3475 cuneta
2035 3434 2132 3474 suo
2155 3419 2443 3473 libramine
2471 3419 2806 3482 discernens,
2844 3415 2992 3483 justo
3029 3413 3142 3483 ejus
3179 3413 3382 3484 judicio

1795 3526 1915 3565 eum
1935 3518 2122 3564 contra
2154 3518 2204 3563 te
2226 3508 2452 3578 benigne
2475 3508 2729 3572 irritavit,
2752 3514 2809 3560 ut
2834 3515 2884 3561 te
2913 3505 2967 3559 in
2989 3503 3235 3559 exsilium
3261 3503 3382 3554 mit-

1797 3609 1952 3665 teret,
1972 3603 2062 3670 qui
2081 3601 2232 3671 prius
2251 3615 2469 3669 corpus,
2487 3615 2628 3654 nunc
2643 3600 2875 3652 animam
2893 3596 3098 3651 moliris
3113 3594 3376 3648 occidere.

1794 3689 1964 3760 igitur
1990 3692 2043 3744 in
2072 3691 2156 3744 his
2181 3700 2236 3743 et
2265 3690 2318 3743 in
2343 3688 2461 3744 aliis
2490 3697 2541 3744 te
2575 3689 2880 3756 imperitum
2911 3686 3221 3748 ostendens,
3253 3684 3379 3752 quia

1794 3781 1926 3835 nihil
1942 3781 2320 3850 interrogando
2333 3780 2472 3835 scire
2485 3778 2747 3833 debueras
2761 3777 2903 3847 quod
2920 3775 3205 3831 concilium
3225 3774 3382 3828 Chal‘

1793 3881 2096 3935 cedonense
2121 3879 2172 3932 in
2200 3876 2433 3948 capitulo
2457 3876 2710 3945 vigesimo
2734 3881 2928 3944 quarto
2949 3872 3013 3927 de
3037 3867 3378 3924 monasteriis

1797 3977 2051 4032 testatur;
2079 3970 2171 4022 sed
2213 3969 2336 4037 quia
2359 3966 2674 4036 negligenda
2705 3978 2804 4019 nec
2828 3961 3206 4034 interrogando
3233 3956 3377 4013 ordi-

1795 4077 1915 4116 nem
1946 4061 2264 4115 canonicum
2293 4058 2667 4129 prosequeris,
2707 4057 2773 4111 de
2812 4056 2913 4110 hoc
2938 4067 3107 4123 usque
3136 4051 3203 4105 ad
3239 4058 3375 4103 tem-

1795 4165 1896 4220 pus
1939 4151 2146 4205 sileam.
2189 4148 2294 4202 Sed
2330 4148 2454 4216 quia
2490 4145 2837 4200 ecclesiarum
2879 4141 3049 4197 sancti
3085 4139 3270 4211 Angeli
3309 4137 3377 4192 de

1795 4240 1973 4296 Monte
1992 4255 2088 4308 pro
2107 4237 2395 4307 atuorejtui
2423 4236 2632 4290 diaconi
2661 4243 2846 4289 contra
2872 4243 3114 4287 sanctam
3157 4230 3372 4285 institu-

1721 4325 1770 4385 D
1799 4335 1994 4389 tionem
2010 4331 2342 4386 subtractam
2367 4332 2432 4384 de
2455 4327 2870 4399 congregatione
2895 4325 3278 4381 monachorum
3293 4323 3376 4391 ju-

1793 4429 2005 4494 dieasti,
2023 4429 2209 4482 hune'a
2226 4435 2319 4482 tuo
2342 4425 2630 4488 consortio,
2649 4424 2747 4480 nisi
2764 4423 2978 4494 quando
2998 4423 3141 4492 justa
3168 4436 3373 4476 morem

1794 4519 1889 4574 tibi
1912 4518 2614 4582 ministraverit,censemus
2635 4531 2752 4570 esse
2771 4515 3057 4584 privatum.
3079 4511 3372 4568 Ecclesiam

1791 4625 1920 4666 vero
1949 4610 2119 4664 sancti
2148 4607 2339 4678 Angeli
2377 4610 2444 4662 de
2480 4606 2654 4661 Monte
2689 4606 2934 4660 volumus
2965 4605 3031 4659 ad
3058 4598 3372 4657 monasterii

1792 4700 1972 4757 redire
1985 4699 2248 4769 vigorem,
2262 4700 2356 4755 sed
2372 4698 2485 4754 haec
2499 4709 2715 4750 necesse
2730 4705 2812 4750 est
2825 4704 2880 4748 ut
2895 4692 3096 4748 nostris
3111 4691 3370 4745 roboren-

1793 4801 1882 4847 tur
1901 4790 2199 4861 prtcceptis.
2217 4790 2558 4860 Quapropter
2577 4786 2672 4859 Dei
2709 4781 3088 4854 omnipotentis
3112 4789 3168 4832 et
3190 4780 3370 4832 beato.

1792 4899 1912 4938 rum
1935 4879 2306 4951 apostolorum
2324 4877 2621 4954 principum
2639 4873 2784 4928 Petri
2805 4883 2857 4926 et
2880 4870 3045 4932 Pauli,
3065 4878 3120 4921 et
3133 4869 3376 4921 omnium

1795 4971 1916 5036 SS.,
1942 4981 1996 5026 et
2020 4977 2231 5039 septem
2262 4963 2649 5032 universaliutn
2677 4975 2937 5020 canonum
2984 4959 3300 5010 auctoritate
3327 4963 3381 5009 te

1794 5060 2361 5133 excommunicando,
2381 5055 2663 5117 mittimus,
2676 5063 2734 5106 ttt
2752 5053 2817 5106 ab
2837 5048 3079 5106 omnibus
3103 5046 3188 5099 his
3218 5059 3384 5114 supra

1797 5150 2113 5210 memoratis
2166 5161 2512 5221 prmcaverc
2540 5152 2610 5208 te,
2653 5153 2808 5213 atque
2839 5135 3121 5196 emendare
3149 5147 3393 5189 summo-

1797 5261 1923 5304 pere
1944 5243 2182 5304 studeas,
2219 5260 2296 5304 et
2337 5241 2577 5304 eamdem
2607 5235 2880 5289 ecclesiam
2913 5227 3084 5286 sancti
3114 5226 3299 5298 Angeli
3327 5223 3401 5278 de
