  <div class='ocr_page' id='page_1' title='image "/cluster/home/n/w/nwhite01/storage/ocr_20150623/133/hvd.32044010035673/441.png"; bbox 0 0 3964 5356; ppageno 0'>
   <div class='ocr_carea' id='block_1_1' title="bbox 556 331 659 387">
    <p class='ocr_par' dir='ltr' id='par_1_1' title="bbox 556 331 659 387">
     <span class='ocr_line' id='line_1_1' title="bbox 556 331 659 387; baseline -0.019 0"><span class='ocrx_word' id='word_1_1' title='bbox 556 331 659 387; x_wconf 75' lang='lat'><strong>875</strong></span> 
     </span>
    </p>
   </div>
   <div class='ocr_carea' id='block_1_2' title="bbox 1904 324 2469 397">
    <p class='ocr_par' dir='ltr' id='par_1_2' title="bbox 1904 324 2469 397">
     <span class='ocr_line' id='line_1_2' title="bbox 1904 324 2469 397; baseline -0.002 -16"><span class='ocrx_word' id='word_1_2' title='bbox 1904 324 2384 397; x_wconf 48' lang='lat' dir='ltr'><strong>MARINI‘PAPAZ</strong></span> <span class='ocrx_word' id='word_1_3' title='bbox 2424 326 2469 380; x_wconf 99' lang='grc' dir='ltr'><strong>ιι</strong></span> 
     </span>
    </p>
   </div>
   <div class='ocr_carea' id='block_1_3' title="bbox 3676 332 3751 387">
    <p class='ocr_par' dir='ltr' id='par_1_3' title="bbox 3676 332 3751 387">
     <span class='ocr_line' id='line_1_3' title="bbox 3676 332 3751 387; baseline 0 -1"><span class='ocrx_word' id='word_1_4' title='bbox 3676 332 3751 387; x_wconf 78' lang='lat'><strong>876</strong></span> 
     </span>
    </p>
   </div>
   <div class='ocr_carea' id='block_1_4' title="bbox 553 435 3754 511">
    <p class='ocr_par' dir='ltr' id='par_1_4' title="bbox 553 435 3754 511">
     <span class='ocr_line' id='line_1_4' title="bbox 553 435 3754 511; baseline 0.001 -12"><span class='ocrx_word' id='word_1_5' title='bbox 553 443 754 508; x_wconf 81' lang='lat' dir='ltr'><strong>Monte,</strong></span> <span class='ocrx_word' id='word_1_6' title='bbox 780 454 940 511; x_wconf 88' lang='lat' dir='ltr'><strong>quam</strong></span> <span class='ocrx_word' id='word_1_7' title='bbox 972 445 1148 494; x_wconf 90' lang='lat' dir='ltr'><strong>vester</strong></span> <span class='ocrx_word' id='word_1_8' title='bbox 1168 438 1530 507; x_wconf 81' lang='lat' dir='ltr'><strong>praedecessor</strong></span> <span class='ocrx_word' id='word_1_9' title='bbox 1550 435 1878 494; x_wconf 81' lang='lat' dir='ltr'><strong>venerabilis</strong></span> <span class='ocrx_word' id='word_1_10' title='bbox 1908 438 2136 493; x_wconf 87' lang='lat' dir='ltr'><strong>antistes</strong></span> <span class='ocrx_word' id='word_1_11' title='bbox 2163 440 2216 500; x_wconf 81' lang='grc' dir='ltr'><strong>Α</strong></span> <span class='ocrx_word' id='word_1_12' title='bbox 2240 437 2552 508; x_wconf 81' lang='lat' dir='ltr'><strong>parochiam</strong></span> <span class='ocrx_word' id='word_1_13' title='bbox 2583 443 2637 494; x_wconf 89' lang='lat' dir='ltr'><strong>&#39;et</strong></span> <span class='ocrx_word' id='word_1_14' title='bbox 2667 437 2965 505; x_wconf 72' lang='lat' dir='ltr'><strong>dimcesim,</strong></span> <span class='ocrx_word' id='word_1_15' title='bbox 2994 439 3069 495; x_wconf 89' lang='lat' dir='ltr'><strong>ita</strong></span> <span class='ocrx_word' id='word_1_16' title='bbox 3100 447 3298 504; x_wconf 86' lang='lat' dir='ltr'><strong>tamen,</strong></span> <span class='ocrx_word' id='word_1_17' title='bbox 3326 448 3386 494; x_wconf 91' lang='lat' dir='ltr'><strong>ut</strong></span> <span class='ocrx_word' id='word_1_18' title='bbox 3430 435 3521 496; x_wconf 90' lang='lat' dir='ltr'><strong>sub</strong></span> <span class='ocrx_word' id='word_1_19' title='bbox 3546 450 3622 499; x_wconf 84' lang='lat' dir='ltr'><strong>tua</strong></span> <span class='ocrx_word' id='word_1_20' title='bbox 3657 454 3754 501; x_wconf 64' lang='lat' dir='ltr'><strong>tue-</strong></span> 
     </span>
    </p>
   </div>
   <div class='ocr_carea' id='block_1_5' title="bbox 557 526 2138 596">
    <p class='ocr_par' dir='ltr' id='par_1_5' title="bbox 557 526 2138 596">
     <span class='ocr_line' id='line_1_5' title="bbox 557 526 2138 596; baseline -0.004 -10"><span class='ocrx_word' id='word_1_21' title='bbox 557 546 678 587; x_wconf 91' lang='lat' dir='ltr'><strong>cum</strong></span> <span class='ocrx_word' id='word_1_22' title='bbox 716 526 946 584; x_wconf 88' lang='lat' dir='ltr'><strong>consilio</strong></span> <span class='ocrx_word' id='word_1_23' title='bbox 975 526 1234 596; x_wconf 81' lang='lat' dir='ltr'><strong>principis</strong></span> <span class='ocrx_word' id='word_1_24' title='bbox 1265 526 1627 583; x_wconf 77' lang='lat' dir='ltr'><strong>benefactoris</strong></span> <span class='ocrx_word' id='word_1_25' title='bbox 1670 526 1745 581; x_wconf 92' lang='lat' dir='ltr'><strong>tui</strong></span> <span class='ocrx_word' id='word_1_26' title='bbox 1775 526 1903 581; x_wconf 87' lang='lat' dir='ltr'><strong>huic</strong></span> <span class='ocrx_word' id='word_1_27' title='bbox 1952 539 2138 581; x_wconf 86' lang='lat' dir='ltr'><strong>mona-</strong></span> 
     </span>
    </p>
   </div>
   <div class='ocr_carea' id='block_1_6' title="bbox 554 616 2136 681">
    <p class='ocr_par' dir='ltr' id='par_1_6' title="bbox 554 616 2136 681">
     <span class='ocr_line' id='line_1_6' title="bbox 554 616 2136 681; baseline -0.003 -6"><span class='ocrx_word' id='word_1_28' title='bbox 554 618 720 675; x_wconf 88' lang='lat' dir='ltr'><strong>sterio</strong></span> <span class='ocrx_word' id='word_1_29' title='bbox 754 616 937 681; x_wconf 89' lang='lat' dir='ltr'><strong>dedit,</strong></span> <span class='ocrx_word' id='word_1_30' title='bbox 987 625 1043 672; x_wconf 90' lang='lat' dir='ltr'><strong>et</strong></span> <span class='ocrx_word' id='word_1_31' title='bbox 1100 617 1358 672; x_wconf 88' lang='lat' dir='ltr'><strong>canonica</strong></span> <span class='ocrx_word' id='word_1_32' title='bbox 1404 617 1731 672; x_wconf 86' lang='lat' dir='ltr'><strong>auctoritate</strong></span> <span class='ocrx_word' id='word_1_33' title='bbox 1778 616 2136 680; x_wconf 77' lang='lat' dir='ltr'><strong>confirmavit,</strong></span> 
     </span>
    </p>
   </div>
   <div class='ocr_carea' id='block_1_7' title="bbox 558 703 2136 777">
    <p class='ocr_par' dir='ltr' id='par_1_7' title="bbox 558 703 2136 777">
     <span class='ocr_line' id='line_1_7' title="bbox 558 703 2136 777; baseline -0.004 -13"><span class='ocrx_word' id='word_1_34' title='bbox 558 709 781 777; x_wconf 84' lang='lat' dir='ltr'><strong>insuper</strong></span> <span class='ocrx_word' id='word_1_35' title='bbox 810 705 1175 761; x_wconf 86' lang='lat' dir='ltr'><strong>anathematis</strong></span> <span class='ocrx_word' id='word_1_36' title='bbox 1202 703 1416 760; x_wconf 91' lang='lat' dir='ltr'><strong>vinculo</strong></span> <span class='ocrx_word' id='word_1_37' title='bbox 1437 703 1736 769; x_wconf 85' lang='lat' dir='ltr'><strong>innodavit,</strong></span> <span class='ocrx_word' id='word_1_38' title='bbox 1765 703 1834 759; x_wconf 87' lang='lat' dir='ltr'><strong>ad</strong></span> <span class='ocrx_word' id='word_1_39' title='bbox 1857 714 2136 758; x_wconf 88' lang='lat' dir='ltr'><strong>monaste-</strong></span> 
     </span>
    </p>
   </div>
   <div class='ocr_carea' id='block_1_8' title="bbox 552 794 2151 867">
    <p class='ocr_par' dir='ltr' id='par_1_8' title="bbox 552 794 2151 867">
     <span class='ocr_line' id='line_1_8' title="bbox 552 794 2151 867; baseline -0.004 -17"><span class='ocrx_word' id='word_1_40' title='bbox 552 798 692 851; x_wconf 87' lang='lat' dir='ltr'><strong>rium</strong></span> <span class='ocrx_word' id='word_1_41' title='bbox 743 795 1052 867; x_wconf 72' lang='lat' dir='ltr'><strong>praafatum,</strong></span> <span class='ocrx_word' id='word_1_42' title='bbox 1080 809 1110 849; x_wconf 90' lang='lat' dir='ltr'><strong>a</strong></span> <span class='ocrx_word' id='word_1_43' title='bbox 1140 795 1393 865; x_wconf 58' lang='lat' dir='ltr'><strong>praesenti</strong></span> <span class='ocrx_word' id='word_1_44' title='bbox 1431 796 1565 849; x_wconf 87' lang='lat' dir='ltr'><strong>hora</strong></span> <span class='ocrx_word' id='word_1_45' title='bbox 1607 794 1979 851; x_wconf 75' lang='lat' dir='ltr'><strong>restituas.&#39;Et</strong></span> <span class='ocrx_word' id='word_1_46' title='bbox 2007 808 2151 849; x_wconf 85' lang='lat' dir='ltr'><strong>con-.</strong></span> 
     </span>
    </p>
   </div>
   <div class='ocr_carea' id='block_1_9' title="bbox 551 883 2137 951">
    <p class='ocr_par' dir='ltr' id='par_1_9' title="bbox 551 883 2137 951">
     <span class='ocr_line' id='line_1_9' title="bbox 551 883 2137 951; baseline -0.003 -9"><span class='ocrx_word' id='word_1_47' title='bbox 551 889 761 944; x_wconf 84' lang='lat' dir='ltr'><strong>vocatis</strong></span> <span class='ocrx_word' id='word_1_48' title='bbox 796 887 1063 943; x_wconf 88' lang='lat' dir='ltr'><strong>universis</strong></span> <span class='ocrx_word' id='word_1_49' title='bbox 1114 886 1366 942; x_wconf 73' lang='lat' dir='ltr'><strong>Ecclesia:</strong></span> <span class='ocrx_word' id='word_1_50' title='bbox 1393 885 1695 951; x_wconf 87' lang='lat' dir='ltr'><strong>ordinibus,</strong></span> <span class='ocrx_word' id='word_1_51' title='bbox 1728 886 1912 940; x_wconf 88' lang='lat' dir='ltr'><strong>taliter</strong></span> <span class='ocrx_word' id='word_1_52' title='bbox 1938 883 2137 939; x_wconf 81' lang='lat' dir='ltr'><strong>contir-</strong></span> 
     </span>
    </p>
   </div>
   <div class='ocr_carea' id='block_1_10' title="bbox 525 962 2138 1046">
    <p class='ocr_par' dir='ltr' id='par_1_10' title="bbox 525 962 2138 1046">
     <span class='ocr_line' id='line_1_10' title="bbox 525 962 2138 1046; baseline -0.003 -15"><span class='ocrx_word' id='word_1_53' title='bbox 525 992 657 1043; x_wconf 67' lang='lat' dir='ltr'><strong>&#39;ma,</strong></span> <span class='ocrx_word' id='word_1_54' title='bbox 692 983 753 1031; x_wconf 91' lang='lat' dir='ltr'><strong>ut</strong></span> <span class='ocrx_word' id='word_1_55' title='bbox 782 977 834 1031; x_wconf 93' lang='lat' dir='ltr'><strong>in</strong></span> <span class='ocrx_word' id='word_1_56' title='bbox 862 962 1182 1046; x_wconf 85' lang='lat' dir='ltr'><strong>perpetuum</strong></span> <span class='ocrx_word' id='word_1_57' title='bbox 1211 973 1283 1027; x_wconf 91' lang='lat' dir='ltr'><strong>ibi</strong></span> <span class='ocrx_word' id='word_1_58' title='bbox 1301 974 1371 1028; x_wconf 82' lang='lat' dir='ltr'><strong>sit</strong></span> <span class='ocrx_word' id='word_1_59' title='bbox 1401 974 1813 1039; x_wconf 87' lang='lat' dir='ltr'><strong>monasterium,</strong></span> <span class='ocrx_word' id='word_1_60' title='bbox 1849 982 1903 1028; x_wconf 89' lang='lat' dir='ltr'><strong>et</strong></span> <span class='ocrx_word' id='word_1_61' title='bbox 1925 986 2138 1043; x_wconf 86' lang='lat' dir='ltr'><strong>semper</strong></span> 
     </span>
    </p>
   </div>
   <div class='ocr_carea' id='block_1_11' title="bbox 536 1066 2137 1125">
    <p class='ocr_par' dir='ltr' id='par_1_11' title="bbox 536 1066 2137 1125">
     <span class='ocr_line' id='line_1_11' title="bbox 536 1066 2137 1125; baseline -0.002 -1"><span class='ocrx_word' id='word_1_62' title='bbox 536 1070 622 1124; x_wconf 76' lang='lat' dir='ltr'><strong>‘sit</strong></span> <span class='ocrx_word' id='word_1_63' title='bbox 660 1068 761 1123; x_wconf 89' lang='lat' dir='ltr'><strong>sub</strong></span> <span class='ocrx_word' id='word_1_64' title='bbox 793 1070 1038 1125; x_wconf 88' lang='lat' dir='ltr'><strong>custodia</strong></span> <span class='ocrx_word' id='word_1_65' title='bbox 1073 1077 1130 1123; x_wconf 89' lang='lat' dir='ltr'><strong>et</strong></span> <span class='ocrx_word' id='word_1_66' title='bbox 1169 1066 1411 1122; x_wconf 87' lang='lat' dir='ltr'><strong>dominio</strong></span> <span class='ocrx_word' id='word_1_67' title='bbox 1435 1068 1605 1122; x_wconf 89' lang='lat' dir='ltr'><strong>sancti</strong></span> <span class='ocrx_word' id='word_1_68' title='bbox 1634 1066 1911 1121; x_wconf 88' lang='lat' dir='ltr'><strong>Benedicti</strong></span> <span class='ocrx_word' id='word_1_69' title='bbox 1941 1074 2137 1122; x_wconf 64' lang='lat' dir='ltr'><strong>vestrae</strong></span> 
     </span>
    </p>
   </div>
   <div class='ocr_carea' id='block_1_12' title="bbox 546 1159 2135 1239">
    <p class='ocr_par' dir='ltr' id='par_1_12' title="bbox 546 1159 2135 1239">
     <span class='ocr_line' id='line_1_12' title="bbox 546 1159 2135 1239; baseline -0.001 -22"><span class='ocrx_word' id='word_1_70' title='bbox 546 1161 804 1229; x_wconf 84' lang='lat' dir='ltr'><strong>civitatis,</strong></span> <span class='ocrx_word' id='word_1_71' title='bbox 858 1171 913 1217; x_wconf 93' lang='lat' dir='ltr'><strong>et</strong></span> <span class='ocrx_word' id='word_1_72' title='bbox 968 1169 1018 1239; x_wconf 82' lang='lat' dir='ltr'><strong>te</strong></span> <span class='ocrx_word' id='word_1_73' title='bbox 1068 1161 1141 1217; x_wconf 87' lang='lat' dir='ltr'><strong>ibi</strong></span> <span class='ocrx_word' id='word_1_74' title='bbox 1186 1161 1401 1231; x_wconf 85' lang='lat' dir='ltr'><strong>tuisque</strong></span> <span class='ocrx_word' id='word_1_75' title='bbox 1429 1159 1839 1216; x_wconf 87' lang='lat' dir='ltr'><strong>successoribus</strong></span> <span class='ocrx_word' id='word_1_76' title='bbox 1884 1159 1939 1214; x_wconf 91' lang='lat' dir='ltr'><strong>in</strong></span> <span class='ocrx_word' id='word_1_77' title='bbox 1985 1160 2135 1215; x_wconf 90' lang='lat' dir='ltr'><strong>nullo</strong></span> 
     </span>
    </p>
   </div>
   <div class='ocr_carea' id='block_1_13' title="bbox 547 1250 2137 1323">
    <p class='ocr_par' dir='ltr' id='par_1_13' title="bbox 547 1250 2137 1323">
     <span class='ocr_line' id='line_1_13' title="bbox 547 1250 2137 1323; baseline -0.002 -15"><span class='ocrx_word' id='word_1_78' title='bbox 547 1252 852 1308; x_wconf 87' lang='lat' dir='ltr'><strong>molestiam</strong></span> <span class='ocrx_word' id='word_1_79' title='bbox 907 1251 1301 1323; x_wconf 75' lang='lat' dir='ltr'><strong>ingerentibus,</strong></span> <span class='ocrx_word' id='word_1_80' title='bbox 1333 1250 1437 1305; x_wconf 90' lang='lat' dir='ltr'><strong>nisi</strong></span> <span class='ocrx_word' id='word_1_81' title='bbox 1468 1257 1733 1320; x_wconf 80' lang='lat' dir='ltr'><strong>quantum</strong></span> <span class='ocrx_word' id='word_1_82' title='bbox 1771 1264 1803 1304; x_wconf 90' lang='lat' dir='ltr'><strong>a</strong></span> <span class='ocrx_word' id='word_1_83' title='bbox 1835 1250 2137 1321; x_wconf 64' lang='lat' dir='ltr'><strong>praedeces-</strong></span> 
     </span>
    </p>
   </div>
   <div class='ocr_carea' id='block_1_14' title="bbox 529 1339 2135 1400">
    <p class='ocr_par' dir='ltr' id='par_1_14' title="bbox 529 1339 2135 1400">
     <span class='ocr_line' id='line_1_14' title="bbox 529 1339 2135 1400; baseline -0.002 -1"><span class='ocrx_word' id='word_1_84' title='bbox 529 1356 674 1400; x_wconf 70' lang='lat' dir='ltr'><strong>‘sore</strong></span> <span class='ocrx_word' id='word_1_85' title='bbox 711 1351 806 1400; x_wconf 93' lang='lat' dir='ltr'><strong>tuo</strong></span> <span class='ocrx_word' id='word_1_86' title='bbox 849 1342 1115 1398; x_wconf 86' lang='lat' dir='ltr'><strong>sancitum</strong></span> <span class='ocrx_word' id='word_1_87' title='bbox 1144 1348 1249 1397; x_wconf 90' lang='lat' dir='ltr'><strong>est.</strong></span> <span class='ocrx_word' id='word_1_88' title='bbox 1283 1339 1338 1397; x_wconf 83' lang='lat' dir='ltr'><strong>Si</strong></span> <span class='ocrx_word' id='word_1_89' title='bbox 1368 1355 1496 1396; x_wconf 90' lang='lat' dir='ltr'><strong>vero</strong></span> <span class='ocrx_word' id='word_1_90' title='bbox 1526 1339 1652 1397; x_wconf 84' lang='lat' dir='ltr'><strong>huic</strong></span> <span class='ocrx_word' id='word_1_91' title='bbox 1697 1347 1898 1397; x_wconf 70' lang='lat' dir='ltr'><strong>nostrae</strong></span> <span class='ocrx_word' id='word_1_92' title='bbox 1938 1342 2135 1397; x_wconf 80' lang='lat' dir='ltr'><strong>exhor-</strong></span> 
     </span>
    </p>
   </div>
   <div class='ocr_carea' id='block_1_15' title="bbox 547 1431 2131 1506">
    <p class='ocr_par' dir='ltr' id='par_1_15' title="bbox 547 1431 2131 1506">
     <span class='ocr_line' id='line_1_15' title="bbox 547 1431 2131 1506; baseline -0.001 -17"><span class='ocrx_word' id='word_1_93' title='bbox 547 1435 740 1492; x_wconf 68' lang='grc' dir='ltr'>ιιιιίοηί</span> <span class='ocrx_word' id='word_1_94' title='bbox 791 1444 846 1491; x_wconf 87' lang='lat' dir='ltr'><strong>et</strong></span> <span class='ocrx_word' id='word_1_95' title='bbox 909 1434 1252 1506; x_wconf 84' lang='lat' dir='ltr'><strong>praeceptioni</strong></span> <span class='ocrx_word' id='word_1_96' title='bbox 1303 1434 1619 1489; x_wconf 84' lang='lat' dir='ltr'><strong>inobediens</strong></span> <span class='ocrx_word' id='word_1_97' title='bbox 1650 1432 1858 1497; x_wconf 82' lang='lat' dir='ltr'><strong>fueris,</strong></span> <span class='ocrx_word' id='word_1_98' title='bbox 1910 1433 1985 1489; x_wconf 84' lang='lat' dir='ltr'><strong>sis</strong></span> <span class='ocrx_word' id='word_1_99' title='bbox 2036 1431 2131 1488; x_wconf 89' lang='lat' dir='ltr'><strong>Dei</strong></span> 
     </span>
    </p>
   </div>
   <div class='ocr_carea' id='block_1_16' title="bbox 546 1520 2133 1598">
    <p class='ocr_par' dir='ltr' id='par_1_16' title="bbox 546 1520 2133 1598">
     <span class='ocr_line' id='line_1_16' title="bbox 546 1520 2133 1598; baseline -0.005 -15"><span class='ocrx_word' id='word_1_100' title='bbox 546 1526 931 1598; x_wconf 89' lang='lat' dir='ltr'><strong>omnipotentis</strong></span> <span class='ocrx_word' id='word_1_101' title='bbox 949 1535 1003 1580; x_wconf 91' lang='lat' dir='ltr'><strong>et</strong></span> <span class='ocrx_word' id='word_1_102' title='bbox 1033 1525 1313 1579; x_wconf 85' lang='lat' dir='ltr'><strong>beatorum</strong></span> <span class='ocrx_word' id='word_1_103' title='bbox 1337 1522 1701 1594; x_wconf 86' lang='lat' dir='ltr'><strong>apostolorum</strong></span> <span class='ocrx_word' id='word_1_104' title='bbox 1731 1521 1879 1577; x_wconf 88' lang='lat' dir='ltr'><strong>Petri</strong></span> <span class='ocrx_word' id='word_1_105' title='bbox 1905 1530 1962 1577; x_wconf 92' lang='lat' dir='ltr'><strong>et</strong></span> <span class='ocrx_word' id='word_1_106' title='bbox 1982 1520 2133 1576; x_wconf 87' lang='lat' dir='ltr'><strong>Pauli</strong></span> 
     </span>
    </p>
   </div>
   <div class='ocr_carea' id='block_1_17' title="bbox 547 1614 2132 1684">
    <p class='ocr_par' dir='ltr' id='par_1_17' title="bbox 547 1614 2132 1684">
     <span class='ocr_line' id='line_1_17' title="bbox 547 1614 2132 1684; baseline -0.002 -12"><span class='ocrx_word' id='word_1_107' title='bbox 547 1628 602 1672; x_wconf 88' lang='lat' dir='ltr'><strong>et</strong></span> <span class='ocrx_word' id='word_1_108' title='bbox 652 1618 892 1673; x_wconf 88' lang='lat' dir='ltr'><strong>omnium</strong></span> <span class='ocrx_word' id='word_1_109' title='bbox 945 1615 1105 1672; x_wconf 90' lang='lat' dir='ltr'><strong>simul</strong></span> <span class='ocrx_word' id='word_1_110' title='bbox 1157 1624 1495 1679; x_wconf 89' lang='lat' dir='ltr'><strong>sanctorum,</strong></span> <span class='ocrx_word' id='word_1_111' title='bbox 1531 1622 1694 1684; x_wconf 88' lang='lat' dir='ltr'><strong>atque</strong></span> <span class='ocrx_word' id='word_1_112' title='bbox 1739 1614 2132 1670; x_wconf 85' lang='lat' dir='ltr'><strong>venerabilium</strong></span> 
     </span>
    </p>
   </div>
   <div class='ocr_carea' id='block_1_18' title="bbox 543 1705 2129 1779">
    <p class='ocr_par' dir='ltr' id='par_1_18' title="bbox 543 1705 2129 1779">
     <span class='ocr_line' id='line_1_18' title="bbox 543 1705 2129 1779; baseline -0.002 -14"><span class='ocrx_word' id='word_1_113' title='bbox 543 1717 751 1779; x_wconf 91' lang='lat' dir='ltr'><strong>septem</strong></span> <span class='ocrx_word' id='word_1_114' title='bbox 796 1708 1185 1764; x_wconf 82' lang='lat' dir='ltr'><strong>universalium</strong></span> <span class='ocrx_word' id='word_1_115' title='bbox 1242 1706 1597 1764; x_wconf 86' lang='lat' dir='ltr'><strong>conciliorum</strong></span> <span class='ocrx_word' id='word_1_116' title='bbox 1646 1705 1970 1761; x_wconf 84' lang='lat' dir='ltr'><strong>auctoritate</strong></span> <span class='ocrx_word' id='word_1_117' title='bbox 2001 1720 2129 1762; x_wconf 88' lang='lat' dir='ltr'><strong>nec-</strong></span> 
     </span>
    </p>
   </div>
   <div class='ocr_carea' id='block_1_19' title="bbox 542 1785 2208 1869">
    <p class='ocr_par' dir='ltr' id='par_1_19' title="bbox 542 1785 2208 1869">
     <span class='ocr_line' id='line_1_19' title="bbox 542 1785 2208 1869; baseline -0.004 -15"><span class='ocrx_word' id='word_1_118' title='bbox 542 1816 651 1855; x_wconf 72' lang='lat' dir='ltr'><strong>non</strong></span> <span class='ocrx_word' id='word_1_119' title='bbox 678 1807 733 1854; x_wconf 91' lang='lat' dir='ltr'><strong>et</strong></span> <span class='ocrx_word' id='word_1_120' title='bbox 769 1797 1003 1869; x_wconf 89' lang='lat' dir='ltr'><strong>Spiritus</strong></span> <span class='ocrx_word' id='word_1_121' title='bbox 1042 1798 1217 1854; x_wconf 87' lang='lat' dir='ltr'><strong>sancti</strong></span> <span class='ocrx_word' id='word_1_122' title='bbox 1241 1797 1447 1868; x_wconf 87' lang='lat' dir='ltr'><strong>judicio</strong></span> <span class='ocrx_word' id='word_1_123' title='bbox 1488 1796 1636 1853; x_wconf 88' lang='lat' dir='ltr'><strong>omni</strong></span> <span class='ocrx_word' id='word_1_124' title='bbox 1685 1796 2013 1853; x_wconf 88' lang='lat' dir='ltr'><strong>sacerdotali</strong></span> <span class='ocrx_word' id='word_1_125' title='bbox 2035 1797 2131 1853; x_wconf 78' lang='lat' dir='ltr'><strong>ho-</strong></span> <span class='ocrx_word' id='word_1_126' title='bbox 2166 1785 2208 1847; x_wconf 85' lang='grc' dir='ltr'><strong><em>Β</em></strong></span> 
     </span>
    </p>
   </div>
   <div class='ocr_carea' id='block_1_20' title="bbox 545 1885 2133 1953">
    <p class='ocr_par' dir='ltr' id='par_1_20' title="bbox 545 1885 2133 1953">
     <span class='ocr_line' id='line_1_20' title="bbox 545 1885 2133 1953; baseline -0.003 -7"><span class='ocrx_word' id='word_1_127' title='bbox 545 1904 680 1946; x_wconf 92' lang='lat' dir='ltr'><strong>nore</strong></span> <span class='ocrx_word' id='word_1_128' title='bbox 706 1899 761 1944; x_wconf 91' lang='lat' dir='ltr'><strong>et</strong></span> <span class='ocrx_word' id='word_1_129' title='bbox 798 1888 1017 1944; x_wconf 87' lang='lat' dir='ltr'><strong>nomine</strong></span> <span class='ocrx_word' id='word_1_130' title='bbox 1068 1888 1294 1953; x_wconf 89' lang='lat' dir='ltr'><strong>alienus,</strong></span> <span class='ocrx_word' id='word_1_131' title='bbox 1335 1895 1388 1943; x_wconf 92' lang='lat' dir='ltr'><strong>et</strong></span> <span class='ocrx_word' id='word_1_132' title='bbox 1426 1887 1574 1943; x_wconf 92' lang='lat' dir='ltr'><strong>omni</strong></span> <span class='ocrx_word' id='word_1_133' title='bbox 1621 1885 1797 1942; x_wconf 80' lang='lat' dir='ltr'><strong>cilicio</strong></span> <span class='ocrx_word' id='word_1_134' title='bbox 1846 1886 2133 1942; x_wconf 89' lang='lat' dir='ltr'><strong>clericatus</strong></span> 
     </span>
    </p>
   </div>
   <div class='ocr_carea' id='block_1_21' title="bbox 542 1975 2134 2045">
    <p class='ocr_par' dir='ltr' id='par_1_21' title="bbox 542 1975 2134 2045">
     <span class='ocr_line' id='line_1_21' title="bbox 542 1975 2134 2045; baseline -0.003 -11"><span class='ocrx_word' id='word_1_135' title='bbox 542 1986 758 2042; x_wconf 81' lang='lat' dir='ltr'><strong>exutus,</strong></span> <span class='ocrx_word' id='word_1_136' title='bbox 789 1980 864 2032; x_wconf 91' lang='lat' dir='ltr'><strong>ita</strong></span> <span class='ocrx_word' id='word_1_137' title='bbox 891 1985 947 2032; x_wconf 90' lang='lat' dir='ltr'><strong>ut</strong></span> <span class='ocrx_word' id='word_1_138' title='bbox 993 1977 1038 2032; x_wconf 91' lang='lat' dir='ltr'><strong>si</strong></span> <span class='ocrx_word' id='word_1_139' title='bbox 1078 1976 1304 2032; x_wconf 87' lang='lat' dir='ltr'><strong>ulterius</strong></span> <span class='ocrx_word' id='word_1_140' title='bbox 1332 1992 1494 2032; x_wconf 90' lang='lat' dir='ltr'><strong>ausus</strong></span> <span class='ocrx_word' id='word_1_141' title='bbox 1525 1976 1691 2032; x_wconf 90' lang='lat' dir='ltr'><strong>lueris</strong></span> <span class='ocrx_word' id='word_1_142' title='bbox 1723 1988 1873 2030; x_wconf 90' lang='lat' dir='ltr'><strong>more</strong></span> <span class='ocrx_word' id='word_1_143' title='bbox 1902 1975 2134 2045; x_wconf 88' lang='lat' dir='ltr'><strong>pristino</strong></span> 
     </span>
    </p>
   </div>
   <div class='ocr_carea' id='block_1_22' title="bbox 548 2065 2135 2140">
    <p class='ocr_par' dir='ltr' id='par_1_22' title="bbox 548 2065 2135 2140">
     <span class='ocr_line' id='line_1_22' title="bbox 548 2065 2135 2140; baseline -0.002 -17"><span class='ocrx_word' id='word_1_144' title='bbox 548 2069 751 2140; x_wconf 86' lang='lat' dir='ltr'><strong>aliquid</strong></span> <span class='ocrx_word' id='word_1_145' title='bbox 782 2068 848 2123; x_wconf 91' lang='lat' dir='ltr'><strong>de</strong></span> <span class='ocrx_word' id='word_1_146' title='bbox 889 2083 1045 2123; x_wconf 89' lang='lat' dir='ltr'><strong>sacro</strong></span> <span class='ocrx_word' id='word_1_147' title='bbox 1092 2068 1394 2123; x_wconf 86' lang='lat' dir='ltr'><strong>ministerio</strong></span> <span class='ocrx_word' id='word_1_148' title='bbox 1422 2068 1759 2138; x_wconf 78' lang='lat' dir='ltr'><strong>contingere,</strong></span> <span class='ocrx_word' id='word_1_149' title='bbox 1788 2065 1940 2121; x_wconf 88' lang='lat' dir='ltr'><strong>nullo</strong></span> <span class='ocrx_word' id='word_1_150' title='bbox 1976 2066 2135 2120; x_wconf 91' lang='lat' dir='ltr'><strong>modo</strong></span> 
     </span>
    </p>
   </div>
   <div class='ocr_carea' id='block_1_23' title="bbox 546 2154 2134 2228">
    <p class='ocr_par' dir='ltr' id='par_1_23' title="bbox 546 2154 2134 2228">
     <span class='ocr_line' id='line_1_23' title="bbox 546 2154 2134 2228; baseline -0.002 -14"><span class='ocrx_word' id='word_1_151' title='bbox 546 2162 642 2216; x_wconf 84' lang='lat' dir='ltr'><strong>tibi</strong></span> <span class='ocrx_word' id='word_1_152' title='bbox 674 2160 833 2215; x_wconf 82' lang='lat' dir='ltr'><strong>liceat</strong></span> <span class='ocrx_word' id='word_1_153' title='bbox 862 2162 1271 2215; x_wconf 86' lang='lat' dir='ltr'><strong>commnniones</strong></span> <span class='ocrx_word' id='word_1_154' title='bbox 1297 2158 1379 2215; x_wconf 92' lang='lat' dir='ltr'><strong>vel</strong></span> <span class='ocrx_word' id='word_1_155' title='bbox 1426 2158 1817 2214; x_wconf 84' lang='lat' dir='ltr'><strong>satisfactionis</strong></span> <span class='ocrx_word' id='word_1_156' title='bbox 1854 2171 2005 2228; x_wconf 87' lang='lat' dir='ltr'><strong>spem</strong></span> <span class='ocrx_word' id='word_1_157' title='bbox 2038 2154 2134 2211; x_wconf 83' lang='lat' dir='ltr'><strong>ita-</strong></span> 
     </span>
    </p>
   </div>
   <div class='ocr_carea' id='block_1_24' title="bbox 542 2250 2132 2323">
    <p class='ocr_par' dir='ltr' id='par_1_24' title="bbox 542 2250 2132 2323">
     <span class='ocr_line' id='line_1_24' title="bbox 542 2250 2132 2323; baseline -0.003 -16"><span class='ocrx_word' id='word_1_158' title='bbox 542 2254 693 2319; x_wconf 87' lang='lat' dir='ltr'><strong>bere,</strong></span> <span class='ocrx_word' id='word_1_159' title='bbox 727 2253 819 2307; x_wconf 88' lang='lat' dir='ltr'><strong>scd</strong></span> <span class='ocrx_word' id='word_1_160' title='bbox 869 2253 922 2306; x_wconf 93' lang='lat' dir='ltr'><strong>in</strong></span> <span class='ocrx_word' id='word_1_161' title='bbox 973 2261 1293 2323; x_wconf 84' lang='lat' dir='ltr'><strong>perpetuum</strong></span> <span class='ocrx_word' id='word_1_162' title='bbox 1348 2250 1877 2315; x_wconf 88' lang='lat' dir='ltr'><strong>anathematizatus,</strong></span> <span class='ocrx_word' id='word_1_163' title='bbox 1929 2261 2132 2318; x_wconf 89' lang='lat' dir='ltr'><strong>corpus</strong></span> 
     </span>
    </p>
   </div>
   <div class='ocr_carea' id='block_1_25' title="bbox 542 2338 2131 2418">
    <p class='ocr_par' dir='ltr' id='par_1_25' title="bbox 542 2338 2131 2418">
     <span class='ocr_line' id='line_1_25' title="bbox 542 2338 2131 2418; baseline -0.004 -17"><span class='ocrx_word' id='word_1_164' title='bbox 542 2355 597 2401; x_wconf 88' lang='lat' dir='ltr'><strong>et</strong></span> <span class='ocrx_word' id='word_1_165' title='bbox 618 2347 937 2418; x_wconf 81' lang='lat' dir='ltr'><strong>sanguinem</strong></span> <span class='ocrx_word' id='word_1_166' title='bbox 968 2345 1178 2401; x_wconf 89' lang='lat' dir='ltr'><strong>Domini</strong></span> <span class='ocrx_word' id='word_1_167' title='bbox 1205 2344 1383 2400; x_wconf 89' lang='lat' dir='ltr'><strong>vicino</strong></span> <span class='ocrx_word' id='word_1_168' title='bbox 1413 2351 1622 2398; x_wconf 88' lang='lat' dir='ltr'><strong>tantum</strong></span> <span class='ocrx_word' id='word_1_169' title='bbox 1667 2342 1861 2398; x_wconf 89' lang='lat' dir='ltr'><strong>mortis</strong></span> <span class='ocrx_word' id='word_1_170' title='bbox 1891 2338 2131 2400; x_wconf 78' lang='lat' dir='ltr'><strong>periculo</strong></span> 
     </span>
    </p>
   </div>
   <div class='ocr_carea' id='block_1_26' title="bbox 541 2437 828 2508">
    <p class='ocr_par' dir='ltr' id='par_1_26' title="bbox 541 2437 828 2508">
     <span class='ocr_line' id='line_1_26' title="bbox 541 2437 828 2508; baseline -0.007 -16"><span class='ocrx_word' id='word_1_171' title='bbox 541 2452 662 2508; x_wconf 69' lang='lat' dir='ltr'><strong>perc</strong></span> <span class='ocrx_word' id='word_1_172' title='bbox 675 2437 828 2507; x_wconf 90' lang='lat' dir='ltr'><strong>ipias.</strong></span> 
     </span>
    </p>
   </div>
   <div class='ocr_carea' id='block_1_27' title="bbox 691 2758 1978 2835">
    <p class='ocr_par' dir='ltr' id='par_1_27' title="bbox 691 2758 1978 2835">
     <span class='ocr_line' id='line_1_27' title="bbox 691 2758 1978 2835; baseline -0.005 -14"><span class='ocrx_word' id='word_1_173' title='bbox 691 2778 1040 2822; x_wconf 65' lang='lat' dir='ltr'><strong>nimi-miunt</strong></span> <span class='ocrx_word' id='word_1_174' title='bbox 1082 2779 1269 2835; x_wconf 65' lang='lat' dir='ltr'><strong>manu</strong></span> <span class='ocrx_word' id='word_1_175' title='bbox 1309 2778 1455 2818; x_wconf 64' lang='lat' dir='ltr'><strong>eam</strong></span> <span class='ocrx_word' id='word_1_176' title='bbox 1503 2778 1542 2819; x_wconf 88' lang='grc' dir='ltr'><strong>ιι</strong></span> <span class='ocrx_word' id='word_1_177' title='bbox 1580 2758 1682 2819; x_wconf 75' lang='lat' dir='ltr'><strong>rso</strong></span> <span class='ocrx_word' id='word_1_178' title='bbox 1727 2775 1978 2818; x_wconf 71' lang='lat' dir='ltr'><strong>sccuasra</strong></span> 
     </span>
    </p>
   </div>
   <div class='ocr_carea' id='block_1_28' title="bbox 1122 2848 1531 2889">
    <p class='ocr_par' dir='ltr' id='par_1_28' title="bbox 1122 2848 1531 2889">
     <span class='ocr_line' id='line_1_28' title="bbox 1122 2848 1531 2889; baseline 0 0"><span class='ocrx_word' id='word_1_179' title='bbox 1122 2848 1531 2889; x_wconf 70' lang='lat' dir='ltr'><strong>‘IIAHBURGENSL</strong></span> 
     </span>
    </p>
   </div>
   <div class='ocr_carea' id='block_1_29' title="bbox 1151 2923 1525 2996">
    <p class='ocr_par' dir='ltr' id='par_1_29' title="bbox 1151 2923 1525 2996">
     <span class='ocr_line' id='line_1_29' title="bbox 1151 2923 1525 2996; baseline -0.003 -17"><span class='ocrx_word' id='word_1_180' title='bbox 1151 2924 1330 2996; x_wconf 82' lang='lat' dir='ltr'><strong>(Anno</strong></span> <span class='ocrx_word' id='word_1_181' title='bbox 1373 2923 1525 2995; x_wconf 65' lang='lat'><strong>946.)</strong></span> 
     </span>
    </p>
   </div>
   <div class='ocr_carea' id='block_1_30' title="bbox 752 3038 1911 3115">
    <p class='ocr_par' dir='ltr' id='par_1_30' title="bbox 752 3038 1911 3115">
     <span class='ocr_line' id='line_1_30' title="bbox 752 3038 1911 3115; baseline -0.003 -19"><span class='ocrx_word' id='word_1_182' title='bbox 752 3041 1149 3115; x_wconf 76' lang='lat' dir='ltr'><strong>[Lappenberg,</strong></span> <span class='ocrx_word' id='word_1_183' title='bbox 1190 3039 1610 3111; x_wconf 76' lang='lat' dir='ltr'><strong>Hamburgische</strong></span> <span class='ocrx_word' id='word_1_184' title='bbox 1646 3038 1911 3109; x_wconf 70' lang='lat' dir='ltr'><strong>Urkurtd.l</strong></span> 
     </span>
    </p>
   </div>
   <div class='ocr_carea' id='block_1_31' title="bbox 2241 527 3749 603">
    <p class='ocr_par' dir='ltr' id='par_1_31' title="bbox 2241 527 3749 603">
     <span class='ocr_line' id='line_1_31' title="bbox 2241 527 3749 603; baseline 0.006 -24"><span class='ocrx_word' id='word_1_185' title='bbox 2241 541 2347 596; x_wconf 89' lang='lat' dir='ltr'><strong>que</strong></span> <span class='ocrx_word' id='word_1_186' title='bbox 2393 527 2651 583; x_wconf 77' lang='lat' dir='ltr'><strong>Ecclesia:</strong></span> <span class='ocrx_word' id='word_1_187' title='bbox 2673 567 2689 593; x_wconf 90' lang='lat'><strong>,</strong></span> <span class='ocrx_word' id='word_1_188' title='bbox 2740 528 2888 583; x_wconf 83' lang='lat' dir='ltr'><strong>salva</strong></span> <span class='ocrx_word' id='word_1_189' title='bbox 2918 530 3181 599; x_wconf 80' lang='lat' dir='ltr'><strong>dignitate</strong></span> <span class='ocrx_word' id='word_1_190' title='bbox 3228 530 3399 601; x_wconf 85' lang='lat' dir='ltr'><strong>ipsius</strong></span> <span class='ocrx_word' id='word_1_191' title='bbox 3427 543 3647 588; x_wconf 83' lang='lat' dir='ltr'><strong>maneant</strong></span> <span class='ocrx_word' id='word_1_192' title='bbox 3678 550 3749 603; x_wconf 88' lang='lat' dir='ltr'><strong>po-</strong></span> 
     </span>
    </p>
   </div>
   <div class='ocr_carea' id='block_1_32' title="bbox 2243 614 3751 687">
    <p class='ocr_par' dir='ltr' id='par_1_32' title="bbox 2243 614 3751 687">
     <span class='ocr_line' id='line_1_32' title="bbox 2243 614 3751 687; baseline 0.004 -17"><span class='ocrx_word' id='word_1_193' title='bbox 2243 623 2461 671; x_wconf 83' lang='lat' dir='ltr'><strong>testate.</strong></span> <span class='ocrx_word' id='word_1_194' title='bbox 2491 614 2549 672; x_wconf 86' lang='lat' dir='ltr'><strong>Si</strong></span> <span class='ocrx_word' id='word_1_195' title='bbox 2578 616 2700 687; x_wconf 91' lang='lat' dir='ltr'><strong>quis</strong></span> <span class='ocrx_word' id='word_1_196' title='bbox 2728 626 2908 672; x_wconf 89' lang='lat' dir='ltr'><strong>autem</strong></span> <span class='ocrx_word' id='word_1_197' title='bbox 2936 625 3126 673; x_wconf 88' lang='lat' dir='ltr'><strong>contra</strong></span> <span class='ocrx_word' id='word_1_198' title='bbox 3154 615 3315 686; x_wconf 61' lang='lat' dir='ltr'><strong>huius</strong></span> <span class='ocrx_word' id='word_1_199' title='bbox 3341 627 3533 674; x_wconf 69' lang='lat' dir='ltr'><strong>nostra:</strong></span> <span class='ocrx_word' id='word_1_200' title='bbox 3570 624 3751 676; x_wconf 70' lang='lat' dir='ltr'><strong>auctori-</strong></span> 
     </span>
    </p>
   </div>
   <div class='ocr_carea' id='block_1_33' title="bbox 2232 706 3751 781">
    <p class='ocr_par' dir='ltr' id='par_1_33' title="bbox 2232 706 3751 781">
     <span class='ocr_line' id='line_1_33' title="bbox 2232 706 3751 781; baseline 0.003 -17"><span class='ocrx_word' id='word_1_201' title='bbox 2232 708 2372 765; x_wconf 72' lang='lat' dir='ltr'><strong>tatis</strong></span> <span class='ocrx_word' id='word_1_202' title='bbox 2396 706 2738 779; x_wconf 78' lang='lat' dir='ltr'><strong>privilegium</strong></span> <span class='ocrx_word' id='word_1_203' title='bbox 2771 708 2850 763; x_wconf 87' lang='lat' dir='ltr'><strong>ire</strong></span> <span class='ocrx_word' id='word_1_204' title='bbox 2879 709 3170 765; x_wconf 85' lang='lat' dir='ltr'><strong>tentaverit</strong></span> <span class='ocrx_word' id='word_1_205' title='bbox 3201 749 3216 773; x_wconf 92' lang='lat'><strong>,</strong></span> <span class='ocrx_word' id='word_1_206' title='bbox 3259 720 3317 765; x_wconf 88' lang='lat' dir='ltr'><strong>et</strong></span> <span class='ocrx_word' id='word_1_207' title='bbox 3360 713 3694 781; x_wconf 87' lang='lat' dir='ltr'><strong>quoqnomodo</strong></span> <span class='ocrx_word' id='word_1_208' title='bbox 3714 714 3751 768; x_wconf 88' lang='lat' dir='ltr'><strong>in</strong></span> 
     </span>
    </p>
   </div>
   <div class='ocr_carea' id='block_1_34' title="bbox 2238 795 3756 868">
    <p class='ocr_par' dir='ltr' id='par_1_34' title="bbox 2238 795 3756 868">
     <span class='ocr_line' id='line_1_34' title="bbox 2238 795 3756 868; baseline 0.001 -18"><span class='ocrx_word' id='word_1_209' title='bbox 2238 805 2392 868; x_wconf 88' lang='lat' dir='ltr'><strong>parte</strong></span> <span class='ocrx_word' id='word_1_210' title='bbox 2416 795 2500 852; x_wconf 87' lang='lat' dir='ltr'><strong>vel</strong></span> <span class='ocrx_word' id='word_1_211' title='bbox 2528 797 2583 851; x_wconf 89' lang='lat' dir='ltr'><strong>in</strong></span> <span class='ocrx_word' id='word_1_212' title='bbox 2606 796 2998 866; x_wconf 79' lang='lat' dir='ltr'><strong>totol&#39;rangere</strong></span> <span class='ocrx_word' id='word_1_213' title='bbox 3027 795 3175 853; x_wconf 89' lang='lat' dir='ltr'><strong>nisus</strong></span> <span class='ocrx_word' id='word_1_214' title='bbox 3198 797 3386 867; x_wconf 79' lang='lat' dir='ltr'><strong>fuerit,</strong></span> <span class='ocrx_word' id='word_1_215' title='bbox 3412 798 3485 853; x_wconf 88' lang='lat' dir='ltr'><strong>sit</strong></span> <span class='ocrx_word' id='word_1_216' title='bbox 3513 814 3756 857; x_wconf 56' lang='lat' dir='ltr'><strong>excolam-is</strong></span> 
     </span>
    </p>
   </div>
   <div class='ocr_carea' id='block_1_35' title="bbox 2238 888 3754 959">
    <p class='ocr_par' dir='ltr' id='par_1_35' title="bbox 2238 888 3754 959">
     <span class='ocr_line' id='line_1_35' title="bbox 2238 888 3754 959; baseline 0.002 -15"><span class='ocrx_word' id='word_1_217' title='bbox 2238 889 2451 944; x_wconf 89' lang='lat' dir='ltr'><strong>nicatus</strong></span> <span class='ocrx_word' id='word_1_218' title='bbox 2477 904 2508 943; x_wconf 91' lang='lat' dir='ltr'><strong>a</strong></span> <span class='ocrx_word' id='word_1_219' title='bbox 2537 902 2765 958; x_wconf 89' lang='lat' dir='ltr'><strong>corpore</strong></span> <span class='ocrx_word' id='word_1_220' title='bbox 2792 897 2849 945; x_wconf 92' lang='lat' dir='ltr'><strong>et</strong></span> <span class='ocrx_word' id='word_1_221' title='bbox 2875 888 3086 944; x_wconf 71' lang='lat' dir='ltr'><strong>vivifico</strong></span> <span class='ocrx_word' id='word_1_222' title='bbox 3113 889 3379 959; x_wconf 77' lang='lat' dir='ltr'><strong>sanguine</strong></span> <span class='ocrx_word' id='word_1_223' title='bbox 3404 889 3603 944; x_wconf 74' lang='lat' dir='ltr'><strong>Domini</strong></span> <span class='ocrx_word' id='word_1_224' title='bbox 3628 894 3754 948; x_wconf 70' lang='lat' dir='ltr'><strong>nostri</strong></span> 
     </span>
    </p>
   </div>
   <div class='ocr_carea' id='block_1_36' title="bbox 2237 976 3756 1043">
    <p class='ocr_par' dir='ltr' id='par_1_36' title="bbox 2237 976 3756 1043">
     <span class='ocr_line' id='line_1_36' title="bbox 2237 976 3756 1043; baseline 0.003 -12"><span class='ocrx_word' id='word_1_225' title='bbox 2237 976 2364 1032; x_wconf 80' lang='lat' dir='ltr'><strong>Jesu</strong></span> <span class='ocrx_word' id='word_1_226' title='bbox 2393 976 2597 1034; x_wconf 87' lang='lat' dir='ltr'><strong>Christi</strong></span> <span class='ocrx_word' id='word_1_227' title='bbox 2626 1017 2642 1043; x_wconf 93' lang='lat'><strong>,</strong></span> <span class='ocrx_word' id='word_1_228' title='bbox 2671 985 2728 1033; x_wconf 88' lang='lat' dir='ltr'><strong>et</strong></span> <span class='ocrx_word' id='word_1_229' title='bbox 2754 987 2957 1034; x_wconf 68' lang='lat' dir='ltr'><strong>sanctae</strong></span> <span class='ocrx_word' id='word_1_230' title='bbox 2999 979 3092 1034; x_wconf 87' lang='lat' dir='ltr'><strong>Dei</strong></span> <span class='ocrx_word' id='word_1_231' title='bbox 3119 979 3379 1036; x_wconf 72' lang='lat' dir='ltr'><strong>Ecclesia:</strong></span> <span class='ocrx_word' id='word_1_232' title='bbox 3428 980 3571 1035; x_wconf 86' lang='lat' dir='ltr'><strong>aditu</strong></span> <span class='ocrx_word' id='word_1_233' title='bbox 3600 990 3646 1035; x_wconf 84' lang='lat' dir='ltr'><strong>e&#39;.</strong></span> <span class='ocrx_word' id='word_1_234' title='bbox 3666 997 3756 1036; x_wconf 82' lang='lat' dir='ltr'><strong>cuu-</strong></span> 
     </span>
    </p>
   </div>
   <div class='ocr_carea' id='block_1_37' title="bbox 2237 1071 3757 1143">
    <p class='ocr_par' dir='ltr' id='par_1_37' title="bbox 2237 1071 3757 1143">
     <span class='ocr_line' id='line_1_37' title="bbox 2237 1071 3757 1143; baseline 0.005 -18"><span class='ocrx_word' id='word_1_235' title='bbox 2237 1071 2491 1127; x_wconf 91' lang='lat' dir='ltr'><strong>ventione</strong></span> <span class='ocrx_word' id='word_1_236' title='bbox 2517 1078 2821 1141; x_wconf 87' lang='lat' dir='ltr'><strong>separatus.</strong></span> <span class='ocrx_word' id='word_1_237' title='bbox 2855 1072 3191 1130; x_wconf 86' lang='lat' dir='ltr'><strong>Observator</strong></span> <span class='ocrx_word' id='word_1_238' title='bbox 3220 1082 3402 1130; x_wconf 86' lang='lat' dir='ltr'><strong>autem</strong></span> <span class='ocrx_word' id='word_1_239' title='bbox 3441 1075 3589 1143; x_wconf 75' lang='lat' dir='ltr'><strong>hujus</strong></span> <span class='ocrx_word' id='word_1_240' title='bbox 3612 1088 3757 1132; x_wconf 67' lang='lat' dir='ltr'><strong>nostra</strong></span> 
     </span>
    </p>
   </div>
   <div class='ocr_carea' id='block_1_38' title="bbox 2237 1158 3755 1231">
    <p class='ocr_par' dir='ltr' id='par_1_38' title="bbox 2237 1158 3755 1231">
     <span class='ocr_line' id='line_1_38' title="bbox 2237 1158 3755 1231; baseline 0.005 -17"><span class='ocrx_word' id='word_1_241' title='bbox 2237 1160 2623 1217; x_wconf 88' lang='lat' dir='ltr'><strong>admonitionis</strong></span> <span class='ocrx_word' id='word_1_242' title='bbox 2635 1170 2693 1217; x_wconf 88' lang='lat' dir='ltr'><strong>et</strong></span> <span class='ocrx_word' id='word_1_243' title='bbox 2704 1158 2965 1231; x_wconf 83' lang='lat' dir='ltr'><strong>jussiouis</strong></span> <span class='ocrx_word' id='word_1_244' title='bbox 2984 1164 3179 1221; x_wconf 88' lang='lat' dir='ltr'><strong>habeat</strong></span> <span class='ocrx_word' id='word_1_245' title='bbox 3193 1166 3611 1222; x_wconf 81' lang='lat' dir='ltr'><strong>benedictionem</strong></span> <span class='ocrx_word' id='word_1_246' title='bbox 3628 1170 3755 1223; x_wconf 80' lang='lat' dir='ltr'><strong>Omni-</strong></span> 
     </span>
    </p>
   </div>
   <div class='ocr_carea' id='block_1_39' title="bbox 2234 1253 3758 1327">
    <p class='ocr_par' dir='ltr' id='par_1_39' title="bbox 2234 1253 3758 1327">
     <span class='ocr_line' id='line_1_39' title="bbox 2234 1253 3758 1327; baseline 0.003 -19"><span class='ocrx_word' id='word_1_247' title='bbox 2234 1253 2473 1323; x_wconf 89' lang='lat' dir='ltr'><strong>potentis</strong></span> <span class='ocrx_word' id='word_1_248' title='bbox 2500 1254 2619 1320; x_wconf 89' lang='lat' dir='ltr'><strong>Dei,</strong></span> <span class='ocrx_word' id='word_1_249' title='bbox 2648 1254 3038 1327; x_wconf 80' lang='lat' dir='ltr'><strong>beatorumque</strong></span> <span class='ocrx_word' id='word_1_250' title='bbox 3059 1258 3430 1327; x_wconf 86' lang='lat' dir='ltr'><strong>apostolorum</strong></span> <span class='ocrx_word' id='word_1_251' title='bbox 3460 1268 3516 1315; x_wconf 91' lang='lat' dir='ltr'><strong>et</strong></span> <span class='ocrx_word' id='word_1_252' title='bbox 3553 1271 3758 1327; x_wconf 84' lang='lat' dir='ltr'><strong>nostram,</strong></span> 
     </span>
    </p>
   </div>
   <div class='ocr_carea' id='block_1_40' title="bbox 2235 1344 3260 1417">
    <p class='ocr_par' dir='ltr' id='par_1_40' title="bbox 2235 1344 3260 1417">
     <span class='ocr_line' id='line_1_40' title="bbox 2235 1344 3260 1417; baseline 0.007 -20"><span class='ocrx_word' id='word_1_253' title='bbox 2235 1346 2324 1416; x_wconf 89' lang='lat' dir='ltr'><strong>qui</strong></span> <span class='ocrx_word' id='word_1_254' title='bbox 2356 1360 2545 1401; x_wconf 90' lang='lat' dir='ltr'><strong>eorum</strong></span> <span class='ocrx_word' id='word_1_255' title='bbox 2574 1345 2852 1417; x_wconf 77' lang='lat' dir='ltr'><strong>fungimur</strong></span> <span class='ocrx_word' id='word_1_256' title='bbox 2880 1344 3260 1405; x_wconf 78' lang='lat' dir='ltr'><strong>vicariatione.</strong></span> 
     </span>
    </p>
   </div>
   <div class='ocr_carea' id='block_1_41' title="bbox 2307 1435 3764 1507">
    <p class='ocr_par' dir='ltr' id='par_1_41' title="bbox 2307 1435 3764 1507">
     <span class='ocr_line' id='line_1_41' title="bbox 2307 1435 3764 1507; baseline 0.003 -17"><span class='ocrx_word' id='word_1_257' title='bbox 2307 1435 2578 1507; x_wconf 87' lang='lat' dir='ltr'><strong>Scriptum</strong></span> <span class='ocrx_word' id='word_1_258' title='bbox 2648 1451 2748 1507; x_wconf 92' lang='lat' dir='ltr'><strong>per</strong></span> <span class='ocrx_word' id='word_1_259' title='bbox 2826 1454 3048 1494; x_wconf 86' lang='lat' dir='ltr'><strong>manum</strong></span> <span class='ocrx_word' id='word_1_260' title='bbox 3114 1440 3442 1507; x_wconf 79' lang='lat' dir='ltr'><strong>Benedicti,</strong></span> <span class='ocrx_word' id='word_1_261' title='bbox 3518 1440 3764 1497; x_wconf 84' lang='lat' dir='ltr'><strong>cancellarii</strong></span> 
     </span>
    </p>
   </div>
   <div class='ocr_carea' id='block_1_42' title="bbox 2234 1528 3765 1602">
    <p class='ocr_par' dir='ltr' id='par_1_42' title="bbox 2234 1528 3765 1602">
     <span class='ocr_line' id='line_1_42' title="bbox 2234 1528 3765 1602; baseline 0.003 -19"><span class='ocrx_word' id='word_1_262' title='bbox 2234 1540 2436 1583; x_wconf 65' lang='lat' dir='ltr'><strong>sanctae</strong></span> <span class='ocrx_word' id='word_1_263' title='bbox 2474 1528 2733 1586; x_wconf 82' lang='lat' dir='ltr'><strong>Romanae</strong></span> <span class='ocrx_word' id='word_1_264' title='bbox 2772 1530 3028 1588; x_wconf 69' lang='lat' dir='ltr'><strong>Ecclesiae</strong></span> <span class='ocrx_word' id='word_1_265' title='bbox 3051 1532 3105 1588; x_wconf 91' lang='lat' dir='ltr'><strong>in</strong></span> <span class='ocrx_word' id='word_1_266' title='bbox 3141 1546 3325 1590; x_wconf 89' lang='lat' dir='ltr'><strong>mense</strong></span> <span class='ocrx_word' id='word_1_267' title='bbox 3354 1533 3765 1602; x_wconf 71' lang='lat' dir='ltr'><strong>Maio,indictioue</strong></span> 
     </span>
    </p>
   </div>
   <div class='ocr_carea' id='block_1_43' title="bbox 2236 1628 2412 1673">
    <p class='ocr_par' dir='ltr' id='par_1_43' title="bbox 2236 1628 2412 1673">
     <span class='ocr_line' id='line_1_43' title="bbox 2236 1628 2412 1673; baseline -0.006 -1"><span class='ocrx_word' id='word_1_268' title='bbox 2236 1628 2412 1673; x_wconf 77' lang='lat' dir='ltr'><strong>sexta.</strong></span> 
     </span>
    </p>
   </div>
   <div class='ocr_carea' id='block_1_44' title="bbox 2236 1826 3769 1887">
    <p class='ocr_par' dir='ltr' id='par_1_44' title="bbox 2236 1826 3769 1887">
     <span class='ocr_line' id='line_1_44' title="bbox 2236 1826 3769 1887; baseline 0.005 -11"><span class='ocrx_word' id='word_1_269' title='bbox 2236 1833 2405 1877; x_wconf 78' lang='lat' dir='ltr'><strong>BULLA</strong></span> <span class='ocrx_word' id='word_1_270' title='bbox 2444 1837 2630 1878; x_wconf 58' lang='lat' dir='ltr'><strong>EARINI</strong></span> <span class='ocrx_word' id='word_1_271' title='bbox 2668 1839 2813 1878; x_wconf 63' lang='lat' dir='ltr'><strong>PAPJB</strong></span> <span class='ocrx_word' id='word_1_272' title='bbox 2855 1839 2893 1878; x_wconf 89' lang='grc' dir='ltr'><strong>ιι</strong></span> <span class='ocrx_word' id='word_1_273' title='bbox 2929 1838 3365 1881; x_wconf 70' lang='lat' dir='ltr'><strong>CONFIRIIATOBIA</strong></span> <span class='ocrx_word' id='word_1_274' title='bbox 3404 1826 3603 1885; x_wconf 58' lang='grc' dir='ltr'>οιίιιέιῐιι</span> <span class='ocrx_word' id='word_1_275' title='bbox 3626 1828 3769 1887; x_wconf 63' lang='lat' dir='ltr'><strong>lustrat</strong></span> 
     </span>
    </p>
   </div>
   <div class='ocr_carea' id='block_1_45' title="bbox 2529 1908 3534 1955">
    <p class='ocr_par' dir='ltr' id='par_1_45' title="bbox 2529 1908 3534 1955">
     <span class='ocr_line' id='line_1_45' title="bbox 2529 1908 3534 1955; baseline 0.007 -7"><span class='ocrx_word' id='word_1_276' title='bbox 2529 1908 2592 1949; x_wconf 70' lang='lat' dir='ltr'><strong>AC</strong></span> <span class='ocrx_word' id='word_1_277' title='bbox 2629 1908 2878 1950; x_wconf 76' lang='lat' dir='ltr'><strong>BONORUII</strong></span> <span class='ocrx_word' id='word_1_278' title='bbox 2924 1910 3191 1951; x_wconf 53' lang='lat' dir='ltr'><strong>ECCLESIJ’.</strong></span> <span class='ocrx_word' id='word_1_279' title='bbox 3229 1911 3534 1955; x_wconf 71' lang='lat' dir='ltr'><strong>ADBIBNSIS.</strong></span> 
     </span>
    </p>
   </div>
   <div class='ocr_carea' id='block_1_46' title="bbox 2841 2005 3222 2079">
    <p class='ocr_par' dir='ltr' id='par_1_46' title="bbox 2841 2005 3222 2079">
     <span class='ocr_line' id='line_1_46' title="bbox 2841 2005 3222 2079; baseline 0.005 -19"><span class='ocrx_word' id='word_1_280' title='bbox 2841 2005 3021 2078; x_wconf 82' lang='lat' dir='ltr'><strong>(Anno</strong></span> <span class='ocrx_word' id='word_1_281' title='bbox 3072 2006 3222 2079; x_wconf 72' lang='grc'><strong>946.)</strong></span> 
     </span>
    </p>
   </div>
   <div class='ocr_carea' id='block_1_47' title="bbox 2395 2104 3649 2198">
    <p class='ocr_par' dir='ltr' id='par_1_47' title="bbox 2395 2104 3649 2198">
     <span class='ocr_line' id='line_1_47' title="bbox 2395 2104 3649 2198; baseline 0.011 -28"><span class='ocrx_word' id='word_1_282' title='bbox 2395 2115 2697 2189; x_wconf 82' lang='lat' dir='ltr'><strong>[Mnratorl,</strong></span> <span class='ocrx_word' id='word_1_283' title='bbox 2738 2119 2916 2190; x_wconf 76' lang='lat' dir='ltr'><strong>Antiq.</strong></span> <span class='ocrx_word' id='word_1_284' title='bbox 2955 2119 3084 2174; x_wconf 82' lang='lat' dir='ltr'><strong>Ital.</strong></span> <span class='ocrx_word' id='word_1_285' title='bbox 3126 2130 3255 2177; x_wconf 89' lang='lat' dir='ltr'><strong>tom.</strong></span> <span class='ocrx_word' id='word_1_286' title='bbox 3294 2121 3335 2188; x_wconf 84' lang='lat' dir='ltr'><strong>l,</strong></span> <span class='ocrx_word' id='word_1_287' title='bbox 3380 2123 3491 2181; x_wconf 83' lang='lat' dir='ltr'><strong>col.</strong></span> <span class='ocrx_word' id='word_1_288' title='bbox 3529 2104 3649 2198; x_wconf 68' lang='grc'><strong>947]</strong></span> 
     </span>
    </p>
   </div>
   <div class='ocr_carea' id='block_1_48' title="bbox 2304 2248 3596 2321">
    <p class='ocr_par' dir='ltr' id='par_1_48' title="bbox 2304 2248 3596 2321">
     <span class='ocr_line' id='line_1_48' title="bbox 2304 2248 3596 2321; baseline 0.008 -18"><span class='ocrx_word' id='word_1_289' title='bbox 2304 2248 2590 2306; x_wconf 63' lang='lat' dir='ltr'><strong>Manruvus</strong></span> <span class='ocrx_word' id='word_1_290' title='bbox 2617 2263 2925 2321; x_wconf 80' lang='lat' dir='ltr'><strong>episcopus,</strong></span> <span class='ocrx_word' id='word_1_291' title='bbox 2953 2262 3140 2309; x_wconf 83' lang='lat' dir='ltr'><strong>servus</strong></span> <span class='ocrx_word' id='word_1_292' title='bbox 3159 2262 3449 2311; x_wconf 88' lang='lat' dir='ltr'><strong>servorum</strong></span> <span class='ocrx_word' id='word_1_293' title='bbox 3482 2258 3596 2313; x_wconf 90' lang='lat' dir='ltr'><strong>Dei.</strong></span> 
     </span>
    </p>
   </div>
   <div class='ocr_carea' id='block_1_49' title="bbox 2302 2337 3777 2416">
    <p class='ocr_par' dir='ltr' id='par_1_49' title="bbox 2302 2337 3777 2416">
     <span class='ocr_line' id='line_1_49' title="bbox 2302 2337 3777 2416; baseline 0.006 -23"><span class='ocrx_word' id='word_1_294' title='bbox 2302 2337 2566 2394; x_wconf 84' lang='lat' dir='ltr'><strong>Convenit</strong></span> <span class='ocrx_word' id='word_1_295' title='bbox 2600 2341 2896 2409; x_wconf 87' lang='lat' dir='ltr'><strong>apostolico</strong></span> <span class='ocrx_word' id='word_1_296' title='bbox 2933 2342 3303 2400; x_wconf 87' lang='lat' dir='ltr'><strong>moderamine</strong></span> <span class='ocrx_word' id='word_1_297' title='bbox 3346 2348 3685 2416; x_wconf 87' lang='lat' dir='ltr'><strong>poscentibus</strong></span> <span class='ocrx_word' id='word_1_298' title='bbox 3709 2348 3777 2402; x_wconf 69' lang='lat' dir='ltr'><strong>le-</strong></span> 
     </span>
    </p>
   </div>
   <div class='ocr_carea' id='block_1_50' title="bbox 2230 2427 3779 2503">
    <p class='ocr_par' dir='ltr' id='par_1_50' title="bbox 2230 2427 3779 2503">
     <span class='ocr_line' id='line_1_50' title="bbox 2230 2427 3779 2503; baseline 0.003 -18"><span class='ocrx_word' id='word_1_299' title='bbox 2230 2427 2411 2485; x_wconf 85' lang='lat' dir='ltr'><strong>nivola</strong></span> <span class='ocrx_word' id='word_1_300' title='bbox 2433 2429 2809 2499; x_wconf 79' lang='lat' dir='ltr'><strong>compassione</strong></span> <span class='ocrx_word' id='word_1_301' title='bbox 2832 2445 3168 2497; x_wconf 87' lang='lat' dir='ltr'><strong>succurrere,</strong></span> <span class='ocrx_word' id='word_1_302' title='bbox 3204 2443 3257 2490; x_wconf 92' lang='lat' dir='ltr'><strong>et</strong></span> <span class='ocrx_word' id='word_1_303' title='bbox 3288 2437 3630 2503; x_wconf 87' lang='lat' dir='ltr'><strong>poscentium</strong></span> <span class='ocrx_word' id='word_1_304' title='bbox 3655 2450 3779 2492; x_wconf 62' lang='lat' dir='ltr'><strong>sacra</strong></span> 
     </span>
    </p>
   </div>
   <div class='ocr_carea' id='block_1_51' title="bbox 2232 2519 3781 2590">
    <p class='ocr_par' dir='ltr' id='par_1_51' title="bbox 2232 2519 3781 2590">
     <span class='ocr_line' id='line_1_51' title="bbox 2232 2519 3781 2590; baseline 0.005 -15"><span class='ocrx_word' id='word_1_305' title='bbox 2232 2519 2503 2575; x_wconf 86' lang='lat' dir='ltr'><strong>devotioni</strong></span> <span class='ocrx_word' id='word_1_306' title='bbox 2551 2519 2815 2590; x_wconf 89' lang='lat' dir='ltr'><strong>impartiri</strong></span> <span class='ocrx_word' id='word_1_307' title='bbox 2865 2535 3146 2577; x_wconf 82' lang='lat' dir='ltr'><strong>assensum</strong></span> <span class='ocrx_word' id='word_1_308' title='bbox 3186 2539 3299 2580; x_wconf 80' lang='lat' dir='ltr'><strong>:ex</strong></span> <span class='ocrx_word' id='word_1_309' title='bbox 3346 2524 3461 2583; x_wconf 82' lang='lat' dir='ltr'><strong>hoc</strong></span> <span class='ocrx_word' id='word_1_310' title='bbox 3503 2527 3642 2582; x_wconf 88' lang='lat' dir='ltr'><strong>enim</strong></span> <span class='ocrx_word' id='word_1_311' title='bbox 3680 2525 3781 2581; x_wconf 80' lang='lat' dir='ltr'><strong>lucri</strong></span> 
     </span>
    </p>
   </div>
   <div class='ocr_carea' id='block_1_52' title="bbox 2222 2609 3782 2687">
    <p class='ocr_par' dir='ltr' id='par_1_52' title="bbox 2222 2609 3782 2687">
     <span class='ocr_line' id='line_1_52' title="bbox 2222 2609 3782 2687; baseline 0 -22"><span class='ocrx_word' id='word_1_312' title='bbox 2222 2609 2569 2679; x_wconf 85' lang='lat' dir='ltr'><strong>potissimum</strong></span> <span class='ocrx_word' id='word_1_313' title='bbox 2628 2610 2863 2681; x_wconf 88' lang='lat' dir='ltr'><strong>primum</strong></span> <span class='ocrx_word' id='word_1_314' title='bbox 2925 2613 3065 2682; x_wconf 87' lang='lat' dir='ltr'><strong>apud</strong></span> <span class='ocrx_word' id='word_1_315' title='bbox 3112 2614 3459 2671; x_wconf 87' lang='lat' dir='ltr'><strong>conditorem</strong></span> <span class='ocrx_word' id='word_1_316' title='bbox 3507 2616 3782 2687; x_wconf 66' lang='lat' dir='ltr'><strong>praeponitur</strong></span> 
     </span>
    </p>
   </div>
   <div class='ocr_carea' id='block_1_53' title="bbox 2233 2703 3784 2771">
    <p class='ocr_par' dir='ltr' id='par_1_53' title="bbox 2233 2703 3784 2771">
     <span class='ocr_line' id='line_1_53' title="bbox 2233 2703 3784 2771; baseline 0.003 -15"><span class='ocrx_word' id='word_1_317' title='bbox 2233 2703 2420 2767; x_wconf 89' lang='lat' dir='ltr'><strong>Deum,</strong></span> <span class='ocrx_word' id='word_1_318' title='bbox 2450 2704 2705 2771; x_wconf 90' lang='lat' dir='ltr'><strong>quoniam</strong></span> <span class='ocrx_word' id='word_1_319' title='bbox 2739 2704 3064 2760; x_wconf 86' lang='lat' dir='ltr'><strong>venerabilia</strong></span> <span class='ocrx_word' id='word_1_320' title='bbox 3105 2705 3221 2761; x_wconf 88' lang='lat' dir='ltr'><strong>loca</strong></span> <span class='ocrx_word' id='word_1_321' title='bbox 3269 2708 3340 2763; x_wconf 88' lang='lat' dir='ltr'><strong>ad</strong></span> <span class='ocrx_word' id='word_1_322' title='bbox 3391 2708 3665 2764; x_wconf 88' lang='lat' dir='ltr'><strong>meliorem</strong></span> <span class='ocrx_word' id='word_1_323' title='bbox 3700 2707 3784 2761; x_wconf 78' lang='lat' dir='ltr'><strong>lue-</strong></span> 
     </span>
    </p>
   </div>
   <div class='ocr_carea' id='block_1_54' title="bbox 2231 2793 3781 2870">
    <p class='ocr_par' dir='ltr' id='par_1_54' title="bbox 2231 2793 3781 2870">
     <span class='ocr_line' id='line_1_54' title="bbox 2231 2793 3781 2870; baseline 0.003 -23"><span class='ocrx_word' id='word_1_324' title='bbox 2231 2793 2343 2848; x_wconf 88' lang='lat' dir='ltr'><strong>rint</strong></span> <span class='ocrx_word' id='word_1_325' title='bbox 2382 2802 2581 2849; x_wconf 90' lang='lat' dir='ltr'><strong>statum</strong></span> <span class='ocrx_word' id='word_1_326' title='bbox 2622 2794 2741 2850; x_wconf 89' lang='lat' dir='ltr'><strong>sine</strong></span> <span class='ocrx_word' id='word_1_327' title='bbox 2784 2795 2949 2853; x_wconf 89' lang='lat' dir='ltr'><strong>dubio</strong></span> <span class='ocrx_word' id='word_1_328' title='bbox 2991 2798 3273 2867; x_wconf 86' lang='lat' dir='ltr'><strong>producta.</strong></span> <span class='ocrx_word' id='word_1_329' title='bbox 3320 2799 3513 2870; x_wconf 78' lang='lat' dir='ltr'><strong>Atque</strong></span> <span class='ocrx_word' id='word_1_330' title='bbox 3542 2801 3667 2862; x_wconf 89' lang='lat' dir='ltr'><strong>ideo,</strong></span> <span class='ocrx_word' id='word_1_331' title='bbox 3691 2800 3781 2868; x_wconf 78' lang='lat' dir='ltr'><strong>quia</strong></span> 
     </span>
    </p>
   </div>
   <div class='ocr_carea' id='block_1_55' title="bbox 2226 2883 3784 2961">
    <p class='ocr_par' dir='ltr' id='par_1_55' title="bbox 2226 2883 3784 2961">
     <span class='ocr_line' id='line_1_55' title="bbox 2226 2883 3784 2961; baseline 0.003 -23"><span class='ocrx_word' id='word_1_332' title='bbox 2226 2883 2373 2955; x_wconf 87' lang='lat' dir='ltr'><strong>juste</strong></span> <span class='ocrx_word' id='word_1_333' title='bbox 2409 2893 2466 2940; x_wconf 88' lang='lat' dir='ltr'><strong>et</strong></span> <span class='ocrx_word' id='word_1_334' title='bbox 2520 2885 2914 2943; x_wconf 86' lang='lat' dir='ltr'><strong>rationabiliter</strong></span> <span class='ocrx_word' id='word_1_335' title='bbox 2958 2899 3143 2946; x_wconf 87' lang='lat' dir='ltr'><strong>nostro</strong></span> <span class='ocrx_word' id='word_1_336' title='bbox 3184 2891 3521 2961; x_wconf 83' lang='lat' dir='ltr'><strong>apostolatui</strong></span> <span class='ocrx_word' id='word_1_337' title='bbox 3563 2889 3784 2948; x_wconf 71' lang='lat' dir='ltr'><strong>humiliter</strong></span> 
     </span>
    </p>
   </div>
   <div class='ocr_carea' id='block_1_56' title="bbox 2229 2974 3784 3046">
    <p class='ocr_par' dir='ltr' id='par_1_56' title="bbox 2229 2974 3784 3046">
     <span class='ocr_line' id='line_1_56' title="bbox 2229 2974 3784 3046; baseline 0.001 -15"><span class='ocrx_word' id='word_1_338' title='bbox 2229 2974 2542 3046; x_wconf 77' lang='lat' dir='ltr'><strong>&quot;postulastis</strong></span> <span class='ocrx_word' id='word_1_339' title='bbox 2576 2984 2841 3046; x_wconf 82' lang='lat' dir='ltr'><strong>quatenus</strong></span> <span class='ocrx_word' id='word_1_340' title='bbox 2870 2990 3111 3034; x_wconf 90' lang='lat' dir='ltr'><strong>sanctam</strong></span> <span class='ocrx_word' id='word_1_341' title='bbox 3143 2980 3238 3035; x_wconf 89' lang='lat' dir='ltr'><strong>Dei</strong></span> <span class='ocrx_word' id='word_1_342' title='bbox 3272 2981 3584 3038; x_wconf 85' lang='lat' dir='ltr'><strong>Ecclesiam</strong></span> <span class='ocrx_word' id='word_1_343' title='bbox 3604 2982 3784 3036; x_wconf 77' lang='lat' dir='ltr'><strong>Adi-ien-</strong></span> 
     </span>
    </p>
   </div>
   <div class='ocr_carea' id='block_1_57' title="bbox 2160 3065 3783 3142">
    <p class='ocr_par' dir='ltr' id='par_1_57' title="bbox 2160 3065 3783 3142">
     <span class='ocr_line' id='line_1_57' title="bbox 2160 3065 3783 3142; baseline -0.002 -20"><span class='ocrx_word' id='word_1_344' title='bbox 2160 3132 2200 3142; x_wconf 31' lang='grc' dir='ltr'>ι,</span> <span class='ocrx_word' id='word_1_345' title='bbox 2233 3082 2348 3124; x_wconf 91' lang='lat' dir='ltr'><strong>sem</strong></span> <span class='ocrx_word' id='word_1_346' title='bbox 2377 3065 2516 3123; x_wconf 88' lang='lat' dir='ltr'><strong>beati</strong></span> <span class='ocrx_word' id='word_1_347' title='bbox 2544 3066 2691 3123; x_wconf 85' lang='lat' dir='ltr'><strong>Petri</strong></span> <span class='ocrx_word' id='word_1_348' title='bbox 2720 3068 2944 3139; x_wconf 90' lang='lat' dir='ltr'><strong>apostoli</strong></span> <span class='ocrx_word' id='word_1_349' title='bbox 2970 3069 3178 3125; x_wconf 89' lang='lat' dir='ltr'><strong>Domini</strong></span> <span class='ocrx_word' id='word_1_350' title='bbox 3212 3085 3310 3140; x_wconf 88' lang='lat' dir='ltr'><strong>per</strong></span> <span class='ocrx_word' id='word_1_351' title='bbox 3333 3070 3629 3142; x_wconf 81' lang='lat' dir='ltr'><strong>praesentis</strong></span> <span class='ocrx_word' id='word_1_352' title='bbox 3656 3069 3783 3124; x_wconf 78' lang='lat' dir='ltr'><strong>nostri</strong></span> 
     </span>
    </p>
   </div>
   <div class='ocr_carea' id='block_1_58' title="bbox 614 3136 3783 3241">
    <p class='ocr_par' dir='ltr' id='par_1_58' title="bbox 614 3136 3783 3241">
     <span class='ocr_line' id='line_1_58' title="bbox 614 3136 3783 3241; baseline -0.004 -16"><span class='ocrx_word' id='word_1_353' title='bbox 614 3169 859 3225; x_wconf 70' lang='lat' dir='ltr'><strong>MARlNUS</strong></span> <span class='ocrx_word' id='word_1_354' title='bbox 890 3167 1212 3241; x_wconf 75' lang='lat' dir='ltr'><strong>cpiscopus,</strong></span> <span class='ocrx_word' id='word_1_355' title='bbox 1248 3181 1440 3222; x_wconf 79' lang='lat' dir='ltr'><strong>servus</strong></span> <span class='ocrx_word' id='word_1_356' title='bbox 1489 3178 1771 3220; x_wconf 88' lang='lat' dir='ltr'><strong>servorum</strong></span> <span class='ocrx_word' id='word_1_357' title='bbox 1813 3161 1943 3225; x_wconf 91' lang='lat' dir='ltr'><strong>Dei,</strong></span> <span class='ocrx_word' id='word_1_358' title='bbox 1975 3175 2130 3215; x_wconf 85' lang='lat' dir='ltr'><strong>reve-</strong></span> <span class='ocrx_word' id='word_1_359' title='bbox 2158 3136 2202 3198; x_wconf 59' lang='grc' dir='ltr'><strong>(ἶ</strong></span> <span class='ocrx_word' id='word_1_360' title='bbox 2235 3158 2497 3231; x_wconf 80' lang='lat' dir='ltr'><strong>privilegii</strong></span> <span class='ocrx_word' id='word_1_361' title='bbox 2536 3159 2913 3215; x_wconf 89' lang='lat' dir='ltr'><strong>auctoritatem</strong></span> <span class='ocrx_word' id='word_1_362' title='bbox 2938 3162 3362 3217; x_wconf 86' lang='lat' dir='ltr'><strong>concederemus</strong></span> <span class='ocrx_word' id='word_1_363' title='bbox 3384 3171 3446 3219; x_wconf 88' lang='lat' dir='ltr'><strong>et</strong></span> <span class='ocrx_word' id='word_1_364' title='bbox 3482 3163 3783 3219; x_wconf 76' lang='lat' dir='ltr'><strong>conﬁrmare-</strong></span> 
     </span>
    </p>
   </div>
   <div class='ocr_carea' id='block_1_59' title="bbox 542 3251 2127 3320">
    <p class='ocr_par' dir='ltr' id='par_1_59' title="bbox 542 3251 2127 3320">
     <span class='ocr_line' id='line_1_59' title="bbox 542 3251 2127 3320; baseline -0.009 -2"><span class='ocrx_word' id='word_1_365' title='bbox 542 3261 854 3318; x_wconf 85' lang='lat' dir='ltr'><strong>rentissimo</strong></span> <span class='ocrx_word' id='word_1_366' title='bbox 880 3267 935 3314; x_wconf 91' lang='lat' dir='ltr'><strong>et</strong></span> <span class='ocrx_word' id='word_1_367' title='bbox 959 3256 1300 3313; x_wconf 90' lang='lat' dir='ltr'><strong>sanctissimo</strong></span> <span class='ocrx_word' id='word_1_368' title='bbox 1320 3255 1634 3320; x_wconf 75' lang='lat' dir='ltr'><strong>ADALDAGO,</strong></span> <span class='ocrx_word' id='word_1_369' title='bbox 1652 3261 1852 3309; x_wconf 78' lang='lat' dir='ltr'><strong>sanctae</strong></span> <span class='ocrx_word' id='word_1_370' title='bbox 1874 3251 2127 3305; x_wconf 77' lang='lat' dir='ltr'><strong>ﬂamma-</strong></span> 
     </span>
    </p>
   </div>
   <div class='ocr_carea' id='block_1_60' title="bbox 545 3338 2123 3425">
    <p class='ocr_par' dir='ltr' id='par_1_60' title="bbox 545 3338 2123 3425">
     <span class='ocr_line' id='line_1_60' title="bbox 545 3338 2123 3425; baseline -0.009 -16"><span class='ocrx_word' id='word_1_371' title='bbox 545 3352 831 3425; x_wconf 80' lang='lat' dir='ltr'><strong>burgcnsis</strong></span> <span class='ocrx_word' id='word_1_372' title='bbox 853 3338 1108 3406; x_wconf 72' lang='lat' dir='ltr'><strong>Ecclesia:</strong></span> <span class='ocrx_word' id='word_1_373' title='bbox 1123 3348 1532 3418; x_wconf 87' lang='lat' dir='ltr'><strong>archiepisc0po</strong></span> <span class='ocrx_word' id='word_1_374' title='bbox 1546 3355 1600 3402; x_wconf 91' lang='lat' dir='ltr'><strong>et</strong></span> <span class='ocrx_word' id='word_1_375' title='bbox 1625 3344 1756 3401; x_wconf 80' lang='lat' dir='ltr'><strong>conf</strong></span> <span class='ocrx_word' id='word_1_376' title='bbox 1755 3343 1884 3399; x_wconf 91' lang='lat' dir='ltr'><strong>ratri</strong></span> <span class='ocrx_word' id='word_1_377' title='bbox 1916 3351 2123 3408; x_wconf 85' lang='lat' dir='ltr'><strong>nostro,</strong></span> 
     </span>
    </p>
   </div>
   <div class='ocr_carea' id='block_1_61' title="bbox 538 3432 2124 3514">
    <p class='ocr_par' dir='ltr' id='par_1_61' title="bbox 538 3432 2124 3514">
     <span class='ocr_line' id='line_1_61' title="bbox 538 3432 2124 3514; baseline -0.008 -17"><span class='ocrx_word' id='word_1_378' title='bbox 538 3455 822 3514; x_wconf 88' lang='lat' dir='ltr'><strong>paternam</strong></span> <span class='ocrx_word' id='word_1_379' title='bbox 853 3439 1192 3496; x_wconf 84' lang='lat' dir='ltr'><strong>dilectionem</strong></span> <span class='ocrx_word' id='word_1_380' title='bbox 1217 3445 1273 3492; x_wconf 90' lang='lat' dir='ltr'><strong>et</strong></span> <span class='ocrx_word' id='word_1_381' title='bbox 1295 3444 1610 3508; x_wconf 87' lang='lat' dir='ltr'><strong>perpetuam</strong></span> <span class='ocrx_word' id='word_1_382' title='bbox 1633 3435 1685 3489; x_wconf 92' lang='lat' dir='ltr'><strong>in</strong></span> <span class='ocrx_word' id='word_1_383' title='bbox 1712 3433 1930 3489; x_wconf 89' lang='lat' dir='ltr'><strong>Christo</strong></span> <span class='ocrx_word' id='word_1_384' title='bbox 1959 3432 2124 3487; x_wconf 87' lang='lat' dir='ltr'><strong>bene-</strong></span> 
     </span>
    </p>
   </div>
   <div class='ocr_carea' id='block_1_62' title="bbox 539 3536 848 3591">
    <p class='ocr_par' dir='ltr' id='par_1_62' title="bbox 539 3536 848 3591">
     <span class='ocr_line' id='line_1_62' title="bbox 539 3536 848 3591; baseline -0.013 0"><span class='ocrx_word' id='word_1_385' title='bbox 539 3536 848 3591; x_wconf 89' lang='lat' dir='ltr'><strong>dictionem.</strong></span> 
     </span>
    </p>
   </div>
   <div class='ocr_carea' id='block_1_63' title="bbox 609 3615 2120 3694">
    <p class='ocr_par' dir='ltr' id='par_1_63' title="bbox 609 3615 2120 3694">
     <span class='ocr_line' id='line_1_63' title="bbox 609 3615 2120 3694; baseline -0.007 -15"><span class='ocrx_word' id='word_1_386' title='bbox 609 3625 742 3681; x_wconf 82' lang='lat' dir='ltr'><strong>Cuni</strong></span> <span class='ocrx_word' id='word_1_387' title='bbox 770 3625 873 3694; x_wconf 84' lang='lat' dir='ltr'><strong>piae</strong></span> <span class='ocrx_word' id='word_1_388' title='bbox 904 3620 1231 3677; x_wconf 87' lang='lat' dir='ltr'><strong>desiderium</strong></span> <span class='ocrx_word' id='word_1_389' title='bbox 1262 3618 1553 3676; x_wconf 79' lang='lat' dir='ltr'><strong>voluntatis</strong></span> <span class='ocrx_word' id='word_1_390' title='bbox 1577 3626 1632 3674; x_wconf 91' lang='lat' dir='ltr'><strong>et</strong></span> <span class='ocrx_word' id='word_1_391' title='bbox 1663 3616 1941 3673; x_wconf 64' lang='lat' dir='ltr'><strong>laudandae</strong></span> <span class='ocrx_word' id='word_1_392' title='bbox 1956 3615 2120 3672; x_wconf 84' lang='lat' dir='ltr'><strong>devo-</strong></span> 
     </span>
    </p>
   </div>
   <div class='ocr_carea' id='block_1_64' title="bbox 539 3706 2119 3783">
    <p class='ocr_par' dir='ltr' id='par_1_64' title="bbox 539 3706 2119 3783">
     <span class='ocr_line' id='line_1_64' title="bbox 539 3706 2119 3783; baseline -0.007 -14"><span class='ocrx_word' id='word_1_393' title='bbox 539 3716 700 3770; x_wconf 91' lang='lat' dir='ltr'><strong>tionis</strong></span> <span class='ocrx_word' id='word_1_394' title='bbox 734 3713 962 3769; x_wconf 87' lang='lat' dir='ltr'><strong>intentio</strong></span> <span class='ocrx_word' id='word_1_395' title='bbox 999 3711 1310 3783; x_wconf 87' lang='lat' dir='ltr'><strong>apostolicis</strong></span> <span class='ocrx_word' id='word_1_396' title='bbox 1363 3711 1432 3763; x_wconf 91' lang='lat' dir='ltr'><strong>sit</strong></span> <span class='ocrx_word' id='word_1_397' title='bbox 1468 3724 1683 3777; x_wconf 86' lang='lat' dir='ltr'><strong>semper</strong></span> <span class='ocrx_word' id='word_1_398' title='bbox 1729 3708 1922 3764; x_wconf 88' lang='lat' dir='ltr'><strong>studiis</strong></span> <span class='ocrx_word' id='word_1_399' title='bbox 1964 3706 2119 3775; x_wconf 79' lang='lat' dir='ltr'><strong>adju-</strong></span> 
     </span>
    </p>
   </div>
   <div class='ocr_carea' id='block_1_65' title="bbox 537 3799 2122 3872">
    <p class='ocr_par' dir='ltr' id='par_1_65' title="bbox 537 3799 2122 3872">
     <span class='ocr_line' id='line_1_65' title="bbox 537 3799 2122 3872; baseline -0.006 -11"><span class='ocrx_word' id='word_1_400' title='bbox 537 3808 706 3861; x_wconf 88' lang='lat' dir='ltr'><strong>vanda</strong></span> <span class='ocrx_word' id='word_1_401' title='bbox 733 3845 747 3872; x_wconf 91' lang='lat'><strong>,</strong></span> <span class='ocrx_word' id='word_1_402' title='bbox 775 3821 904 3860; x_wconf 90' lang='lat' dir='ltr'><strong>cura</strong></span> <span class='ocrx_word' id='word_1_403' title='bbox 934 3811 1019 3858; x_wconf 80' lang='lat' dir='ltr'><strong>est</strong></span> <span class='ocrx_word' id='word_1_404' title='bbox 1061 3801 1441 3858; x_wconf 86' lang='lat' dir='ltr'><strong>sollicitudinis</strong></span> <span class='ocrx_word' id='word_1_405' title='bbox 1472 3799 1778 3855; x_wconf 86' lang='lat' dir='ltr'><strong>adhibenda</strong></span> <span class='ocrx_word' id='word_1_406' title='bbox 1820 3806 1880 3852; x_wconf 91' lang='lat' dir='ltr'><strong>ut</strong></span> <span class='ocrx_word' id='word_1_407' title='bbox 1908 3812 1973 3852; x_wconf 90' lang='lat' dir='ltr'><strong>ea</strong></span> <span class='ocrx_word' id='word_1_408' title='bbox 2001 3811 2122 3867; x_wconf 68' lang='lat' dir='ltr'><strong>qua:</strong></span> 
     </span>
    </p>
   </div>
   <div class='ocr_carea' id='block_1_66' title="bbox 537 3888 2119 3967">
    <p class='ocr_par' dir='ltr' id='par_1_66' title="bbox 537 3888 2119 3967">
     <span class='ocr_line' id='line_1_66' title="bbox 537 3888 2119 3967; baseline -0.006 -17"><span class='ocrx_word' id='word_1_409' title='bbox 537 3895 777 3967; x_wconf 81' lang='lat' dir='ltr'><strong>legaliter</strong></span> <span class='ocrx_word' id='word_1_410' title='bbox 814 3899 1105 3964; x_wconf 82' lang='lat' dir='ltr'><strong>geruntur,</strong></span> <span class='ocrx_word' id='word_1_411' title='bbox 1138 3900 1194 3947; x_wconf 85' lang='lat' dir='ltr'><strong>et</strong></span> <span class='ocrx_word' id='word_1_412' title='bbox 1222 3891 1492 3960; x_wconf 79' lang='lat' dir='ltr'><strong>aequitatis</strong></span> <span class='ocrx_word' id='word_1_413' title='bbox 1534 3889 1720 3945; x_wconf 73' lang='lat' dir='ltr'><strong>forma:</strong></span> <span class='ocrx_word' id='word_1_414' title='bbox 1750 3888 2081 3945; x_wconf 86' lang='lat' dir='ltr'><strong>conveniunt</strong></span> <span class='ocrx_word' id='word_1_415' title='bbox 2103 3927 2119 3953; x_wconf 92' lang='lat'><strong>,</strong></span> 
     </span>
    </p>
   </div>
   <div class='ocr_carea' id='block_1_67' title="bbox 535 3978 2122 4054">
    <p class='ocr_par' dir='ltr' id='par_1_67' title="bbox 535 3978 2122 4054">
     <span class='ocr_line' id='line_1_67' title="bbox 535 3978 2122 4054; baseline -0.005 -12"><span class='ocrx_word' id='word_1_416' title='bbox 535 3987 683 4042; x_wconf 88' lang='lat' dir='ltr'><strong>nulla</strong></span> <span class='ocrx_word' id='word_1_417' title='bbox 715 3985 928 4040; x_wconf 84' lang='lat' dir='ltr'><strong>valeant</strong></span> <span class='ocrx_word' id='word_1_418' title='bbox 960 3983 1328 4054; x_wconf 85' lang='lat' dir='ltr'><strong>rel&#39;ragatione</strong></span> <span class='ocrx_word' id='word_1_419' title='bbox 1356 3978 2122 4051; x_wconf 80' lang='lat' dir='ltr'><strong>perturbari,sed‘irrefraga-</strong></span> 
     </span>
    </p>
   </div>
   <div class='ocr_carea' id='block_1_68' title="bbox 532 4069 2119 4147">
    <p class='ocr_par' dir='ltr' id='par_1_68' title="bbox 532 4069 2119 4147">
     <span class='ocr_line' id='line_1_68' title="bbox 532 4069 2119 4147; baseline -0.003 -17"><span class='ocrx_word' id='word_1_420' title='bbox 532 4077 627 4131; x_wconf 85' lang='lat' dir='ltr'><strong>bili</strong></span> <span class='ocrx_word' id='word_1_421' title='bbox 650 4078 794 4147; x_wconf 84' lang='lat' dir='ltr'><strong>jure,</strong></span> <span class='ocrx_word' id='word_1_422' title='bbox 824 4076 933 4130; x_wconf 89' lang='lat' dir='ltr'><strong>Deo</strong></span> <span class='ocrx_word' id='word_1_423' title='bbox 957 4082 1201 4138; x_wconf 84' lang='lat' dir='ltr'><strong>auctore,</strong></span> <span class='ocrx_word' id='word_1_424' title='bbox 1228 4073 1463 4127; x_wconf 88' lang='lat' dir='ltr'><strong>debeant</strong></span> <span class='ocrx_word' id='word_1_425' title='bbox 1486 4086 1823 4143; x_wconf 88' lang='lat' dir='ltr'><strong>permanere.</strong></span> <span class='ocrx_word' id='word_1_426' title='bbox 1842 4071 1910 4128; x_wconf 76' lang='lat' dir='ltr'><strong>Et</strong></span> <span class='ocrx_word' id='word_1_427' title='bbox 1932 4069 2119 4125; x_wconf 87' lang='lat' dir='ltr'><strong>obboc</strong></span> 
     </span>
    </p>
   </div>
   <div class='ocr_carea' id='block_1_69' title="bbox 537 4160 2115 4237">
    <p class='ocr_par' dir='ltr' id='par_1_69' title="bbox 537 4160 2115 4237">
     <span class='ocr_line' id='line_1_69' title="bbox 537 4160 2115 4237; baseline -0.003 -17"><span class='ocrx_word' id='word_1_428' title='bbox 537 4166 848 4237; x_wconf 85' lang='lat' dir='ltr'><strong>apostolicis</strong></span> <span class='ocrx_word' id='word_1_429' title='bbox 890 4165 1242 4237; x_wconf 79' lang='lat' dir='ltr'><strong>promulgatis</strong></span> <span class='ocrx_word' id='word_1_430' title='bbox 1291 4162 1663 4219; x_wconf 86' lang='lat' dir='ltr'><strong>sanctionibus</strong></span> <span class='ocrx_word' id='word_1_431' title='bbox 1723 4162 1940 4233; x_wconf 83' lang='lat' dir='ltr'><strong>prepria</strong></span> <span class='ocrx_word' id='word_1_432' title='bbox 1991 4160 2115 4216; x_wconf 86' lang='lat' dir='ltr'><strong>uui-</strong></span> 
     </span>
    </p>
   </div>
   <div class='ocr_carea' id='block_1_70' title="bbox 540 4253 2120 4330">
    <p class='ocr_par' dir='ltr' id='par_1_70' title="bbox 540 4253 2120 4330">
     <span class='ocr_line' id='line_1_70' title="bbox 540 4253 2120 4330; baseline -0.003 -18"><span class='ocrx_word' id='word_1_433' title='bbox 540 4258 737 4330; x_wconf 90' lang='lat' dir='ltr'><strong>cuique</strong></span> <span class='ocrx_word' id='word_1_434' title='bbox 766 4273 886 4328; x_wconf 57' lang='lat' dir='ltr'><strong>quae</strong></span> <span class='ocrx_word' id='word_1_435' title='bbox 915 4256 1112 4312; x_wconf 87' lang='lat' dir='ltr'><strong>rationi</strong></span> <span class='ocrx_word' id='word_1_436' title='bbox 1140 4263 1449 4327; x_wconf 89' lang='lat' dir='ltr'><strong>suppetunt,</strong></span> <span class='ocrx_word' id='word_1_437' title='bbox 1493 4254 1813 4324; x_wconf 88' lang='lat' dir='ltr'><strong>possidenda</strong></span> <span class='ocrx_word' id='word_1_438' title='bbox 1844 4253 1926 4310; x_wconf 79' lang='lat' dir='ltr'><strong>fas</strong></span> <span class='ocrx_word' id='word_1_439' title='bbox 1951 4254 2120 4326; x_wconf 76' lang='lat' dir='ltr'><strong>exigit</strong></span> 
     </span>
    </p>
   </div>
   <div class='ocr_carea' id='block_1_71' title="bbox 535 4346 2117 4419">
    <p class='ocr_par' dir='ltr' id='par_1_71' title="bbox 535 4346 2117 4419">
     <span class='ocr_line' id='line_1_71' title="bbox 535 4346 2117 4419; baseline -0.003 -14"><span class='ocrx_word' id='word_1_440' title='bbox 535 4350 867 4419; x_wconf 84' lang='lat' dir='ltr'><strong>conﬁrmari.</strong></span> <span class='ocrx_word' id='word_1_441' title='bbox 920 4349 988 4404; x_wconf 90' lang='lat' dir='ltr'><strong>Et</strong></span> <span class='ocrx_word' id='word_1_442' title='bbox 1033 4349 1288 4419; x_wconf 88' lang='lat' dir='ltr'><strong>quoniam</strong></span> <span class='ocrx_word' id='word_1_443' title='bbox 1340 4346 1623 4417; x_wconf 88' lang='lat' dir='ltr'><strong>postulasti</strong></span> <span class='ocrx_word' id='word_1_444' title='bbox 1666 4354 1725 4401; x_wconf 92' lang='lat' dir='ltr'><strong>ut</strong></span> <span class='ocrx_word' id='word_1_445' title='bbox 1777 4346 2117 4418; x_wconf 74' lang='lat' dir='ltr'><strong>privilegium</strong></span> 
     </span>
    </p>
   </div>
   <div class='ocr_carea' id='block_1_72' title="bbox 536 4437 2117 4510">
    <p class='ocr_par' dir='ltr' id='par_1_72' title="bbox 536 4437 2117 4510">
     <span class='ocr_line' id='line_1_72' title="bbox 536 4437 2117 4510; baseline -0.004 -13"><span class='ocrx_word' id='word_1_446' title='bbox 536 4451 640 4497; x_wconf 86' lang='lat' dir='ltr'><strong>tuae</strong></span> <span class='ocrx_word' id='word_1_447' title='bbox 666 4440 967 4498; x_wconf 80' lang='lat' dir='ltr'><strong>faceremus</strong></span> <span class='ocrx_word' id='word_1_448' title='bbox 988 4440 1244 4496; x_wconf 63' lang='lat' dir='ltr'><strong>Ecclesiae</strong></span> <span class='ocrx_word' id='word_1_449' title='bbox 1271 4438 1629 4510; x_wconf 86' lang='lat' dir='ltr'><strong>etapostolica</strong></span> <span class='ocrx_word' id='word_1_450' title='bbox 1648 4438 1874 4494; x_wconf 89' lang='lat' dir='ltr'><strong>tuitione</strong></span> <span class='ocrx_word' id='word_1_451' title='bbox 1899 4437 2117 4493; x_wconf 87' lang='lat' dir='ltr'><strong>robora-</strong></span> 
     </span>
    </p>
   </div>
   <div class='ocr_carea' id='block_1_73' title="bbox 534 4530 2116 4602">
    <p class='ocr_par' dir='ltr' id='par_1_73' title="bbox 534 4530 2116 4602">
     <span class='ocr_line' id='line_1_73' title="bbox 534 4530 2116 4602; baseline -0.004 -15"><span class='ocrx_word' id='word_1_452' title='bbox 534 4531 1122 4600; x_wconf 87' lang='lat' dir='ltr'><strong>vissemus,eamdem</strong></span> <span class='ocrx_word' id='word_1_453' title='bbox 1177 4531 1231 4587; x_wconf 93' lang='lat' dir='ltr'><strong>in</strong></span> <span class='ocrx_word' id='word_1_454' title='bbox 1276 4530 1570 4602; x_wconf 90' lang='lat' dir='ltr'><strong>pristinum</strong></span> <span class='ocrx_word' id='word_1_455' title='bbox 1631 4544 1854 4585; x_wconf 87' lang='lat' dir='ltr'><strong>manere</strong></span> <span class='ocrx_word' id='word_1_456' title='bbox 1913 4537 2116 4584; x_wconf 88' lang='lat' dir='ltr'><strong>statum</strong></span> 
     </span>
    </p>
   </div>
   <div class='ocr_carea' id='block_1_74' title="bbox 515 4608 2127 4693">
    <p class='ocr_par' dir='ltr' id='par_1_74' title="bbox 515 4608 2127 4693">
     <span class='ocr_line' id='line_1_74' title="bbox 515 4608 2127 4693; baseline -0.004 -12"><span class='ocrx_word' id='word_1_457' title='bbox 515 4608 902 4681; x_wconf 36' lang='lat' dir='ltr'><strong>(concedimus.</strong></span> <span class='ocrx_word' id='word_1_458' title='bbox 935 4623 1003 4679; x_wconf 87' lang='lat' dir='ltr'><strong>Et</strong></span> <span class='ocrx_word' id='word_1_459' title='bbox 1028 4622 1322 4693; x_wconf 88' lang='lat' dir='ltr'><strong>apostolico</strong></span> <span class='ocrx_word' id='word_1_460' title='bbox 1345 4622 1467 4691; x_wconf 84' lang='lat' dir='ltr'><strong>jure</strong></span> <span class='ocrx_word' id='word_1_461' title='bbox 1492 4621 1883 4677; x_wconf 84' lang='lat' dir='ltr'><strong>ﬁrmamustibi</strong></span> <span class='ocrx_word' id='word_1_462' title='bbox 1915 4629 2127 4691; x_wconf 71' lang='lat' dir='ltr'><strong>tuaique</strong></span> 
     </span>
    </p>
   </div>
   <div class='ocr_carea' id='block_1_75' title="bbox 536 4716 2127 4789">
    <p class='ocr_par' dir='ltr' id='par_1_75' title="bbox 536 4716 2127 4789">
     <span class='ocr_line' id='line_1_75' title="bbox 536 4716 2127 4789; baseline -0.003 -14"><span class='ocrx_word' id='word_1_463' title='bbox 536 4728 740 4775; x_wconf 72' lang='lat' dir='ltr'><strong>sancta:</strong></span> <span class='ocrx_word' id='word_1_464' title='bbox 787 4716 1272 4789; x_wconf 78' lang='lat' dir='ltr'><strong>Hammaburgensi</strong></span> <span class='ocrx_word' id='word_1_465' title='bbox 1320 4716 1576 4772; x_wconf 81' lang='lat' dir='ltr'><strong>Ecclesiae</strong></span> <span class='ocrx_word' id='word_1_466' title='bbox 1615 4716 2127 4784; x_wconf 88' lang='lat' dir='ltr'><strong>successoribusqne</strong></span> 
     </span>
    </p>
   </div>
   <div class='ocr_carea' id='block_1_76' title="bbox 542 4804 2126 4879">
    <p class='ocr_par' dir='ltr' id='par_1_76' title="bbox 542 4804 2126 4879">
     <span class='ocr_line' id='line_1_76' title="bbox 542 4804 2126 4879; baseline -0.003 -14"><span class='ocrx_word' id='word_1_467' title='bbox 542 4810 653 4865; x_wconf 92' lang='lat' dir='ltr'><strong>tuis</strong></span> <span class='ocrx_word' id='word_1_468' title='bbox 684 4808 830 4864; x_wconf 89' lang='lat' dir='ltr'><strong>illam</strong></span> <span class='ocrx_word' id='word_1_469' title='bbox 857 4808 1175 4879; x_wconf 83' lang='lat' dir='ltr'><strong>dignitatem</strong></span> <span class='ocrx_word' id='word_1_470' title='bbox 1215 4816 1270 4861; x_wconf 91' lang='lat' dir='ltr'><strong>et</strong></span> <span class='ocrx_word' id='word_1_471' title='bbox 1295 4806 1428 4861; x_wconf 82' lang='lat' dir='ltr'><strong>lines</strong></span> <span class='ocrx_word' id='word_1_472' title='bbox 1455 4805 1725 4877; x_wconf 88' lang='lat' dir='ltr'><strong>proprios,</strong></span> <span class='ocrx_word' id='word_1_473' title='bbox 1754 4820 1875 4860; x_wconf 86' lang='lat' dir='ltr'><strong>eum</strong></span> <span class='ocrx_word' id='word_1_474' title='bbox 1910 4804 2126 4875; x_wconf 72' lang='lat' dir='ltr'><strong>pmdiis</strong></span> 
     </span>
    </p>
   </div>
   <div class='ocr_carea' id='block_1_77' title="bbox 534 4894 2124 4967">
    <p class='ocr_par' dir='ltr' id='par_1_77' title="bbox 534 4894 2124 4967">
     <span class='ocr_line' id='line_1_77' title="bbox 534 4894 2124 4967; baseline -0.003 -12"><span class='ocrx_word' id='word_1_475' title='bbox 534 4899 787 4955; x_wconf 89' lang='lat' dir='ltr'><strong>omnibus</strong></span> <span class='ocrx_word' id='word_1_476' title='bbox 814 4906 870 4953; x_wconf 90' lang='lat' dir='ltr'><strong>et</strong></span> <span class='ocrx_word' id='word_1_477' title='bbox 916 4897 1193 4967; x_wconf 86' lang='lat' dir='ltr'><strong>parochiis</strong></span> <span class='ocrx_word' id='word_1_478' title='bbox 1238 4905 1294 4953; x_wconf 89' lang='lat' dir='ltr'><strong>et</strong></span> <span class='ocrx_word' id='word_1_479' title='bbox 1337 4894 1588 4952; x_wconf 88' lang='lat' dir='ltr'><strong>omnibus</strong></span> <span class='ocrx_word' id='word_1_480' title='bbox 1625 4895 1788 4950; x_wconf 87' lang='lat' dir='ltr'><strong>rebus</strong></span> <span class='ocrx_word' id='word_1_481' title='bbox 1835 4894 2124 4951; x_wconf 86' lang='lat' dir='ltr'><strong>mobilibus</strong></span> 
     </span>
    </p>
   </div>
   <div class='ocr_carea' id='block_1_78' title="bbox 534 4987 2118 5058">
    <p class='ocr_par' dir='ltr' id='par_1_78' title="bbox 534 4987 2118 5058">
     <span class='ocr_line' id='line_1_78' title="bbox 534 4987 2118 5058; baseline -0.002 -13"><span class='ocrx_word' id='word_1_482' title='bbox 534 4987 620 5045; x_wconf 86' lang='lat' dir='ltr'><strong>vel</strong></span> <span class='ocrx_word' id='word_1_483' title='bbox 672 4988 1039 5044; x_wconf 91' lang='lat' dir='ltr'><strong>immobilibus</strong></span> <span class='ocrx_word' id='word_1_484' title='bbox 1076 5028 1090 5051; x_wconf 97' lang='lat'><strong>,</strong></span> <span class='ocrx_word' id='word_1_485' title='bbox 1130 5001 1253 5041; x_wconf 91' lang='lat' dir='ltr'><strong>cum</strong></span> <span class='ocrx_word' id='word_1_486' title='bbox 1296 4987 1584 5058; x_wconf 89' lang='lat' dir='ltr'><strong>mancipiis</strong></span> <span class='ocrx_word' id='word_1_487' title='bbox 1625 4987 1911 5056; x_wconf 90' lang='lat' dir='ltr'><strong>utriusque</strong></span> <span class='ocrx_word' id='word_1_488' title='bbox 1958 5000 2118 5042; x_wconf 71' lang='lat' dir='ltr'><strong>sexus</strong></span> 
     </span>
    </p>
   </div>
   <div class='ocr_carea' id='block_1_79' title="bbox 534 5076 2115 5151">
    <p class='ocr_par' dir='ltr' id='par_1_79' title="bbox 534 5076 2115 5151">
     <span class='ocr_line' id='line_1_79' title="bbox 534 5076 2115 5151; baseline -0.002 -16"><span class='ocrx_word' id='word_1_489' title='bbox 534 5082 812 5151; x_wconf 84' lang='lat' dir='ltr'><strong>possidere</strong></span> <span class='ocrx_word' id='word_1_490' title='bbox 832 5089 886 5136; x_wconf 87' lang='lat' dir='ltr'><strong>et</strong></span> <span class='ocrx_word' id='word_1_491' title='bbox 917 5091 1123 5146; x_wconf 88' lang='lat' dir='ltr'><strong>tenere,</strong></span> <span class='ocrx_word' id='word_1_492' title='bbox 1153 5094 1315 5150; x_wconf 90' lang='lat' dir='ltr'><strong>quam</strong></span> <span class='ocrx_word' id='word_1_493' title='bbox 1337 5079 1438 5150; x_wconf 75' lang='lat' dir='ltr'><strong>pia:</strong></span> <span class='ocrx_word' id='word_1_494' title='bbox 1476 5080 1751 5135; x_wconf 62' lang='lat' dir='ltr'><strong>memoriae</strong></span> <span class='ocrx_word' id='word_1_495' title='bbox 1781 5076 2076 5148; x_wconf 74' lang='lat' dir='ltr'><strong>Gregorius</strong></span> <span class='ocrx_word' id='word_1_496' title='bbox 2101 5118 2115 5142; x_wconf 92' lang='lat'><strong>,</strong></span> 
     </span>
    </p>
   </div>
   <div class='ocr_carea' id='block_1_80' title="bbox 2142 4490 2194 4551">
    <p class='ocr_par' dir='ltr' id='par_1_80' title="bbox 2142 4490 2194 4551">
     <span class='ocr_line' id='line_1_80' title="bbox 2142 4490 2194 4551; baseline 0 -4"><span class='ocrx_word' id='word_1_497' title='bbox 2142 4490 2194 4551; x_wconf 88' lang='lat' dir='ltr'><strong>D</strong></span> 
     </span>
    </p>
   </div>
   <div class='ocr_carea' id='block_1_81' title="bbox 540 5262 2088 5286">
    <p class='ocr_par' dir='ltr' id='par_1_81' title="bbox 540 5262 2088 5286">
     <span class='ocr_line' id='line_1_81' title="bbox 540 5262 2088 5286; baseline 0 0"><span class='ocrx_word' id='word_1_498' title='bbox 540 5263 995 5286; x_wconf 67' lang='grc' dir='ltr'><strong>---ι-ε-..ε---..,-....</strong></span> <span class='ocrx_word' id='word_1_499' title='bbox 1030 5264 1077 5286; x_wconf 73' lang='lat'><strong>2..</strong></span> <span class='ocrx_word' id='word_1_500' title='bbox 1111 5273 1193 5286; x_wconf 66' lang='grc' dir='ltr'><strong>ι---</strong></span> <span class='ocrx_word' id='word_1_501' title='bbox 1242 5264 1504 5286; x_wconf 60' lang='grc' dir='ltr'><strong>--..12-..--ξι</strong></span> <span class='ocrx_word' id='word_1_502' title='bbox 1533 5262 1766 5286; x_wconf 67' lang='grc' dir='ltr'><strong>Π..-Ι,.-3..</strong></span> <span class='ocrx_word' id='word_1_503' title='bbox 1829 5262 2088 5286; x_wconf 57' lang='grc' dir='ltr'><strong>..ρ-.-ληκξο</strong></span> 
     </span>
    </p>
   </div>
   <div class='ocr_carea' id='block_1_82' title="bbox 2232 3250 3785 3323">
    <p class='ocr_par' dir='ltr' id='par_1_82' title="bbox 2232 3250 3785 3323">
     <span class='ocr_line' id='line_1_82' title="bbox 2232 3250 3785 3323; baseline 0 -18"><span class='ocrx_word' id='word_1_504' title='bbox 2232 3264 2353 3307; x_wconf 92' lang='lat' dir='ltr'><strong>mus</strong></span> <span class='ocrx_word' id='word_1_505' title='bbox 2408 3261 2598 3307; x_wconf 89' lang='lat' dir='ltr'><strong>omnes</strong></span> <span class='ocrx_word' id='word_1_506' title='bbox 2648 3252 3021 3322; x_wconf 89' lang='lat' dir='ltr'><strong>possessiones</strong></span> <span class='ocrx_word' id='word_1_507' title='bbox 3066 3263 3123 3307; x_wconf 85' lang='lat' dir='ltr'><strong>et</strong></span> <span class='ocrx_word' id='word_1_508' title='bbox 3170 3254 3554 3323; x_wconf 79' lang='lat' dir='ltr'><strong>preprictates</strong></span> <span class='ocrx_word' id='word_1_509' title='bbox 3597 3250 3785 3320; x_wconf 72' lang='lat' dir='ltr'><strong>ejusdem</strong></span> 
     </span>
    </p>
   </div>
   <div class='ocr_carea' id='block_1_83' title="bbox 2230 3342 3784 3415">
    <p class='ocr_par' dir='ltr' id='par_1_83' title="bbox 2230 3342 3784 3415">
     <span class='ocr_line' id='line_1_83' title="bbox 2230 3342 3784 3415; baseline -0.002 -18"><span class='ocrx_word' id='word_1_510' title='bbox 2230 3342 2485 3399; x_wconf 85' lang='lat' dir='ltr'><strong>Ecclesiae</strong></span> <span class='ocrx_word' id='word_1_511' title='bbox 2525 3342 2828 3408; x_wconf 81' lang='lat' dir='ltr'><strong>Adriensis,</strong></span> <span class='ocrx_word' id='word_1_512' title='bbox 2884 3342 2936 3398; x_wconf 89' lang='lat' dir='ltr'><strong>id</strong></span> <span class='ocrx_word' id='word_1_513' title='bbox 2980 3351 3084 3407; x_wconf 91' lang='lat' dir='ltr'><strong>est,</strong></span> <span class='ocrx_word' id='word_1_514' title='bbox 3130 3343 3389 3409; x_wconf 87' lang='lat' dir='ltr'><strong>insulam,</strong></span> <span class='ocrx_word' id='word_1_515' title='bbox 3442 3344 3570 3415; x_wconf 56' lang='lat' dir='ltr'><strong>quae</strong></span> <span class='ocrx_word' id='word_1_516' title='bbox 3610 3349 3784 3398; x_wconf 77' lang='lat' dir='ltr'><strong>vocatur</strong></span> 
     </span>
    </p>
   </div>
   <div class='ocr_carea' id='block_1_84' title="bbox 2225 3430 3785 3507">
    <p class='ocr_par' dir='ltr' id='par_1_84' title="bbox 2225 3430 3785 3507">
     <span class='ocr_line' id='line_1_84' title="bbox 2225 3430 3785 3507; baseline 0 -17"><span class='ocrx_word' id='word_1_517' title='bbox 2225 3434 2485 3501; x_wconf 85' lang='lat' dir='ltr'><strong>Adriana,</strong></span> <span class='ocrx_word' id='word_1_518' title='bbox 2523 3448 2629 3489; x_wconf 89' lang='lat' dir='ltr'><strong>una</strong></span> <span class='ocrx_word' id='word_1_519' title='bbox 2670 3449 2793 3488; x_wconf 91' lang='lat' dir='ltr'><strong>cum</strong></span> <span class='ocrx_word' id='word_1_520' title='bbox 2829 3442 2938 3491; x_wconf 89' lang='lat' dir='ltr'><strong>tota</strong></span> <span class='ocrx_word' id='word_1_521' title='bbox 2981 3434 3114 3489; x_wconf 87' lang='lat' dir='ltr'><strong>silva</strong></span> <span class='ocrx_word' id='word_1_522' title='bbox 3143 3450 3239 3491; x_wconf 90' lang='lat' dir='ltr'><strong>sua</strong></span> <span class='ocrx_word' id='word_1_523' title='bbox 3268 3444 3323 3491; x_wconf 92' lang='lat' dir='ltr'><strong>et</strong></span> <span class='ocrx_word' id='word_1_524' title='bbox 3352 3436 3644 3507; x_wconf 87' lang='lat' dir='ltr'><strong>portubus,</strong></span> <span class='ocrx_word' id='word_1_525' title='bbox 3681 3430 3785 3502; x_wconf 52' lang='lat' dir='ltr'><strong>qua!</strong></span> 
     </span>
    </p>
   </div>
   <div class='ocr_carea' id='block_1_85' title="bbox 2226 3520 3787 3594">
    <p class='ocr_par' dir='ltr' id='par_1_85' title="bbox 2226 3520 3787 3594">
     <span class='ocr_line' id='line_1_85' title="bbox 2226 3520 3787 3594; baseline -0.002 -15"><span class='ocrx_word' id='word_1_526' title='bbox 2226 3530 2309 3579; x_wconf 89' lang='lat' dir='ltr'><strong>est</strong></span> <span class='ocrx_word' id='word_1_527' title='bbox 2334 3532 2520 3594; x_wconf 90' lang='lat' dir='ltr'><strong>portus</strong></span> <span class='ocrx_word' id='word_1_528' title='bbox 2549 3520 2793 3590; x_wconf 78' lang='lat' dir='ltr'><strong>Laureti,</strong></span> <span class='ocrx_word' id='word_1_529' title='bbox 2839 3533 2895 3579; x_wconf 86' lang='lat' dir='ltr'><strong>et</strong></span> <span class='ocrx_word' id='word_1_530' title='bbox 2936 3533 3124 3593; x_wconf 89' lang='lat' dir='ltr'><strong>portus</strong></span> <span class='ocrx_word' id='word_1_531' title='bbox 3164 3526 3361 3589; x_wconf 82' lang='lat' dir='ltr'><strong>Gauri,</strong></span> <span class='ocrx_word' id='word_1_532' title='bbox 3388 3528 3582 3582; x_wconf 88' lang='lat' dir='ltr'><strong>omnia</strong></span> <span class='ocrx_word' id='word_1_533' title='bbox 3613 3526 3661 3581; x_wconf 89' lang='lat' dir='ltr'><strong>in</strong></span> <span class='ocrx_word' id='word_1_534' title='bbox 3682 3525 3787 3579; x_wconf 62' lang='lat' dir='ltr'><strong>inte</strong></span> 
     </span>
    </p>
   </div>
   <div class='ocr_carea' id='block_1_86' title="bbox 2226 3612 3787 3691">
    <p class='ocr_par' dir='ltr' id='par_1_86' title="bbox 2226 3612 3787 3691">
     <span class='ocr_line' id='line_1_86' title="bbox 2226 3612 3787 3691; baseline -0.001 -25"><span class='ocrx_word' id='word_1_535' title='bbox 2226 3627 2381 3684; x_wconf 79' lang='lat' dir='ltr'><strong>grum</strong></span> <span class='ocrx_word' id='word_1_536' title='bbox 2422 3614 2746 3683; x_wconf 85' lang='lat' dir='ltr'><strong>persistente</strong></span> <span class='ocrx_word' id='word_1_537' title='bbox 2786 3628 2957 3685; x_wconf 87' lang='lat' dir='ltr'><strong>usque</strong></span> <span class='ocrx_word' id='word_1_538' title='bbox 2983 3616 3036 3669; x_wconf 89' lang='lat' dir='ltr'><strong>in</strong></span> <span class='ocrx_word' id='word_1_539' title='bbox 3065 3615 3215 3672; x_wconf 80' lang='lat' dir='ltr'><strong>mare</strong></span> <span class='ocrx_word' id='word_1_540' title='bbox 3238 3657 3253 3681; x_wconf 92' lang='lat'><strong>,</strong></span> <span class='ocrx_word' id='word_1_541' title='bbox 3281 3626 3340 3673; x_wconf 90' lang='lat' dir='ltr'><strong>et</strong></span> <span class='ocrx_word' id='word_1_542' title='bbox 3370 3635 3404 3672; x_wconf 85' lang='lat' dir='ltr'><strong>a</strong></span> <span class='ocrx_word' id='word_1_543' title='bbox 3432 3628 3591 3691; x_wconf 89' lang='lat' dir='ltr'><strong>portu</strong></span> <span class='ocrx_word' id='word_1_544' title='bbox 3618 3612 3787 3670; x_wconf 57' lang='grc' dir='ltr'>[Λαιτιί</span> 
     </span>
    </p>
   </div>
   <div class='ocr_carea' id='block_1_87' title="bbox 2225 3703 3789 3775">
    <p class='ocr_par' dir='ltr' id='par_1_87' title="bbox 2225 3703 3789 3775">
     <span class='ocr_line' id='line_1_87' title="bbox 2225 3703 3789 3775; baseline -0.001 -18"><span class='ocrx_word' id='word_1_545' title='bbox 2225 3718 2398 3773; x_wconf 90' lang='lat' dir='ltr'><strong>usque</strong></span> <span class='ocrx_word' id='word_1_546' title='bbox 2441 3704 2494 3758; x_wconf 89' lang='lat' dir='ltr'><strong>in</strong></span> <span class='ocrx_word' id='word_1_547' title='bbox 2550 3704 2738 3759; x_wconf 88' lang='lat' dir='ltr'><strong>canale</strong></span> <span class='ocrx_word' id='word_1_548' title='bbox 2773 3703 2908 3771; x_wconf 88' lang='lat' dir='ltr'><strong>Fea,</strong></span> <span class='ocrx_word' id='word_1_549' title='bbox 2937 3713 2993 3760; x_wconf 85' lang='lat' dir='ltr'><strong>et</strong></span> <span class='ocrx_word' id='word_1_550' title='bbox 3032 3720 3202 3775; x_wconf 91' lang='lat' dir='ltr'><strong>usque</strong></span> <span class='ocrx_word' id='word_1_551' title='bbox 3229 3707 3281 3760; x_wconf 93' lang='lat' dir='ltr'><strong>in</strong></span> <span class='ocrx_word' id='word_1_552' title='bbox 3311 3707 3520 3763; x_wconf 85' lang='lat' dir='ltr'><strong>canale</strong></span> <span class='ocrx_word' id='word_1_553' title='bbox 3546 3706 3789 3761; x_wconf 74' lang='lat' dir='ltr'><strong>Faleeuna</strong></span> 
     </span>
    </p>
   </div>
   <div class='ocr_carea' id='block_1_88' title="bbox 2223 3792 3789 3873">
    <p class='ocr_par' dir='ltr' id='par_1_88' title="bbox 2223 3792 3789 3873">
     <span class='ocr_line' id='line_1_88' title="bbox 2223 3792 3789 3873; baseline -0.001 -26"><span class='ocrx_word' id='word_1_554' title='bbox 2223 3808 2345 3847; x_wconf 86' lang='lat' dir='ltr'><strong>cum</strong></span> <span class='ocrx_word' id='word_1_555' title='bbox 2377 3793 2768 3860; x_wconf 84' lang='lat' dir='ltr'><strong>venationibus,</strong></span> <span class='ocrx_word' id='word_1_556' title='bbox 2797 3795 3210 3863; x_wconf 87' lang='lat' dir='ltr'><strong>piscatiouibus,</strong></span> <span class='ocrx_word' id='word_1_557' title='bbox 3237 3798 3688 3873; x_wconf 71' lang='lat' dir='ltr'><strong>aucupationibus</strong></span> 
     </span>
    </p>
   </div>
   <div class='ocr_carea' id='block_1_89' title="bbox 2224 3884 3787 3957">
    <p class='ocr_par' dir='ltr' id='par_1_89' title="bbox 2224 3884 3787 3957">
     <span class='ocr_line' id='line_1_89' title="bbox 2224 3884 3787 3957; baseline 0.001 -19"><span class='ocrx_word' id='word_1_558' title='bbox 2224 3884 2277 3939; x_wconf 93' lang='lat' dir='ltr'><strong>in</strong></span> <span class='ocrx_word' id='word_1_559' title='bbox 2312 3886 2602 3957; x_wconf 84' lang='lat' dir='ltr'><strong>integrum.</strong></span> <span class='ocrx_word' id='word_1_560' title='bbox 2629 3884 2803 3942; x_wconf 89' lang='lat' dir='ltr'><strong>Simul</strong></span> <span class='ocrx_word' id='word_1_561' title='bbox 2825 3902 3060 3942; x_wconf 89' lang='lat' dir='ltr'><strong>massam</strong></span> <span class='ocrx_word' id='word_1_562' title='bbox 3085 3886 3307 3954; x_wconf 83' lang='lat' dir='ltr'><strong>Quinto,</strong></span> <span class='ocrx_word' id='word_1_563' title='bbox 3328 3898 3387 3943; x_wconf 88' lang='lat' dir='ltr'><strong>et</strong></span> <span class='ocrx_word' id='word_1_564' title='bbox 3409 3889 3555 3944; x_wconf 86' lang='lat' dir='ltr'><strong>silva</strong></span> <span class='ocrx_word' id='word_1_565' title='bbox 3584 3884 3787 3957; x_wconf 83' lang='lat' dir='ltr'><strong>Lapariu.</strong></span> 
     </span>
    </p>
   </div>
   <div class='ocr_carea' id='block_1_90' title="bbox 2223 3965 3791 4052">
    <p class='ocr_par' dir='ltr' id='par_1_90' title="bbox 2223 3965 3791 4052">
     <span class='ocr_line' id='line_1_90' title="bbox 2223 3965 3791 4052; baseline -0.003 -18"><span class='ocrx_word' id='word_1_566' title='bbox 2223 3987 2279 4034; x_wconf 88' lang='lat' dir='ltr'><strong>et</strong></span> <span class='ocrx_word' id='word_1_567' title='bbox 2301 3965 2586 4044; x_wconf 86' lang='lat' dir='ltr'><strong>Latbualo,</strong></span> <span class='ocrx_word' id='word_1_568' title='bbox 2601 3989 2656 4034; x_wconf 92' lang='lat' dir='ltr'><strong>et</strong></span> <span class='ocrx_word' id='word_1_569' title='bbox 2670 3975 2860 4035; x_wconf 87' lang='lat' dir='ltr'><strong>canale</strong></span> <span class='ocrx_word' id='word_1_570' title='bbox 2877 3977 3115 4045; x_wconf 87' lang='lat' dir='ltr'><strong>Trionis,</strong></span> <span class='ocrx_word' id='word_1_571' title='bbox 3134 3992 3230 4034; x_wconf 88' lang='lat' dir='ltr'><strong>seu</strong></span> <span class='ocrx_word' id='word_1_572' title='bbox 3244 3981 3446 4052; x_wconf 63' lang='lat' dir='ltr'><strong>canale</strong></span> <span class='ocrx_word' id='word_1_573' title='bbox 3462 3983 3532 4036; x_wconf 91' lang='lat' dir='ltr'><strong>de</strong></span> <span class='ocrx_word' id='word_1_574' title='bbox 3544 3981 3791 4035; x_wconf 56' lang='lat' dir='ltr'><strong>Airaetcao</strong></span> 
     </span>
    </p>
   </div>
   <div class='ocr_carea' id='block_1_91' title="bbox 2222 4068 3791 4143">
    <p class='ocr_par' dir='ltr' id='par_1_91' title="bbox 2222 4068 3791 4143">
     <span class='ocr_line' id='line_1_91' title="bbox 2222 4068 3791 4143; baseline 0.002 -17"><span class='ocrx_word' id='word_1_575' title='bbox 2222 4072 2343 4127; x_wconf 89' lang='lat' dir='ltr'><strong>nale</strong></span> <span class='ocrx_word' id='word_1_576' title='bbox 2356 4073 2422 4127; x_wconf 88' lang='lat' dir='ltr'><strong>de</strong></span> <span class='ocrx_word' id='word_1_577' title='bbox 2434 4071 2682 4139; x_wconf 88' lang='lat' dir='ltr'><strong>Palo,seu</strong></span> <span class='ocrx_word' id='word_1_578' title='bbox 2694 4071 3090 4143; x_wconf 82' lang='lat' dir='ltr'><strong>Conchagatula</strong></span> <span class='ocrx_word' id='word_1_579' title='bbox 3104 4086 3276 4143; x_wconf 88' lang='lat' dir='ltr'><strong>usque</strong></span> <span class='ocrx_word' id='word_1_580' title='bbox 3288 4072 3341 4126; x_wconf 93' lang='lat' dir='ltr'><strong>in</strong></span> <span class='ocrx_word' id='word_1_581' title='bbox 3354 4072 3605 4143; x_wconf 85' lang='lat' dir='ltr'><strong>piscaria</strong></span> <span class='ocrx_word' id='word_1_582' title='bbox 3618 4068 3791 4139; x_wconf 56' lang='lat' dir='ltr'><strong>Cythiu,</strong></span> 
     </span>
    </p>
   </div>
   <div class='ocr_carea' id='block_1_92' title="bbox 2221 4155 3792 4235">
    <p class='ocr_par' dir='ltr' id='par_1_92' title="bbox 2221 4155 3792 4235">
     <span class='ocr_line' id='line_1_92' title="bbox 2221 4155 3792 4235; baseline -0.007 -16"><span class='ocrx_word' id='word_1_583' title='bbox 2221 4174 2275 4219; x_wconf 90' lang='lat' dir='ltr'><strong>et</strong></span> <span class='ocrx_word' id='word_1_584' title='bbox 2298 4163 2542 4235; x_wconf 87' lang='lat' dir='ltr'><strong>Corrigio</strong></span> <span class='ocrx_word' id='word_1_585' title='bbox 2570 4162 2851 4219; x_wconf 87' lang='lat' dir='ltr'><strong>Susorum.</strong></span> <span class='ocrx_word' id='word_1_586' title='bbox 2887 4163 3065 4232; x_wconf 83' lang='lat' dir='ltr'><strong>Atque</strong></span> <span class='ocrx_word' id='word_1_587' title='bbox 3081 4171 3248 4218; x_wconf 88' lang='lat' dir='ltr'><strong>totam</strong></span> <span class='ocrx_word' id='word_1_588' title='bbox 3267 4162 3514 4219; x_wconf 87' lang='lat' dir='ltr'><strong>insulam</strong></span> <span class='ocrx_word' id='word_1_589' title='bbox 3531 4155 3792 4218; x_wconf 63' lang='grc' dir='ltr'><strong>ἱιιιειδιιιιιὶ⁸</strong></span> 
     </span>
    </p>
   </div>
   <div class='ocr_carea' id='block_1_93' title="bbox 2220 4252 3791 4323">
    <p class='ocr_par' dir='ltr' id='par_1_93' title="bbox 2220 4252 3791 4323">
     <span class='ocr_line' id='line_1_93' title="bbox 2220 4252 3791 4323; baseline -0.006 -12"><span class='ocrx_word' id='word_1_590' title='bbox 2220 4268 2335 4311; x_wconf 88' lang='lat' dir='ltr'><strong>cem</strong></span> <span class='ocrx_word' id='word_1_591' title='bbox 2358 4266 2413 4310; x_wconf 90' lang='lat' dir='ltr'><strong>et</strong></span> <span class='ocrx_word' id='word_1_592' title='bbox 2435 4254 2746 4320; x_wconf 88' lang='lat' dir='ltr'><strong>Tartarum,</strong></span> <span class='ocrx_word' id='word_1_593' title='bbox 2773 4267 2895 4307; x_wconf 90' lang='lat' dir='ltr'><strong>cum</strong></span> <span class='ocrx_word' id='word_1_594' title='bbox 2919 4252 3075 4317; x_wconf 83' lang='lat' dir='ltr'><strong>silva,</strong></span> <span class='ocrx_word' id='word_1_595' title='bbox 3100 4261 3153 4308; x_wconf 89' lang='lat' dir='ltr'><strong>et</strong></span> <span class='ocrx_word' id='word_1_596' title='bbox 3180 4253 3508 4323; x_wconf 80' lang='lat' dir='ltr'><strong>manegium</strong></span> <span class='ocrx_word' id='word_1_597' title='bbox 3524 4260 3791 4321; x_wconf 58' lang='lat' dir='ltr'><strong>atquemsv</strong></span> 
     </span>
    </p>
   </div>
   <div class='ocr_carea' id='block_1_94' title="bbox 2219 4344 3791 4416">
    <p class='ocr_par' dir='ltr' id='par_1_94' title="bbox 2219 4344 3791 4416">
     <span class='ocr_line' id='line_1_94' title="bbox 2219 4344 3791 4416; baseline -0.004 -12"><span class='ocrx_word' id='word_1_598' title='bbox 2219 4363 2333 4404; x_wconf 88' lang='lat' dir='ltr'><strong>sam</strong></span> <span class='ocrx_word' id='word_1_599' title='bbox 2350 4346 2567 4404; x_wconf 88' lang='lat' dir='ltr'><strong>Gavello</strong></span> <span class='ocrx_word' id='word_1_600' title='bbox 2588 4347 2641 4401; x_wconf 92' lang='lat' dir='ltr'><strong>in</strong></span> <span class='ocrx_word' id='word_1_601' title='bbox 2666 4347 2957 4416; x_wconf 76' lang='lat' dir='ltr'><strong>integrum,</strong></span> <span class='ocrx_word' id='word_1_602' title='bbox 2971 4354 3026 4401; x_wconf 92' lang='lat' dir='ltr'><strong>et</strong></span> <span class='ocrx_word' id='word_1_603' title='bbox 3039 4345 3162 4401; x_wconf 88' lang='lat' dir='ltr'><strong>villa</strong></span> <span class='ocrx_word' id='word_1_604' title='bbox 3180 4344 3462 4401; x_wconf 81' lang='lat' dir='ltr'><strong>Martiana</strong></span> <span class='ocrx_word' id='word_1_605' title='bbox 3475 4347 3531 4402; x_wconf 89' lang='lat' dir='ltr'><strong>in</strong></span> <span class='ocrx_word' id='word_1_606' title='bbox 3548 4347 3791 4415; x_wconf 66' lang='lat' dir='ltr'><strong>integrum.</strong></span> 
     </span>
    </p>
   </div>
   <div class='ocr_carea' id='block_1_95' title="bbox 2221 4437 3791 4507">
    <p class='ocr_par' dir='ltr' id='par_1_95' title="bbox 2221 4437 3791 4507">
     <span class='ocr_line' id='line_1_95' title="bbox 2221 4437 3791 4507; baseline -0.007 -12"><span class='ocrx_word' id='word_1_607' title='bbox 2221 4455 2315 4495; x_wconf 80' lang='lat' dir='ltr'><strong>seu</strong></span> <span class='ocrx_word' id='word_1_608' title='bbox 2352 4438 2575 4494; x_wconf 79' lang='lat' dir='ltr'><strong>fundum</strong></span> <span class='ocrx_word' id='word_1_609' title='bbox 2610 4437 2760 4494; x_wconf 82' lang='lat' dir='ltr'><strong>Roda</strong></span> <span class='ocrx_word' id='word_1_610' title='bbox 2797 4453 2919 4493; x_wconf 91' lang='lat' dir='ltr'><strong>cum</strong></span> <span class='ocrx_word' id='word_1_611' title='bbox 2969 4437 3100 4494; x_wconf 90' lang='lat' dir='ltr'><strong>silva</strong></span> <span class='ocrx_word' id='word_1_612' title='bbox 3135 4446 3192 4492; x_wconf 92' lang='lat' dir='ltr'><strong>et</strong></span> <span class='ocrx_word' id='word_1_613' title='bbox 3214 4437 3355 4493; x_wconf 88' lang='lat' dir='ltr'><strong>valle</strong></span> <span class='ocrx_word' id='word_1_614' title='bbox 3389 4438 3502 4493; x_wconf 82' lang='lat' dir='ltr'><strong>sibi</strong></span> <span class='ocrx_word' id='word_1_615' title='bbox 3537 4437 3791 4507; x_wconf 73' lang='lat' dir='ltr'><strong>pertinente</strong></span> 
     </span>
    </p>
   </div>
   <div class='ocr_carea' id='block_1_96' title="bbox 2228 4527 3792 4604">
    <p class='ocr_par' dir='ltr' id='par_1_96' title="bbox 2228 4527 3792 4604">
     <span class='ocr_line' id='line_1_96' title="bbox 2228 4527 3792 4604; baseline -0.006 -16"><span class='ocrx_word' id='word_1_616' title='bbox 2228 4547 2399 4604; x_wconf 86' lang='lat' dir='ltr'><strong>usque</strong></span> <span class='ocrx_word' id='word_1_617' title='bbox 2423 4531 2563 4588; x_wconf 87' lang='lat' dir='ltr'><strong>valle</strong></span> <span class='ocrx_word' id='word_1_618' title='bbox 2583 4530 2863 4586; x_wconf 85' lang='lat' dir='ltr'><strong>Fraxinita</strong></span> <span class='ocrx_word' id='word_1_619' title='bbox 2885 4538 2939 4586; x_wconf 91' lang='lat' dir='ltr'><strong>et</strong></span> <span class='ocrx_word' id='word_1_620' title='bbox 2963 4529 3180 4601; x_wconf 71' lang='lat' dir='ltr'><strong>Lavigie</strong></span> <span class='ocrx_word' id='word_1_621' title='bbox 3209 4538 3264 4585; x_wconf 90' lang='lat' dir='ltr'><strong>et</strong></span> <span class='ocrx_word' id='word_1_622' title='bbox 3294 4528 3614 4585; x_wconf 74' lang='lat' dir='ltr'><strong>Valentina.</strong></span> <span class='ocrx_word' id='word_1_623' title='bbox 3638 4527 3792 4593; x_wconf 64' lang='lat' dir='ltr'><strong>Siccus</strong></span> 
     </span>
    </p>
   </div>
   <div class='ocr_carea' id='block_1_97' title="bbox 2224 4618 3791 4695">
    <p class='ocr_par' dir='ltr' id='par_1_97' title="bbox 2224 4618 3791 4695">
     <span class='ocr_line' id='line_1_97' title="bbox 2224 4618 3791 4695; baseline -0.007 -16"><span class='ocrx_word' id='word_1_624' title='bbox 2224 4623 2471 4695; x_wconf 81' lang='lat' dir='ltr'><strong>Argelem</strong></span> <span class='ocrx_word' id='word_1_625' title='bbox 2512 4619 2772 4690; x_wconf 84' lang='lat' dir='ltr'><strong>majorem</strong></span> <span class='ocrx_word' id='word_1_626' title='bbox 2804 4629 2859 4676; x_wconf 94' lang='lat' dir='ltr'><strong>et</strong></span> <span class='ocrx_word' id='word_1_627' title='bbox 2882 4619 3198 4690; x_wconf 79' lang='lat' dir='ltr'><strong>Grignano,</strong></span> <span class='ocrx_word' id='word_1_628' title='bbox 3243 4618 3360 4674; x_wconf 82' lang='lat' dir='ltr'><strong>sive</strong></span> <span class='ocrx_word' id='word_1_629' title='bbox 3415 4628 3614 4674; x_wconf 85' lang='lat' dir='ltr'><strong>contra</strong></span> <span class='ocrx_word' id='word_1_630' title='bbox 3654 4626 3791 4671; x_wconf 70' lang='lat' dir='ltr'><strong>ntassn</strong></span> 
     </span>
    </p>
   </div>
   <div class='ocr_carea' id='block_1_98' title="bbox 2226 4704 3788 4779">
    <p class='ocr_par' dir='ltr' id='par_1_98' title="bbox 2226 4704 3788 4779">
     <span class='ocr_line' id='line_1_98' title="bbox 2226 4704 3788 4779; baseline -0.005 -10"><span class='ocrx_word' id='word_1_631' title='bbox 2226 4711 2495 4777; x_wconf 84' lang='lat' dir='ltr'><strong>Pedrulio,</strong></span> <span class='ocrx_word' id='word_1_632' title='bbox 2522 4726 2616 4767; x_wconf 90' lang='lat' dir='ltr'><strong>seu</strong></span> <span class='ocrx_word' id='word_1_633' title='bbox 2643 4710 2865 4765; x_wconf 84' lang='lat' dir='ltr'><strong>fundum</strong></span> <span class='ocrx_word' id='word_1_634' title='bbox 2886 4709 3125 4767; x_wconf 85' lang='lat' dir='ltr'><strong>Ponlecli</strong></span> <span class='ocrx_word' id='word_1_635' title='bbox 3148 4723 3320 4779; x_wconf 85' lang='lat' dir='ltr'><strong>usque</strong></span> <span class='ocrx_word' id='word_1_636' title='bbox 3342 4708 3404 4763; x_wconf 86' lang='lat' dir='ltr'><strong>in</strong></span> <span class='ocrx_word' id='word_1_637' title='bbox 3430 4704 3788 4775; x_wconf 75' lang='lat' dir='ltr'><strong>ViboCarario.</strong></span> 
     </span>
    </p>
   </div>
   <div class='ocr_carea' id='block_1_99' title="bbox 2223 4794 3792 4871">
    <p class='ocr_par' dir='ltr' id='par_1_99' title="bbox 2223 4794 3792 4871">
     <span class='ocr_line' id='line_1_99' title="bbox 2223 4794 3792 4871; baseline -0.007 -10"><span class='ocrx_word' id='word_1_638' title='bbox 2223 4819 2278 4861; x_wconf 84' lang='lat' dir='ltr'><strong>et</strong></span> <span class='ocrx_word' id='word_1_639' title='bbox 2324 4804 2548 4860; x_wconf 85' lang='lat' dir='ltr'><strong>fundum</strong></span> <span class='ocrx_word' id='word_1_640' title='bbox 2586 4801 2888 4865; x_wconf 89' lang='lat' dir='ltr'><strong>Lamando,</strong></span> <span class='ocrx_word' id='word_1_641' title='bbox 2938 4809 2996 4856; x_wconf 88' lang='lat' dir='ltr'><strong>et</strong></span> <span class='ocrx_word' id='word_1_642' title='bbox 3042 4801 3300 4871; x_wconf 62' lang='lat' dir='ltr'><strong>praedicta</strong></span> <span class='ocrx_word' id='word_1_643' title='bbox 3342 4816 3545 4857; x_wconf 86' lang='lat' dir='ltr'><strong>massa</strong></span> <span class='ocrx_word' id='word_1_644' title='bbox 3589 4794 3792 4855; x_wconf 74' lang='lat' dir='ltr'><strong>Pedrciio</strong></span> 
     </span>
    </p>
   </div>
   <div class='ocr_carea' id='block_1_100' title="bbox 2223 4882 3791 4969">
    <p class='ocr_par' dir='ltr' id='par_1_100' title="bbox 2223 4882 3791 4969">
     <span class='ocr_line' id='line_1_100' title="bbox 2223 4882 3791 4969; baseline -0.009 -17"><span class='ocrx_word' id='word_1_645' title='bbox 2223 4896 2547 4969; x_wconf 89' lang='lat' dir='ltr'><strong>persistente</strong></span> <span class='ocrx_word' id='word_1_646' title='bbox 2576 4907 2747 4963; x_wconf 86' lang='lat' dir='ltr'><strong>usque</strong></span> <span class='ocrx_word' id='word_1_647' title='bbox 2774 4908 2827 4946; x_wconf 84' lang='lat' dir='ltr'><strong>In</strong></span> <span class='ocrx_word' id='word_1_648' title='bbox 2864 4890 3019 4948; x_wconf 85' lang='lat' dir='ltr'><strong>Stillo</strong></span> <span class='ocrx_word' id='word_1_649' title='bbox 3047 4892 3113 4946; x_wconf 91' lang='lat' dir='ltr'><strong>de</strong></span> <span class='ocrx_word' id='word_1_650' title='bbox 3137 4888 3322 4945; x_wconf 83' lang='lat' dir='ltr'><strong>Baldo.</strong></span> <span class='ocrx_word' id='word_1_651' title='bbox 3378 4890 3617 4961; x_wconf 83' lang='lat' dir='ltr'><strong>Insuper</strong></span> <span class='ocrx_word' id='word_1_652' title='bbox 3636 4882 3791 4943; x_wconf 70' lang='lat' dir='ltr'><strong>conﬁr-</strong></span> 
     </span>
    </p>
   </div>
   <div class='ocr_carea' id='block_1_101' title="bbox 2222 4976 3791 5052">
    <p class='ocr_par' dir='ltr' id='par_1_101' title="bbox 2222 4976 3791 5052">
     <span class='ocr_line' id='line_1_101' title="bbox 2222 4976 3791 5052; baseline -0.007 -10"><span class='ocrx_word' id='word_1_653' title='bbox 2222 5001 2434 5043; x_wconf 90' lang='lat' dir='ltr'><strong>mamus</strong></span> <span class='ocrx_word' id='word_1_654' title='bbox 2462 4993 2516 5039; x_wconf 91' lang='lat' dir='ltr'><strong>et</strong></span> <span class='ocrx_word' id='word_1_655' title='bbox 2542 4983 2956 5038; x_wconf 87' lang='lat' dir='ltr'><strong>corroboramus</strong></span> <span class='ocrx_word' id='word_1_656' title='bbox 2986 4983 3036 5037; x_wconf 92' lang='lat' dir='ltr'><strong>in</strong></span> <span class='ocrx_word' id='word_1_657' title='bbox 3066 4982 3323 5052; x_wconf 71' lang='lat' dir='ltr'><strong>prmdicta</strong></span> <span class='ocrx_word' id='word_1_658' title='bbox 3351 4992 3562 5038; x_wconf 83' lang='lat' dir='ltr'><strong>sancta</strong></span> <span class='ocrx_word' id='word_1_659' title='bbox 3597 4976 3791 5036; x_wconf 60' lang='lat' dir='ltr'><strong>Ecclesia</strong></span> 
     </span>
    </p>
   </div>
   <div class='ocr_carea' id='block_1_102' title="bbox 2221 5068 3788 5146">
    <p class='ocr_par' dir='ltr' id='par_1_102' title="bbox 2221 5068 3788 5146">
     <span class='ocr_line' id='line_1_102' title="bbox 2221 5068 3788 5146; baseline -0.006 -14"><span class='ocrx_word' id='word_1_660' title='bbox 2221 5077 2480 5132; x_wconf 83' lang='lat' dir='ltr'><strong>Adriense</strong></span> <span class='ocrx_word' id='word_1_661' title='bbox 2502 5073 2713 5146; x_wconf 91' lang='lat' dir='ltr'><strong>plebem</strong></span> <span class='ocrx_word' id='word_1_662' title='bbox 2746 5083 2947 5129; x_wconf 69' lang='lat' dir='ltr'><strong>sanctae</strong></span> <span class='ocrx_word' id='word_1_663' title='bbox 2985 5072 3186 5141; x_wconf 61' lang='grc' dir='ltr'><strong>Μαι-ιω,</strong></span> <span class='ocrx_word' id='word_1_664' title='bbox 3220 5086 3338 5145; x_wconf 76' lang='lat' dir='ltr'><strong>qua:</strong></span> <span class='ocrx_word' id='word_1_665' title='bbox 3368 5081 3612 5128; x_wconf 84' lang='lat' dir='ltr'><strong>vocatur</strong></span> <span class='ocrx_word' id='word_1_666' title='bbox 3655 5068 3788 5123; x_wconf 65' lang='lat' dir='ltr'><strong>Corn-1</strong></span> 
     </span>
    </p>
   </div>
   <div class='ocr_carea' id='block_1_103' title="bbox 2220 5154 3791 5236">
    <p class='ocr_par' dir='ltr' id='par_1_103' title="bbox 2220 5154 3791 5236">
     <span class='ocr_line' id='line_1_103' title="bbox 2220 5154 3791 5236; baseline -0.006 -15"><span class='ocrx_word' id='word_1_667' title='bbox 2220 5165 2449 5231; x_wconf 82' lang='lat' dir='ltr'><strong>Cervina</strong></span> <span class='ocrx_word' id='word_1_668' title='bbox 2498 5164 2827 5236; x_wconf 88' lang='lat' dir='ltr'><strong>persistente</strong></span> <span class='ocrx_word' id='word_1_669' title='bbox 2869 5179 2900 5218; x_wconf 89' lang='lat' dir='ltr'><strong>a</strong></span> <span class='ocrx_word' id='word_1_670' title='bbox 2938 5163 3129 5218; x_wconf 89' lang='lat' dir='ltr'><strong>canale</strong></span> <span class='ocrx_word' id='word_1_671' title='bbox 3188 5162 3257 5218; x_wconf 89' lang='lat' dir='ltr'><strong>de</strong></span> <span class='ocrx_word' id='word_1_672' title='bbox 3300 5161 3511 5218; x_wconf 85' lang='lat' dir='ltr'><strong>Finale</strong></span> <span class='ocrx_word' id='word_1_673' title='bbox 3569 5172 3723 5230; x_wconf 80' lang='lat' dir='ltr'><strong>usque</strong></span> <span class='ocrx_word' id='word_1_674' title='bbox 3754 5154 3791 5205; x_wconf 81' lang='lat' dir='ltr'><strong>in</strong></span> 
     </span>
    </p>
   </div>
   <div class='ocr_carea' id='block_1_104' title="bbox 2221 5252 3790 5286">
    <p class='ocr_par' dir='ltr' id='par_1_104' title="bbox 2221 5252 3790 5286">
     <span class='ocr_line' id='line_1_104' title="bbox 2221 5252 3790 5286; baseline 0 0"><span class='ocrx_word' id='word_1_675' title='bbox 2221 5255 2430 5286; x_wconf 65' lang='grc' dir='ltr'><strong>βου-κη·</strong></span> <span class='ocrx_word' id='word_1_676' title='bbox 2476 5264 2528 5286; x_wconf 66' lang='lat' dir='ltr'><strong>n0</strong></span> <span class='ocrx_word' id='word_1_677' title='bbox 2577 5254 2784 5286; x_wconf 61' lang='lat' dir='ltr'><strong>nlnlunnu</strong></span> <span class='ocrx_word' id='word_1_678' title='bbox 2839 5262 3037 5286; x_wconf 59' lang='grc' dir='ltr'><strong>εον-Διη-</strong></span> <span class='ocrx_word' id='word_1_679' title='bbox 3072 5252 3252 5286; x_wconf 61' lang='lat'><strong>“0-0:!!!</strong></span> <span class='ocrx_word' id='word_1_680' title='bbox 3286 5253 3335 5286; x_wconf 70' lang='lat' dir='ltr'><strong>:n</strong></span> <span class='ocrx_word' id='word_1_681' title='bbox 3373 5252 3611 5286; x_wconf 58' lang='grc' dir='ltr'>ξιιιιιηῖη</span> <span class='ocrx_word' id='word_1_682' title='bbox 3665 5258 3790 5286; x_wconf 59' lang='lat' dir='ltr'><strong>mihi</strong></span> 
     </span>
    </p>
   </div>
  </div>
