3964 5356
181 212 251 266 π
1290 182 1654 273 srmone
1694 212 1784 269 ET
1823 212 2236 271 PRIVILECIA.

3322 220 3425 280 878

141 322 219 378 eti
244 323 461 381 Martini
486 326 540 382 in
566 317 845 384 Roviolam
878 328 932 384 in
968 302 1261 400 integrum,
1291 338 1346 383 ct
1371 328 1578 398 plebem
1610 342 1733 383 san-
1760 332 1812 391 Α
1908 327 2022 399 Ego
2057 326 2293 382 Romeus
2317 328 2499 383 domui
2528 328 2745 387 Henrici
2770 330 2910 403 regis
2932 331 3175 388 notarius
3202 308 3428 388 authen-

140 415 220 472 cti
271 418 465 473 Donati
515 419 569 475 in
623 418 898 486 Pedrulio,
944 419 1163 484 habeat,
1207 426 1405 485 teneat,
1466 419 1740 489 possideat

140 508 516 580 suprascripta
548 510 789 567 Ecclesia
817 505 1097 569 Adriensis
1142 511 1197 566 in
1244 511 1535 582 integrum.
1588 510 1741 566 Ideo-

138 602 251 672 (lue
274 618 374 673 per
399 606 682 675 praesentis
710 606 882 663 nostri
913 606 1176 677 privilegii
1203 605 1582 662 auctoritatem
1609 621 1740 661 con-

138 692 428 751 ﬁrmamus
458 696 511 751 in
538 696 793 766 praedicta
816 696 1057 753 Ecclesia
1081 696 1349 753 Adriense
1389 709 1566 751 massa
1594 694 1742 764 Cap-

136 785 371 853 paciana
403 797 458 843 et
484 789 842 857 Leudenaria,
882 805 989 845 uua
1033 804 1157 845 eum
1186 788 1322 844 silva
1362 802 1459 844 sua
1485 803 1656 857 usque
1684 787 1740 841 in

137 874 342 933 ﬂumen
372 878 643 945 Athicem,
674 895 770 935 seu
798 878 1046 945 Sulicini,
1078 889 1133 935 et
1161 879 1420 944 Tribano,
1460 887 1516 933 et
1542 877 1740 932 Mardi-

137 982 337 1039 nagus,
363 976 457 1025 Seu
477 970 834 1040 Anguillaria,
872 978 930 1027 et
972 970 1163 1041 Capite
1206 968 1439 1040 Argelle.
1490 967 1743 1038 Quapro-

136 1068 262 1127 pter
291 1068 476 1115 nostra
506 1061 800 1130 apostolica
840 1061 1225 1132 praeceptione,
1277 1060 1394 1116 sive
1439 1075 1504 1113 ea:
1546 1072 1743 1128 praece-

133 1148 315 1217 ptione
343 1147 669 1204 dilectissimi
696 1150 799 1220 ﬁlii
824 1151 990 1205 nostri
1012 1148 1211 1221 Ugonis
1234 1149 1553 1204 tenuissimi
1579 1147 1736 1219 regis,

135 1236 484 1306 praecipimus
513 1249 573 1293 ut
598 1239 745 1294 nulla
766 1254 942 1310 neque
974 1253 1208 1310 persona
1239 1238 1521 1293 hominum
1555 1236 1742 1306 cujus-

135 1341 355 1397 cunque
388 1329 712 1385 conditionis
742 1329 824 1385 vel
853 1332 1054 1401 gradus
1093 1330 1184 1396 sit,
1209 1330 1325 1385 sive
1350 1329 1630 1400 dignitatis
1654 1332 1741 1386 vel

133 1417 530 1487 religiositatis,
569 1421 845 1475 licentiam
886 1420 1085 1476 habeat
1122 1420 1175 1475 in
1223 1420 1387 1475 rebus
1425 1428 1484 1476 et
1526 1432 1741 1488 posses-

134 1506 385 1565 sionibus
428 1510 701 1580 praedictae
740 1509 997 1566 Ecclesia:
1050 1510 1260 1580 ingredi
1310 1510 1427 1565 sine
1470 1522 1738 1565 consensu

131 1601 395 1673 episcopi,
437 1602 522 1657 vel
554 1603 649 1674 qui
687 1609 885 1674 praeest
937 1602 1040 1673 ipsi
1079 1600 1358 1673 Ecclesiae,
1405 1614 1581 1673 neque
1636 1599 1739 1655 mi-

1842 416 2005 472 ticutn
2052 417 2209 488 hujus
2248 420 2478 490 exempli
2521 420 2631 476 vidi
2673 428 2727 476 et
2754 419 2879 493 legi,
2927 422 3085 477 sicuti
3129 422 3219 478 hic
3260 422 3430 478 conti-

1839 521 1997 563 netur
2026 507 2197 579 (“246).

2586 600 2671 659 lll.

1840 705 2025 747 IARINI
2059 707 2203 746 ΡΔΡᾸΞ
2233 709 2269 748 ll
2287 709 2628 750 PRIVILEGIUN
2665 712 2764 751 PRO
2782 713 3119 755 IIONASTEIUO
3146 714 3427 755 NONANTU'

2361 780 2497 819 LANO
2528 781 2574 819 S.
2599 781 2908 821 SYLVESTRI.

2408 854 2588 925 (Anno
2620 856 2867 929 ate-46.)

2154 940 2394 1015 [Marini,
2423 943 2607 1014 Papiri
2627 945 3007 1016 diplomaticlti,
3033 947 3123 1021 11]

1910 1032 2156 1091 ΜΑιιιΝυε
2183 1034 2489 1106 episcopus,
2527 1051 2719 1092 servus
2767 1053 3049 1094 servorum
3085 1039 3200 1107 Dei,
3246 1040 3427 1097 Τειεο-

1839 1141 2031 1183 boatco
2060 1126 2310 1199 religioso
2345 1129 2525 1185 abbati
2553 1131 2877 1187 venerabilis
2917 1136 3228 1189 monasterii
3251 1139 3425 1192 sancti

1842 1215 2174 1289 Sylvestri...
2219 1218 2492 1273 territorio
2532 1218 2856 1288 Mutinensi,
2910 1237 3116 1278 necnon
3177 1226 3429 1281 omnibus

1838 1306 2261 1377 subjacentibus,
2291 1318 2345 1363 et
2371 1308 2423 1361 in
2447 1319 2773 1379 perpetuo...

1911 1395 2149 1466 Quaeque
2195 1397 2264 1451 ad
2308 1397 2519 1453 laudem
2551 1398 2931 1472 Redemptoris
2974 1402 3069 1458 Dei
3110 1412 3166 1460 et
3212 1405 3427 1461 Domini

1842 1484 2139 1542 Salvatoris
2180 1488 2350 1542 nostri
2400 1486 2529 1544 Jesu
2558 1489 2760 1545 Christi
2790 1495 3064 1562 pertinere
3107 1505 3424 1563 noscuntur,

1841 1586 1898 1632 et
1922 1579 1991 1633 ad
2032 1578 2399 1635 stabilitatem
2418 1582 2804 1639 venerabilium
2835 1586 3075 1642 locorum
3108 1592 3423 1660 respiciunt,

131 1669 339 1758 ,ὥρης
373 1708 547 1763 neque
573 1669 870 1749 'don'ﬁnare
912 1669 1027 1750 sfw
1053 1669 1172 1763 μετ’
1197 1669 1738 1763 hospitama'uonem’
1771 1695 1814 1754 Β
1840 1683 1965 1724 cum
1993 1683 2188 1741 magno
2213 1669 2591 1728 sollicitudinis
2622 1675 2799 1729 studio
2821 1691 2919 1731 nos
2941 1679 3190 1734 convenit
3214 1690 3426 1750 aposto-

129 1781 223 1837 vel
267 1796 365 1851 per
403 1784 950 1847 commendationem,
1000 1783 1084 1838 vel
1138 1783 1375 1853 aliquam
1422 1782 1734 1838 violentiam

130 1869 317 1925 facere
374 1881 684 1942 praesumat.
738 1872 846 1929 Sed
887 1874 1101 1944 potius,
1159 1881 1219 1927 ut
1262 1871 1472 1944 praefati
1523 1885 1733 1939 sumus,

128 1963 356 2017 omnino
383 1963 436 2017 in
468 1972 707 2034 tempore
741 1963 924 2020 salvas
963 1972 1019 2019 et
1064 1964 1263 2019 illaesas
1301 1963 1595 2033 persistant
1628 1976 1734 2016 una

128 2066 259 2106 cum
299 2052 552 2108 omnibus
593 2063 701 2107 tam
732 2052 945 2109 clericis
972 2068 1135 2124 quam
1166 2053 1320 2108 laicis
1345 2061 1399 2107 et
1426 2051 1735 2108 deservien-

133 2142 297 2207 tibus,
327 2158 420 2198 seu
450 2143 809 2200 residentibus
850 2144 1089 2215 ejusdem
1122 2142 1397 2206 Ecclesiae,
1437 2150 1493 2198 et
1544 2154 1734 2197 omnes

127 2248 323 2289 earum
353 2248 444 2290 res
474 2233 785 2301 mobilesct
824 2232 1151 2299 immobiles,
1184 2247 1242 2288 se
1264 2248 1431 2302 seque
1454 2238 1733 2286 moventes

129 2323 186 2377 in
221 2323 489 2393 integrum
525 2331 671 2378 stare
712 2322 892 2392 quiete
914 2330 970 2376 et
1000 2320 1225 2392 paciﬁce
1268 2320 1453 2377 vivere
1492 2318 1732 2374 omnium

128 2413 414 2469 hominum
467 2424 674 2469 remota
727 2412 1119 2469 controversia.
1198 2410 1333 2466 Nam
1368 2451 1383 2477 ,
1434 2410 1578 2480 quod
1622 2422 1728 2462 non

127 2504 429 2570 credimus,
462 2506 508 2560 si
533 2505 802 2575 quispiam
853 2505 995 2560 hanc
1035 2502 1205 2559 nostri
1231 2500 1500 2573 privilegii
1536 2509 1733 2555 aucto-

127 2596 349 2651 ritatem
394 2596 626 2651 violator
671 2603 922 2666 repertus
967 2594 1149 2657 fuerit,
1205 2594 1343 2649 sciat
1388 2606 1447 2647 se
1497 2591 1552 2645 in
1595 2590 1733 2645 iram

126 2685 273 2739 beati
300 2683 449 2740 Petri
488 2684 859 2754 apostolorum
884 2683 1168 2754 principis,
1193 2690 1249 2737 et
1268 2681 1363 2736 filii
1388 2681 1562 2736 nostri
1591 2676 1732 2749 Προ-

125 2778 212 2832 nis
236 2779 370 2849 regis
400 2786 454 2833 et
481 2788 719 2833 nostram
743 2817 759 2843 ,
800 2790 1076 2833 casurum.
1113 2776 1179 2829 Et
1200 2774 1460 2846 praedicta
1487 2770 1731 2828 Ecclesia

125 2886 256 2926 cum
278 2873 390 2927 suis
409 2872 769 2943 pertinentiis,
792 2880 852 2926 ut
883 2871 1132 2942 superius
1174 2870 1391 2942 legitur,
1440 2868 1540 2924 sub
1586 2867 1729 2922 beati

123 2960 277 3016 Petri
298 2960 662 3032 apostolorum
692 2960 974 3031 principis,
1005 2968 1060 3016 et
1089 2968 1278 3015 nostra
1307 2967 1728 3027 nostrorumque

1837 1765 1940 1821 lica
1985 1775 2042 1820 et
2072 1766 2382 1821 rationabili
2418 1782 2648 1823 censura
2679 1784 3011 1841 procurare;
3050 1783 3316 1845 quatenus
3342 1793 3424 1837 ex

1832 1857 1935 1911 hoc
1952 1856 2110 1928 juges
2137 1858 2314 1913 eidem
2343 1860 2683 1931 propitiatori
2713 1872 2900 1918 nostro
2929 1863 3155 1922 Domino
3178 1868 3289 1925 Deo
3309 1869 3424 1925 etii-

1834 1948 2020 2003 cacius
2051 1949 2284 2017 persolvi
2331 1952 2541 2019 possint
2586 1954 2887 2008 carminum
2919 1955 3135 2024 laudes,
3163 1967 3219 2013 et
3247 1960 3422 2023 nobis,

1832 2038 1947 2108 qui.
1971 2037 2096 2092 licet
2119 2039 2399 2107 immeriti,
2422 2040 2603 2097 divina
2629 2051 2809 2100 tamen
2835 2047 3011 2117 gratia
3040 2051 3424 2119 prmveniente,

1833 2129 2158 2199 pastoralem
2212 2131 2493 2201 regiminis
2556 2148 2746 2190 curam
2788 2136 3063 2208 gerimus_,
3128 2140 3310 2209 opima
3368 2143 3426 2197 in

1833 2220 2062 2275 sidereis
2106 2220 2324 2277 arcibus
2373 2225 2831 2281 remunerationis
2871 2228 3093 2297 praemia
3148 2231 3425 2285 ascrihan-

1833 2318 1942 2367 tur.
1989 2311 2160 2385 Igitur
2207 2315 2336 2385 quia
2380 2324 2595 2371 constat
2641 2316 3051 2390 religiositatem
3081 2329 3223 2375 tuam
3267 2324 3425 2379 nobis

1831 2402 2090 2458 detulisse
2157 2414 2485 2476 praeceptum
2536 2408 2953 2477 praedecessoris
2989 2413 3163 2467 nostri
3208 2411 3423 2469 Domini

1829 2492 2075 2561 Adriani,
2105 2503 2163 2550 et
2206 2494 2432 2551 Joannis
2461 2500 2771 2556 reverenda:
2804 2503 3081 2559 memoriae
3107 2506 3423 2573 pontiﬁcum

1829 2583 1899 2639 de
1922 2586 2183 2655 praedicto
2207 2588 2559 2654 monasterio,
2589 2598 2646 2645 et
2666 2591 2918 2648 omnibus
2949 2592 2997 2648 ei
3026 2595 3423 2664 pertinentibus

1828 2674 1964 2741 locis
1994 2691 2058 2733 ac
2083 2678 2544 2748 possessionibus,
2573 2696 2695 2751 quae
2736 2684 2971 2752 petistis,
3023 2694 3081 2739 ut
3108 2701 3206 2755 per
3247 2692 3423 2743 nostri

1827 2768 2114 2838 apostolici
2165 2770 2433 2842 privilegii
2478 2774 2730 2844 paginam
2771 2774 3240 2832 conﬁrmarcmus.
3271 2777 3422 2838 Unde

1828 2873 1947 2925 nos,
1978 2860 2231 2929 precibus
2263 2864 2458 2917 veStris
2492 2863 2769 2931 inclinati,
2800 2874 2856 2921 et
2892 2881 2923 2921 a
2971 2871 3220 2938 praesenti
3248 2871 3423 2940 prima

1828 2949 2120 3007 indictione
2159 2952 2213 3006 in
2262 2962 2582 3024 perpetuum
2620 2957 2970 3027 smpedictum
3032 2960 3422 3016 monasterium

124 3064 505 3105 successorum
541 3049 875 3119 protectione
912 3056 1249 3120 permaneat.
1301 3046 1526 3116 Insuper
1554 3046 1657 3101 nisi
1688 3061 1719 3100 a
1747 3040 1792 3104 C
1824 3058 2201 3101 successorum
2232 3054 2445 3102 tuorum
2494 3048 2749 3105 abbatum
2799 3052 3001 3107 ditionc
3043 3062 3098 3110 et
3148 3063 3419 3125 potestate

123 3139 273 3194 malo
298 3140 603 3210 resipuerit,
631 3140 770 3196 sciat
799 3155 858 3195 se
894 3139 1320 3210 compositurum
1368 3142 1490 3191 aurt
1529 3136 1723 3207 optimi

124 3230 439 3286 mancusios
479 3230 643 3298 mille,
692 3231 1035 3287 medietatem
1085 3238 1271 3286 nostro
1306 3244 1463 3285 sacro
1502 3229 1723 3299 palatio,

126 3320 472 3376 medietatem
499 3321 770 3392 praedictae
803 3322 1077 3376 Ecclesia}.
1130 3320 1231 3388 Qui
1260 3335 1390 3377 vero
1418 3321 1506 3390 pio
1529 3320 1726 3374 intuitu

123 3418 314 3465 custos
359 3418 415 3465 et
459 3410 777 3465 observator
815 3410 867 3463 in
904 3410 1156 3465 omnibus
1183 3410 1473 3476 exstiterit,
1507 3407 1726 3464 benedi-

124 3501 323 3555 ctionis
366 3500 621 3572 gratiam,
670 3501 946 3570 vitamque
993 3510 1252 3556 aeternam
1299 3515 1423 3556 cum
1470 3500 1725 3555 omnibus

124 3591 333 3647 sanctis
358 3592 474 3647 sine
500 3592 606 3647 line
631 3591 830 3649 habere
853 3601 1130 3647 mereatur
1170 3592 1224 3646 in
1268 3591 1463 3648 saecula
1502 3589 1727 3647 sarculo-

125 3699 272 3737 rum.
314 3683 507 3738 Amen.
1692 3704 1700 3711 -

199 3772 412 3845 Scripta
451 3788 548 3845 per
602 3790 820 3831 manum
867 3773 1115 3846 Gregorii
1160 3773 1429 3832 scriniarii
1466 3773 1724 3830 Romana:

121 3865 405 3922 Ecclesia.

196 3960 333 4015 Data
360 3958 688 4030 patriarchio
717 3957 1071 4014 Lateraneusi
1114 3972 1174 4012 ni
1204 3956 1329 4013 Idus
1364 3955 1531 4013 Junii.
1577 3956 1724 4013 Bene

123 4050 327 4107 valete.

195 4146 311 4218 Ego
331 4145 603 4217 Benignus
630 4144 917 4215 episcopus
947 4141 1215 4199 Ostiensis
1234 4156 1399 4196 manu
1439 4157 1558 4198 mea
1597 4143 1722 4199 sub-

121 4236 347 4306 scripsi.

194 4326 310 4399 Ego
334 4325 670 4398 Grisogonus
708 4322 994 4393 episcopus
1035 4319 1351 4377 Portuensis
1396 4333 1560 4376 manu
1598 4334 1719 4376 mea

117 4417 445 4489 subscripsi.

192 4508 353 4563 Anno
375 4508 493 4579 ejus
518 4507 662 4562 sedis
684 4505 943 4573 secundo,
975 4512 1030 4558 et
1061 4503 1243 4559 domui
1271 4501 1472 4574 Ugonis
1500 4508 1715 4572 quarto,

118 4599 419 4656 indictione
447 4612 543 4652 xu.

192 4693 262 4747 Et
306 4706 406 4763 ego
436 4688 769 4753 Dominicus,
816 4686 1018 4743 Christi
1083 4686 1454 4741 misericordia
1516 4694 1716 4740 sanctae

118 4784 404 4841 Adriensis
451 4781 706 4839 Ecclesiae
750 4778 1014 4846 notarius,
1062 4777 1172 4833 vidi
1208 4778 1351 4833 hanc
1414 4776 1713 4832 authentici

120 4875 391 4948 privilegii
415 4874 663 4946 paginam
684 4913 699 4937 ,
723 4870 981 4939 scriptam
1013 4884 1109 4939 per
1129 4884 1347 4924 manum
1371 4868 1555 4925 domui
1583 4866 1716 4923 Gre-

120 4968 261 5036 gorii
310 4964 581 5022 scriniarii
613 4962 871 5016 Romanae
916 4959 1191 5026 Ecclesiae,
1233 4960 1367 5014 nihil
1405 4961 1609 5017 addens
1632 4959 1717 5014 vel

120 5059 395 5123 minuens,
409 5050 712 5121 exemplavi
728 5063 867 5104 anno
884 5048 1175 5122 Dominica:
1194 5048 1585 5121 incarnationis
1598 5048 1725 5120 951,

120 5158 319 5219 quarto
345 5148 555 5205 decimo
586 5141 673 5196 die
703 5146 933 5195 exeunte
963 5152 1150 5194 mense
1177 5140 1394 5208 Aprilis,
1428 5137 1725 5195 indictione

122 5256 236 5307 χεν,
268 5248 508 5311 tempore
532 5231 739 5292 domini
767 5228 991 5301 Eugenii
1016 5244 1168 5300 papa:
1200 5238 1257 5285 et
1287 5228 1522 5287 Conradi
1555 5230 1717 5301 regis.

1746 4381 1799 4441 D

1826 3151 1951 3193 cum
1984 3138 2235 3194 omnibus
2264 3140 2366 3195 sibi
2398 3141 2794 3210 pertinentibus
2830 3144 3240 3213 contirmantcs,
3280 3149 3417 3203 irrc-

1828 3226 2073 3300 fragabili
2116 3229 2242 3300 jure
2277 3230 2623 3289 decernimus
2652 3237 3040 3303 permanenda,
3083 3237 3135 3291 id
3164 3246 3278 3301 est,
3307 3253 3423 3293 mo~

1825 3320 2124 3373 nasterium
2149 3322 2321 3374 sancti
2363 3319 2650 3392 Sylvestri,
2680 3341 2867 3394 qu.....
2911 3341 2940 3380 a
2980 3326 3282 3382 Nonautula
3311 3337 3420 3384 ter-

1826 3407 2020 3463 ritorio
2056 3407 2366 3465 Mutinensi.
2401 3412 2742 3483 Quapropter
2771 3416 3098 3471 auctoritate
3129 3418 3270 3471 beati
3312 3418 3415 3473 Pe-

1829 3499 1897 3552 tri
1928 3500 2179 3569 apostoli,
2200 3494 2293 3555 cui
2317 3516 2348 3554 a
2374 3501 2601 3558 Domino
2626 3504 2735 3558 Deo
2763 3516 2950 3561 nostro
2975 3508 3235 3561 cmlorum
3268 3510 3419 3579 regni

1825 3588 2006 3645 claves
2034 3591 2246 3646 traditae
2276 3600 2424 3658 sunt,
2451 3602 2507 3649 et
2529 3603 2772 3665 potestas
2798 3596 2995 3668 ligandi
3022 3608 3187 3670 atque
3209 3599 3421 3656 solven-

1825 3681 1878 3737 di
1935 3683 2075 3740 cmlo
2122 3694 2377 3756 terraque
2422 3701 2678 3744 concessa
2713 3698 2816 3758 est,
2864 3693 3270 3766 promulgantes
3319 3697 3417 3752 de-

1825 3778 2120 3843 cernimus,
2150 3787 2206 3832 et
2231 3779 2387 3834 tirma
2414 3782 2727 3839 stabilitatis
2756 3799 2987 3841 censura
3015 3788 3322 3856 statuimus,
3356 3798 3417 3844 ut

1826 3870 2003 3939 ipsum
2032 3871 2339 3927 venerabile
2385 3876 2777 3930 monasterium
2799 3892 2920 3932 cum
2960 3879 3212 3936 omnibus
3256 3879 3412 3950 locis,

1824 3960 2049 4028 mansis,
2077 3961 2282 4031 fundis,
2314 3964 2479 4031 casis,
2509 3964 2801 4033 casalibus,
2826 3966 3102 4035 domibus,
3128 3977 3291 4041 atque
3331 3971 3415 4027 fa-

1823 4050 2009 4115 miliis,
2039 4051 2214 4106 servis
2240 4051 2626 4123 originalibus,
2670 4054 2939 4127 simulque
2972 4058 3138 4114 rebus
3158 4100 3174 4125 ,
3200 4069 3255 4116 et
3282 4076 3411 4131 pos-

1823 4142 2177 4207 sessionibus,
2202 4156 2435 4199 necnon
2483 4145 2820 4213 aquismolis,
2870 4146 3106 4216 olivetis,
3144 4151 3230 4206 vel
3251 4154 3414 4222 quid-

1824 4232 1952 4301 quid
2004 4233 2057 4286 in
2087 4233 2565 4305 quibuscunque...
2595 4234 2808 4292 videtur
2847 4237 2931 4294 vel
2968 4250 3240 4310 potestate
3265 4243 3415 4316 lega-

1823 4321 1950 4379 liter
1974 4324 2232 4378 donatum
2261 4326 2342 4380 vel
2365 4325 2616 4395 largitum
2647 4325 2833 4397 fuerit,
2864 4340 2958 4387 aut
2985 4333 3230 4403 quolibet
3255 4338 3417 4393 modo

1822 4411 1971 4483 juste
1995 4415 2259 4481 evenerit,
2289 4423 2476 4473 tenere
2497 4424 2552 4472 et
2575 4419 2856 4488 possidere
2877 4423 2996 4480 sine
3023 4427 3263 4494 qualibet
3292 4442 3417 4483 con-

1832 4507 2095 4561 troversia
2134 4508 2410 4578 perpetuis
2448 4512 2783 4580 temporibus
2814 4514 3010 4571 valeat.
3054 4516 3122 4570 Et
3158 4518 3287 4572 nulli
3319 4535 3419 4574 un-

1828 4609 1993 4666 quam
2039 4594 2202 4651 liceat
2247 4611 2502 4666 regum...
2547 4598 2992 4671 episcoporum...
3040 4603 3127 4657 vel
3173 4614 3418 4658 actorum

1828 4701 2009 4759 parvae
2049 4686 2136 4743 vel
2181 4702 2390 4759 magnae
2416 4705 2662 4759 personae
2710 4694 2764 4747 in
2820 4695 3080 4765 praedicto
3124 4696 3424 4752 venerabili

1824 4777 2178 4842 monasterio,
2221 4779 2309 4834 vel
2338 4780 2392 4835 in
2439 4779 2542 4845 eis,
2581 4796 2703 4849 quas
2741 4784 2917 4841 eidem
2956 4786 3263 4840 venerabili
3311 4800 3431 4841 roo—

1824 4868 2064 4923 nasterio
2104 4868 2381 4938 pertinere
2420 4868 2702 4937 videntur;
2756 4884 3086 4945 quocunque
3130 4874 3295 4929 modo
3350 4874 3435 4929 in-

1825 4962 2110 5027 cumbere,
2163 4967 2258 5014 aut
2313 4961 2649 5016 invasionem
2696 4961 2948 5024 facere...
3000 4962 3305 5032 accedere,
3355 4961 3445 5017 vel

1837 5059 2126 5117 missarum
2174 5052 2439 5109 solemnia
2484 5051 2784 5123 celebrare,
2818 5060 2925 5116 nisi
2953 5055 3030 5110 ab
3053 5050 3253 5110 abbate
3281 5053 3451 5112 fuerit

1832 5153 2095 5209 invitatus
2118 5163 2157 5213 ;r
2185 5157 2457 5216 quatenus
2497 5144 2625 5209 hoc,
2679 5150 2824 5216 quod
2855 5151 2923 5207 ad
2952 5140 3195 5220 ‘laudem
3224 5157 3283 5204 ei
3309 5144 3455 5205 mili.

1833 5252 2001 5301 tatem
2031 5239 2334 5311 supradicti
2360 5236 2536 5299 sancti
2575 5244 2897 5300 monasterii
2922 5228 3257 5305 statuimus,
3293 5241 3459 5296 ﬁrma
