3964 5356
145 244 248 300 881'

1075 247 1360 304 CARMEN
1400 247 1488 303 DE
1527 245 1628 302 SS.
1672 243 2100 304 THEOPOMPO‘
2130 248 2218 303 ET
2261 248 2506 308 SOCIIS.

3299 250 3402 306 889.

143 350 424 431 episcopo.
449 351 708 431 successit
733 394 747 417 ,
791 362 856 431 ut
898 361 1164 431 testantur
1198 365 1331 431 _acta
1381 364 1712 431 sancto_r_um_
1742 365 2042 431 martyrum
2091 357 2247 414 lndes
2293 370 2347 415 et
2392 361 2632 427 Domum,
2670 375 2790 431 qua:
2829 360 3020 431 recitat
3050 359 3402 429 Metaphrast.

142 418 217 502 ΣΠ
243 418 364 474 Kal.
385 419 542 502 _J_ulii,
559 436 639 502 .ex
669 437 774 502 quo
791 424 997 502 Linon).
1021 424 1084 502 _6,
1114 424 1385 502 et_Surius
1416 435 1544 502 tom.
1569 425 1650 480 Vl.
1670 426 1846 502 Porro
1865 418 1915 480 in
1933 428 2192 502 honorem
2213 440 2520 502 sanctorum
2544 418 3161 502 Synesiietheopompi
3186 418 3403 502 Quidam

142 489 366 544 Cosmas
385 489 719 546 Materiensis
735 489 974 547 ante'700
989 498 1158 550 annos
1181 496 1296 549 haec
1309 497 1549 554 carmina
1570 495 1768 549 cecinit
1793 496 1953 551 inscri
2027 499 2174 567 itque
2193 501 2259 554 ad
2275 489 3040 570 Gregorium‘Nonantulanum
3057 489 3401 564 monachum,

143 559 323 619 inepta
353 560 568 619 quidem
599 570 652 614 et
681 562 798 616 sine
834 564 946 616 sale
972 603 987 619 .
1024 565 1118 618 sed
1165 563 1470 619 Christiana
1513 566 1836 619 antiquitate
1872 513 2188 619 redgslentia.
2221 584 2340 619 (tum
2369 587 2434 619 ex
2465 570 2653 619 eodem
2687 571 3055 619 vetustissimo
3081 570 3269 619 codice
3294 568 3401 619 No-

143 559 327 634 lnepta
353 560 568 628 quidem
599 570 652 614 et
681 562 798 634 sine
834 564 946 634 sale
972 603 987 626 ,
1024 565 1118 634 sed
1165 563 1470 619 Christiana
1513 566 1836 634 antiquitate
1872 583 1930 621 re

1969 567 2189 635 olentia,
2221 584 2340 639 quae
2369 567 2434 626 ex
2465 570 2653 627 eodem
2687 571 3055 627 vetustissimo
3081 570 3269 626 codice
3294 568 3403 625 No-

78 664 84 666 -
141 628 439 685 nantulano
465 633 861 700 excerpsimus,-
901 632 1026 687 dum
1059 633 1256 690 ibidem
1287 635 1499 690 abbatis
1525 628 1747 690 munere
1777 635 2144 706 iungeremur.

207 804 419 860 Cosuas
444 805 787 863 Materiensis
818 808 1080 880 Gregorio
1106 810 1259 865 Ltco.

137 893 364 950 Cosmas
391 895 654 967 Gregorio
683 900 949 960 monacho
973 901 1119 956 dedit
1149 903 1249 957 ista
1275 901 1507 974 benigno

209 986 463 1043 Carmina
485 989 702 1046 levitico
730 992 824 1062 qui
849 992 979 1047 eluit
1007 991 1200 1049 oflicio.

139 1073 498 1162 0b.meritum
532 1083 711 1152 magni
752 1082 1082 1155 Theopompi
1111 1086 1358 1154 pratsulis
1388 1085 1540 1154 almi,

208 1166 397 1238 Obque
424 1169 638 1243 Synesii
667 1189 762 1230 seu
791 1175 1012 1232 'l‘heone
1037 1178 1200 1232 tanei.

139 1256 349 1329 Sepias
374 1259 420 1318 is
449 1262 648 1322 celsam
683 1265 940 1336 rogitavit
965 1282 1201 1336 namque
1229 1277 1504 1324 catervam

210 1349 492 1408 Scribendi
521 1370 738 1412 causam
767 1373 864 1412 nos
889 1359 1168 1415 celebrare
1198 1361 1361 1430 piam.

137 1438 259 1496 Mox
283 1457 505 1512 Operam
538 1445 803 1504 dedimus.
835 1447 1026 1505 Graeco
1049 1449 1117 1505 de
1137 1449 1288 1506 fonte
1316 1451 1541 1506 Latinus

207 1532 505 1592 Murmuret
532 1546 596 1592 ut-
616 1538 774 1594 citius
801 1551 952 1608 gesta
985 1553 1194 1597 sacrata
1223 1543 1363 1612 pius.

133 1616 355 1676 Annuat
382 1631 442 1678 ut
470 1625 727 1683 Dominus
755 1630 908 1685 nobis
937 1646 1033 1685 sua
1064 1646 1288 1686 munera
1329 1632 1609 1700 Christus;

206 1711 386 1768 Addat
409 1729 565 1786 opem
597 1719 867 1787 precibus,
900 1730 1074 1776 coetus
1102 1737 1271 1777 ovans
1303 1722 1530 1794 Lygeus.

134 1801 322 1860 Salvet
347 1820 502 1862 amor
546 1807 808 1863 famulum
847 1809 1048 1866 Christi
1097 1812 1328 1881 fideique
1361 1796 1715 1885 peramplum.

207 1895 449 1953 Sufficiat
479 1902 759 1972 proprium
789 1910 999 1975 tempus
1036 1905 1092 1959 in
1121 1905 1253 1960 orbe
1287 1907 1558 1977 probum,

349 1990 545 2046 Amen.

204 2077 428 2136 Cosmas
470 2085 803 2154 martyribus
844 2084 1016 2142 sacris
1035 2099 1280 2143 carmen.
1308 2087 1455 2143 dedit
1483 2096 1638 2148 actus

204 2166 451 2241 Gregorii
473 2172 726 2242 precibus
756 2182 935 2229 mente
967 2175 1055 2244 pia
1081 2173 1338 2247 Japygus.

780 2265 1054 2324 Feliciter.

129 2350 371 2408 Contulit
393 2355 696 2424 agminibus
725 2355 952 2411 fratrum
981 2359 1069 2428 pia
1101 2374 1323 2414 munera
1353 2357 1624 2417 Christus.

207 2443 370 2518 Orgia
397 2445 542 2500 ferre
572 2447 715 2504 Deus
743 2449 970 2506 contulit
1001 2453 1324 2523 agminibus.

132 2536 364 2594 Sumere
393 2537 549 2607 plena
580 2540 740 2607 rosis,
785 2549 841 2596 at
870 2541 1076 2612 lipsana
1095 2559 1260 2598 .sacra
1289 2543 1445 2599 violis

210 2625 524 2699 Marty-ricis
556 2629 739 2700 sertis,
762 2645 978 2687 sumere
1015 2632 1171 2702 plena
1202 2634 1358 2688 rosis.

129 2716 364 2788 Agmina
394 2729 516 2774 sunt
550 2719 785 2786 Domini“,
815 2736 938 2776 nam
983 2722 1144 2776 rubra
1177 2737 1369 2778 cruore
1397 2723 1570 2779 suavi.

206 2808 372 2865 Sacra
395 2810 584 2868 nidore
612 2812 754 2882 poli,
796 2815 1011 2884 agmina
1039 2825 1166 2871 sunt
1204 2816 1437 2872 Domini.

131 2899 445 2972 Martyriale
487 2902 683 2972 decus,
737 2905 1118 2977 Theopompus
1167 2908 1411 2979 splendet
1460 2919 1515 2965 et
1541 2916 1712 2966 artus.

205 2990 403 3046 Antula
432 3001 608 3063 gestat
635 3010 795 3065 opus,
834 2997 1144 3067 martyriale
1172 2998 1356 3055 decus.

130 3079 330 3138 Reddit
353 3097 483 3152 opes
509 3085 752 3156 magicis,
794 3086 1025 3143 liberato
1055 3090 1288 3146 restibus
1313 3091 1470 3146 atris.

207 3171 379 3228 Tersa
405 3173 596 3244 Synesi
624 3177 726 3242 vis,
755 3177 932 3233 reddit
957 3194 1087 3249 opes
1115 3181 1358 3250 magicis.

135 3262 453 3322 Ymnidicos
483 3267 758 3335 modulos,
790 3271 1008 3325 reboate
1038 3271 1186 3343 lyges
1213 3263 1503 3342 lapidosos.

203 3355 434 3412 Reddite
471 3373 570 3428 per
598 3374 839 3430 campos,
871 3362 1210 3432 ltymnidicos
1236 3363 1526 3421 modulos..

129 3445 324 3501 Intulit
350 3460 420 3501 en
447 3447 617 3502 nitida
646 3450 800 3504 vobis
830 3449 1141 3506 Nicomedia
1180 3438 1373 3507 fulcra.

204 3533 419 3591 Behrua
442 3537 583 3593 dona
610 3554 705 3594 sua
731 3538 911 3594 intulit
935 3556 1003 3596 en
1029 3541 1217 3596 nitida.

131 3625 390 3683 Vestibus
418 3628 708 3697 athleticis,
738 3629 1018 3687 redimitos
1049 3633 1269 3703 pangite
1293 3635 1454 3690 notis.

206 3713 293 3768 Sit
320 3715 462 3772 salus
494 3726 554 3771 ut
583 3718 761 3785 tectis,
791 3720 1032 3776 vestibus
1071 3722 1364 3780 athleticis.

130 3805 364 3876 Semper
389 3823 555 3877 agens
593 3809 744 3878 Itala,
785 3813 1127 3868 stomachum
1170 3821 1436 3884 pagatque
1477 3820 1728 3872 caterva.

205 3894 399 3950 Annua
432 3896 524 3952 det
550 3897 756 3967 iubila,
771 3915 986 3969 semper
1016 3917 1180 3973 agens
1212 3902 1363 3955 Itala.

127 3983 359 4040 Cantica
381 3984 494 4055 jam
522 3989 679 4056 socii,
711 3989 996 4046 reboemus
1023 3993 1149 4047 hinc
1183 3991 1536 4062 TheOpompi.

205 4075 348 4132 Rata
376 4089 568 4134 sonent
593 4082 825 4150 graphii,
857 4085 1065 4137 cantica
1089 4085 1201 4154 jam
1233 4084 1388 4140 socii.

129 4167 282 4222 Ordo
310 4167 438 4223 boet
465 4171 687 4238 cumuli,
715 4181 768 4226 et
804 4188 948 4230 nunc
977 4176 1131 4243 prmit
1158 4191 1351 4246 magne
1391 4175 1607 4248 Synesi.

201 4255 406 4328 Inclyta
439 4267 624 4314 sancte
651 4261 758 4329 tui,
777 4263 913 4316 ordo
937 4264 1063 4320 boet
1095 4265 1326 4322 cumuli..

130 4346 376 4402 Suscitat
404 4348 653 4418 impietas
681 4352 944 4407 decimam
971 4362 1177 4421 pestem
1201 4369 1296 4424 per
1319 4371 1471 4423 eoas,

201 4436 547 4494 Christicolis
570 4441 874 4506 machinas,
911 4443 1137 4497 suscitat
1165 4443 1430 4513 impietas.

125 4530 300 4600 Angit
330 4545 492 4601 opum
520 4532 769 4602 cupidus,
803 4533 1031 4589 tinctum
1057 4535 1430 4591 Dioclitianus.

203 4619 322 4676 Rex
354 4623 556 4678 violare
586 4638 780 4693 genus,
813 4624 962 4696 angit
984 4640 1146 4696 opum
1175 4628 1422 4698 cupidus.

128 4711 302 4767 Multa
333 4713 435 4769 sibi
467 4714 692 4770 stolidus
716 4731 844 4770 nam
874 4715 1079 4773 fecerat
1107 4718 1245 4774 idola
1275 4736 1496 4790 pravus,

202 4803 433 4858 Ethnica
463 4804 599 4861 dans
628 4805 807 4871 latius,
842 4807 1016 4862 multa
1037 4809 1139 4864 sibi
1175 4809 1422 4868 stolidus.

126 4891 217 4946 Nil
246 4893 415 4947 valuit
440 4908 617 4948 nocuo
639 4894 787 4950 cultu
810 4905 1095 4953 veneratus
1124 4897 1336 4968 Apollo.

204 4985 330 5038 Dira
354 4985 524 5040 Diana
546 4999 722 5052 sacro,
745 4987 1012 5048 nil.valuit
1034 5005 1238 5045 nocuo.

126 5076 375 5133 Eximius
404 5077 654 5142 rutilans,
677 5079 789 5133 adit
809 5088 866 5134 at
887 5081 1262 5152 TheOpompus
1287 5094 1343 5139 et
1371 5085 1602 5152 instans,

203 5170 434 5198 "nol-n3.
481 5178 597 5198 ιιι-Λ
636 5170 814 5198 οΛΙΑιΑη
872 5172 1099 5198 Ακξ-ιυιξηι.
1136 5173 1366 5198 _..I:I-_-

1744 832 1794 888 Α
1897 813 2038 868 Vivit
2061 812 2114 866 in
2149 826 2275 866 arce
2297 813 2429 882 poli,
2453 813 2628 868 trinus
2659 813 2864 869 honore
2883 813 3018 885 jugi.

1824 899 2007 971 Spirat
2039 909 2094 954 et
2134 900 2358 956 irradiat
2392 901 2662 971 proprios,
2698 903 2858 957 terris
2888 915 3101 973 quoque
3141 899 3404 965 mandat;

1891 992 2146 1048 Germina
2183 1002 2379 1048 cuncta
2418 1002 2614 1062 novat,
2650 995 2819 1064 spirat
2851 1003 2904 1050 et
2940 993 3188 1048 irradiat.

1822 1082 2004 1152 Rejice
2036 1099 2170 1138 vana
2205 1085 2385 1139 minax
2405 1126 2420 1152 ,
2459 1085 2574 1141 cole
2597 1085 2712 1154 jam
2746 1087 2832 1156 pia
2863 1095 3018 1141 votus
3049 1093 3104 1140 et
3136 1084 3331 1149 audax,

1895 1171 2241 1242 Effectusque
2265 1172 2432 1238 ferax,
2457 1175 2622 1244 rejice
2643 1189 2782 1230 vana
2807 1175 3011 1230 minax.

1822 1262 2065 1319 Gaudeat
2099 1272 2158 1318 ut
2185 1263 2444 1318 Dominus
2481 1265 2548 1319 de
2575 1273 2626 1320 te
2661 1264 2805 1321 Deus
2838 1264 3040 1336 inclyte
3065 1261 3333 1327 Christus,

1893 1352 1936 1409 Ο
1968 1352 2192 1408 Dioclite
2223 1368 2374 1408 meus
2411 1354 2645 1424 gaudeat
2675 1364 2734 1409 ut
2763 1354 3042 1444 Domipus.

1821 1441 1938 1498 Rex
1988 1442 2136 1498 ferus
2182 1443 2495 1514 obstupuit,
2519 1445 2770 1513 quisnam
2802 1439 2943 1499 foret
2971 1444 3124 1514 isque
3155 1439 3401 1511 requirit.

1891 1534 1998 1590 lsta
2035 1535 2262 1606 loquens
2291 1537 2616 1604 timuit,.rex
2647 1536 2794 1594 ferus
2819 1536 3117 1606 obstupuit.

1819 1627 1960 1682 lndit
2007 1643 2178 1698 opem-
2215 1629 2483 1700 gregibus,
2519 1629 2897 1699 Theopompus
2931 1642 3088 1684 senes
3123 1625 3401 1688 amandus,

1891 1719 2211 1776 Pontificem
2242 1721 2528 1792 Bithynus,
2559 1719 2695 1776 indit
2722 1735 2878 1790 opem
2917 1718 3192 1790 gregibus.

1818 1807 1935 1865 Rex
1962 1808 2251 1872 furibunda
2275 1810 2411 1872 vice,
2443 1809 2712 1877 magicum
2744 1809 2870 1862 boat
2895 1808 3037 1863 hunc
3065 1805 3236 1878 magis
3259 1817 3402 1872 esse,

1893 1903 1962 1958 Et
1989 1902 2196 1958 lacerat
2228 1916 2421 1968 nocue,
2455 1915 2550 1955 rex
2578 1900 2862 1956 furibunda
2886 1902 3026 1956 vice.

1818 1993 2023 2048 Cuncta
2045 1992 2254 2064 flagella
2284 1992 2388 2061 piis
2414 1991 2630 2061 spondit
2659 1992 3086 2062 moribundaque
3121 1987 3403 2054 membris,

1891 2082 2080 2143 ludere
2103 2083 2240 2139 dans
2265 2081 2520 2151 scapulis,
2553 2090 2748 2138 cuncta
2786 2081 2993 2154 ﬂagella
3029 2080 3154 2150 piis.

1741 2181 1786 2239 Β
1817 2170 1962 2225 Bella
1988 2186 2178 2242 magus
2205 2171 2396 2241 agitat,
2439 2171 2565 2225 dum
2591 2172 2819 2227 menfica
2845 2172 3088 2240 duraque
3117 2173 3406 2222 monstrat.

1892 2263 2080 2320 Victus
2109 2264 2178 2319 ad
2206 2271 2354 2319 astra
2387 2263 2552 2331 volat,
2595 2263 2736 2320 bella
2768 2279 2959 2334 magus
2983 2263 3170 2334 agitat.

1821 2354 2065 2425 Sumpsit
2093 2354 2237 2409 enim
2274 2353 2549 2420 Theonas,
2584 2355 2891 2410 rudimenta
2926 2368 3022 2422 per
3052 2352 3242 2408 undas.

1891 2445 2130 2517 lartyrii
2159 2454 2331 2502 metas
2359 2445 2588 2515 sumpsit
2617 2446 2762 2500 enim
2791 2445 3059 2500 Theonas.

1820 2539 1962 2595 Ecce
1992 2540 2151 2596 beate
2180 2539 2299 2606 tibi,
2334 2537 2531 2609 praesul
2561 2538 2710 2593 dedit
2737 2537 2875 2592 alma
2904 2535 3117 2609 Synesi.

1890 2631 2118 2686 Nomine
2143 2631 2258 2702 lege
2287 2630 2413 2702 poli,
2449 2644 2577 2686 ecce
2613 2630 2767 2686 beate
2797 2629 2914 2685 tibi.

1820 2715 2070 2778 Trutinat
2099 2722 2346 2788 excidua,
2396 2721 2605 2793 sphaera
2647 2723 2787 2778 tauri
2824 2719 3063 2777 membra
3104 2725 3381 2791 perempta

1891 2813 1958 2868 Et
1991 2822 2080 2869 tua
2113 2828 2337 2884 prorsus
2365 2830 2538 2884 aqua,
2577 2815 2806 2869 trutinat
2836 2814 3084 2869 excidua.

1819 2905 1974 2964 Pavit
2005 2919 2188 2959 amara
2218 2905 2390 2976 pium,
2416 2905 2626 2962 dulcem
2659 2905 2806 2961 dedit
2836 2903 2994 2960 afl‘ola
3023 2912 3258 2975 gustum.

1891 2997 2059 3067 Impia
2089 2996 2268 3068 plasta
2295 2997 2493 3066 virum,
2528 2998 2677 3069 pavit
2705 3008 2891 3055 amara
2917 2997 3092 3069 pium.

1817 3088 1982 3159 Angit
2012 3087 2681 3155 amcnsoculum,.C:esar
2710 3089 2853 3144 sacri
2893 3096 3226 3158 reparatum.

1889 3177 2186 3248 lnspiciens
2213 3179 2422 3249 origum
2445 3219 2460 3244 ,
2493 3179 2645 3248 angit
2679 3193 2867 3234 amens
2893 3178 3105 3233 oculum
3141 3193 3155 3230 :

1820 3271 2026 3341 Aspera
2057 3270 2340 3342 supplicia,
2373 3269 2581 3327 stabilis
2611 3270 2990 3339 Theopompus
3022 3269 3089 3324 ad
3119 3277 3282 3328 acta..

1894 3360 2086 3416 Pandit
2115 3375 2284 3416 ovans
2316 3369 2496 3426 tenua,
2539 3359 3051 3429 asperasupplicia.

1821 3449 1946 3504 lude
1976 3449 2096 3518 pius
2135 3450 2311 3520 gladio
2341 3448 2616 3520 iugulatus
2645 3450 2699 3503 in
2736 3450 2936 3504 aethera
2975 3457 3090 3504 tuto

1745 3532 1791 3594 C
1893 3537 2082 3593 Gestat
2112 3553 2326 3594 amoena
2358 3539 2493 3604 loco,
2527 3539 2651 3593 inde
2681 3540 2802 3608 pius
2836 3539 3030 3608 gladio.

1827 3625 1971 3682 Vivit
1997 3628 2051 3682 in
2085 3643 2212 3684 arce
2243 3629 2423 3696 nimis,
2453 3628 2807 3697 Theonasque
2843 3627 3104 3698 Synesius
3132 3627 3296 3682 arvis.

1896 3717 1992 3771 Sat
2017 3719 2380 3788 catapalastus
2403 3718 2576 3785 equis,
2604 3719 2737 3772 vivit
2766 3718 2820 3772 in
2851 3731 2975 3772 arce
3009 3717 3189 3772 nimis.

1821 3814 2034 3870 Funera
2057 3815 2186 3870 dum
2213 3815 2418 3870 relevat
2441 3813 2756 3884 Nicomedia
2783 3813 2934 3884 plebs
2959 3821 3014 3868 et
3040 3811 3292 3880 adornat,

1892 3905 2031 3961 Ecce
2062 3905 2309 3960 Nonanta
2333 3905 2518 3973 micat,
2549 3903 2738 3961 funera
2765 3905 2892 3960 dum
2923 3905 3147 3960 relevat.

1820 3993 2073 4065 Lygurici
2100 3994 2306 4068 populi,
2337 3994 2492 4052 vobis
2520 4003 2645 4050 sunt
2666 4009 2794 4050 ecce
2819 3994 3056 4064 patroni.

1889 4081 2007 4137 Jam
2039 4091 2295 4139 venerate
2325 4082 2462 4149 dati,
2490 4081 2742 4154 Lygurici
2772 4081 2972 4152 populi.

1819 4173 2043 4228 Cantica
2069 4187 2220 4226 sacra
2251 4172 2359 4226 Deo
2391 4179 2606 4226 resonet
2627 4170 2781 4240 polus
2804 4169 2994 4226 ordine
3023 4168 3180 4224 trino.

1889 4262 2103 4318 lntonet
2128 4263 2496 4320 omnishomo
2526 4263 2737 4317 cantica
2766 4275 2917 4317 sacra
2945 4260 3076 4316 Deo.

1819 4350 1984 4406 Trina
2016 4367 2242 4407 manens
2272 4352 2512 4407 maculas
2547 4360 2761 4408 nostras
2790 4351 2944 4408 lavet.
2967 4349 3108 4406 alma
3136 4358 3418 4421 potestas.

1889 4443 2082 4514 Expiet
2112 4442 2227 4513 ipsa
2256 4441 2401 4498 feras
2425 4444 2565 4498 trina
2595 4457 2820 4499 manens
2849 4441 3110 4498 maculas.

1818 4535 2004 4606 Regna
2035 4535 2142 4590 tuis
2168 4533 2388 4590 famulis
2421 4535 2682 4600 tribuens,
2724 4533 2890 4603 Deus,
2923 4547 3103 4588 annue
3128 4533 3288 4587 votis.

1888 4630 2074 4686 Redde
2108 4630 2390 4703 vicemque
2418 4629 2597 4697 bonis,
2620 4642 2793 4702 regna
2815 4631 2924 4688 tuis
2949 4624 3213 4682 famulis._

2030 4721 2234 4779 Amen.

2461 4814 2754 4885 Hymnum.

2102 4903 2322 4964 Celsum
2355 4906 2688 4974 triumphum
2715 4913 3046 4985 martyrum.

2101 4996 2412 5070 Pangamus
2447 5011 2634 5052 omnes
2673 5013 2965 5065 annuum..

2105 5087 2313 5149 Devota
2359 5097 2538 5145 mente
2581 5090 2906 5156 maximum

2102 5174 2232 5198 ρΙ-μι
2279 5195 2286 5198 .
2364 5178 2590 5198 Ρ-..-..ι--
2622 5185 2744 5198 ιιι-..ι
