3964 5356
146 232 261 289 885

1199 234 1432 295 SERMO
1468 237 1535 293 IN
1580 237 1845 296 VIGILIIS
1885 240 1943 298 S.
1980 243 2359 304 BENEDICTL

3323 258 3428 315 886

148 363 348 407 eorum
376 348 752 415 inveniuntur;
770 363 889 419 quae
917 349 972 406 in
1004 346 1214 407 Latinis
1244 365 1351 406 non
1374 359 1524 415 sunt.
1555 349 1608 404 in
1634 348 1740 405 [ια-
1768 356 1822 417 Δ
1918 356 2023 413 Sed
2056 367 2113 416 et
2138 361 2255 416 haec
2279 341 2376 433 per
2398 362 2565 420 multa
2606 372 2846 439 tempora
2871 378 2994 423 cum
3026 367 3082 423 in
3125 369 3287 425 corde
3309 386 3429 427 meo

150 442 331 496 tinam
357 451 731 499 converterem
755 443 1014 513 linguam.
1040 440 1149 498 Sed
1170 456 1271 514 ego
1296 442 1493 513 sapius
1517 442 1746 513 opposui

150 530 254 585 tibi
272 532 634 587 rusticitatem
661 532 766 587 mei
790 532 1445 597 sermonis.considerans
1473 540 1639 589 tanta:
1657 532 1739 588 la-

155 624 409 681 titudinis
435 626 624 697 pelago
648 640 734 680 me
755 625 822 681 ad
839 625 1281 682 transmeandum
1298 640 1403 681 non
1419 639 1579 697 posse
1593 624 1744 681 sutil-

154 731 285 774 cere
308 733 435 774 cum
460 728 567 775 tam
598 734 759 789 parva
783 720 1021 775 scientiae
1041 719 1308 785 navicula,
1327 733 1449 775 cum
1474 719 1584 774 sint
1607 718 1745 774 tanti

155 823 443 864 sermones
490 809 903 880 tantiquelibri
928 851 943 877 ,
981 822 1043 866 ut
1084 811 1420 869 confidenter
1448 810 1621 866 dicam
1644 850 1659 877 ,
1702 809 1751 866 si

154 901 532 965 surrexissent
565 901 883 959 Ambrosius
906 944 921 968 ,
967 904 1299 975 Augustinus
1321 944 1337 970 ,
1390 902 1762 976 Hieronymus.

160 1001 329 1067 atque
355 992 650 1065 Gregorius
672 1034 688 1061 ,
731 995 823 1065 qui
870 994 1085 1051 fuerunt
1108 995 1405 1052 doctissimi
1439 996 1494 1051 in
1521 1005 1754 1066 utraque

156 1082 390 1138 scientia
416 1124 433 1149 ,
465 1084 647 1140 divina
678 1085 883 1141 scilicet
926 1095 984 1143 et
1030 1086 1268 1142 humana
1293 1126 1308 1152 ,
1337 1096 1393 1141 et
1438 1085 1659 1141 fuerunt
1698 1084 1753 1139 in

161 1169 470 1240 eloquentia
511 1172 677 1228 veluti
704 1182 935 1243 quatuor
959 1176 1194 1245 paradisi
1231 1174 1471 1240 ﬂumina,
1498 1174 1598 1245 ipsi
1628 1174 1750 1245 qui-

164 1260 288 1315 dem
310 1275 409 1331 pcr
431 1262 598 1317 multa
624 1272 866 1335 tempora
891 1264 1294 1335 haberentquae
1314 1263 1494 1320 facere
1511 1272 1751 1334 possent.

161 1351 379 1418 Quanto
411 1355 584 1425 magis
612 1369 731 1425 ego,
764 1370 886 1410 cum
917 1354 1020 1411 sim
1047 1356 1303 1411 minimus
1324 1356 1589 1420 omnium,
1617 1363 1670 1409 et
1697 1354 1753 1410 in

162 1452 399 1513 utraque
425 1445 649 1500 scientia
676 1447 854 1501 minus
878 1446 1144 1511 eruditus,
1168 1456 1221 1501 et
1247 1460 1438 1501 sensus
1460 1460 1573 1515 prae
1592 1442 1754 1502 aetate

153 1529 271 1599 jam
303 1531 374 1587 sit
408 1533 729 1599 diminutns,
755 1542 809 1590 et
835 1535 978 1591 oculi
1006 1534 1357 1607 caligaverint
1390 1533 1565 1589 mihi?

1845 465 2121 508 versarem
2150 492 2166 519 ,
2211 462 2266 510 et
2309 456 2575 513 nescirem
2623 465 2805 514 utrum
2847 459 2949 516 tibi
2996 460 3311 528 obedirem,
3338 472 3430 518 aut

1844 543 2206 614 ignorantiam
2236 560 2412 602 meam
2438 547 2654 605 silentio
2682 557 2941 622 tegerem,
2972 553 3296 622 quandoque
3324 552 3432 607 tuis

1846 635 2087 693 devictus
2112 638 2577 697 adhortationibus
2601 682 2617 710 ,
2647 657 2747 700 nec
2774 658 2882 700 non
2908 652 2963 700 et
2988 643 3226 700 conﬁsus
3257 645 3308 698 in
3339 644 3434 699 be-

1846 730 2151 787 nevolentia
2191 730 2413 787 Palmm
2454 732 2812 806 fratrumque,
2845 735 2898 790 in
2923 750 3153 805 quorum
3185 733 3432 789 manibus

1845 833 2077 883 ventura
2100 833 2226 881 sunt
2253 825 2370 881 haec
2398 824 2636 896 capitula
2674 842 2766 882 seu
2796 827 3159 892 narrationes,
3201 827 3291 896 qui
3336 826 3432 881 be-

1848 916 2013 989 nigne
2040 929 2135 973 eas
2172 917 2448 990 corrigere
2488 926 2545 973 et
2571 920 2861 977 emendare
2891 918 3219 985 studebant,
3245 933 3439 989 aggre-

1850 1008 1971 1066 diar
1993 1009 2099 1065 hoc
2120 1023 2256 1081 opus
2280 1009 2579 1081 injunctum
2604 1052 2619 1078 ,
2652 1010 2954 1066 iuvocando
2978 1007 3277 1078 adiutorem
3310 1005 3435 1078 Spi-

1854 1099 2021 1154 ritum
2053 1108 2300 1167 sauctum
2325 1142 2340 1167 ,
2373 1101 2463 1171 qui
2495 1101 2672 1171 aperit
2703 1114 2797 1157 ora
2844 1107 3114 1155 mutorum
3141 1104 3195 1153 et
3224 1096 3437 1167 linguas

1858 1188 2145 1244 infantium
2171 1188 2300 1245 facit
2322 1190 2573 1246 disertas.
2600 1190 2753 1246 Unde
2782 1203 2976 1261 precor
3002 1202 3102 1243 vos
3129 1201 3319 1242 omnes
3345 1184 3437 1255 qui

1856 1279 2049 1334 lecturi
2072 1280 2207 1336 estis
2233 1298 2244 1332 :
2272 1280 2415 1349 quod
2445 1281 2822 1352 corrigendum
2846 1288 2949 1347 est,
2978 1277 3265 1348 corrigite;
3296 1273 3439 1345 quod

1856 1370 2249 1426 emendandum
2270 1413 2284 1435 ,
2323 1370 2625 1438 emendate,
2653 1379 2708 1427 et
2744 1370 2875 1425 mihi
2905 1412 2920 1438 ,
2973 1385 3157 1442 quaeso
3182 1411 3195 1436 ,
3227 1366 3439 1422 veniam

1856 1463 1997 1519 date.

152 1691 3441 1755 Μ

1431 1886 1505 1928 ΔΝ
1518 1885 1598 1928 NO
1646 1883 1877 1929 DOMINI
1918 1880 2179 1927 DCCCCL.

1118 2046 2330 2219 LAURENTIUS

368 2321 870 2389 CASSINENSIS
909 2321 1226 2387 PRIMUM
1268 2318 1744 2392 MONACHUS,
1784 2314 2098 2379 POSTEA
2142 2312 2517 2377 INCERTZE
2563 2312 2788 2374 SEDlS
2832 2310 3297 2384 EPISCOPUS.

1267 2606 1708 2689 NOTITIA
1765 2601 2379 2689 HISTORIGAL

1251 2779 1412 2845 (Apud
1435 2779 1549 2840 Mai,
1572 2775 1834 2841 Spicilegii
1855 2773 2061 2826 Romani
2078 2777 2196 2826 tom.
2220 2771 2310 2836 ν.)

234 3057 431 3113 Petrus
445 3053 715 3109 Diaconus
728 3052 783 3106 in
794 3048 975 3122 libello
995 3048 1071 3104 De
1084 3047 1215 3103 viris
1235 3046 1533 3103 illustribus
1546 3044 1953 3122 Casinensibus,
1972 3058 2095 3114 cap.
2111 3041 2502 3122 6,_haaclt_abet:
2524 3060 2543 3094 ι
2566 3039 2893 3122 Laurentius
2909 3039 3221 3122 Casinensis
3241 3054 3426 3122 emno,

164 3108 259 3184 bii
280 3108 607 3191 monachus,
634 3121 861 3179 scientia
890 3124 1686 3191 antecessorumsuorutnpost
1702 3108 2108 3171 sanctissimum
2145 3112 2520 3191 Benedictum,
2567 3109 2699 3191 nulli
2735 3109 2982 3191 inferior,
3008 3108 3436 3191 factusppisgo-

163 3178 473 3268 iiﬁs,'"eiE;,'
492 3178 803 3250 sermonem
849 3191 915 3246 de
944 3189 1090 3268 beati
1118 3187 1399 3268 Benedicti
1427 3178 1609 3268 vigilia
1640 3184 1945 3267 elegantem
1973 3183 2300 3268 composuit.
2311 3201 2386 3268 an
2393 3178 2915 3268 gedemglfaurenti‘i!
2924 3178 3299 3268 episcopalem
3315 3180 3435 3268 iga—

162 3250 406 3322 sine'nsia
442 3250 791 3319 monumenta
818 3277 930 3316 non
960 3259 1289 3328 designant;
1314 3250 1701 3326 ipsum'tamen
1726 3250 1872 3310 circa
1894 3250 2734 3328 annum—Christi950_tloruisse
2773 3250 2942 3328 tradit
2971 3252 3165 3328 Marus
3183 3250 3433 3328 in‘adno-

164 3319 468 3393 tat—ionibus
520 3336 587 3388 ad
628 3332 849 3387 Petrum
895 3319 1215 3386 Diacon'um.
1266 3319 1602 3397 sequentem
1664 3338 1766 3395 ego
1794 3338 2104 3397 sermonem
2130 3338 2199 3379 ex
2224 3323 2415 3379 codice
2458 3321 2724 3378 Vaticano
2765 3320 2924 3385 1202,
2967 3321 3097 3375 olim
3126 3319 3434 3385 Casinensl,

162 3403 595 3479 Longobardicis
623 3402 820 3457 litteris
849 3400 1057 3471 scripto
1078 3406 1133 3455 et
1158 3397 1297 3453 mire
1318 3396 1487 3469 picto,
1520 3397 1758 3451 libenter
1788 3396 2028 3463 profero.

905 3561 3434 3589 W

1282 3693 2319 3811 LAUBENTII

665 3937 985 4037 SEBMO
1041 3936 1143 4035 IN
1198 3930 1597 4034 VIGILIIS
1652 3925 1992 4027 SANGTI
2065 3928 2411 4028 PATRIS
2466 3929 3011 4034 BENEDIGTI.

235 4251 476 4311 Almitlci
513 4249 694 4308 Patris
719 4249 891 4312 nostri
935 4220 1248 4317 Benedicti,
1272 4265 1320 4322 ⁴ο
1343 4247 1748 4305 venerabillima
1778 4250 1826 4310 B
1854 4254 2061 4303 tantum
2092 4246 2308 4302 Patrem
2359 4246 2756 4317 excipiendum.
2805 4246 3080 4318 Siquidem
3118 4249 3261 4306 illius
3310 4265 3432 4307 eum

167 4345 382 4411 concio,
444 4342 767 4400 celebraturi
815 4340 1097 4405 solemnia,
1147 4337 1568 4408 cunetipotentis
1632 4335 1749 4402 Dei,

168 4437 263 4506 qui
288 4433 643 4506 perfectionis
671 4433 881 4488 culmen
922 4431 970 4486 ei
1000 4429 1262 4486 scandere
1288 4428 1577 4492 concessit,
1629 4441 1755 4496 sup-

169 4529 340 4599 plices
364 4525 666 4598 ﬂagitemus
685 4523 1046 4589 clementiam,
1077 4530 1523 4592 quatenusmens
1544 4527 1750 4586 nostra,

170 4617 429 4673 vitiorum
457 4615 749 4672 emundata
779 4612 1047 4684 rubigine,
1084 4612 1166 4668 sic
1204 4611 1287 4668 sui
1317 4612 1529 4682 patroni
1559 4611 1753 4666 devote

170 4706 515 4777 prmstoletur
547 4707 857 4771 adventum,
891 4713 951 4759 ut
975 4705 1092 4775 ejus
1117 4703 1460 4773 praesentiam
1492 4701 1754 4756 laetabun-

172 4801 238 4854 da
262 4806 538 4853 mereatur
562 4795 831 4866 amplecti.
869 4794 1187 4850 Nullatenus
1211 4793 1477 4862 siquidem
1500 4791 1751 4848 dubitau-

172 4888 299 4942 dum
319 4896 423 4953 est,
450 4887 596 4942 hunc
620 4885 1045 4941 sacratissimum
1069 4894 1356 4956 patronum
1383 4883 1573 4939 adesse
1587 4881 1751 4939 nobis

171 4985 512 5044 praesentem,
543 4991 664 5031 cum
687 4974 803 5044 ejus
824 4975 1109 5046 gloriosam
1134 4975 1477 5031 festivitatem
1502 4972 1749 5028 devotio-

174 5069 256 5125 nis
290 5069 474 5126 colere
498 5067 781 5127 studemus
806 5066 1019 5122 all‘ectu.
1053 5068 1122 5122 Et
1166 5067 1407 5139 quidem,
1448 5079 1571 5120 cum
1601 5067 1750 5121 omni

176 5165 412 5230 tempore
453 5156 808 5216 observantes
844 5156 1078 5213 almifica
1109 5174 1206 5214 sua
1253 5157 1503 5212 mandata
1550 5155 1751 5225 pietate

392 5256 611 5278 2....Αι....
645 5253 874 5278 :n-n2asn-A
929 5255 1243 5278 ,ιε-ι-ε-Α---Α
1298 5269 1402 5278 ..αισι
1438 5252 1641 5278 λΑηξκΑ.
1693 5252 1745 5278 2η

788 5268 874 5278 ιιι-Α
929 5268 1243 5278 οδε-ι-.-Α.---Α

1855 4335 2049 4404 capitis
2093 4342 2305 4391 constat
2350 4348 2474 4390 esse
2543 4333 2880 4404 putissimutn
2944 4328 3288 4407 membrum,
3340 4344 3434 4412 qui

1855 4424 2165 4494 evangelica
2211 4423 2464 4479 intonans
2501 4436 2634 4478 voce
2680 4424 2860 4480 dicere
2889 4434 2974 4481 est
3001 4426 3294 4498 dignatus:
3331 4429 3432 4485 Ubi

1854 4518 1961 4573 duo
1986 4517 2067 4571 vel
2097 4525 2205 4572 tres
2237 4515 2547 4589 congregati
2598 4515 2798 4572 fuerint
2826 4518 2879 4574 in
2905 4520 3123 4576 nomine
3154 4536 3294 4585 meo,
3324 4521 3434 4579 illic

1854 4617 1910 4665 et
1937 4623 2037 4681 ego
2086 4609 2143 4663 in
2189 4610 2367 4687 medio
2412 4623 2599 4663 eorum
2646 4622 2741 4664 cro
2772 4608 2990 4679 (Matth.
3032 4626 3198 4676 xvm,
3230 4611 3340 4682 20).
3372 4610 3431 4667 Si

1855 4715 1985 4772 ergo
2010 4695 2190 4771 caput,
2240 4701 2510 4761 Christus,
2540 4700 2791 4757 videlicet
2822 4703 2979 4759 nobis
3012 4701 3066 4756 in
3096 4717 3194 4756 suo
3216 4702 3434 4759 nomine

1854 4792 2195 4864 congregatis
2237 4796 2430 4850 adesse
2469 4791 2742 4862 dignatur,
2794 4794 2914 4864 ejus
2956 4792 3141 4859 utique
3190 4792 3436 4845 membra

1854 4883 2159 4949 nullatenus
2193 4885 2414 4942 absunt.
2450 4881 2507 4936 Si
2553 4889 2732 4937 autem
2765 4883 2815 4937 ei
2849 4880 3112 4941 membra,
3138 4877 3297 4933 electi
3336 4878 3442 4934 sci~

1853 4978 1981 5032 licet
2003 4991 2214 5042 omnes,
2239 4975 2568 5050 generaliter
2587 4987 2797 5046 assunt,
2821 4980 3032 5049 quanto
3045 4970 3222 5037 magis
3251 4969 3451 5043 glorio-

1855 5069 2100 5125 sissimus
2118 5076 2384 5135 patronus
2413 5075 2602 5123 noster
2636 5066 2991 5127 Benedictus.
3026 5057 3141 5126 eius
3169 5060 3458 5117 “mare”

1855 5176 1984 5216 suos
2019 5157 2162 5213 fovet
2214 5163 2464 5225 clientes,
2511 5172 2813 5227 eorumque
2857 5145 3175 5230 prccamina
3230 5154 3465 5213 velatiue

1856 5250 2087 5278 -..ι..ι...2..
2118 5254 2298 5278 εισι-ιι-.
2335 5250 2474 5278 --.υἱ
2506 5251 2751 5278 ΛηνΑΛΑο-σι
2784 5252 2808 5278 Δ
2830 5249 3153 5278 ιιξιιιι-ηιπιηὶ
3180 5248 3469 5278 ρηπηῐηρη-
