3964 5356
482 322 602 380 887'
1189 319 1561 385 [.AURENTII
1598 311 2042 385 CASSINENSIS
2078 309 2306 375 SERMO
2345 313 2412 375 ΙΝ
2448 314 2649 371 VlGlL.
2692 314 2746 370 S.
2787 311 3031 373 BENED.
3634 303 3734 361 888

485 437 657 509 gloria
682 435 1017 502 sublimatus,
1043 444 1100 492 et
1123 436 1508 492 miraculorum
1542 434 1837 506 ingentium
1878 430 2061 495 eﬂica-
2090 433 2140 493 Α
2167 432 2429 504 obsequio
2459 447 2555 503 per
2584 438 2809 490 stratam
2842 429 3020 500 polico
3053 427 3363 484 decoratam
3389 428 3614 488 ornatu,
3640 433 3737 476 ore.

486 506 587 582 ciis
618 525 947 582 eminentius
1003 525 1271 582 exaltatus
1300 534 1404 581 est.
1460 524 1700 594 Denique
1746 521 2062 578 meritorum
2166 524 2342 587 lorum
2368 523 2670 593 tripudians
2688 520 2794 575 alta
2817 506 3151 575 conscendit.
3171 515 3377 585 Nempe
3393 513 3619 585 dignum
3642 518 3738 577 est,

488 617 606 686 ejus
631 616 861 686 insignia
888 616 968 671 sic
993 616 1246 672 humanis
1266 614 1576 671 omnimodo
1605 611 1919 679 admiranda
1941 618 2069 666 sunt
2167 623 2226 679 ut
2249 613 2364 682 ejus
2412 612 2803 684 amplectamur
2842 608 3035 664 devota
3063 605 3432 663 exsultatione
3465 599 3739 665 solemnia,

454 706 760 774 "sensibus,
792 714 853 762 ut
873 722 1060 768 eorum
1084 706 1356 766 modulum
1383 706 1544 769 nimis
1575 703 1834 760 excellere
1854 701 2069 761 videan—
2168 718 2330 774 quem
2360 718 2391 758 e
2432 701 2594 756 terris
2638 698 2971 755 abstractum
3001 711 3100 753 sua
3135 694 3387 752 Christus
3414 691 3612 748 ditavit
3639 705 3747 745 tu-

491 809 601 853 tur.
835 883 843 885 _
906 868 907 871 η
953 881 957 885 Ἦ
1052 879 1059 885 ⁷
2171 793 2468 850 nilicentia.
2494 791 2610 848 Non
2638 790 2705 846 ab
2728 805 2787 847 re
2808 797 2892 845 est
2914 804 3039 845 eum
3067 802 3178 859 pra:
3197 785 3413 843 caeteris
3435 783 3649 839 sanctis
3662 780 3746 839 ἐι·

561 889 762 946 Puerili
812 879 1059 964 namque
1098 895 1197 950 sub
1243 909 1356 950 aevo
1404 891 1576 948 sancti
1613 890 1843 946 flaminis
1897 886 2069 959 gratia
2172 885 2352 941 votius
2386 883 2682 945 celebrare,
2710 879 2887 949 cujus,
2916 878 3097 934 divina
3133 884 3411 932 annuente
3430 871 3746 934 clementia,

494 981 717 1050 potitus,
774 983 847 1038 ita
900 962 1053 1040 senili
1096 986 1270 1042 factus
1319 994 1403 1043 est
1436 984 1721 1057 sapientia,
1775 990 1834 1036 ut
1869 980 2073 1037 relictis
2174 974 2415 1047 quotidie
2453 973 2766 1044 experimur
2794 969 3073 1040 juvamen.
3097 968 3271 1025 Porro
3309 965 3469 1024 valde
3495 971 3583 1019 est
3610 962 3749 1016 inde-

496 1071 737 1140 Paternis
788 1074 999 1143 opibus,
1053 1086 1339 1147 spretaque
1382 1052 1578 1149 pompa
1619 1075 1877 1140 humana,
1908 1086 2072 1145 quam
2174 1082 2303 1124 cens
2329 1074 2389 1123 ut
2423 1080 2547 1122 eum
2584 1080 2680 1121 sua
2707 1063 2932 1136 propria
2959 1060 3174 1128 concio,
3204 1066 3408 1116 conatu
3456 1070 3571 1127 quo
3598 1052 3751 1119 valet,

496 1163 715 1231 quidem
760 1144 1096 1222 liberalibus
1123 1144 1355 1223 maxime
1385 1144 1612 1222 artibus
1651 1144 1937 1219 studentes
1987 1175 2075 1216 as-
2175 1158 2484 1232 glorificare
2532 1156 2788 1229 negligat,
2826 1170 2987 1228 quem
3013 1163 3214 1209 extera:
3244 1164 3519 1223 quaeque,
3546 1144 3754 1218 proan

444 1326 451 1331 ‘
497 1254 653 1322 sequi
685 1262 815 1311 tunc
845 1257 1197 1324 conabantur,
1223 1269 1499 1329 postremo
1526 1254 1750 1311 nutricis
1775 1253 1876 1309 sibi
1913 1252 2075 1309 obse-
2176 1262 2281 1319 que
2304 1248 2492 1320 positae
2522 1246 2837 1319 provinciae,
2888 1243 3206 1300 meritorum
3242 1241 3363 1312 ejus
3390 1236 3623 1309 spiculis
3650 1234 3758 1290 illu-

500 1346 718 1411 quentis
739 1357 921 1416 spreto
944 1325 1473 1413 solamine,'arduum
1498 1355 1708 1418 peteret
1746 1345 2073 1401 institutum.
2177 1348 2384 1406 stratae,
2437 1336 2801 1395 devotissimis
2851 1333 3128 1405 obsequiis
3161 1340 3521 1388 venerantur.
3551 1325 3662 1383 Sed
3688 1325 3760 1380 in.

500 1436 703 1495 Callem
754 1457 966 1511 quoque
1027 1440 1418 1512 perdifﬁcilem,
1472 1451 1681 1498 tantum
1735 1440 1849 1498 suis
1901 1438 2081 1495 eﬂ'ecit
2180 1432 2340 1488 terim
2377 1431 2577 1503 quibus
2643 1428 2984 1501 potissimum
3024 1425 3116 1481 hic
3181 1431 3374 1481 noster
3418 1418 3763 1477 beatissimus

502 1508 825 1600 sequacibus
878 1508 1124 1602 exemplo
1173 1508 1411 1604 operum
1440 1533 1794 1602 doctrinaque
1823 1528 2079 1587 mellillua
2182 1524 2345 1579 Pater
2385 1521 2640 1579 delectari
2679 1519 2932 1592 dignatur
2971 1514 3270 1585 obsequiis,
3303 1511 3426 1582 ejus
3452 1518 3661 1567 sancta
3684 1508 3763 1563 iu-

500 1619 738 1686 facilem,
768 1631 828 1676 ut
857 1622 1045 1678 herilis
1071 1638 1173 1678 vox
1218 1624 1419 1695 passim
1454 1624 1782 1695 experiatur,
1813 1637 1920 1692 qua
1944 1620 2081 1676 dici-
2183 1615 2485 1674 stitutionis
2512 1613 2693 1683 regula
2718 1611 2952 1683 perlecta
2982 1607 3379 1678 diligenterque
3401 1608 3765 1676 perscrutata,

502 1721 594 1765 tur
621 1725 637 1765 :
664 1710 858 1782 Jugum
887 1713 1103 1783 quidem
1135 1692 1312 1769 meum
1341 1730 1507 1769 suave
1524 1692 1629 1779 est,
1669 1723 1720 1769 et
1742 1727 1880 1767 onus
1901 1724 2081 1766 meum
2110 1780 2143 1783 _
2184 1708 2582 1780 perpendamus
2616 1713 2883 1777 quatenus
2906 1702 3022 1773 ejus
3049 1706 3338 1771 sequentes
3363 1695 3646 1752 tramitem
3682 1692 3769 1747 de-

502 1800 642 1857 lere.
700 1801 835 1857 Nam
880 1802 1034 1873 cujus
1077 1804 1321 1860 doctrina
1365 1804 1635 1875 effatnque
1676 1804 1938 1867 mirifico,
1972 1802 2080 1857 imo
2109 1780 2158 1842 Β
2183 1798 2284 1855 viis
2331 1798 2634 1869 quibusque
2685 1793 2954 1863 possimus
2980 1789 3264 1861 vigilanter
3312 1798 3507 1842 carere
3536 1781 3765 1837 dumetis

502 1895 776 1966 pra‘cipuo
826 1896 1076 1968 exemplo
1121 1905 1269 1951 tanta
1318 1870 1707 1951 monachorum
1741 1893 1977 1965 phalanx
2005 1892 2086 1948 di-
2185 1884 2334 1960 [sic].
2380 1886 2525 1939 inter
2561 1892 2756 1941 caetera
2809 1880 3061 1936 nimirum
3091 1893 3213 1949 qua
3248 1872 3614 1932 celeberrima
3638 1870 3773 1925 idem

505 1984 649 2040 vinis
695 2000 754 2040 se
803 1961 1130 2055 mancipavit
1180 1986 1486 2057 praeceptis,
1528 1985 1633 2041 nisi
1676 1961 1811 2053 ejus,
1842 1983 1933 2054 qui
1978 1983 2087 2038 Deo
2184 1976 2347 2034 Pater
2366 1974 2964 2031 edocuitinstrumenta
2988 1961 3631 2031 virtutum,charitatem
3661 1972 3777 2028 qua

506 2073 760 2144 prtesulc,
782 2090 846 2130 ea
873 2091 993 2146 quae
1013 2075 1313 2131 luculenter
1337 2084 1392 2131 et
1429 2074 1665 2133 suaviter
1693 2073 1894 2138 docuit,
1924 2086 2088 2142 opere
2186 2079 2270 2129 est
2290 2065 2636 2140 perfectionis
2657 2060 2948 2129 vinculum,
2973 2058 3445 2125 humilitatemque
3464 2066 3636 2123 quam
3658 2064 3780 2107 con-

511 2162 804 2220 ellicaciter
847 2166 1383 2237 adimplevit?Quam
1425 2166 1710 2237 dignanter
1744 2171 1923 2218 autem
1947 2162 2089 2217 Deus
2188 2170 2296 2218 stat
2338 2157 2582 2215 omnium
2635 2155 2966 2224 reliquarum
3014 2165 3134 2207 esse
3169 2148 3456 2204 custodem
3494 2143 3779 2204 virtutum,

513 2252 631 2322 ejus
672 2229 1054 2326 approbaverit
1101 2229 1437 2323 famulatum,
1482 2229 1614 2311 hinc
1659 2253 1864 2325 liquido
1901 2252 2088 2318 claret,
2189 2248 2458 2321 praecipue
2490 2242 2906 2301 commendavit.
2955 2237 3223 2326 Psallendi
3276 2231 3500 2305 quoque
3549 2229 3781 2326 oflicium

513 2344 658 2415 quod
687 2361 833 2414 eum,
876 2362 1038 2417 quem
1065 2348 1250 2404 multis
1278 2347 1330 2402 in
1360 2318 1610 2416 extemplo
1632 2318 1757 2400 vitae
1790 2356 2092 2414 proponere
2191 2318 2353 2409 quam
2391 2343 2551 2392 caute
2579 2332 2990 2400 moderateque,
3036 2336 3093 2383 et
3116 2335 3174 2381 ut
3212 2324 3391 2396 ipsius
3417 2329 3549 2376 utar
3575 2318 3770 2388 elogio,

516 2411 908 2502 destinaverat,
957 2438 1011 2493 in
1041 2438 1287 2494 cavernis
1326 2411 1590 2492 montium
1620 2435 1710 2490 diu
1731 2411 1950 2489 latitare
1994 2446 2093 2487 ne-
2193 2445 2301 2501 qua
2327 2427 2596 2501 gravitate
2641 2423 2797 2479 nobis
2826 2418 3186 2476 exhibendum
3221 2411 3572 2486 praeceperit,
3603 2418 3780 2463 vestra

519 2539 792 2595 quaquam
845 2525 1112 2595 permisit.
1138 2594 1142 2599 ἱ
1172 2525 1244 2581 Ut
1289 2526 1433 2580 enim
1474 2524 1529 2581 in
1582 2522 1702 2595 ejus
1738 2524 1847 2578 vita
1877 2522 2093 2594 legitur,
2196 2519 2441 2579 cbaritas
2496 2515 2721 2572 minime
2748 2513 2981 2584 ignorat.
3010 2506 3148 2563 Dicit
3188 2504 3338 2560 enim
3376 2502 3530 2557 inter
3554 2508 3787 2555 caetera:

520 2632 682 2686 quam
734 2618 925 2674 beatus
970 2617 1261 2686 Gregorius
1310 2617 1540 2672 dulciter
1585 2617 1773 2682 edidit,
1830 2624 1885 2672 et
1921 2613 2098 2687 primo
2198 2613 2279 2670 sic
2324 2621 2532 2668 stemus
2575 2607 2642 2665 ad
2671 2603 3009 2677 psallendum
3055 2607 3116 2653 ut
3141 2610 3297 2652 mens
3337 2601 3534 2650 nostra
3570 2603 3794 2647 concor-

521 2708 737 2763 cuidam
776 2676 1111 2780 presbytero"
1124 2705 1470 2763 refectionem
1502 2705 1604 2762 sibi
1650 2706 1704 2761 in
1736 2676 1975 2777 paschali
2006 2720 2097 2760 so-
2201 2702 2293 2760 det
2312 2701 2431 2757 voci
2480 2676 2700 2756 nostrae.
2734 2695 2792 2751 lu
2822 2693 3021 2764 quibus
3065 2687 3247 2743 verbis
3277 2685 3402 2741 luce
3428 2682 3639 2740 clarius
3663 2676 3796 2734 indi-

522 2797 806 2853 lemnitate
856 2768 1180 2869 praeparanti
1227 2798 1524 2869 prtecipere
1569 2768 1824 2868 dignatus
1869 2802 1985 2860 est,
2041 2801 2101 2849 ut
2201 2802 2312 2861 cat,
2345 2808 2451 2848 non
2483 2805 2553 2847 se
2572 2801 2765 2844 vocum
2794 2782 3100 2847 dulcedine,
3130 2776 3613 2845 immoderateque
3637 2768 3797 2826 subii.

526 2904 683 2944 suum
703 2867 1107 2944 devotissiinum
1138 2867 1463 2942 famulumin
1492 2867 1833 2957 scopulorum
1859 2882 2112 2954 abruptis,
2204 2897 2351 2947 mata
2375 2882 2663 2948 cantilena,
2687 2878 2780 2936 sed
2808 2877 2988 2949 potius
3010 2871 3351 2945 inspectione
3374 2868 3461 2923 vis
3482 2867 3794 2927 verborum,

527 2978 709 3035 inedia
756 2977 1060 3045 confectum
1094 2978 1372 3045 inviseret,
1417 2985 1472 3034 et
1499 2976 1839 3047 postmodum
1864 2975 2106 3033 subulcis
2207 2979 2518 3049 salubrique
2550 2970 2804 3030 delectari
2824 2960 3259 3039 compunclione.

531 3079 592 3127 et
665 3068 788 3125 aliis
865 3068 1279 3140 quamplurimis
1333 3043 1455 3123 eum
1501 3043 1687 3123 voluit
1746 3064 2103 3122 manifestari.
2145 3127 2183 3140 _
2285 3043 2614 3125 Studeamus
2658 3062 2861 3130 itaque,
2894 3055 3187 3113 dulcissimi
3215 3053 3440 3115 fratres,
3468 3049 3527 3104 in
3561 3047 3668 3102 hac
3696 3043 3798 3113 eius

533 3161 710 3233 Digno
762 3127 955 3245 procul
999 3127 1162 3214 dubio
1207 3166 1503 3227 sanctoque
1544 3155 1788 3227 judicio,
1847 3164 2098 3226 quatenus

2233 3161 2485 3232 Irascipua
2531 3127 2871 3213 solemnitate
2897 3148 3166 3206 cbaritate
3213 3142 3407 3201 fervidi
3426 3182 3444 3208 ,
3476 3138 3685 3195 mentis
3713 3137 3798 3191 ha-

537 3264 653 3313 ῑίὶιη
702 3242 942 3309 emicans
994 3250 1248 3305 "ill-“lum
1301 3248 1561 3318 exemplis
1603 3246 1857 3314 lucerna:
1899 3256 2117 3317 13mler
2160 3280 2167 3293 ο
2217 3232 2449 3311 militate
2469 3248 2676 3314 decori,
2708 3242 2993 3302 cantilenae
3036 3237 3305 3294 suavitate
3329 3232 3636 3290 salubriter
3656 3243 3797 3284 com-

538 3344 833 3416 prmuitens
855 3342 1131 3429 signorum
1157 3338 1393 3396 efficacia
1416 3316 1649 3410 gemma,
1675 3337 1768 3395 diu
1795 3334 1895 3394 sub
1909 3316 2119 3393 latibuli
2218 3343 2425 3415 puncti,
2462 3338 2597 3395 tanti
2623 3334 2803 3403 Patris
2834 3330 3113 3388 celebrare
3136 3325 3480 3387 memoriam.
3537 3316 3703 3387 cuius
3721 3330 3801 3385 μ’

541 3437 727 3495 modio
751 3452 857 3493 non
886 3423 1027 3492 esset
1065 3432 1296 3490 occulta.

2234 3408 2466 3492 lrociniis
2495 3430 2696 3499 ubique
2728 3437 3034 3482 mereamur
3070 3416 3290 3475 muniri.
3323 3412 3430 3470 Sed
3463 3411 3620 3482 quia,
3672 3408 3799 3464 sicin

614 3530 787 3587 Porro
818 3537 1022 3600 quanta
1049 3528 1122 3583 sit
1150 3543 1274 3582 eum
1319 3527 1574 3583 comitata
1614 3524 1982 3599 prodigiorum
2012 3521 2123 3579 efﬁ-
2224 3526 2367 3582 idem
2394 3518 2770 3578 sanctissimus
2795 3514 2944 3579 dicit,
2967 3526 3031 3565 ea
3057 3523 3178 3580 quae
3202 3503 3413 3573 agenda
3448 3510 3610 3566 sunt,
3648 3507 3798 3554 orata

547 3625 722 3692 cacia,
751 3592 952 3679 nullum
982 3622 1124 3678 scire
1163 3619 1362 3684 dillido,
1397 3635 1520 3675 cum
1548 3592 1734 3688 utique
1770 3592 1880 3672 tam
1908 3617 2018 3671 sint
2044 3614 2126 3669 in-
2225 3617 2422 3673 debent
2469 3608 2754 3673 inchoari,
2813 3603 3202 3676 aliquantisper
3256 3597 3400 3653 illius
3441 3592 3803 3664 supplicamus

546 3683 743 3787 signia,
775 3721 833 3767 ut
871 3720 992 3783 post
1032 3719 1266 3776 sanctos,
1297 3683 1355 3763 ut
1400 3683 1682 3778 pnel‘atum
1703 3713 1811 3771 est,
1833 3702 2111 3775 apostolos.

2237 3701 2614 3777 patrocinatui,
2664 3705 2932 3768 quatenus
2980 3692 3175 3747 devote
3220 3695 3400 3755 empta
3431 3683 3802 3738 lelicitereon-

552 3805 603 3861 ei
633 3782 940 3875 specialiter
964 3799 1359 3872 quodammodo
1387 3813 1417 3853 a
1442 3794 1942 3853 Salvatoredictum
1963 3793 2130 3850 fuisse
2230 3801 2590 3854 summentur.
2633 3787 2828 3858 Igitur,
2874 3794 2928 3839 te
2972 3788 3217 3837 nostrum
3263 3784 3564 3845 pastorem,
3614 3782 3805 3824 cernua

553 3895 820 3951 videatur.
853 3892 1051 3965 Maiora
1083 3890 1168 3947 his
1194 3889 1385 3955 facieS.
1413 3887 1641 3945 credens
1666 3886 1718 3941 in
1749 3885 1967 3940 nomine
1989 3898 2128 3939 meo.
2231 3896 2434 3951 mente,
2463 3892 2567 3938 ιιιω
2595 3878 2898 3951 ﬂagitamus
2923 3872 3191 3934 bidentes,
3238 3875 3301 3922 ut
3330 3864 3503 3920 nostri
3529 3863 3807 3932 dignanler

555 3987 700 4043 Vere
724 3987 777 4041 in
816 3952 953 4055 ejus.
983 3983 1202 4040 nomine
1228 3952 1477 4045 credens,
1504 3987 1583 4033 tot
1614 3978 1848 4046 taliaque
1875 3976 2133 4031 exhibere
2233 3977 2511 4039 misertus,
2548 3969 2733 4027 solitas
2781 3964 2981 4021 oﬂ‘eras
3029 3954 3382 4015 eunctisatori
3425 3952 3542 4055 Deq
3595 3963 3701 4055 ι)τῖ
3732 3956 3808 4055 tuo

555 4080 817 4139 miracula
844 4035 1060 4140 'voluit,
1093 4090 1253 4146 quem
1301 4073 1551 4129 omnibus
1584 4035 1833 4141 sepositis
1861 4066 2020 4135 hujus
2052 4066 2134 4121 la-
2237 4080 2399 4139 grege
2451 4035 2674 4133 preces;
2704 4056 2772 4112 ab
2792 4051 3003 4121 antiqui
3033 4048 3203 4146 hostis
3233 4058 3349 4145 .nos
3370 4051 3491 4097 tuos
3517 4035 3808 4146 lamellulas

557 4171 741 4228 bantis
785 4168 910 4223 vita:
965 4123 1259 4237 prosperis,
1314 4173 1399 4217 est
1452 4123 1753 4230 amplexus.
1814 4123 1987 4213 Unde-
2015 4153 2139 4225 jure
2237 4123 2636 4212 incursionibus
2663 4123 2771 4217 pie
2822 4139 3054 4203 tuearis;
3100 4131 3383 4190 cbaritatis
3446 4143 3549 4183 nos
3623 4123 3810 4228 pollere

562 4262 779 4321 caelitus
815 4260 864 4315 ei
903 4217 1212 4315 colrlata'est
1262 4253 1436 4309 virtus
1484 4217 1736 4314 excelsa,
1791 4261 1899 4318 qua
1955 4217 2142 4315 utique
2239 4247 2442 4302 virtute
2469 4236 2894 4298 misericorditer
2921 4231 3123 4297 facias;
3154 4225 3547 4321 charismatum
3583 4217 3810 4321 omnium

564 4353 802 4411 examini
859 4350 1110 4407 cadaveri
1147 4347 1312 4403 vitam
1363 4342 1571 4400 orando
1601 4309 1870 4405 restituit;
1921 4345 1977 4394 et
2003 4309 2144 4393 inter
2244 4335 2572 4395 afﬂuentiam
2620 4329 2918 4387 clementer
2967 4318 3213 4390 largioris
3265 4314 3374 4371 tuis
3419 4309 3733 4373 clientulis,
3743 4315 3807 4411 ἐς

567 4454 767 4504 caetera
812 4443 1117 4513 innumera,
1143 4436 1260 4494 solo
1299 4434 1495 4490 intuitu
1523 4432 1828 4487 vinctorum
1859 4427 1977 4485 lora
2019 4424 2147 4481 bra-
2174 4466 2224 4527 υ
2248 4429 2571 4502 quandoque
2623 4421 2733 4478 tuis
2758 4434 2858 4475 nos
2906 4416 3073 4472 facias
3114 4406 3397 4483 aggregari
3432 4403 3696 4463 cultibus.
3743 4394 3813 4451 Ie

1160 4526 1177 4527 η
1234 4525 1263 4527 _,
1784 4520 1796 4527 .
2496 4525 2503 4527 .
2553 4515 2565 4527 .
2710 4526 2713 4527 ,
2789 4510 2820 4527 ρ.
2854 4511 3297 4527 ss_“---_._..........
3335 4494 3623 4527 ιιηορανςαι
3645 4489 3811 4527 ιιι-ξω

568 4536 818 4593 cbiorum
859 4489 1121 4587 dissolvit:
1153 4525 1363 4581 Delium
1388 4536 1604 4594 quoque
1652 4520 1874 4577 omnino
1916 4530 2145 4572 vacuum
2174 4489 2224 4527 υ
2249 4489 2464 4591 quoque
2485 4489 2566 4570 tui
2593 4510 2822 4569 encomii
2853 4511 3299 4579 prtesumptorem
3335 4494 3623 4577 litterariae
3645 4489 3811 4562 perit:

571 4590 730 4684 oratu
784 4621 1010 4694 supplici
1056 4617 1271 4690 lecytbo
1328 4590 1550 4670 manare
1589 4620 1840 4682 potenter
1882 4605 2136 4664 exhibuit.

2251 4590 2429 4668 minus
2459 4608 2731 4669 edoctum,
2782 4597 3104 4657 famulorum
3133 4590 3344 4648 scilicet
3371 4596 3593 4642 tuorum
3642 4593 3810 4638 verna-

574 4671 730 4684 “¹⁸““’“’“
785 4671 1010 4694 ’“·ι”ι”·*“
1060 4671 1164 4690 "‘J
1591 4671 1605 4682 ι

574 4719 848 4777 Placidum
871 4728 1079 4772 necnon
1104 4721 1333 4781 puerum
1353 4720 1604 4777 aequorea
1641 4706 1945 4760 demersum
1974 4700 2028 4756 in
2050 4715 2150 4754 un-
2253 4701 2431 4757 culum
2479 4697 2747 4758 ultimum,
2790 4701 2905 4753 tuo,
2952 4699 3156 4757 quaeso,
3199 4688 3424 4752 protege
3479 4671 3808 4745 patrocinia.

573 4816 663 4879 da,
721 4811 804 4868 sui
859 4807 1002 4881 pepli
1052 4802 1177 4878 [sic]
1219 4800 1558 4872 apparitione
1592 4812 1690 4869 per
1719 4795 1963 4851 Maurum
1998 4806 2150 4862 reque
2255 4800 2522 4862 quatenus
2571 4797 2761 4840 omnes
2786 4779 2989 4851 pariter
3016 4785 3108 4830 tuo
3137 4765 3592 4881 munereldilali.
3617 4769 3809 4817 005W

2410 4880 2415 4881 ,
2781 4870 2801 4881 -
2865 4870 2877 4881 .
3407 4864 3598 4881 --.μμ
3638 4859 3809 4881 κη...

573 4856 791 4965 beatum
822 4854 1002 4959 st'ablili
1034 4854 1426 4954 rLteddiditr‘solo
1456 4909 1470 4946 :
1520 4897 1574 4946 et
1595 4854 1808 4957 reliqua
1861 4899 1981 4954 qua:
2014 4896 2151 4953 pene
2256 4854 2377 4939 rum
2407 4880 2756 4948 impetremus
2777 4870 3076 4926 facinorum
3099 4863 3332 4965 veniam‘:
3379 4854 3607 4956 Interea
3638 4859 3810 4965 assit?

578 4940 791 4965 νυιιιυιιι
822 4940 1002 4959 ,ια-ι...
1034 4940 1263 4954 MM-..
1312 4940 1423 4949 η--
1457 4940 1470 4946 -
1524 4940 1573 4946 _-
1878 4940 1896 4954 _
2016 4940 2032 4953 _
2483 4940 2501 4948 _

578 5008 694 5056 toto
719 4996 836 5053 orbi
870 5004 1137 5050 terrarum
1157 4995 1214 5042 et
1243 4984 1521 5041 notissima
1552 4989 1607 5037 et
1632 4977 1866 5037 celebria
1902 4976 2018 5032 fore
2044 4989 2151 5030 non
2261 4968 2469 5041 paginae
2521 4963 2641 5021 calx
2677 4958 2916 5056 breviter
2964 4953 3124 5056 hujus
3166 4943 3610 5007 excellentissimi
3660 4940 3810 5008 Patris

578 5089 815 5159 ambigo.
869 5084 1039 5155 Digne
1078 5093 1211 5149 ergo
1263 5092 1293 5131 a
1344 5073 1501 5130 nobis
1546 5071 1660 5127 suis
1711 5066 1940 5125 servulis
1973 5065 2154 5122 debita
2263 5057 2435 5120 nostri
2464 5067 2728 5112 summam
2757 5045 3061 5149 concludat.

620 5121 723 5144 lum
762 5121 815 5141 υ.
872 5121 930 5138 υ.
975 5121 1039 5138 ..ν
1079 5121 1129 5135 υ.
1180 5121 1209 5133 υ
1263 5121 1293 5131 ..
1345 5121 1499 5130 ην-.-
1547 5121 1656 5127 ___-
1712 5121 1853 5125 ---η
1923 5121 1931 5122 ,
1984 5121 1989 5122 ,
2060 5121 2067 5122 ,

583 5121 890 5238 :elebtatur
917 5121 1275 5231 silemnirale,
1322 5163 1414 5235 qui
1442 5174 1703 5232 corporea
1748 5156 2038 5228 tranquille
2064 5154 2161 5209 de.
2336 5147 2442 5205 Sed
2470 5144 2683 5217 quando
2723 5147 2909 5195 nostra
2937 5133 3148 5238 ‘inertia
3184 5128 3356 5188 faceto
3405 5121 3695 5223 lepideque

585 5211 878 5238 υῦιῦυιςιιυι
917 5211 1275 5231 ῦὶιιυωιιιυ“ιν’
1324 5211 1414 5235 Ἰ..-
1447 5211 1701 5232 __-r-_-_s
1756 5211 1767 5213 ἡ
1807 5211 1851 5214 γν
1891 5211 1907 5228 ⁸
2487 5211 2505 5217 _

585 5271 761 5326 nosita
816 5264 1050 5326 sarcina,
1097 5260 1165 5314 ad
1200 5258 1435 5313 aethere:
1486 5250 1893 5321 transmigravit
1936 5246 2159 5317 palatia,
2266 5252 2427 5297 mone
2469 5234 2628 5305 hujus
2676 5231 2831 5301 plene
2869 5225 3011 5281 valet
3050 5229 3307 5281 enarrare
3345 5211 3670 5326 meritqrum
3717 5211 3813 5302 inse

2666 5324 2671 5325 ’
2795 5320 2851 5326 -·
3042 5315 3056 5326 ·
3082 5313 3119 5326 “
3281 5307 3325 5326 ιι
3348 5319 3468 5326 αμα-
3504 5318 3526 5326 .-
3557 5305 3797 5326 Ακηηηηφ

3348 5319 3468 5326 ,μαρ
