3964 5356
213 336 325 396 889

1053 338 1349 395 AGAPETl
1387 335 1587 394 ΡΑΡᾸΕ
1626 337 1671 393 ll
1708 335 2067 394 EPISTOLJE
2107 337 2196 392 ET
2235 340 2642 401 PRIVILEGIA.

3372 353 3478 410 890

212 463 272 509 ut
297 462 352 519 e,t
377 451 550 523 polica
579 466 742 523 regna
776 450 1000 521 iustitiae
1029 463 1315 508 stemmate
1366 452 1640 509 laureatus
1668 470 1794 524 pos-
1820 459 1872 518 Α
1898 453 2088 524 gaudia
2119 457 2548 526 complectuntur
2599 466 2867 536 tripudiis.
2910 466 2989 521 En
3034 467 3176 524 illius
3205 470 3473 540 vestigiis,

209 547 388 602 sidcat
418 558 606 608 ovans,
659 553 713 598 et
758 558 857 598 sua
911 544 1171 614 pignora,
1219 545 1415 614 quibus
1471 547 1792 602 Cassineuse

206 634 410 688 beatur
455 631 784 700 cmuobium,
815 648 846 686 a
868 633 1088 704 regibus
1119 642 1275 688 terra:
1301 650 1504 690 cernuo
1539 637 1792 692 summis-

207 741 380 796 soque
397 733 726 781 venerentur
751 725 997 781 adoratu.
1016 725 1203 780 Tantis
1225 726 1368 782 enim
1401 727 1789 782 miraculorum

204 815 472 888 prodigiis
499 815 664 870 etiam
697 829 839 869 nunc
867 814 1008 885 apud
1045 829 1202 870 suum
1235 815 1590 871 honorificum
1620 816 1788 870 larem

203 906 509 978 prmpollet,
537 916 595 960 ut
621 903 886 975 ejusmodi
916 906 1150 961 rumoris
1203 906 1497 961 tonitruum
1523 913 1789 961 transma-

205 1000 356 1059 rinos
386 998 923 1068 ultramontauosque
953 998 1226 1066 principes
1264 998 1333 1052 ad
1381 998 1462 1052 sui
1505 999 1788 1066 pertrahat

201 1099 458 1160 potenter
503 1089 843 1160 obsequium.
875 1087 982 1144 Nec
1012 1088 1282 1144 immerito
1311 1104 1442 1143 sane
1480 1089 1708 1143 terrenis
1755 1103 1786 1142 a

199 1179 542 1251 principibus
572 1179 954 1235 venerabiliter
981 1179 1301 1244 honoratur,
1335 1179 1425 1250 qui
1457 1193 1640 1249 regum
1669 1193 1787 1232 om-

198 1271 347 1323 nium
381 1270 493 1339 regi
511 1268 648 1323 colla
671 1268 1040 1333 summittens,
1075 1267 1290 1322 inomni
1317 1268 1520 1322 studuit
1548 1267 1656 1322 vita
1685 1281 1783 1322 sua

198 1359 519 1432 dignissime
569 1357 840 1413 famulari.
892 1358 1010 1430 Ipse
1037 1357 1301 1428 siquidem
1343 1374 1438 1428 per
1466 1360 1784 1430 prophetam

196 1454 456 1523 dignatus
496 1461 581 1510 est
625 1451 870 1524 polliceri
928 1471 942 1507 :
996 1467 1095 1525 ego
1139 1451 1509 1521 gloriﬁcantes
1559 1467 1644 1506 me
1672 1451 1784 1523 glo-

195 1542 442 1597 rilicabo.

265 1633 408 1689 Vere
439 1633 660 1704 quidem
705 1633 993 1704 insigniter
1023 1633 1166 1688 hunc
1192 1639 1439 1688 nostrum
1471 1631 1783 1687 sacratissi-

192 1742 338 1781 mum
363 1726 580 1782 Patrem
598 1726 918 1796 gloriﬁcavit
940 1736 993 1781 et
1023 1727 1308 1799 gloriﬁcat,
1337 1742 1447 1782 nou
1485 1736 1692 1782 tantum
1723 1727 1777 1781 in

1895 569 2054 624 quem
2083 556 2210 612 olim
2241 557 2354 611 sola
2381 555 2670 628 Campania
2702 565 2948 621 noverat,
2995 574 3138 613 nunc
3172 575 3324 630 rcges
3362 569 3474 616 ter-

1893 663 1970 703 ra:
2007 649 2165 704 litant
2220 650 2567 705 devotissima
2617 651 2803 706 oscula
2857 667 3069 706 necnon
3117 656 3471 722 permunitica

1893 754 2138 794 munera.
2178 739 2295 796 Jam
2322 756 2466 796 nunc
2499 755 2648 810 ergo,
2678 741 2837 797 Pater
2868 744 3324 800 excellentissime
3371 761 3471 816 pa-

1893 836 2057 894 trum,
2092 839 2237 884 tuam
2267 831 2452 885 cernui
2485 830 2790 900 ﬂagitamus
2822 831 3196 898 clementiam,
3229 844 3288 888 ut
3311 835 3473 892 nobis

1890 919 2010 988 Opis
2032 927 2135 974 tum
2162 921 2410 990 porrigas
2452 921 2752 975 dexteram.
2781 920 3035 988 Obstrue,
3059 939 3262 993 qua-so,
3295 925 3465 980 nostri

1891 1010 2146 1066 misertus
2189 1011 2494 1081 iniquorum
2519 1009 2675 1082 [Cad.
2703 1012 2966 1086 cicorum]
2990 1030 3084 1069 ora
3113 1015 3350 1070 crudelia
3376 1015 3465 1084 qui

1890 1109 2011 1156 tuas
2037 1100 2408 1157 fraudulenter
2437 1103 2676 1172 gestiunt
2727 1101 2930 1158 illicere
2960 1103 3226 1159 vernulas.
3268 1105 3344 1158 Da
3375 1121 3466 1159 so-

1887 1189 2066 1244 lamen
2116 1199 2287 1256 tuum,
2336 1191 2518 1258 Pater,
2576 1193 2682 1246 tuis
2731 1192 3004 1246 clientulis
3033 1207 3168 1262 quos
3201 1193 3268 1246 ad
3314 1200 3465 1247 tuum

1887 1282 2210 1337 imitandum
2273 1283 2463 1339 callem
2514 1285 2830 1354 pertraxisti
2888 1283 3225 1339 clementius.
3281 1285 3467 1342 Pande

1885 1375 2192 1445 dignanter,
2222 1373 2515 1444 poscimus,
2545 1374 2767 1443 iterquo
2788 1373 2854 1429 ad
2878 1374 3108 1444 patriam
3126 1375 3464 1442 pervenitur,

1884 1474 2152 1535 quatenus
2174 1479 2242 1519 ex
2275 1473 2365 1518 tuo
2391 1478 2554 1534 grege
2605 1463 2809 1517 nullum
2856 1463 3208 1518 nanciscatur
3248 1463 3464 1532 pericu-

1884 1554 2028 1619 lum;
2076 1562 2135 1608 ut
2163 1552 2292 1607 olim
2323 1552 2419 1608 tibi
2449 1552 2644 1607 collata
2677 1551 2879 1606 talenta
2916 1552 3194 1605 communi
3234 1550 3466 1605 Domino

1883 1645 2154 1716 geminata
2183 1644 2250 1699 de
2288 1642 2444 1697 nobis
2471 1645 2788 1708 restituens,
2812 1641 3006 1712 duplici
3040 1641 3264 1712 praemio
3299 1641 3465 1710 potiri

1883 1733 2166 1788 merearis.
2217 1732 2325 1787 Nos
2350 1747 2562 1802 quoque
2593 1731 2846 1786 immeriti
2869 1745 2963 1800 per
3002 1738 3148 1784 tuum
3187 1731 3462 1784 interven-

189 1817 446 1872 azthereis
480 1818 681 1887 regnis,
707 1819 799 1873 sed
827 1819 993 1873 etiam
1025 1834 1209 1874 coram
1247 1819 1557 1874 hominibus
1581 1821 1632 1873 in
1661 1828 1774 1874 ter-
1807 1809 1851 1867 Β
1882 1830 1994 1876 tum
2026 1821 2215 1877 saltem
2266 1821 2560 1876 evadamus
2599 1821 2941 1890 supplicium,
2974 1834 3110 1890 quos
3135 1820 3205 1874 ob
3233 1819 3461 1875 merito-

189 1909 264 1963 ris
293 1923 401 1976 quo
452 1917 597 1964 totus
653 1919 912 1980 agnoscat
972 1909 1118 1965 orbis
1183 1919 1384 1980 quanta
1425 1909 1774 1964 beatitudinis

186 1999 353 2070 gloria
381 1999 675 2065 exaltatur,
706 2001 796 2070 qui
826 2016 923 2070 pro
963 2000 1084 2069 ejus
1110 2002 1329 2056 nomine
1353 2002 1560 2056 studuit
1588 2002 1639 2054 in
1671 2001 1774 2057 hac

186 2092 292 2144 vita
323 2090 616 2145 salubriter
669 2091 965 2146 humiliari.
1021 2092 1100 2146 En
1158 2092 1306 2146 illum
1352 2108 1512 2161 quem
1552 2091 1769 2162 spelaea

187 2183 491 2256 [spelunca]
523 2193 812 2239 tenuerunt
843 2185 1240 2254 aliquantulum
1273 2185 1597 2251 latitantem,
1624 2201 1773 2242 nunc

183 2275 472 2345 paradisus
519 2276 717 2330 retinet
748 2276 1144 2338 exsultantem;
1169 2285 1224 2332 et
1251 2293 1411 2348 quem
1448 2293 1576 2331 arva
1602 2293 1772 2346 quon-

185 2365 304 2419 dam
353 2366 664 2422 habuerunt
715 2365 1021 2422 confectura
1080 2366 1318 2437 jejuuiis,
1366 2384 1509 2424 nunc
1557 2367 1770 2440 Olympi

1882 1928 2002 1965 rum
2026 1912 2341 1981 qualitatem
2392 1922 2780 1965 consecuturos
2806 1910 3131 1979 ambigimus
3154 1911 3458 1978 praemium.

1880 2001 2178 2056 Praestante
2203 2001 2430 2054 Domino
2455 2009 2639 2056 nostro
2658 1999 2786 2055 Jesu
2805 1998 3022 2055 Christo
3044 1999 3136 2068 qui
3161 2008 3232 2065 te,
3256 1999 3462 2054 beatis-

1880 2097 2018 2151 sime
2068 2094 2248 2159 Pater,
2295 2095 2431 2150 adeo
2487 2094 2799 2150 sublimavit
2848 2103 2910 2150 ut
2960 2092 3108 2148 nullo
3151 2102 3464 2148 sanctorum

1876 2185 1974 2256 (ita
2009 2183 2151 2254 cod.)
2200 2193 2322 2253 post
2367 2184 2554 2239 beatos
2602 2183 2877 2255 apostolos
2932 2171 3162 2239 inferior
3193 2181 3458 2249 videaris;

1878 2277 1995 2346 ipso
2024 2276 2209 2346 utique
2239 2276 2329 2348 qui
2361 2291 2482 2331 cum
2511 2276 2676 2331 Patre
2698 2285 2752 2331 et
2782 2275 2986 2347 Spiritu
3033 2285 3221 2331 sancto
3250 2273 3380 2328 vivit
3408 2283 3464 2329 et

1875 2376 2066 2438 regnat
2093 2382 2192 2439 per
2214 2368 2394 2422 omnia
2421 2366 2618 2422 saecula
2639 2367 2983 2424 saeculorum.
3014 2365 3210 2420 Amen.

1402 2776 1566 2818 AVNO
1612 2775 1842 2818 DOMINI
1889 2773 2213 2820 DCCCCLVI.

629 2955 1769 3154 AGAPETUS

1966 2909 2624 3106 ΡᾹΡΛςη,
2747 2957 3006 3187 [[7

1181 3321 1688 3415 NOTITIA
1756 3320 2443 3414 HISTORICA.

1044 3435 1206 3536 (Apud
1223 3471 1398 3534 Mausi,
1417 3469 1730 3520 conciliorum
1755 3468 2044 3529 amplissima
2062 3466 2264 3518 Collect.
2286 3464 2462 3530 XVIII,
2485 3465 2620 3531 405.)

1669 3581 1960 3594 ~—

249 3644 763 3716 AgapetusMariuo
792 3644 1076 3716 successit,
1100 3658 1243 3716 a_n_no
1263 3642 1463 3697 Christi
1495 3641 1619 3716 9l6,
1643 3651 1888 3716 tempore
1920 3640 2260 3716 Constantini
2282 3637 2413 3716 Vill.
2439 3639 2538 3716 ilic
2563 3637 2905 3716 post'multas
2931 3639 3166 3716 synodos
3191 3641 3242 3696 in
3284 3657 3448 3716 causa

187 3708 426 3785 “ligonis
446 3725 500 3769 et
528 3714 736 3768 Artaldi
763 3715 1086 3785 celebratas,
1110 3708 2026 3785 Rhemensemarchiepiscopatum
2053 3711 2272 3785 A_rtal_do
2303 3708 2666 3785 adjndicatum
2695 3708 3060 3762 coniirmaVit.
3093 3709 3328 3785 Brunoni
3353 3712 3455 3785 CQ-

193 3778 422 3854 louiensi
458 3787 884 3854 archiepiscopo,
918 3781 1132 3838 Ottouis
1157 3783 1346 3854 fratri,
1369 3783 1590 3850 pallium
1622 3778 1826 3854 petenti
1846 3778 2150 3854 concessit.
2182 3778 2473 3854 Debellatis
2500 3780 2568 3832 ab
2596 3778 2795 3854 Otto_ue
2826 3793 2956 3854 rege
3001 3791 3191 3854 magna
3226 3781 3454 3854 victoria

183 3853 366 3917 Danis,
396 3847 694 3922 iisdemque
726 3855 776 3908 in
798 3847 1168 3908 Christianam
1203 3847 1516 3922 religionem
1544 3847 1801 3920 acceptis,
1832 3851 2134 3922 gratulatus
2155 3860 2240 3904 est
2275 3847 2671 3918 Hamburgensi
2693 3847 2995 3915 .Eccles’iae,
3052 3847 3277 3919 ejusque
3338 3853 3449 3921 prl-

182 3923 375 3994 vilegia
415 3941 445 3978 a
471 3921 768 3992 majoribus
787 3933 1006 3992 accrepta
1032 3923 1306 3994 innovavit
1333 3921 1531 3994 (δρα.
1565 3921 1664 3994 lib.
1691 3937 1750 3983 ll,
1787 3938 1836 3975 c.
1878 3921 1956 3991 2).

252 3985 421 4060 llitjns
457 3985 695 4061 tempore
720 4004 841 4062 post
870 3985 1073 4046 obitum
1099 3985 1349 4046 Lotharii
1376 3991 1736 4062 Bereugarins
1769 3985 1993 4059 regnum
2024 3988 2191 4062 ltalize
2215 3988 2432 4062 invasit.
2461 3985 2586 4042 Otto
2636 3987 2934 4062 imperator
2979 4003 3120 4062 vero
3169 3989 3237 4062 ab
3283 3989 3443 4044 Adel-

183 4056 346 4116 heide
369 4064 476 4117 lilia
507 4056 773 4133 Rodulphi
799 4064 1091 4132 relictaque
1116 4063 1356 4116 Lotharii
1391 4056 1664 4133 uxorejiet
1697 4056 2241 4133 Agap—etqpontitice,
2295 4059 2479 4133 fugata
2531 4066 2643 4112 tota
2699 4056 3014 4133 Berengarii
3047 4056 3297 4133 familia,
3351 4076 3452 4128 pro

184 4135 447 4200 suppetiis
471 4126 710 4189 ferendis
735 4126 1081 4196 sollicitatus,
1105 4133 1450 4187 Adelheidem
1484 4126 1906 4200 reginam,'olim
1937 4126 2179 4183 Lotharii
2209 4126 2517 4200 conjn'gem,
2539 4143 2764 4200 uxorem
2791 4126 3017 4198 accepit.
3047 4126 3193 4181 Idem
3222 4126 3450 4200 regnum

181 4197 530 4272 integerrime
560 4204 820 4258 defendit.
847 4205 1143 4272 Agapetus,
1175 4218 1298 4257 cum
1330 4216 1523 4272 novem
1551 4197 1735 4265 annis,
1765 4200 2043 4256 mensibus
2073 4207 2277 4268 septem
2311 4197 2393 4254 et'
2417 4199 2608 4254 diebus
2677 4198 2862 4253 decem
2920 4197 3144 4252 munere
3190 4197 3453 4268 pastorali

179 4265 321 4324 bene
347 4271 568 4328 functus
591 4273 800 4339 fuisset,
831 4265 1028 4328 exvhac
1059 4265 1166 4326 vita
1205 4271 1476 4341 migravit.

173 4413 3458 4447 m—mw

977 4532 1820 4648 AGAPETI
1899 4529 2446 4641 ΡΔΡΕ
2521 4531 2666 4643 II

738 4751 1548 4882 EPISTOL/E
1642 4747 1844 4872 ET
1943 4744 2916 4877 PRIVILEGIA.

189 5153 403 5198 ΑϐΑΡΕῐι
442 5158 586 5197 νινε
618 5157 652 5194 Il
696 5155 1038 5198 Ριιινιιεςιυω
1071 5160 1171 5199 PRO
1198 5160 1534 5204 MOXASTERIO
1557 5159 1602 5199 S.
1636 5159 1758 5202 εΑι-

685 5224 915 5269 VATORIS
950 5228 1224 5273 FULDENSI.

783 5319 960 5356 (Annn
985 5320 1086 5356 (ηιξ
1113 5322 1132 5356 \

1787 5034 1835 5096 (ς
1867 5037 2085 5079 υΑιίΑιιο
2110 5022 2363 5094 religioso
2396 5022 2580 5076 abbati
2615 5024 2949 5080 venerabilis
2993 5026 3309 5080 monasterii
3349 5025 3457 5081 Do-

1872 5114 2004 5167 mini
2076 5109 2412 5177 Salvatoris,
2465 5119 2521 5164 et
2569 5126 2671 5181 per
2725 5124 2776 5169 te
2823 5115 2876 5168 in
2938 5107 3129 5162 eodem
3169 5116 3467 5170 venerabili

1871 5202 2212 5259 monasterio
2258 5201 2767 5274 successoribusque
2795 5204 2904 5258 tuis
2936 5195 3237 5258 abbatibus
3264 5203 3316 5256 iu
3349 5215 3474 5271 per-

1868 5304 2113 5356 Detuum.
